4002 6188
280 237 378 292 82!
1388 225 1476 281 DE
1515 223 1768 281 G'BATL-X
1813 220 1953 287 DEI,
2001 220 2174 285 ETC.,
2218 218 2343 271 LlB.
2386 216 2447 270 ll.
3454 202 3554 261 8‘22

284 349 505 409 videant,
537 350 582 396 et
604 340 813 395 auribus
832 341 1068 406 audiant,
1086 348 1130 393 et
1147 338 1298 394 corde
1318 340 1637 409 intelligant;
1661 354 1871 391 conver-
1898 347 1951 404 Α
1977 343 2027 387 et
2059 332 2360 388 Judarorum
2382 330 2851 399 praesumptionem
2869 317 3181 380 omnimodo
3202 324 3559 391 comprimere

284 447 473 504 tantur,
501 445 547 489 et
569 450 739 488 sanem
760 449 841 488 eos
867 431 1045 502 (Joan.
1070 432 1191 501 xu),
1212 447 1277 485 ne
1305 431 1510 500 possint
1530 432 1767 484 converti
1794 438 1873 483 at-
1976 427 2224 491 studeat,
2256 425 2345 493 qui
2394 422 2637 491 improbe
2675 423 2743 475 de
2782 422 2912 491 legis
2939 421 3189 490 aperibus
3237 421 3562 473 intumesce-

287 546 389 601 que
411 529 610 595 sanari,
628 526 870 582 obdurati
893 525 1069 581 cordis
1093 526 1274 578 vilium
1294 534 1347 579 et
1369 539 1519 593 pmm
1541 523 1742 591 peccati
1766 528 1869 575 est.

291 624 393 689 Ne,
409 623 599 692 inquit,
613 630 970 675 convertantur
985 628 1030 672 et
1047 634 1217 673 sanem
1233 633 1338 671 eos.
1355 616 1469 670 Non
1489 615 1574 670 hic
1590 615 1874 670 sanitatem

291 715 600 772 volentibus
653 712 881 783 denegat
911 753 926 777 ,
972 711 1065 765 sed
1116 709 1543 764 contradicentes
1583 722 1640 762 se
1685 720 1877 760 sanare

293 807 469 871 nolle;
491 806 544 859 id
565 816 667 869 est,
690 819 796 859 non
818 802 1012 858 debere
1037 800 1361 871 pronuntiat.
1384 799 1464 854 Ad
1484 797 1868 853 conferendum

296 899 600 955 remedium
640 895 1035 966 promptissima
1064 904 1146 948 est
1177 892 1389 947 bonitas
1415 890 1643 956 medici,
1675 890 1768 943 sed
1801 889 1881 942 in-

300 988 652 1059 temperantia
681 985 999 1041 contradicit
1037 984 1257 1039 infirmi.
1289 983 1421 1038 Nam
1454 983 1544 1051 qui
1572 983 1642 1035 ita
1687 980 1883 1036 intelli-

299 1081 533 1152 gendum
574 1086 763 1149 putat,
820 1076 962 1147 quod
997 1090 1091 1131 eos
1132 1089 1323 1130 sanare
1353 1074 1616 1141 noluerit,
1656 1071 1885 1127 absolvit

303 1173 575 1227 hominem
602 1180 657 1225 et
686 1170 911 1223 damnat
947 1177 1244 1223 auctorem.
1278 1164 1465 1220 Nullus
1489 1178 1620 1232 ergo
1640 1163 1883 1218 est-ludi-

304 1274 391 1316 tur
416 1279 446 1316 a
472 1262 743 1315 beneficiis
775 1260 900 1327 Dei,
929 1258 1019 1328 qui
1053 1259 1277 1328 primmn
1308 1258 1375 1311 de
1401 1257 1656 1326 neglectis
1687 1256 1887 1310 benefi-

306 1354 402 1408 ciis
423 1350 747 1421 judicandus
773 1361 880 1405 est.
1749 1360 1751 1363 ·

922 1438 1145 1495 CAPUT
1188 1440 1271 1493 Vl.

314 1538 451 1605 Quid
474 1538 539 1589 sit
565 1536 699 1606 quod
728 1534 820 1599 ait,
850 1533 975 1606 Cum
1009 1532 1141 1586 enim
1162 1532 1389 1606 nondum
1414 1530 1626 1601 egissent
1651 1532 1766 1584 boni
1794 1528 1891 1583 ali-

889 1604 1013 1673 quid
1038 1612 1126 1655 aut
1160 1603 1303 1656 mali.

1979 518 2125 582 bant,
2162 533 2267 570 non
2301 519 2351 569 in
2382 515 2585 584 origine
2613 515 2885 568 seniorum
2918 514 3141 569 Ismaele
3173 513 3255 567 vel
3289 512 3431 567 Esau
3468 513 3559 565 de-

1977 618 2180 663 cretum
2214 608 2371 661 fatale
2403 606 2702 671 constituit,
2733 605 2827 658 sed
2855 605 2907 658 in
2940 605 3315 659 benedictione
3339 604 3483 656 Isaac
3507 613 3566 655 et

1979 700 2141 755 Jacob
2159 699 2474 754 electionem
2500 699 2680 768 populi
2699 697 2921 751 minoris
2938 698 3192 761 ostendit,
3208 708 3260 751 et
3278 706 3565 765 propterea

1984 794 2242 847 minorem
2288 792 2473 860 majori
2513 806 2617 845 non
2650 791 2792 844 velut
2818 790 3051 859 potentia
3082 789 3203 855 Dei,
3226 790 3319 843 sed
3351 804 3450 859 pro
3486 790 3569 858 ju-

1984 884 2126 940 stitia
2166 884 2420 953 praetulit.
2448 882 2673 937 Perinde
2702 882 2842 936 enim
2871 880 3199 947 impietatem
3230 880 3565 942 Juda'mum,

1987 978 2125 1032 sicut
2175 976 2532 1031 obedientiam
2582 974 2821 1044 gentium
2870 973 3217 1042 prmvidebat.
3269 971 3401 1038 Quia
3441 988 3571 1039 ergo

1987 1069 2162 1124 dicit:
2207 1067 2333 1122 Cum
2377 1068 2511 1121 enim
2557 1068 2785 1120 nondum
2822 1070 3038 1137 egissent
3067 1066 3185 1119 boni
3235 1066 3435 1134 al'quid
3483 1075 3572 1118 aut

1990 1159 2135 1224 muli,
2158 1177 2257 1212 non
2277 1177 2339 1213 ea:
2364 1160 2594 1230 operibus
2617 1199 2630 1223 ,
2661 1160 2749 1212 sed
2775 1176 2837 1212 ea:
2858 1168 3066 1212 vorante
3089 1159 3277 1211 dictant
3308 1169 3382 1211 est
3399 1199 3412 1224 ,
3454 1160 3573 1227 quia

1990 1251 2156 1319 major
2184 1253 2357 1304 serviet
2392 1252 2594 1315 miniri,
2624 1265 2691 1304 ex
2728 1262 2954 1305 voeante
2983 1250 3196 1320 quidem
3230 1251 3428 1305 dictum
3466 1259 3572 1315 est,

1995 1363 2097 1401 non
2126 1358 2301 1402 tamen
2333 1347 2397 1401 ad
2431 1347 2835 1415 compellendus
2866 1346 2944 1399 vel
2978 1346 3312 1414 repellendos
3334 1386 3348 1409 ,
3374 1345 3467 1399 scd
3509 1345 3573 1399 ad

1992 1438 2245 1492 creditur
2271 1454 2295 1490 s
2320 1448 2372 1491 et
2401 1454 2506 1490 non
2538 1436 2840 1491 credituros
2861 1437 3059 1491 dictum
3083 1453 3203 1492 esse
3233 1438 3573 1491 manifestum

1994 1541 2094 1593 est,
2126 1539 2181 1582 ut
2210 1530 2390 1583 divina
2416 1530 2515 1582 sibi
2539 1530 3069 1598 constantejustitia,
3099 1530 3163 1583 ad
3195 1529 3428 1584 hominis
3457 1546 3575 1598 per-

1996 1622 2163 1676 tineat
2213 1624 2538 1675 voluntatem
2591 1623 2675 1676 vel
2722 1638 2969 1690 renuere,
3003 1623 3087 1676 vel
3116 1622 3406 1677 observare
3434 1637 3576 1691 pra:-

384 1718 537 1772 lllum
571 1732 697 1772 vero
738 1715 978 1784 Apostoli
1022 1730 1236 1770 sensum
1269 1716 1405 1768 intra
1437 1714 1648 1784 gentilis
1689 1714 1889 1769 decreti
1926 1716 1967 1775 Β
1997 1727 2173 1787 cepta.
2212 1715 2344 1771 Cum
2375 1733 2504 1787 ergo
2530 1717 2682 1771 audis
2706 1760 2719 1784 ,
2750 1734 2813 1771 ex
2840 1726 3053 1769 vocante
3080 1717 3265 1769 dictum
3312 1726 3402 1782 est,
3448 1718 3575 1770 invi-

314 1822 522 1866 arctare
547 1818 807 1863 conantur
828 1807 1122 1874 angustias,
1147 1806 1285 1875 quod
1313 1805 1444 1861 dicit
1474 1821 1489 1859 :
1522 1804 1891 1859 Promissionis

318 1902 537 1977 (inquit)
558 1902 761 1955 verbum
780 1899 875 1953 hoc
893 1910 964 1953 est
988 1916 1006 1956 :
1030 1899 1326 1954 Secundum
1352 1898 1445 1952 hoc
1466 1908 1662 1968 tempus
1676 1899 1894 1962 veniam,

317 2005 367 2048 et
387 1995 482 2047 erit
513 1992 662 2049 Sara:
688 1992 848 2061 ﬁlius.
882 1990 1005 2044 Non
1044 1992 1208 2043 solum
1234 2003 1433 2054 autent,
1464 1990 1553 2043 sed
1581 1999 1626 2043 et
1674 1989 1899 2044 Rebecca

320 2103 384 2140 ex
411 2100 513 2139 uno
549 2083 815 2137 concubitu
847 2082 1034 2135 habens
1065 2079 1220 2135 Isaac
1249 2090 1443 2149 patrem
1478 2090 1729 2133 nostrum.
1774 2078 1899 2133 Cum

318 2178 453 2230 enim
481 2176 708 2230 nondum
729 2175 835 2227 nati
858 2174 1088 2244 fuissent,
1113 2181 1200 2225 aut
1226 2170 1422 2241 aliquid
1442 2171 1657 2242 egissent
1676 2158 1792 2224 boni
1813 2182 1901 2223 aut

319 2268 464 2334 ntali,
494 2277 549 2320 ut
571 2265 845 2320 secundum
873 2264 1164 2319 electionem
1193 2265 1509 2335 propositum
1536 2262 1632 2317 Dei
1654 2272 1900 2328 maneret,

321 2376 427 2412 non
449 2375 511 2411 ea:
531 2358 791 2428 operibus,
819 2357 907 2410 sed
934 2373 999 2411 ex
1020 2366 1226 2410 vocante
1247 2356 1439 2409 dictum
1469 2364 1560 2417 est,
1593 2357 1713 2425 quia
1735 2357 1904 2425 major

320 2452 503 2504 serviet
550 2450 766 2515 minori,
796 2450 929 2503 sicut
958 2450 1202 2517 scriptum
1232 2458 1303 2502 est
1329 2463 1347 2501 :
1370 2446 1531 2502 Iacob
1557 2447 1737 2511 dilexi,
1760 2445 1903 2499 Esau

323 2552 496 2596 autem
517 2542 633 2595 odio
655 2540 807 2595 habui
833 2539 1010 2608 (Rom.
1036 2556 1121 2606 Ix;
1147 2538 1276 2594 Mal.
1306 2536 1366 2610 1).
1392 2539 1449 2593 In
1482 2539 1563 2593 his
1593 2537 1772 2592 verbis
1806 2537 1907 2591 hoc

324 2636 442 2689 vult
487 2635 708 2706 intelligi
750 2633 1025 2706 gentilitia:
1062 2634 1424 2705 persuasionis
1454 2632 1732 2701 impietas,
1765 2628 1907 2701 quod

327 2730 470 2783 Deus
498 2729 700 2799 absque
723 2729 830 2782 ullo
864 2729 1003 2783 inter
1038 2728 1233 2781 malum
1257 2734 1311 2781 et
1342 2727 1536 2780 bonum
1555 2725 1908 2779 moderatoris

324 2826 598 2885 examine,
613 2835 717 2873 non
731 2819 917 2874 ordine
931 2818 1283 2888 regentis,sed
1295 2819 1414 2887 jure
1425 2816 1748 2872 dominantis
1762 2816 1909 2870 illum

324 2912 523 2968 aﬂ'ectu
540 2912 753 2982 dignum
773 2911 976 2975 reddat,
992 2911 1132 2964 hunc
1150 2910 1294 2974 odio,
1310 2910 1454 2963 illum
1470 2908 1695 2978 recipiat
1711 2909 1909 2974 studio,

326 3007 475 3059 hunc
509 3004 757 3058 excludat
782 3002 1025 3072 imperio.
1060 3002 1124 3056 Et
1159 3000 1299 3055 inter
1324 3001 1457 3055 duos
1487 3001 1744 3070 perditos,
1770 3000 1910 3054 nulla

2000 1816 2196 1862 tantem
2231 1808 2498 1876 intelligo,
2538 1822 2644 1862 non
2675 1815 2979 1877 cogentem.
3014 1809 3141 1861 Item
3172 1807 3295 1863 dum
3321 1808 3451 1862 dicit
3478 1825 3577 1861 non

1999 1915 2062 1952 ex
2092 1898 2358 1967 operibus,
2402 1901 2595 1953 asserit
2639 1900 2780 1953 circa
2812 1914 2905 1953 eos
2935 1916 3041 1953 non
3074 1901 3206 1968 legis
3233 1916 3395 1968 opera
3418 1943 3431 1966 ,
3464 1918 3581 1970 qua:

2002 1990 2185 2057 utique
2215 1990 2450 2043 nondum
2478 1989 2803 2055 advenerat,
2827 1991 2921 2044 sed
2962 1992 3121 2044 etiam
3148 2001 3271 2045 ante
3304 1992 3475 2061 legem
3506 1993 3583 2045 di-

2001 2083 2138 2136 vina:
2183 2080 2572 2136 misericordia:
2616 2095 2677 2136 ac
2718 2082 3098 2135 munificentia:
3136 2083 3275 2136 dona
3332 2082 3583 2152 viguisse.

2005 2172 2129 2227 Non
2163 2188 2222 2226 ea:
2251 2173 2511 2241 operibus,
2543 2173 2730 2241 inquit.
2764 2172 2932 2227 Audis
2960 2172 3091 2242 legis
3131 2186 3295 2241 Opera
3340 2174 3541 2228 destrui
3569 2217 3583 2239 ,

2007 2273 2061 2317 et
2091 2272 2146 2317 tu
2177 2274 2460 2333 propterea
2496 2264 2678 2331 inepto
2708 2278 2867 2319 sensu
2914 2264 3075 2318 etiam
3117 2266 3214 2318 sub
3260 2266 3443 2333 gratiae
3472 2267 3585 2335 lege

2008 2357 2269 2423 viventes,
2301 2357 2435 2411 alios
2461 2356 2577 2411 sine
2604 2357 2855 2425 operibus
2882 2357 3066 2426 gratia:
3097 2358 3271 2412 credis
3300 2372 3456 2428 posse
3481 2361 3585 2413 sal-

2008 2448 2153 2511 vari,
2194 2448 2329 2502 alios
2358 2448 2519 2502 etiam
2547 2464 2664 2501 cum
2698 2448 2949 2518 operibus
2992 2448 3313 2517 prohibente
3361 2452 3585 2507 naturali

2010 2554 2149 2592 nexu
2173 2548 2227 2593 et
2250 2540 2369 2610 lege
2390 2540 2534 2594 fatali
2551 2540 2713 2609 janua
2734 2541 2921 2595 salutis
2942 2542 3201 2596 excludis.
3226 2542 3387 2595 Jacob
3407 2544 3583 2610 dilexi,

2012 2630 2155 2684 Esau
2177 2632 2292 2684 odio
2322 2631 2497 2685 habui.
2523 2632 2803 2698 Quomodo
2829 2634 2914 2690 hic
2942 2637 3086 2703 juxta
3113 2637 3260 2705 pravi
3292 2651 3481 2691 sensus
3508 2639 3587 2691 in-

2014 2734 2302 2794 terpretem
2357 2726 2498 2779 circa
2542 2725 2777 2780 nondum
2823 2737 2976 2781 natos
3032 2730 3294 2783 sententia
3351 2732 3587 2785 caelestis

2013 2818 2285 2873 exeritur?
2310 2818 2419 2874 Nec
2445 2834 2567 2874 reus
2590 2820 2734 2875 enim
2759 2836 2879 2875 esse
2898 2832 3071 2891 potest
3097 2824 3331 2878 nondum
3356 2828 3588 2895 genitus,

2017 2924 2116 2964 nec
2136 2910 2363 2966 dilecms
2391 2927 2405 2965 :
2439 2911 2570 2965 nihil
2602 2912 2743 2967 enim
2774 2923 3008 2968 meretur
3038 2916 3271 2970 nondum
3302 2919 3589 2987 productus

2019 3002 2071 3056 in
2105 3002 2309 3068 lucem;
2350 3003 2444 3057 sed
2477 3005 2614 3057 sicut
2649 3004 2700 3057 in
2745 3004 2981 3058 futurum
3024 3008 3197 3062 adhuc
3243 3019 3358 3064 erat
3405 3028 3592 3067 eorum

326 3095 692 3151 consideratio
722 3095 947 3162 laboris,
974 3094 1116 3148 nulla
1158 3093 1455 3148 devotionis
1503 3091 1785 3159 habeatur,
1816 3091 1909 3146 sed
1938 3081 1980 3140 C
2016 3096 2246 3164 reposita
2278 3095 2645 3163 convezsatio,
2670 3095 2741 3149 ita
2772 3096 2944 3151 futura
2972 3101 3307 3166 praescientis
3343 3103 3586 3170 ofl‘ettsio,

329 3203 473 3244 unus
494 3188 610 3242 sine
631 3187 835 3241 ratione
863 3186 1196 3241 cessantibus
1214 3185 1402 3240 officiis
1428 3193 1750 3249 assumatur,
1778 3184 1915 3237 alter

329 3285 453 3347 sine
470 3281 793 3334 discretiOne
813 3278 1114 3332 damnetur.
1130 3277 1205 3330 Ac
1222 3278 1300 3331 sic
1326 3276 1450 3329 dum
1476 3276 1526 3329 in
1541 3275 1798 3329 alterutro
1820 3288 1918 3328 nec

330 3373 517 3428 meriti
542 3372 722 3426 existit
745 3371 987 3438 materia,
1012 3384 1110 3424 nec
1127 3368 1324 3430 delicti,
1345 3367 1581 3422 aufertur
1600 3366 1820 3420 omnino
1840 3364 1920 3417 [ι.-

334 3467 444 3521 turi
482 3480 643 3518 cau~a
682 3463 887 3534 judicii.
916 3461 1069 3530 Quod
1113 3462 1156 3517 si
1201 3461 1313 3515 base
1347 3475 1525 3515 rerum
1557 3468 1661 3513 tam
1703 3458 1917 3528 indigna

333 3557 584 3614 confusio
607 3556 762 3610 etiam
787 3570 815 3609 a
838 3569 995 3610 sensu
1018 3554 1263 3608 humanm
1284 3553 1476 3607 mentis
1498 3553 1668 3607 alLena
1691 3564 1793 3617 esr,
1813 3552 1922 3606 sol-

338 3650 543 3709 licitius
584 3649 915 3718 requiramus
949 3647 1075 3717 quid
1115 3646 1307 3700 divinae
1336 3646 1639 3712 conveniat,
1664 3646 1921 3714 Apostolo

337 3743 681 3807 disserente,
726 3739 980 3809 justitite,
1026 3741 1162 3792 inter
1186 3738 1318 3792 duos
1343 3737 1567 3807 populos
1602 3738 1921 3792 constitutus

335 3834 653 3891 Iudaeorum
682 3832 867 3886 doctor
887 3840 940 3885 et
967 3830 1228 3902 gentium,
1258 3830 1382 3885 dum
1410 3830 1484 3884 ita
1515 3829 1588 3885 ait
1619 3847 1634 3884 :
1664 3831 1783 3899 quia
1811 3846 1923 3884 ma-

333 3928 427 4001 jor
458 3924 637 3978 serviet
668 3924 849 3976 minori
878 3921 1031 3993 (Gen.
1066 3923 1210 3991 xxv),
1244 3921 1296 3975 in
1320 3921 1531 3976 seniore
1559 3920 1729 3975 Judaai
1772 3935 1923 3975 arro-

337 4016 523 4086 gantia
570 4015 906 4084 reprobatur,
939 4015 991 4068 in
1018 4014 1230 4083 juniore
1261 4014 1392 4069 fides
1427 4012 1641 4083 gentilis
1683 4013 1920 4084 eligitur.

338 4107 533 4176 Itaque
554 4105 668 4177 ipse
692 4104 794 4159 sibi
820 4104 1036 4159 obducit
1057 4105 1369 4175 ignorantiae
1400 4105 1649 4171 nebulas,
1683 4105 1773 4175 qui
1817 4121 1923 4159 non

340 4210 458 4253 tam
487 4196 778 4265 Scripturis
799 4196 996 4250 sanctis
1017 4197 1231 4267 sequaci
1259 4211 1421 4251 sensu
1445 4211 1503 4251 se
1533 4197 1921 4265 accommodat,

337 4303 511 4359 quam
540 4287 845 4356 Scriptores
867 4295 1079 4341 sanctas
1106 4286 1174 4340 ad
1201 4286 1530 4341 intellectum
1553 4303 1705 4341 suum
1728 4287 1934 4341 violens

339 4389 429 4434 ter
458 4378 729 4451 attrahere
757 4384 811 4430 et
846 4377 1222 4446 praesumptive
1247 4375 1433 4429 nititur
1468 4377 1767 4444 applicare,
1791 4386 1846 4430 et
1876 4375 1927 4429 id

2018 3185 2193 3241 futura
2224 3187 2613 3256 prrenuntiatur
2641 3188 2853 3243 electio.
2898 3189 3027 3244 Nam
3059 3191 3237 3247 divina
3264 3197 3594 3264 providentia

2025 3277 2158 3333 sicut
2186 3277 2334 3331 novit
2352 3278 2591 3346 judicare
2612 3278 2680 3333 de
2702 3281 2888 3348 gestis,
2920 3282 2992 3335 ita
3014 3282 3189 3339 adhuc
3218 3288 3466 3354 gerendis
3496 3292 3613 3344 scit.

2023 3368 2391 3437 praajudicare.
2423 3368 2589 3423 Nemo
2624 3370 2804 3439 itaque
2826 3379 2975 3439 putet
3004 3370 3143 3442 quod
3172 3374 3427 3432 fratribus
3462 3396 3597 3433 non-

2021 3459 2147 3513 dum
2177 3459 2314 3513 natis
2343 3459 2673 3514 diversorum
2704 3461 2993 3518 necessitas
3024 3466 3093 3519 sit
3123 3468 3342 3534 praefixa
3380 3474 3597 3527 merito-

2023 3566 2162 3617 rum,
2190 3565 2310 3605 cum
2343 3551 2444 3606 hoc
2486 3561 2606 3620 post
2633 3555 2955 3608 transactam
2991 3556 3111 3611 vitae
3141 3559 3383 3614 militiam
3410 3563 3477 3617 de
3518 3566 3599 3621 eis

2025 3623 2310 3696 Malachi'as
2355 3646 2609 3711 prepheta
2636 3654 3053 3711 commemoret;
3104 3659 3155 3703 et
3204 3648 3271 3705 de
3328 3656 3598 3720 praeterito

2024 3748 2213 3788 eorum
2270 3740 2410 3787 Statu
2450 3733 2684 3787 divinum
2730 3733 2962 3802 proterat
3019 3737 3295 3794 manifesta
3348 3743 3599 3812 aequitate

2022 3825 2298 3896 judicium.
2322 3825 2484 3880 Iacob
2513 3826 2700 3893 dilexi,
2736 3826 2877 3881 Esau
2899 3842 3069 3883 autem
3099 3834 3215 3886 odio
3242 3834 3414 3889 habui.
3461 3840 3599 3904 Quid

2027 3918 2219 3971 mirum
2259 3925 2342 3971 est
2373 3919 2415 3970 si
2442 3918 2646 3986 justitia
2667 3918 2847 3989 diligat
2881 3918 3272 3991 innocentiam,
3303 3936 3357 3981 et
3387 3941 3601 4000 respuat

2026 4007 2403 4077 iniquitatem,
2455 4008 2593 4077 apud
2643 4025 2799 4079 quam
2839 4011 2999 4065 etiam
3028 4011 3205 4068 futura
3262 4016 3396 4071 facta
3442 4024 3602 4074 sunt?

2028 4098 2182 4165 Quod
2237 4108 2415 4154 autem
2462 4099 2637 4154 minor
2665 4101 2856 4172 majori
2883 4118 2949 4157 ex
2986 4104 3101 4172 lege
3149 4110 3504 4176 prteponitur,
3550 4125 3603 4168 et

2030 4191 2196 4247 Jacob
2221 4192 2463 4261 neglecto
2488 4192 2651 4247 fratre
2676 4192 2930 4263 diligitur,
2957 4193 3080 4249 hinc
3100 4197 3253 4264 paulo
3282 4199 3604 4259 tardioribus

2030 4285 2332 4339 obscuritas
2373 4285 2641 4353 nascitur;
2683 4286 2823 4357 quod
2867 4290 3128 4356 prolatum
3171 4289 3470 4347 dilectionis
3521 4298 3605 4350 vel

2033 4376 2142 4431 odii
2169 4377 2533 4431 testimonium
2558 4377 2793 4432 nondum
2817 4380 2952 4432 natis
2977 4380 3231 4437 fratribus
3255 4383 3605 4456 arbitrantur,

338 4470 451 4524 sibi
478 4485 574 4538 pro
606 4448 769 4536 captu
797 4480 897 4520 suo
919 4467 1112 4522 omissa
1144 4465 1559 4535 praecedentium
1589 4467 1671 4521 vel
1700 4481 1929 4536 sequen-
1955 4442 2006 4500 Π
2034 4470 2159 4523 dum
2190 4478 2244 4524 et
2294 4470 2567 4525 evidentes
2597 4485 2772 4525 causa:
2812 4472 3004 4541 quibus
3052 4491 3184 4529 unus
3235 4442 3604 4551 displicuerit:

340 4561 483 4614 tium
513 4558 724 4613 ratione
753 4558 1058 4627 persuadet,
1083 4557 1222 4612 unde
1242 4557 1450 4627 penitus
1473 4556 1616 4626 loqui
1639 4556 1929 4626 Apostolus

339 4668 458 4708 non
484 4651 732 4705 instituit.
765 4650 915 4717 Quod
938 4652 981 4704 si
1006 4650 1074 4705 ad
1104 4650 1321 4719 capituli
1343 4649 1510 4719 ipsius
1535 4651 1602 4704 de
1626 4664 1732 4719 quo
1756 4648 1931 4718 agitur

338 4756 599 4799 recurras
626 4741 927 4809 exordium,
954 4755 1113 4796 omne
1134 4741 1335 4810 absque
1364 4741 1470 4794 ulla
1496 4740 1808 4795 difficultate
1836 4739 1932 4794 de-

340 4833 582 4889 clinabis
610 4833 941 4902 ambiguum.
972 4832 1028 4888 Si
1076 4834 1328 4903 magister
1352 4833 1589 4903 gentium
1634 4831 1701 4887 de
1748 4833 1931 4903 genesi

340 4925 633 4982 hominum
672 4933 905 4979 tractare
934 4924 1205 4994 cmpisset,
1235 4934 1290 4978 et
1309 4925 1515 4979 diceret
1536 4923 1737 4978 homini
1770 4923 1933 4977 totius

341 5018 480 5071 vita:
509 5030 726 5070 cursum
752 5014 956 5085 origine
985 5015 1327 5085 prtefinitum,
1356 5025 1409 5069 et
1439 5015 1609 5084 magis
1629 5013 1932 5069 necessitati

340 5106 650 5173 subditum,
675 5119 832 5174 quam
859 5105 1027 5159 libero
1048 5105 1271 5159 arbitrio
1293 5104 1457 5160 fuisse
1473 5105 1840 5174 commissum,
1868 5119 1934 5159 eo

339 5198 494 5269 quod
520 5198 775 5252 Dominus
804 5197 1043 5252 omnium
1071 5213 1168 5266 pro
1195 5199 1471 5267 potestatis
1514 5208 1646 5251 nutu
1674 5198 1932 5264 violento,

341 5306 463 5362 quo
492 5291 709 5345 decreto
737 5289 872 5343 alios
918 5290 1243 5357 relinqueret
1267 5289 1333 5343 ad
1367 5289 1719 5358 perditionem
1744 5330 1761 5357 ,
1802 5291 1937 5346 alios

339 5382 579 5449 eligeret
613 5380 678 5435 ad
709 5384 958 5446 salutem,
1015 5388 1140 5434 tune
1169 5380 1392 5435 forsitan
1434 5381 1577 5436 velut
1633 5397 1725 5450 per
1769 5385 1932 5445 lineas

342 5475 741 5540 decurrentes,
773 5473 1008 5527 colorem
1039 5471 1181 5527 hunc
1227 5473 1405 5542 iniqua
1446 5476 1723 5543 persuasio
1770 5481 1940 5546 possit

341 5580 624 5621 asserere.
655 5564 785 5620 Cum
817 5579 941 5619 vero
966 5564 1252 5635 Apostolus
1278 5567 1658 5634 promissiones
1714 5569 1842 5638 Dei,
1883 5579 1939 5624 et

343 5657 697 5714 vocationem
727 5660 963 5728 gentium
1003 5659 1160 5717 altius
1188 5660 1432 5731 repetitis
1464 5669 1609 5716 texat
1642 5663 1931 5732 exemplis,

2034 4563 2171 4617 alter
2192 4561 2449 4631 placuerit
2472 4562 2891 4631 supprimuntur.
2924 4565 2978 4618 In
3003 4566 3084 4619 his
3109 4582 3238 4638 ergo
3267 4569 3473 4629 duobus
3503 4592 3608 4631 non

2036 4665 2242 4709 natura:
2261 4656 2380 4725 jura
2412 4655 2716 4711 hominibus
2739 4657 3102 4728 pratfiguntur,
3133 4663 3226 4717 sed
3256 4663 3324 4720 de
3355 4666 3458 4722 fide
3479 4685 3610 4738 gen-

2037 4745 2166 4799 tium
2188 4754 2243 4800 et
2272 4745 2585 4801 infidelitate
2604 4745 2911 4803 Judtcorum
2932 4751 3151 4820 justitite
3172 4764 3366 4810 statuta
3390 4774 3611 4815 narran-

2037 4843 2144 4890 tur.
2176 4835 2292 4891 Non
2323 4837 2465 4891 enim
2496 4838 2597 4892 hoc
2628 4840 2743 4893 loco
2768 4840 2917 4907 juxtta
2948 4842 3178 4899 litteram
3218 4863 3458 4916 personat
3488 4866 3610 4921 spe-

2035 4925 2247 4981 cialiter
2271 4942 2681 4997 germanorum,
2716 4929 2810 4984 sed
2838 4946 3016 4986 rerum
3054 4949 3230 4989 causa:
3264 4953 3327 4992 ac
3359 4944 3611 5011 mysteria

2038 5017 2433 5087 describuntur,
2467 5020 2679 5074 dicente
2708 5021 2933 5077 Domino
2979 5041 2990 5075 :
3042 5024 3168 5079 Duce
3201 5039 3371 5097 gentes
3406 5044 3524 5086 sunt
3560 5036 3613 5088 in

2036 5120 2176 5166 utero
2205 5121 2313 5178 tuo,
2345 5121 2391 5165 et
2426 5112 2531 5166 duo
2550 5114 2725 5184 populi
2753 5114 2813 5168 de
2834 5126 3003 5171 ventre
3030 5125 3118 5170 tuo
3141 5120 3427 5177 dividentur
3455 5126 3609 5195 (Gen.

2037 5201 2194 5274 xxv).
2237 5203 2387 5271 Quod
2415 5205 2458 5256 si
2496 5202 2564 5258 de
2588 5206 2801 5272 praefixa
2850 5207 2965 5276 lege
2994 5210 3214 5280 originis
3266 5223 3611 5279 tractaretur,

2041 5292 2165 5362 quid
2190 5306 2324 5361 opus
2344 5301 2461 5346 erat
2490 5302 2546 5346 ut
2570 5294 2789 5362 majoris
2814 5306 2868 5350 et
2899 5298 3117 5354 minoris
3144 5310 3352 5357 aetatem
3376 5304 3515 5372 quod
3545 5310 3612 5361 ad

2040 5399 2154 5439 rem
2182 5397 2288 5439 non
2320 5383 2637 5453 pertinebat,
2664 5385 2941 5455 insereret,
2963 5390 3064 5444 nisi
3086 5392 3207 5459 quia
3234 5392 3371 5461 apud
3398 5393 3615 5451 Judaeu-

2040 5493 2157 5533 rum
2189 5478 2487 5547 prosapiam
2518 5494 2728 5548 semper
2754 5480 2806 5534 in
2829 5480 3053 5535 duorum
3077 5482 3354 5539 vocatione
3380 5490 3609 5557 populo-

2042 5585 2159 5624 rum
2187 5568 2387 5624 seniori
2418 5569 2682 5638 juniorem
2713 5570 3027 5626 antefertur.
3061 5570 3116 5626 ln
3147 5586 3247 5642 qua
3278 5583 3454 5633 tamen
3485 5595 3609 5649 par-

2044 5662 2172 5717 tium
2204 5661 2506 5720 diversitate
2544 5662 2695 5719 multi
2727 5671 2777 5718 et
2800 5664 2866 5719 de
2906 5663 3104 5719 ludce’s
3134 5668 3377 5738 reprobis
3404 5672 3611 5744 eligqu
