4002 6188
442 305 551 362 803

1680 296 1739 350 S.
1784 294 2027 352 FAliSl‘l
2069 294 2471 353 RIIEGIENSIS

3622 297 3729 354 804

442 417 639 475 mulier
665 402 967 483 evangeliea
1012 410 1164 484 (Luc.
1199 411 1292 482 xv)
1345 425 1467 481 qua:
1494 409 1749 465 amissam
1780 411 1834 465 in
1863 412 2025 467 domo
2053 418 2102 475 Α
2199 430 2318 467 nam
2368 420 2565 483 partem
2605 409 2828 465 hominis
2860 410 3074 466 arbitrio
3114 421 3252 483 patet
3279 412 3440 483 fuisse
3490 412 3728 465 romm's-

444 510 778 569 drachmam,
812 505 863 559 id
892 513 1007 569 est,
1040 518 1152 558 rem
1179 503 1262 556 vel
1286 502 1649 570 cujuscunque
1678 502 1918 557 muneris
1938 504 2025 557 vel

442 603 650 667 salutis,
675 601 892 655 lucerna
917 597 1139 667 inquirit
1176 609 1424 661 accensa,
1453 604 1507 648 et
1535 594 1600 647 ad
1635 596 1821 664 gratias:
1846 597 2024 649 oleum

440 694 661 762 apponit
700 693 934 746 studium
963 703 1118 743 suum
1141 731 1155 755 ,
1188 696 1241 741 et
1284 702 1403 740 cum
1442 685 1533 739 Dei
1562 685 1828 754 adjutorio
1850 685 2028 754 jungit

440 800 500 839 se
529 780 856 851 requirentis
878 780 1125 833 intentio.
1150 777 1229 831 Ac
1250 777 1329 831 sic
1353 777 1495 847 quod
1531 776 1673 830 intus
1698 774 2023 845 perdiderat,

443 875 582 926 intus
610 870 833 925 invenit.
878 870 932 923 Si
976 867 1187 939 quando
1211 882 1340 936 ergo
1373 867 1537 920 homo
1558 882 1621 922 ex
1651 867 1790 920 bono
1817 866 1989 919 malus
2008 904 2026 931 ,

443 963 525 1017 vel
569 978 636 1016 ex
673 962 813 1015 malo
858 962 1029 1014 bonus
1074 957 1215 1013 cllici
1257 958 1475 1011 arbitrio
1507 958 1704 1012 mentis
1748 957 2024 1021 adnititur,

443 1057 687 1108 voluntas
716 1069 835 1124 qua:
868 1052 1035 1107 libera
1062 1059 1177 1115 est,
1213 1065 1241 1103 a
1274 1051 1381 1104 Deo
1412 1050 1531 1104 data
1561 1050 1847 1119 corrigitur
1870 1090 1885 1114 ,
1920 1065 2025 1103 non

442 1145 521 1199 vis
550 1142 1033 1213 praedestinationis
1080 1149 1358 1209 operatur.
1408 1140 1472 1193 Et
1516 1140 1943 1209 quotiescunque
1974 1139 2025 1193 iu

441 1234 608 1289 saeris
637 1232 839 1302 paginis
867 1230 1062 1299 legeris
1084 1247 1098 1282 :
1120 1228 1186 1282 In
1208 1246 1511 1300 quacunque
1538 1231 1620 1282 die
1650 1246 1918 1283 conversus
1948 1230 2028 1282 in-

442 1323 713 1394 gemueris,
746 1331 865 1374 tunc
892 1322 1060 1374 salvus
1091 1319 1419 1391 eris(Eseclt.
1453 1319 1662 1391 χχχιιι).
1697 1320 1763 1374 Et
1790 1322 1978 1372 iterum
2010 1336 2023 1371 :

442 1415 581 1469 Nolo
608 1426 817 1467 mortem
846 1413 1014 1483 impii,
1046 1412 1133 1464 sed
1154 1422 1207 1465 ut
1238 1420 1518 1466 revertatur
1556 1411 1744 1479 impius
1776 1427 1808 1463 a
1835 1411 1914 1462 via
1934 1426 2028 1463 sua

441 1520 487 1561 et
516 1508 669 1559 vivat.
696 1504 1057 1559 Convertimini
1082 1519 1115 1556 a
1143 1504 1235 1557 viis
1270 1502 1527 1572 pessimis.
1562 1502 1629 1555 Et
1660 1503 1847 1555 iterum
1875 1518 1887 1552 :
1920 1499 2031 1552 lm-

442 1602 603 1670 pietas
632 1598 776 1667 impii
807 1613 907 1650 non
928 1595 1124 1649 nocebit
1148 1610 1283 1658 eum,
1314 1594 1366 1647 in
1383 1608 1683 1664 quacunque
1710 1595 1791 1647 die
1820 1607 2029 1646 conver-

442 1708 528 1746 sus
559 1692 710 1761 fuerit
758 1693 820 1743 ab
860 1688 1118 1761 injustitia
1158 1704 1275 1741 sua.
1316 1686 1384 1741 Et
1431 1686 1602 1740 illud:
1634 1686 1844 1757 Auferte
1889 1695 2029 1739 vetus

2202 501 2259 535 8“
2268 501 2314 535 m
2321 522 2336 536 ο

2207 595 2349 647 Inter
2377 596 2493 648 hate
2523 591 2749 647 sollicite
2778 591 2933 647 nobis
2960 592 3100 660 apud
3136 590 3420 646 luereticos
3442 590 3726 661 requiren-
3822 632 3825 637 .

2131 689 2256 740 dum
2280 696 2385 750 est,
2418 696 2595 740 utrum
2621 686 2782 739 homo
2806 687 3002 740 bonum
3030 701 3136 739 non
3171 686 3340 751 possit
3362 701 3430 739 an
3460 685 3622 753 nolit,
3644 686 3729 739 in—
3808 668 3821 728 ἶ

2131 780 2235 835 sita
2262 779 2462 834 homini
2494 781 2649 835 bona:
2678 779 2883 834 semina
2915 779 3226 833 voluntatis.
3260 778 3415 845 Quod
3444 778 3725 833 evidenter
3832 769 3841 777 ’

2129 872 2368 941 assignat
2410 871 2480 926 ita
2526 872 2712 926 dicens
2743 888 2756 923 :
2790 869 2850 925 Si
2882 871 3101 923 volueris
3122 909 3138 933 ,
3175 870 3418 923 mandata
3455 886 3726 923 conserva-

2140 963 2262 1016 bunt
2289 972 2365 1027 te;
2386 972 2463 1028 et,
2482 960 2607 1015 Noli
2628 961 2841 1030 deficere
2865 961 3185 1028 adisciplina
3210 959 3448 1021 Domini;
3471 961 3581 1014 noli
3604 962 3727 1014 abs-

2131 1058 2286 1108 tinere
2306 1056 2431 1109 bene
2456 1055 2622 1125 facere
2654 1055 2849 1125 egenti;
2879 1064 2953 1117 et,
2986 1053 3111 1106 Noli
3136 1056 3385 1121 fabricare
3418 1054 3471 1106 in
3502 1056 3724 1106 amicam

2131 1160 2272 1201 tuum
2309 1147 2479 1212 mala;
2526 1156 2603 1213 et,
2641 1145 2824 1201 Nolite
2852 1146 2964 1215 ﬁeri
2990 1146 3120 1201 sicut
3154 1164 3314 1218 equus
3349 1158 3398 1200 et
3440 1146 3637 1206 mulus,
3671 1145 3725 1200 in

2127 1242 2310 1312 quibus
2339 1258 2439 1295 non
2468 1248 2540 1294 est
2584 1240 2913 1305 intellectus;
2936 1249 3022 1305 et,
3057 1239 3179 1292 Noli
3202 1240 3481 1308 repudiare
3505 1238 3726 1293 consilia

2130 1334 2303 1385 matris
2317 1341 2417 1386 tua:
2430 1349 2447 1395 ;
2465 1340 2540 1397 et,
2562 1330 2686 1384 Noli
2698 1331 2958 1385 intendere
2974 1330 3155 1401 fallaci
3178 1332 3378 1385 mulieri
3394 1347 3413 1396 ;
3429 1339 3505 1393 et.
3532 1328 3720 1383 Noluit

2131 1422 2414 1494 intelligere
2442 1432 2499 1475 ut
2525 1422 2647 1475 bene
2666 1430 2839 1494 ageret
2849 1430 2959 1487 ;et,
2985 1420 3281 1475 Noluerunt
3304 1423 3533 1491 accipere
3558 1422 3722 1475 disci-

2130 1515 2345 1583 plinam.
2365 1514 2459 1567 Cui
2476 1512 2621 1567 nolle
2635 1512 2907 1582 objicitur,
2928 1512 3069 1567 velle
3091 1513 3143 1566 in
3164 1521 3414 1581 promptu
3429 1512 3591 1567 fuisse
3603 1512 3722 1567 evi-

2130 1606 2322 1661 denter
2337 1604 2660 1660 ostenditur.
2681 1604 2745 1657 Et
2766 1603 2916 1672 plura
2935 1603 3135 1658 similia
3155 1610 3282 1657 sunt
3310 1603 3362 1657 in
3383 1601 3723 1672 eloquiisVe—

2133 1694 2593 1751 terlsTestamenti
2604 1709 2743 1764 ,qua:
2755 1696 2931 1748 omnia
2946 1694 3115 1763 ipsam
3129 1692 3434 1765 specialiter
3444 1693 3721 1747 constrin-

442 1790 768 1859 fermentum,
809 1794 863 1838 ut
901 1785 1012 1840 sitis
1050 1799 1180 1837 nova
1232 1785 1525 1851 conspersio
1575 1781 1627 1853 (1
1680 1780 1800 1835 Cor.
1843 1781 1919 1851 v).
1956 1782 2022 1836 Et
2057 1788 2104 1849 Β
2136 1796 2286 1858 gnnt,
2310 1795 2366 1842 et
2385 1786 3080 1841 convincuutvoluntatem.
3111 1783 3166 1838 In
3195 1783 3347 1838 libris
3378 1783 3541 1838 etiam
3567 1786 3723 1839 novis

443 1882 653 1953 quoties
694 1880 855 1934 homo
901 1879 969 1933 ad
1020 1877 1266 1944 meliora,
1309 1875 1665 1931 deterioribus
1708 1874 2021 1942 repudiatis,

442 1974 610 2043 gratia
645 1970 869 2041 iuvante
897 1968 1237 2023 convertitur
1255 2007 1271 2031 ,
1311 1964 1473 2019 toties
1502 1964 1571 2019 de
1591 1978 1717 2019 vase
1744 1972 2025 2018 contume-

445 2065 529 2119 liae
577 2076 672 2118 vas
720 2060 942 2115 honoris
991 2057 1243 2113 efficitur.
1316 2056 1385 2111 L’t
1421 2069 1548 2109 vero
1586 2052 1654 2108 de
1698 2053 1853 2108 bonis
1902 2052 2027 2107 mali

441 2155 773 2218 efﬁciantur,
804 2150 906 2205 hoc
930 2147 1140 2204 facilius
1167 2148 1220 2202 in
1248 2162 1307 2202 se
1335 2145 1540 2214 recepit
1569 2145 1799 2198 humana
1828 2142 2030 2211 fragili-

445 2257 552 2314 tas,
585 2256 644 2300 ut
664 2245 733 2301 de
758 2257 887 2299 vase
910 2240 1164 2306 honoris,
1193 2240 1247 2295 in
1273 2253 1368 2294 Vas
1396 2237 1735 2292 contumelia:
1766 2244 2025 2291 transeat.

447 2339 595 2396 Sicut
623 2336 849 2407 legimus
877 2335 931 2389 in
962 2335 1221 2390 Abacuc:
1274 2330 1342 2385 Et
1379 2346 1509 2386 est-te
1556 2332 1667 2402 ejus
1714 2331 1904 2384 eleclat.
1957 2328 2031 2383 De

447 2430 641 2501 quibus
689 2429 853 2484 etiam
890 2428 1088 2481 dicitur
1132 2442 1145 2478 :
1196 2424 1395 2478 Aurum
1444 2431 1498 2475 ut
1540 2427 1714 2491 paleas
1754 2419 2029 2491 reputabit.

449 2522 708 2579 Jeremias
749 2534 960 2591 quoque
996 2534 1011 2573 :
1057 2516 1326 2582 Quomodo
1366 2515 1687 2569 obscuratum
1714 2524 1787 2567 est
1825 2529 2031 2579 aurum,

450 2623 673 2669 mutatu»
693 2624 766 2667 est
782 2615 923 2665 color
943 2610 1167 2679 Optimus
1189 2607 1407 2679 (Tltren.
1432 2609 1503 2678 tv)
1518 2607 1540 2659 ἲ
1555 2608 1704 2661 Sicut
1724 2614 1780 2660 et
1805 2608 2033 2675 Aposto~

454 2710 535 2761 lus
572 2704 703 2759 dicit
740 2720 754 2757 :
804 2702 1001 2756 Tollam
1053 2716 1174 2771 ergo
1215 2698 1443 2752 mentbra
1486 2697 1696 2764 Christi,
1752 2704 1799 2749 ct
1847 2697 2036 2765 faciam

454 2797 676 2851 membra
693 2793 967 2848 meretricis
985 2789 1038 2862 (Ι
1050 2788 1171 2845 Cor.
1194 2790 1302 2860 vt)?
1317 2790 1497 2859 Itaque
1522 2788 1799 2843 manifesta
1821 2796 2039 2841 senten-

455 2890 525 2942 tia
554 2899 657 2952 est,
688 2886 756 2940 de
783 2883 983 2938 Cill‘iali
1008 2895 1235 2951 corpore
1259 2895 1415 2950 posse
1450 2880 1721 2935 hominem
1746 2879 1797 2933 in
1824 2885 2036 2947 partem

457 2977 654 3033 diaboli
707 2990 804 3046 per
842 2974 1051 3042 culpam
1084 2972 1353 3042 propriam
1396 2967 1739 3024 commutari.
1789 2968 1942 3024 Sicut
1985 2974 2042 3021 et

460 3070 565 3125 alio
614 3069 734 3123 loco
771 3063 1167 3122 absolutissime
1206 3063 1362 3117 docet
1401 3064 1472 3116 de
1512 3062 1718 3130 optimo
1750 3060 2041 3130 pessimum

2127 1877 2454 1947 evangelicis
2474 1885 2530 1933 et
2558 1876 2888 1947 apostolicis,
2917 1875 3043 1945 quid
3073 1873 3217 1929 aliud
3244 1874 3347 1929 nisi
3378 1873 3601 1928 libertas
3630 1887 3723 1928 vo-

2128 1969 2347 2025 luntatis
2368 1965 2693 2033 ostenditur,
2725 1966 2813 2021 ubi
2836 1965 3030 2021 dicitur
3074 1982 3088 2019 :
3139 1965 3317 2020 Nolite
3362 1964 3716 2019 thesaurisare

2130 2060 2395 2114 thesauros
2438 2060 2492 2113 in
2533 2069 2703 2124 terra;
2730 2067 2786 2113 et
2808 2097 2826 2126 ,
2852 2056 3027 2111 Nolite
3056 2072 3140 2111 eos
3165 2057 3339 2111 timere
3365 2056 3455 2125 qui
3481 2055 3727 2108 occidunt

2129 2167 2332 2220 corpus.
2385 2149 2559 2205 Sobrii
2585 2157 2769 2215 estote,
2791 2149 2928 2217 justi
2950 2188 2967 2215 ,
2998 2157 3043 2202 et
3072 2148 3229 2202 nolite
3267 2161 3497 2218 peccare.
3543 2146 3610 2199 Et
3656 2142 3729 2198 ad

2130 2240 2471 2297 Timotheum
2506 2258 2518 2291 :
2565 2238 2692 2293 Noli
2719 2237 2978 2312 negligere
3002 2238 3223 2311 gratiam
3249 2255 3362 2309 quis
3403 2240 3456 2291 in
3512 2246 3563 2291 te
3608 2244 3727 2303 est,

2132 2349 2224 2388 nec
2248 2332 2437 2387 bonum
2467 2341 2611 2385 tuum
2636 2331 2771 2385 velut
2812 2345 2878 2385 ex
2905 2332 3195 2385 necessitate
3221 2332 3308 2397 sit,
3336 2332 3425 2384 sed
3450 2346 3517 2384 ea:
3545 2328 3729 2383 solua-

2134 2430 2255 2477 tate.
2302 2421 2372 2477 Et
2418 2422 2527 2478 alio
2566 2422 2686 2476 loco
2719 2438 2735 2477 :
2767 2419 2947 2475 Nolite
2976 2421 3028 2474 in
3059 2436 3393 2489 personarum
3434 2420 3731 2487 acceptione

2134 2513 2318 2568 habere
2342 2513 2497 2583 fidem
2520 2511 2734 2566 Domini
2771 2512 2932 2565 nostri
2960 2510 3085 2565 .lesu
3108 2510 3319 2565 Christi.
3355 2508 3531 2563 Nolite
3554 2509 3730 2563 detra-

2136 2604 2253 2659 here
2283 2605 2336 2659 in
2355 2606 2696 2669 alterutrum;
2723 2613 2799 2670 et,
2827 2602 3003 2658 Nolite
3024 2619 3211 2658 errare.
3240 2601 3377 2657 Deus
3403 2619 3508 2656 non
3532 2602 3726 2656 irride-

2139 2707 2242 2751 tur.
2279 2698 2407 2762 Qua:
2444 2698 2581 2751 enim
2626 2697 2947 2751 seminaverit
2983 2697 3159 2765 homo,
3202 2698 3311 2751 lucc
3346 2707 3394 2751 et
3435 2706 3605 2751 metet.
3637 2698 3729 2761 Et,

2142 2790 2318 2846 Nolite
2345 2792 2557 2864 diligere
2583 2792 2854 2854 mundum,
2875 2805 3035 2860 neque
3058 2806 3115 2844 ea
3138 2806 3255 2860 qua:
3282 2791 3336 2843 in
3359 2789 3551 2843 mundo
3580 2799 3723 2843 sunt.

2142 2882 2398 2938 Videmus
2424 2898 2553 2953 ergo
2582 2882 2709 2938 etin
2738 2881 2935 2936 bonam
2955 2923 2971 2948 ,
3000 2892 3056 2936 et
3078 2881 3131 2936 in
3154 2884 3483 2936 contrariant
3513 2891 3729 2950 partem

2143 2990 2302 3047 posse
2344 2975 2593 3030 humana:
2629 2976 2825 3031 mentis
2861 2975 3093 3030 transire
3117 2990 3465 3029 consensum.
3499 2974 3569 3029 Et
3608 2973 3734 3029 ideo

2142 3070 2248 3124 alio
2277 3069 2394 3124 loco
2423 3067 2555 3122 dicit
2584 3083 2599 3121 :
2627 3065 2852 3135 Bonum,
2884 3066 3076 3137 inquit,
3103 3066 3363 3137 facientes,
3393 3082 3494 3119 non
3520 3064 3736 3133 deﬁcia-

463 3162 601 3228 lieri,
649 3168 705 3214 et
741 3155 1001 3225 templum
1045 3154 1142 3209 Dei
1181 3167 1341 3223 posse
1387 3152 1599 3221 violari,
1648 3153 1718 3205 ita
1767 3149 1997 3205 dicendo
2028 3166 2041 3203 :
2073 3158 2120 3221 ο
2149 3178 2301 3227 mus;
2368 3171 2592 3230 ιεηιρονο
2642 3160 2775 3214 enim
2829 3176 2921 3215 ,κο
2978 3170 3222 3213 meum.“
3271 3175 3374 3212 ηοη
3416 3158 3733 3225 deﬁciam“.

468 3257 571 3310 Vos
591 3254 709 3309 estis
739 3249 985 3320 templum
1011 3248 1141 3315 Dei,
1175 3247 1403 3317 Spiritus
1446 3244 1543 3299 Dei
1571 3244 1764 3299 habitat
1802 3244 1854 3297 in
1882 3244 2040 3298 vobis.
2078 3243 2434 3321 .Opcremur
2477 3266 2594 3322 ergo
2636 3250 2820 3304 bonum
2848 3249 2915 3302 ad
2952 3265 3158 3317 omnes,
3202 3250 3425 3303 maxime
3452 3257 3622 3301 autem
3664 3248 3738 3300 ad

462 3350 522 3404 Si
547 3347 660 3420 quis
681 3355 853 3399 autem
878 3345 1119 3412 templum
1144 3339 1257 3407 Dei,
1288 3339 1571 3407 violaverit,
1603 3338 1859 3408 disperdet
1890 3338 2040 3391 illum

464 3438 599 3511 Deus
645 3436 730 3507 (ll
758 3435 877 3490 Cor.
921 3433 1059 3503 vni).
1110 3430 1250 3485 Ecce
1266 3432 1377 3499 jam
1406 3429 1660 3499 templum
1683 3428 1777 3483 Dei
1807 3442 1928 3485 esse
1959 3429 2044 3482 di-

462 3530 703 3586 noscitur
728 3569 742 3593 ,
764 3526 875 3595 jam
905 3538 934 3576 a
974 3530 1161 3578 sancto
1187 3521 1390 3590 Spiritu
1421 3519 1741 3588 possidetur,
1775 3526 1830 3574 et
1860 3525 2038 3572 tamen

462 3637 557 3692 per
582 3620 842 3676 incuriam
873 3616 1063 3671 violari
1094 3625 1255 3683 atque
1297 3612 1607 3681 corrumpi,
1649 3621 1707 3668 et
1731 3612 1799 3666 ab
1828 3611 2045 3681 indigno

462 3714 676 3782 hospite
695 3708 947 3779 occupari
970 3721 1129 3778 posse
1156 3714 1506 3761 memoratur.
1537 3704 1684 3761 Sicut
1712 3713 1765 3759 et
1787 3703 2045 3773 propheta

461 3806 703 3873 increpat
728 3802 959 3856 animam
983 3840 998 3865 ,
1029 3798 1121 3853 Dei
1150 3796 1317 3869 gratia
1352 3807 1545 3867 sponte
1569 3808 1849 3852 vacuatam
1883 3815 1895 3849 :
1933 3796 2047 3869 Ego

463 3894 689 3969 plantavi
718 3902 764 3948 te
784 3892 979 3946 vineam
1005 3888 1238 3953 electam,
1256 3904 1403 3942 omne
1420 3904 1588 3942 semen
1609 3905 1813 3955 verum;
1836 3904 2047 3959 quomo-

464 3985 531 4040 do
561 3998 801 4039 conversa
838 3997 890 4036 es
926 3981 979 4035 in
1023 3979 1417 4033 amaritudinem
1447 3981 1560 4033 vitis
1607 3980 1788 4033 aliena:
1831 3979 2042 4051 (Jerem.

464 4075 567 4145 tt)?
591 4075 731 4130 Ecce
758 4074 969 4127 vineam
996 4070 1105 4126 Deo
1133 4086 1163 4123 τι
1195 4070 1357 4124 nobili
1385 4070 1566 4126 radice
1587 4071 1900 4140 plantatam,
1928 4080 2043 4125 stu-

463 4172 553 4227 dio
578 4168 799 4223 cultoris
822 4167 1071 4228 electam,
1089 4164 1307 4234 prOprio
1330 4164 1566 4218 Ostendit
1591 4164 1816 4216 crimine
1845 4162 2044 4232 depra-

464 4271 660 4318 vatam.
692 4259 757 4314 Ει
785 4258 906 4312 ideo
931 4256 998 4311 de
1028 4271 1088 4311 ea
1117 4256 1168 4309 iu
1202 4255 1350 4308 lsaize
1388 4254 1597 4307 cantico
1627 4253 1862 4322 loquitur
1892 4272 1904 4307 :
1939 4253 2048 4308 Ea:-

461 4352 681 4423 spectavi
701 4360 753 4405 ut
776 4350 958 4419 faceret
978 4346 1197 4410 vineam,
1222 4346 1336 4413 fecit
1351 4353 1519 4397 autent
1539 4344 1733 4414 spinas.
1760 4346 2048 4414 Exspecta-

465 4444 539 4499 tio
568 4438 891 4511 increpantis
930 4435 1178 4507 agricolae
1219 4433 1459 4489 ostendit
1496 4434 1634 4490 hanc
1662 4438 1870 4490 vineam
1916 4436 2045 4491 dare

2147 3344 2447 3399 domesticos
2489 3343 2633 3412 ﬁdei.
2681 3341 2855 3396 Nolite
2880 3381 2895 3406 ,
2940 3341 3148 3411 inquit,
3189 3341 3404 3411 diligere
3440 3339 3734 3394 mundum:

2148 3435 2251 3491 nisi
2272 3436 2323 3491 ei
2350 3435 2547 3490 bonum
2589 3433 2655 3488 ad
2686 3434 2909 3488 meliora
2938 3432 3257 3488 contulisset
3277 3432 3564 3497 allectum,
3596 3431 3724 3486 mali

2147 3530 2198 3585 ei
2246 3543 2351 3582 non
2399 3526 2746 3582 interdiceret
2773 3525 3069 3594 appetitum
3101 3565 3117 3591 ,
3145 3532 3201 3579 et
3227 3523 3349 3579 ideo
3369 3522 3425 3577 in
3452 3523 3736 3577 sinistram

2147 3620 2373 3675 crimine
2412 3633 2510 3674 suo
2552 3617 2785 3672 trahitur
2810 3659 2825 3683 ,
2853 3617 2942 3686 qui
2972 3631 3003 3670 a
3034 3616 3260 3670 Domino
3289 3630 3389 3670 suo
3414 3624 3638 3669 vocator
3664 3613 3739 3667 ad

2147 3710 2411 3766 dextram.
2462 3707 2529 3763 Et
2579 3716 2862 3777 propterea
2906 3707 3098 3761 iterum
3147 3706 3323 3761 dicit:
3366 3704 3494 3759 Noli
3541 3704 3743 3757 vincia

2148 3804 2308 3871 ntalo,
2360 3802 2449 3857 sed
2476 3802 2614 3856 vince
2653 3801 2705 3854 in
2734 3801 2863 3853 bono
2903 3801 3118 3853 malum.
3152 3798 3354 3868 Aperte
3384 3797 3511 3852 mali
3533 3811 3737 3851 neces-

2129 3898 2307 3951 sitate
2344 3910 2453 3949 non
2501 3893 2762 3963 premitur
2808 3892 2895 3946 cui
2938 3890 3156 3947 victoria
3199 3891 3265 3945 de
3300 3889 3426 3943 boni
3456 3888 3735 3943 electione

2148 3989 2496 4061 promittitur.
2531 3986 2645 4041 Non
2694 3986 2837 4039 enim
2866 3984 2919 4038 in
2963 3982 3119 4038 devia
3157 3983 3241 4037 lex
3283 3980 3507 4051 originis
3535 3978 3738 4043 trahit,

2148 4096 2306 4151 quem
2348 4088 2535 4133 auctor
2565 4078 2616 4132 in
2650 4078 2789 4130 bivio
2818 4076 3134 4139 collocavit,
3168 4089 3231 4129 ac
3256 4074 3336 4128 sic
3360 4074 3445 4127 cui
3478 4072 3743 4126 voluntas

2148 4171 2313 4225 indita
2344 4177 2449 4237 est,
2480 4178 2539 4223 ut
2562 4169 2779 4221 vincere
2804 4166 3001 4220 malum
3031 4165 3222 4232 possit,
3246 4165 3291 4218 si
3316 4164 3453 4218 forte
3471 4163 3738 4217 adversa-

2149 4263 2258 4316 rios
2283 4270 2457 4326 vocet,
2486 4260 2531 4314 si
2559 4259 2768 4312 animus
2789 4256 2837 4311 ei
2869 4256 3137 4326 pugnandi
3163 4255 3595 4325 defuit,eventus
3622 4270 3742 4308 non

2149 4354 2317 4409 deluit
2360 4351 2658 4408 obtinendi.
2690 4351 2939 4420 Legimus
2978 4350 3046 4403 ad
3089 4349 3384 4404 llebrteos:
3424 4348 3743 4401 Voluntaria

2149 4446 2280 4500 enim
2312 4443 2631 4515 peccantibus
2662 4441 2805 4495 nobis
2850 4450 2961 4509 post
2988 4450 3249 4509 acceptam
3285 4439 3524 4493 notitiam
3543 4438 3741 4492 verita-

464 4536 664 4589 fruetus
711 4532 948 4602 potuisse
987 4526 1231 4598 justitite.
1281 4526 1349 4581 Et
1403 4540 1525 4581 cum
1575 4536 1803 4582 stantem
1844 4527 2117 4587 cadereD
2143 4540 2229 4603 tis,
2259 4538 2364 4602 iam
2414 4552 2516 4589 non
2561 4535 2868 4603 relinquitur
2908 4549 3002 4603 pro
3030 4533 3250 4604 ρεοεαιξε
3294 4532 3482 4585 hostia,
3525 4532 3739 4585 seen“-

466 4632 689 4676 testetur
715 4635 904 4690 posse,
936 4634 1059 4675 cum
1086 4618 1218 4672 dicit
1247 4634 1260 4670 :
1294 4615 1361 4671 Et
1394 4618 1479 4688 qui
1514 4633 1568 4671 se
1597 4619 1851 4673 existimat
1882 4628 2036 4687 stare,

467 4713 632 4767 videat
668 4727 729 4765 ne
752 4712 925 4765 cadat.
948 4711 1058 4765 Ete
1078 4709 1371 4777 contrario,
1388 4710 1454 4764 ad
1478 4710 1742 4780 jacentem
1773 4713 2037 4783 loquitur:

466 4802 718 4874 Nunquid
743 4803 829 4868 qui
856 4802 993 4854 cadit
1023 4818 1125 4854 non
1148 4803 1410 4874 resurgit?
1432 4800 1621 4857 Potens
1649 4813 1722 4859 est
1745 4806 1877 4859 enim
1905 4804 2043 4859 Deus

466 4905 684 4952 statuere
710 4893 858 4947 illum
903 4890 957 4964 (I
980 4890 1099 4946 Cor.
1128 4892 1204 4961 .\).
1228 4892 1431 4963 Aperte
1459 4895 1696 4950 ostendit
1722 4906 1920 4951 statum
1947 4897 2044 4951 ho-

465 4990 623 5044 minis
652 4987 706 5041 in
732 4985 941 5041 diversa
971 4998 1079 5039 non
1119 5000 1218 5054 pro
1246 4988 1629 5043 constitutione
1658 4988 1753 5044 Dei
1779 5029 1795 5053 ,
1822 4990 1916 5045 sed
1946 5006 2040 5059 pro

465 5079 668 5133 arbitrii
698 5078 943 5134 libertate
970 5091 1131 5147 posse
1160 5078 1383 5132 versari.
1409 5078 1515 5134 Sed
1538 5090 1591 5133 et
1631 5078 1793 5135 Isaias
1817 5082 2040 5137 eviden-

462 5178 487 5226 t
508 5186 548 5225 -r
576 5169 807 5224 afﬁrmat
834 5168 1123 5239 depravata
1149 5169 1343 5239 corrigi
1367 5208 1383 5235 ,
1416 5179 1471 5224 et
1495 5168 1623 5224 dilui
1656 5185 1817 5242 posse
1845 5172 2038 5227 imma-

462 5264 672 5326 culata,
707 5275 828 5315 cum
875 5259 941 5314 ad
983 5263 1292 5328 peccatores
1336 5260 1567 5328 loquitur
1595 5261 1819 5317 dicens:
1871 5261 2041 5316 Lava-

465 5355 593 5409 mini
620 5393 638 5421 ,
670 5351 849 5407 mundi
881 5359 1038 5405 estote
1061 5393 1077 5418 ,
1100 5353 1295 5420 auferte
1331 5350 1526 5404 malum
1563 5353 1927 5422 cogitationum
1955 5368 2039 5407 ve-

464 5428 689 5500 strarum
714 5444 776 5499 ab
805 5443 966 5500 oculis
994 5442 1139 5496 meis.

1058 5573 1286 5632 CAPUT
1325 5574 1458 5630 XIII.

475 5707 629 5777 Item,
656 5710 782 5767 velle
800 5721 847 5767 et
877 5714 1031 5774 nolle.
1059 5712 1190 5767 sicut
1217 5714 1287 5767 ad
1317 5708 1505 5766 malam
1527 5750 1542 5777 ,
1569 5710 1641 5767 ita
1668 5712 1820 5768 etiam
1848 5714 1916 5768 ad
1944 5714 2041 5771 bo-

2143 4630 2267 4685 dum
2308 4627 2443 4696 htec,
2476 4627 2519 4683 si
2570 4626 2871 4681 libertatem
2908 4624 3115 4679 arbitrii
3145 4638 3250 4678 non
3282 4623 3561 4689 habemus,
3591 4636 3739 4691 quo-

2143 4719 2305 4776 modo
2343 4733 2463 4773 cum
2502 4718 2777 4772 voluntate
2821 4716 3137 4785 peccamus?
3160 4714 3273 4782 Qua
3300 4728 3498 4781 causa,
3526 4713 3573 4768 si
3600 4727 3741 4768 reus

2144 4811 2216 4867 sit
2261 4812 2500 4880 requiras
2522 4851 2537 4877 ,
2565 4808 2690 4878 quia
2723 4814 2844 4877 post
2880 4816 3155 4876 acceptam
3202 4805 3447 4860 notitiam
3486 4804 3741 4859 veritatis

2145 4904 2211 4957 ad
2242 4902 2488 4971 spiritum
2515 4901 2802 4958 declinavit
2817 4899 3036 4956 erroris.
3064 4898 3190 4954 Post
3210 4906 3493 4967 acceptam,
3522 4897 3734 4966 inquit.

2145 4993 2423 5047 notitiam:
2461 4990 2699 5061 intellige
2755 5004 2880 5045 eum
2920 4989 3195 5058 accepisse
3237 4987 3490 5058 gratiam,
3536 4994 3593 5041 et
3636 5000 3749 5054 per

2144 5085 2516 5155 negligentiam
2551 5082 2879 5152 perdidisse;
2910 5090 2964 5136 et
2993 5081 3187 5135 iterum
3220 5097 3234 5132 :
3293 5077 3509 5131 Irrilam
3533 5078 3739 5148 faciens

2145 5174 2304 5242 legem
2335 5172 2501 5244 Moysi
2548 5172 2654 5227 sine
2683 5173 2789 5227 ulla
2819 5171 3176 5236 miseratione,
3219 5168 3415 5223 duobus
3456 5168 3535 5222 vel
3563 5168 3742 5223 tribus

2148 5265 2355 5321 testibus
2379 5264 2613 5328 moritur,
2638 5274 2826 5329 quanto
2855 5262 3015 5335 magis
3055 5261 3244 5332 putatis
3272 5259 3529 5314 deteriora
3548 5264 3741 5314 mereri

2147 5355 2402 5426 supplicia
2448 5356 2537 5426 qui
2564 5352 2765 5408 Filium
2794 5354 2888 5407 Dei
2922 5353 3322 5419 conculcaverit,
3348 5362 3396 5406 et
3430 5352 3745 5424 sanguinem

2150 5450 2435 5500 testamenti
2465 5447 2717 5517 pollutum
2762 5445 2963 5499 duxerit
2988 5486 3003 5511 ,
3023 5445 3077 5498 in
3107 5460 3208 5514 quo
3237 5443 3588 5512 sanctificatus
3631 5454 3743 5507 est,

2148 5547 2194 5592 et
2220 5538 2425 5606 spiritui
2467 5538 2645 5606 gratia:
2686 5535 3042 5590 contumeliam
3083 5536 3304 5605 fecerit?
3329 5533 3436 5589 Cur
3471 5533 3572 5587 sub
3599 5530 3745 5585 duo-

2150 5627 2247 5682 bus
2275 5635 2367 5681 aut
2410 5626 2579 5682 tribus
2628 5625 2854 5681 testibus
2894 5633 3208 5692 accusatur,
3240 5632 3298 5680 et
3331 5623 3484 5694 quasi
3525 5622 3746 5691 proprii

2149 5716 2387 5774 criminis
2414 5731 2543 5775 reus
2572 5718 2797 5774 moritur
2854 5715 2901 5773 si
2929 5716 3041 5783 iam
3070 5715 3366 5775 inevitabili
3402 5713 3472 5772 ad
3497 5725 3741 5785 peccan-
