4002 6188
347 338 463 391 805

1463 328 1550 385 DE
1587 326 1840 385 GRATIA
1882 325 2032 393 DEI,
2076 328 2252 396 E'lC.,
2295 330 2424 388 ΜΒ.
2467 332 2509 389 Ι.

3522 345 3631 403 Silii

346 454 482 503 dum
505 455 708 502 natura:
732 445 850 515 lege
874 443 1229 513 deprimitur?
1258 443 1364 498 Sed
1391 444 1509 497 idco
1540 444 1743 512 absque
1772 443 1936 497 dubio
1969 447 2020 503 A
2048 447 2329 502 manifeste
2372 448 2457 501 hic
2501 447 2602 502 sub
2643 449 3022 522 interrogantis
3050 454 3135 510 vel
3166 456 3469 525 objicientis
3504 476 3627 529 per-

349 551 596 596 mcretttr
642 553 852 608 paruam
880 580 896 607 ,
942 537 1065 606 quia
1102 537 1293 605 potuit,
1345 545 1400 589 et
1443 537 1610 589 noluit
1660 537 1935 590 custodire

344 636 637 703 justitiam.
680 634 797 699 Qua
826 646 954 684 vero
984 644 1141 683 causa
1185 630 1236 683 in
1263 631 1424 697 ltanto
1464 628 1606 683 bono
1635 640 1831 682 exutus
1867 628 1937 682 sit

348 727 397 778 si
423 724 696 793 requiras,
731 722 884 791 quia,
914 720 1115 790 inquit,
1141 719 1342 787 spiritui
1370 720 1548 788 gratia:
1568 717 1933 772 contumeliam

350 816 498 883 fecit.
531 816 775 883 Agnosco
802 815 903 865 hoc
932 813 1052 865 loco
1089 810 1212 878 quia
1252 811 1417 878 gratia
1464 826 1567 864 non
1601 820 1706 864 tam
1741 820 1937 881 negata

352 905 562 960 homini
597 904 803 967 defuit,
832 904 925 957 sed
954 900 1222 956 hominem
1253 902 1398 969 prius
1426 901 1493 956 ab
1513 902 1701 956 eodem
1733 902 1939 958 dereli-

351 1005 444 1051 cta
478 1007 533 1049 et
561 1004 865 1062 contempta
890 1033 906 1059 ,
954 993 1190 1047 deseruit
1218 991 1517 1061 benignitas
1560 992 1758 1046 dantis.
1798 995 1933 1047 Cum

351 1088 590 1159 quodam
619 1088 803 1142 dolore
833 1086 1467 1155 increpatcontumeliam
1500 1090 1804 1155 respuentis
1826 1126 1841 1150 ,
1874 1103 1939 1141 ac

354 1184 439 1237 sic
462 1197 583 1236 cum
613 1181 678 1235 ad
707 1180 860 1235 devia
905 1179 1238 1233 voluntarius
1279 1179 1604 1245 declinavit,
1637 1197 1740 1235 non
1775 1183 1936 1251 periit

354 1274 647 1329 derelictus
671 1312 687 1337 ,
717 1273 806 1341 qui
842 1288 903 1326 se
943 1269 1204 1341 ingerenti
1237 1270 1621 1327 misericordia:
1674 1276 1941 1330 subtraxit

356 1367 620 1434 ingratus.
664 1365 869 1421 Similis
916 1365 1136 1420 elfectns
1176 1366 1284 1421 illis
1322 1368 1389 1422 de
1418 1368 1609 1436 quibus
1656 1368 1936 1422 [’salmista

358 1456 666 1524 pronuntiat
702 1472 716 1509 :
746 1452 816 1507 Et
845 1455 1097 1509 benedixit
1128 1473 1239 1526 eos,
1267 1469 1313 1510 et
1353 1458 1683 1527 multiplicati
1702 1471 1823 1513 sunt
1851 1460 1931 1512 ni-

356 1547 458 1599 mis
486 1545 603 1613 (Ps.
629 1545 755 1615 cvi).
791 1545 854 1599 Et
882 1546 933 1599 in
974 1548 1242 1616 sequenti,
1269 1563 1457 1603 causas
1478 1554 1689 1606 amissa:
1717 1552 1940 1607 benedi-

353 1636 556 1692 Ctionis
583 1636 843 1691 obtendit.
878 1636 943 1691 Et
961 1639 1292 1703 seduxerunt,
1311 1640 1499 1709 inquit,
1522 1658 1607 1695 eos
1632 1659 1758 1696 rana
1789 1648 1936 1711 ipso-

356 1745 499 1795 rum,
515 1738 558 1782 et
580 1731 987 1784 setluxerunteos
1007 1732 1057 1783 in
1074 1731 1209 1784 invio
1228 1743 1275 1785 et
1293 1750 1390 1786 non
1414 1734 1464 1786 in
1487 1736 1586 1787 via.
1615 1735 1708 1789 llic
1732 1750 1938 1803 prteva-

2044 554 2172 591 sona
2192 538 2520 590 contrarium
2547 552 2761 592 sensum
2785 540 3076 609 Apostolus
3105 547 3433 613 intrmnittit,
3458 566 3619 620 quem

2043 646 2106 685 ex
2139 630 2366 684 adverso
2411 631 2743 698 propositum
2789 636 3035 703 SCQUl'llli
3070 637 3434 708 increpatione
3460 644 3626 696 casti-

2042 730 2149 790 gat,
2181 722 2365 776 dicens
2399 740 2413 775 :
2449 722 2492 776 0
2522 723 2694 787 homo,
2726 733 2781 777 tu
2809 726 2920 796 quis
2951 744 3003 781 es
3033 730 3122 797 qui
3152 732 3459 797 respondeas
3483 732 3630 788 Deo?

2043 818 2121 868 An
2166 832 2266 868 non
2310 817 2458 869 habet
2499 826 2797 885 p0testatem
2837 819 3024 889 ﬁgulus
3053 820 3151 873 luti
3175 838 3238 875 ea:
3258 825 3432 876 eadem
3458 841 3630 879 massa

2044 909 2209 978 facere
2237 908 2382 961 aliud
2409 925 2496 961 vas
2537 910 2590 962 in
2629 909 2876 963 honorem
2900 952 2915 978 ,
2964 912 3111 965 aliud
3139 928 3254 967 t'ero
3285 917 3337 967 in
3369 928 3629 973 contume-

2044 999 2210 1051 liam?
2240 999 2335 1052 llic
2363 999 2592 1054 inﬁdelis
2618 1002 3003 1069 curiositatem,
3038 1005 3368 1073 argumentis
3397 1010 3629 1063 auctori-

2044 1095 2150 1141 tate
2168 1090 2491 1156 compescit;
2518 1099 2704 1144 etcum
2729 1090 2855 1145 dicit
2875 1091 2981 1145 :An
3003 1108 3102 1146 non
3125 1094 3269 1147 habet
3292 1107 3588 1165 potestatem
3605 1102 3630 1154 ?

2046 1180 2129 1233 bic
2155 1181 2498 1236 calututtianti
2545 1182 2713 1237 solam
2760 1184 2853 1238 Dei
2883 1185 3067 1253 objicit
3100 1196 3461 1258 potestatem,
3497 1206 3629 1246 cun-

2044 1272 2262 1326 vincens
2293 1287 2415 1327 eum
2444 1274 2682 1339 ratione,
2715 1275 2805 1344 qui
2838 1276 3117 1331 universos
3164 1279 3426 1335 humanos
3472 1293 3625 1338 actus

2043 1363 2236 1418 divina:
2266 1365 2587 1418 ordznationi
2631 1365 2847 1420 indocte
2874 1377 2927 1421 et
2959 1366 3245 1424 infideliter
3292 1372 3620 1428 ascribebat.

2044 1456 2121 1507 An
2154 1472 2255 1508 non
2283 1455 2431 1511 habet
2460 1467 2760 1527 potestatem
2800 1460 2990 1526 figulus
3018 1457 3117 1513 luti
3152 1478 3214 1514 ex
3247 1465 3422 1516 eadem
3454 1480 3625 1519 massa

2044 1551 2212 1615 facere
2238 1548 2382 1600 aliud
2405 1563 2491 1601 vas
2505 1549 2556 1601 in
2578 1551 2837 1612 honorent,
2853 1550 2997 1602 aliud
3022 1568 3137 1605 vero
3150 1553 3201 1605 in
3232 1555 3627 1611 contumeliam!

2048 1637 2188 1690 Inter
2219 1639 2333 1691 haec
2362 1638 2489 1691 dum
2529 1639 2690 1703 dicit,
2733 1655 2795 1691 ea;
2839 1642 3013 1693 cadent
3068 1658 3266 1706 massa,
3317 1645 3623 1716 quicunque

2046 1731 2180 1784 duas
2206 1731 2421 1785 humani
2455 1734 2669 1801 generis
2690 1748 2893 1787 massas
2919 1750 3039 1789 esse
3065 1737 3432 1804 arbitrabaris,
3460 1756 3620 1796 unam

358 1821 558 1875 ricatur
574 1822 808 1876 mandati
822 1823 943 1877 ideo
958 1827 1204 1892 apparuit
1218 1840 1363 1890 reus,
1377 1829 1498 1895 quia
1511 1828 1576 1880 ad
1600 1830 1794 1883 malum
1822 1847 1933 1884 ma-

2045 1837 2194 1876 sacra
2243 1839 2305 1877 ex
2341 1824 2569 1879 lectione
2607 1839 2889 1892 cognosce.
2926 1828 3063 1882 Duas
3088 1840 3264 1884 autem
3296 1830 3419 1884 facit
3449 1834 3624 1902 pravi-

356 1912 446 1981 gis
464 1913 715 1967 seductus
734 1923 819 1967 est
844 1929 1003 1980 quam
1019 1925 1253 1969 coactus.
1281 1918 1539 1972 Similiter
1564 1929 1617 1972 et
1638 1920 1701 1973 ad
1723 1921 1936 1976 Galatas

361 2004 809 2074 transgressionis
855 2020 1049 2059 nosam
1082 2005 1148 2059 ad
1182 2007 1413 2061 hominis
1462 2020 1735 2079 retorquet
1764 2012 1936 2065 ollen-

356 2109 499 2159 sam,
532 2100 601 2149 ita
628 2096 813 2151 dicens
846 2114 859 2148 :
890 2097 995 2151 Sed
1024 2107 1144 2150 tunc
1182 2099 1386 2168 quidem
1421 2101 1711 2168 ignorantes
1740 2103 1935 2170 Deum,

358 2188 444 2240 his
464 2188 549 2255 qui
566 2198 749 2241 natura
773 2198 1001 2241 nonsunt
1023 2188 1097 2242 dii
1120 2190 1407 2244 sentiebatis
1435 2190 1573 2261 (Gal.
1605 2192 1703 2264 tv).
1734 2197 1936 2249 Secun-

356 2283 489 2334 sltllll
538 2281 675 2335 hanc
718 2290 963 2335 naturam
1005 2282 1145 2336 Deus
1198 2293 1282 2337 est
1306 2283 1584 2352 Christus,
1612 2287 1696 2340 cui
1735 2289 1939 2343 servire

361 2373 718 2441 prmcipimur.
752 2372 1008 2443 Sequitur
1039 2392 1053 2427 :
1086 2372 1240 2427 Nunc
1268 2384 1438 2428 autem
1469 2392 1582 2428 cum
1606 2380 1937 2449 cognoreritis

362 2462 551 2530 Deum,
591 2465 692 2518 imo
731 2466 922 2535 cogniti
946 2467 1055 2520 sitis
1084 2482 1117 2519 a
1138 2464 1267 2532 Deo,
1297 2469 1548 2536 quomodo
1590 2472 1939 2526 convertimini

358 2554 433 2608 ad
474 2555 678 2623 inﬁrma
724 2566 771 2610 et
804 2573 961 2628 egena
1002 2560 1247 2613 elementa
1270 2602 1286 2624 ,
1314 2560 1497 2630 quibus
1540 2561 1708 2616 denuo
1752 2568 1938 2619 seruire

357 2645 551 2699 cultis?
592 2646 708 2701 Non
747 2648 904 2711 dixit,
935 2648 1058 2702 boni
1103 2663 1225 2706 esse
1256 2666 1359 2705 non
1393 2653 1615 2721 potestis
1642 2696 1656 2720 ,
1685 2654 1780 2709 sed
1812 2657 1935 2710 tnali

361 2750 487 2790 esse
527 2736 721 2794 vultis:
756 2738 858 2792 nisi
898 2738 949 2791 in
991 2739 1129 2795 bono
1160 2742 1457 2813 potuissent
1496 2756 1640 2799 stare
1682 2748 1935 2813 correCti,

360 2843 469 2881 non
498 2838 851 2898 arguerentur
880 2830 946 2884 ad
977 2829 1243 2886 deteriora
1278 2833 1534 2904 prolapsi.
1564 2835 1645 2889 Ad
1674 2851 1810 2905 quos
1840 2838 1939 2893 ite-

359 2936 480 2974 rum
519 2921 689 2975 dicit:
721 2918 903 2976 Filioli
951 2926 1069 2988 mei,
1107 2941 1231 2990 quos
1261 2925 1443 2980 iterum
1484 2930 1734 2995 parturio,
1778 2929 1937 2985 donec

360 3014 607 3077 formetur
627 3014 853 3069 Christus
890 3016 942 3069 in
981 3016 1137 3071 vobis.
1164 3017 1301 3073 Ecce
1330 3020 1461 3074 istos
1489 3022 1577 3091 qui
1608 3022 1676 3077 de
1716 3022 1818 3079 fide
1845 3039 1937 3094 ge-

359 3104 460 3159 niti
498 3104 621 3159 facti
678 3108 886 3161 fuerant
923 3108 1149 3163 abortivi
1176 3151 1190 3175 ,
1235 3112 1428 3165 asserit
1474 3112 1648 3168 adhuc
1679 3130 1837 3184 posse
1865 3117 1929 3169 ad

358 3199 558 3254 Christi
593 3200 875 3269 imaginem
906 3200 1227 3267 reformari,
1256 3212 1310 3257 et
1335 3205 1461 3258 dum
1493 3206 1730 3274 perditus
1758 3207 1936 3264 adhuc

363 3289 503 3343 ﬁlios
529 3299 710 3354 vocat,
743 3292 1236 3360 praevaricationem
1266 3295 1385 3350 sine
1408 3296 1780 3365 deSperatiune
1806 3314 1935 3353 con-

358 3382 600 3446 demnat,
632 3382 831 3437 docens
854 3394 907 3438 et
935 3388 1171 3452 reparari
1204 3388 1430 3456 perdita,
1463 3397 1517 3443 et
1547 3389 1745 3443 auferri
1779 3406 1935 3461 posse

361 3473 576 3527 collata.
619 3474 749 3528 Nam
783 3490 905 3530 cum
938 3477 1046 3531 alio
1076 3478 1192 3532 loco
1225 3479 1508 3535 basteticns
1548 3483 1788 3550 Apostoli
1810 3497 1936 3537 scn-

361 3562 583 3617 tentiam
629 3564 1147 3632 pra-destinationem
1184 3570 1271 3624 Dei
1301 3571 1385 3623 vel
1419 3572 1825 3639 praelinitionem
1857 3574 1938 3629 ιιι-

364 3663 687 3723 terpretetur
714 3670 864 3719 esse,
889 3673 1009 3711 cum
1029 3660 1221 3726 legitur
1253 3677 1265 3711 :
1292 3658 1568 3714 Miserebor
1595 3663 1678 3715 cui
1705 3664 1934 3731 voluero,

363 3755 413 3798 et
442 3746 844 3800 misericordiam
882 3750 1128 3817 pra'stabo
1151 3753 1300 3820 cujus
1327 3752 1599 3806 miserebor
1629 3753 1802 3813 (Rom.
1837 3754 1935 3825 Ix),

366 3837 777 3908 interrogandus
797 3851 898 3905 est,
916 3850 1091 3895 utrum
1113 3842 1254 3911 quod
1282 3843 1397 3897 vult
1418 3844 1576 3909 Deus,
1609 3845 1936 3912 ordinatum,

365 3943 434 3982 an
463 3928 819 3985 inordinatum
845 3972 859 3997 ,
904 3931 1108 3999 justum
1135 3971 1149 3995 ,
1178 3947 1246 3987 an
1292 3933 1545 4002 iniustum
1576 3936 1679 3990 sit?
1703 3936 1831 3990 Cum
1862 3938 1938 4005 id,

364 4020 507 4087 quod
539 4035 759 4076 necesse
778 4032 881 4088 est,
903 4021 1105 4090 justum
1134 4038 1255 4077 esse
1269 4025 1626 4095 responderit,
1647 4025 1938 4082 d.cendnm

364 4120 451 4164 est
478 4127 493 4165 :
541 4110 676 4164 Puto
705 4111 792 4165 hic
818 4111 979 4165 verba
1008 4126 1127 4165 esse
1152 4112 1403 4181 justitiw,
1431 4115 1555 4183 quia
1585 4117 1833 4171 voluntas
1856 4117 1938 4171 di-

366 4216 489 4254 vina
513 4201 719 4270 justitia
749 4212 849 4257 est.
884 4201 1035 4255 Etita
1065 4203 1178 4258 haec
1206 4204 1437 4258 elocutio
1466 4205 1811 4275 intelligenda
1833 4216 1935 4270 est,

364 4291 639 4345 miserebor
675 4293 757 4345 cui
787 4290 1010 4357 uoluero,
1044 4294 1095 4346 id
1133 4302 1236 4357 est,
1267 4310 1424 4362 quem
1450 4296 1654 4363 justum
1686 4310 1805 4351 esse
1850 4312 1941 4351 cu-

365 4400 601 4450 gnovero
626 4385 776 4453 cujus
799 4394 1095 4454 promptam
1128 4386 1283 4439 fidem
1317 4387 1520 4452 videro,
1550 4404 1709 4456 quem
1739 4405 1943 4457 praece-

368 4476 472 4543 ptis
492 4474 625 4529 meis
647 4475 868 4530 obedire
886 4490 1227 4546 perspexero,
1245 4492 1402 4545 quem
1429 4493 1601 4533 meam
1624 4482 1797 4536 laccre
1816 4497 1937 4551 pro-

367 4567 564 4621 bavero
593 4568 938 4623 voluntatem.
983 4568 1047 4620 Et
1079 4568 1475 4623 misericordiam
1502 4611 1516 4635 ,
1546 4572 1711 4642 inquit
1740 4614 1757 4640 ,
1806 4592 1938 4644 pra:-

366 4658 511 4711 stabo
536 4661 684 4728 cujus
726 4659 998 4713 miserebor
1030 4676 1050 4713 :
1093 4660 1235 4729 quod
1284 4661 1353 4715 ita
1383 4662 1785 4733 intelligendum
1832 4678 1938 4735 est,

366 4749 467 4813 Qui
496 4750 747 4803 collatam
766 4764 796 4802 a
815 4749 926 4804 Deo
945 4750 1364 4806 misericordiam
1392 4753 1600 4808 subdita
1629 4765 1683 4810 et
1709 4757 1939 4815 Sollicita

369 4848 547 4893 mente
589 4840 914 4905 servaverit,
956 4840 1271 4909 ampliorem
1302 4843 1722 4901 misericordiam
1750 4862 1941 4905 conse-

367 4942 583 5004 quetur,
613 4936 754 4991 sicut
780 4936 888 4991 alio
917 4936 1036 4991 loco
1061 4936 1190 4991 dicit
1214 4953 1227 4991 :
1261 4936 1363 5005 Qui
1381 4940 1517 4992 enim
1542 4938 1710 5007 habet,
1737 4941 1942 4996 dabitur

367 5033 469 5099 illi,
496 5044 543 5086 et
566 5034 1012 5103 superabundabit,
1044 5034 1096 5088 id
1128 5044 1229 5100 est,
1258 5036 1381 5105 quia
1409 5050 1685 5106 acceptum
1718 5038 1809 5094 Dei
1842 5039 1939 5094 do-

371 5140 499 5180 num
518 5140 640 5180 cum
672 5124 942 5194 vigilantia
969 5135 1026 5180 et
1053 5127 1232 5180 cordis
1259 5128 1451 5183 timore
1484 5129 1737 5196 custodit,
1770 5130 1940 5200 magis

369 5231 434 5270 ac
463 5217 628 5286 magis
653 5214 834 5285 gratia:
861 5214 1027 5282 ipsius
1052 5218 1226 5286 capiet
1252 5227 1617 5287 augmentum,
1650 5230 1711 5275 ut
1736 5221 1785 5276 ei
1820 5236 1941 5290 pro-

371 5309 539 5362 fectus
565 5307 678 5377 ipse
730 5308 900 5375 pariat
923 5308 1247 5364 incrementa
1277 5309 1636 5378 profectuum;
1669 5313 1806 5367 sicut
1835 5313 1942 5368 alio

370 5399 493 5452 loco
518 5398 683 5452 dicit:
714 5396 784 5450 Et
822 5409 1031 5453 sanctus
1067 5398 1234 5454 adhuc
1275 5401 1635 5466 sanctiﬁcetur.
1668 5402 1820 5469 Quod
1848 5418 1944 5458 au-

370 5501 482 5546 tem
523 5500 579 5546 et
604 5490 733 5547 illud
760 5491 830 5545 ad
861 5490 1266 5560 przelinitionem
1310 5492 1401 5547 Dei
1432 5501 1620 5560 putant
1656 5507 1778 5548 esse
1805 5495 1944 5550 refe-

371 5581 618 5649 rendum,
642 5581 784 5651 quod
805 5581 1091 5651 Apostolus
1118 5580 1247 5637 dicit
1273 5597 1289 5636 :
1318 5579 1456 5652 Ergo
1487 5585 1637 5653 cujus
1658 5584 1764 5637 vult
1788 5584 1939 5639 mise-

370 5681 531 5738 retur,
578 5682 626 5726 et
662 5687 808 5742 quem
835 5673 940 5727 uult
972 5672 1182 5727 indurat
1215 5688 1234 5730 :
1263 5672 1404 5729 Dicis
1430 5675 1601 5742 itaque
1626 5676 1771 5740 mihi,
1815 5678 1937 5746 quid

371 5762 541 5817 adhuc
596 5762 865 5831 queritur?
910 5761 1157 5819 uoluntati
1208 5764 1341 5819 enim
1390 5766 1502 5832 eius
1559 5766 1673 5831 quis
1718 5768 1938 5825 resistit?

2044 1924 2122 1967 tas
2144 1916 2439 1968 studiorum
2458 1915 2809 1970 etdiversitas
2829 1919 3177 1975 voluntatum.
3210 1921 3281 1974 Ita
3313 1938 3407 1991 pro
3433 1937 3622 1979 earum

2042 2006 2410 2076 qualitatibus,
2444 2023 2548 2061 non
2580 2024 2674 2074 pro
2708 2011 2937 2079 impulsu
2964 2011 3053 2065 Dei
3076 2053 3093 2077 ,
3123 2015 3489 2086 unusquisque
3530 2026 3622 2073 aut

2040 2099 2378 2151 contumelia:
2407 2112 2497 2152 vas
2518 2140 2535 2165 ,
2564 2108 2655 2152 aut
2684 2098 2903 2153 honoris
2925 2100 3176 2158 efficitur.

2632 2211 2856 2266 CAPUT
2896 2212 3033 2267 XIV.

2044 2298 2143 2354 Ubi
2168 2300 2262 2353 sibi
2290 2300 2456 2367 gratia
2485 2300 2581 2353 Dri
2615 2311 2659 2353 et
2688 2301 2920 2355 roluntas
2957 2301 3182 2356 humana
3220 2307 3619 2363 testimoniorum

2111 2372 2388 2423 assertione
2415 2373 2703 2434 sociantur,
2731 2382 2780 2424 et
2808 2375 2871 2424 tle
2908 2376 3138 2441 paruulis
3168 2377 3334 2429 inanis
3361 2378 3621 2433 calumnia

2110 2447 2419 2495 transeundo
2447 2441 2829 2511 perstringitur.

2111 2553 2169 2609 Si
2201 2553 2336 2610 bene
2366 2555 2615 2610 intendas
2638 2557 2875 2612 animum
2895 2601 2911 2627 ,
2940 2568 3125 2628 aperte
3153 2561 3475 2632 copioseque
3519 2576 3614 2619 eo-

2040 2647 2252 2714 gnuscis
2286 2648 2556 2716 quomodo
2598 2664 2695 2718 per
2724 2660 3029 2705 sanctarum
3060 2652 3282 2722 paginas
3317 2652 3619 2724 Scriptura-

2041 2754 2156 2791 rum
2188 2754 2327 2795 nunc
2352 2750 2624 2794 asseratur
2648 2741 2832 2809 gratia:
2849 2741 3040 2808 virtus,
3069 2758 3210 2798 nunc
3253 2743 3500 2799 humana:
3525 2761 3619 2800 vo-

2042 2828 2261 2884 luntatis
2312 2844 2587 2885 ascensus.
2641 2830 3003 2900 Fragilitatem
3044 2832 3249 2888 arbitrii
3280 2834 3620 2891 demonstra-

2042 2935 2181 2987 mus,
2198 2934 2319 2976 cum
2340 2920 2406 2975 ad
2431 2920 2595 2975 Deum
2611 2920 2866 2976 dicimus:
2894 2921 3055 2989 Pone,
3080 2921 3317 2992 Domine,
3331 2926 3616 2979 custodiam

2041 3012 2118 3065 ori
2137 3027 2268 3078 meo,
2287 3021 2332 3066 et
2352 3013 2536 3066 ostium
2553 3012 2945 3068 circumstantia:
2966 3012 3112 3067 labiis
3134 3014 3255 3068 meis
3272 3014 3290 3085 (
3301 3013 3439 3069 Psal.
3467 3018 3614 3083 cst).

2040 3103 2170 3157 item
2196 3102 2348 3171 jubet
2384 3117 2564 3158 sermo
2591 3104 2805 3159 divinus
2830 3114 2889 3160 ut
2929 3105 3133 3175 aliquid
3166 3106 3317 3176 vigor
3345 3107 3513 3176 possit
3531 3122 3618 3164 ar-

1962 3172 2007 3233 (ἶ
2040 3194 2184 3248 bitrii
2203 3234 2219 3259 ,
2247 3196 2374 3249 dum
2405 3195 2472 3249 ad
2505 3193 2775 3249 hominem
2805 3195 2934 3252 dicit
2963 3215 2976 3250 :
3008 3172 3195 3251 éohibe
3222 3172 3450 3266 linguam
3476 3208 3616 3252 tuam

2038 3304 2068 3338 a
2093 3288 2249 3355 malo,
2266 3297 2313 3342 et
2334 3286 2470 3341 labia
2502 3297 2592 3341 tua
2619 3304 2681 3341 ne
2707 3287 2983 3357 loquantur
3005 3289 3180 3343 dolum
3214 3288 3382 3361 (Psal.
3399 3291 3616 3361 sunt).

2040 3379 2339 3433 Arbitrium
2368 3379 2709 3434 commendat
2737 3380 3025 3449 Sapientite
3055 3395 3256 3447 sermo,
3287 3396 3407 3434 cum
3435 3380 3566 3437 dicit
3598 3398 3615 3439 :

2042 3471 2193 3525 Omni
2212 3470 2445 3525 custodia
2473 3488 2611 3525 serva
2636 3487 2725 3525 cor
2754 3480 2893 3525 tuum
2917 3472 3096 3542 (Prov.
3122 3470 3220 3535 tv).
3249 3473 3353 3528 Sed
3384 3472 3615 3541 Aposto-

2041 3560 2121 3613 lus
2160 3563 2277 3615 sine
2304 3560 2488 3615 divino
2513 3560 2781 3627 adjutorio
2813 3560 2915 3614 hoc
2945 3561 3059 3615 tieri
3106 3576 3214 3615 non
3251 3575 3408 3629 posse
3438 3562 3617 3616 mani-

2042 3654 2194 3708 festat
2240 3669 2361 3709 cum
2402 3654 2533 3709 dicit
2564 3671 2576 3705 :
2612 3655 2859 3706 Domfnus
2888 3653 3144 3706 custodiat
3181 3654 3337 3706 corda
3374 3644 3539 3706 uestra
3562 3660 3615 3708 et

2040 3746 2394 3815 intelligentias
2422 3756 2612 3798 vestras
2658 3744 2712 3795 in
2750 3743 2951 3797 Christo
2978 3741 3104 3796 Iesu
3137 3742 3356 3815 (Philip.
3388 3741 3485 3813 tv).
3514 3743 3617 3798 As-

2041 3838 2173 3890 serit
2208 3836 2259 3889 in
2301 3835 2558 3905 propheta
2599 3835 2888 3889 voluntatis
2930 3835 3161 3904 propriae
3201 3834 3503 3889 facultatem
3545 3834 3615 3889 de

2041 3928 2331 3996 semetipso
2376 3928 2561 3982 dicens
2592 3943 2607 3980 :
2644 3925 2899 3980 Inclinavi
2947 3942 3034 3980 cor
3065 3941 3232 3980 mcum
3268 3928 3335 3979 ad
3358 3926 3616 3997 faciendas

2031 4019 2426 4091 justi/icationes
2476 4030 2591 4071 tuas
2622 4017 2791 4089 (Psal.
2819 4018 3027 4088 cxvm).
3075 4016 3182 4074 Sed
3206 4017 3339 4072 nihil
3378 4017 3446 4071 de
3487 4017 3617 4072 solis

2040 4109 2156 4177 ejus
2186 4108 2387 4163 viribus
2416 4108 2665 4177 intelligit
2697 4106 3129 4177 praesumendqu
3169 4120 3292 4159 cum
3324 4107 3618 4173 proclamat

2041 4203 2105 4257 ad
2130 4204 2326 4258 Deum:
2358 4202 2583 4269 Inclina,
2612 4202 2802 4271 inquit,
2817 4217 2907 4255 cor
2927 4216 3092 4255 meum
3111 4200 3165 4252 in
3193 4200 3477 4252 testimonia
3506 4209 3613 4263 tua,

2042 4304 2087 4349 et
2112 4312 2212 4348 non
2243 4296 2296 4347 in
2340 4296 2626 4347 avaritiam.
2656 4293 2884 4363 Propter
2924 4292 3150 4348 liberum
3173 4291 3455 4345 arbitrium
3482 4289 3617 4344 indi-

2042 4387 2181 4442 citur
2204 4387 2377 4453 nobis,
2397 4397 2556 4440 rectos
2583 4403 2769 4440 cursus
2793 4388 2878 4457 [ac
2897 4384 3107 4455 pedibus
3128 4384 3257 4447 tuis,
3290 4392 3336 4437 et
3364 4383 3470 4434 eius
3501 4391 3617 4436 tuas

2043 4481 2226 4549 dirige.
2253 4476 2359 4532 Sed
2392 4492 2489 4531 nos
2514 4477 2579 4530 ad
2604 4477 2824 4545 gratiam
2848 4473 3237 4543 confugientes,
3266 4488 3363 4542 pro
3392 4473 3618 4527 infirmi—

2043 4574 2165 4626 tatis
2197 4568 2522 4625 conscientia
2552 4568 2933 4637 supplii-amus.
2959 4565 3136 4635 Dirige
3156 4569 3208 4619 in
3232 4574 3504 4635 conspectu
3531 4575 3619 4619 tua

2042 4665 2175 4718 viam
2220 4677 2406 4728 meam,
2437 4668 2485 4713 et
2530 4660 2717 4729 perﬁce
2764 4674 2969 4728 gressus
3021 4673 3159 4711 meos
3200 4658 3252 4711 in
3290 4658 3483 4712 semitis
3519 4659 3619 4711 tuis

2050 4755 2223 4828 (Psal.
2257 4755 2330 4821 v).
2367 4754 2599 4821 Imperat
2628 4751 2814 4816 nobis,
2845 4751 2935 4821 qui
2960 4750 3191 4820 propriae
3218 4749 3503 4805 voluntatis
3527 4765 3620 4819 ge-

2045 4847 2211 4902 nerali
2265 4845 2668 4915 dispensatione
2705 4844 2797 4913 jus
2852 4844 3071 4910 tribuit,
3120 4844 3421 4899 illuminare
3468 4841 3621 4897 vobis

2045 4942 2226 4996 iumen
2247 4940 2322 4995 sci
2346 4938 2503 4995 vntias.
2527 4935 2631 4994 Pro
2651 4952 2716 4993 eo
2737 4952 2864 4993 vero
2885 4936 3027 5008 quod
3057 4945 3224 4991 totum
3254 4935 3320 4991 ad
3345 4942 3618 4989 auctorem

2044 5036 2229 5105 gratiae
2256 5032 2598 5089 referendum
2627 5039 2730 5095 est,
2760 5030 3025 5100 legimus:
3062 5028 3164 5094 Qui
3194 5028 3341 5081 docet
3365 5027 3621 5081 hominem

2042 5130 2307 5183 scientiam
2327 5125 2443 5196 (Ps.
2466 5126 2637 5191 xcm),
2659 5124 2743 5179 vel
2765 5123 3013 5177 Dominus
3040 5122 3296 5175 illuminat
3323 5135 3479 5175 cacas
3497 5117 3618 5189 (Ps.

2046 5219 2226 5290 θην).
2245 5228 2298 5274 et
2320 5219 2540 5273 iterum:
2564 5215 2809 5269 lllumina
2832 5215 3003 5267 oculos
3024 5229 3160 5267 meos
3176 5228 3240 5266 ne
3259 5226 3481 5281 unquam
3502 5209 3621 5261 dor-

2048 5312 2203 5364 miam
2235 5311 2287 5363 in
2310 5319 2470 5363 morte
2490 5306 2610 5379 (Ps.
2636 5305 2767 5371 xu);
2795 5314 2870 5372 et,
2890 5306 3062 5358 beatus
3083 5304 3233 5358 homo
3253 5317 3400 5372 quem
3422 5311 3475 5355 tu
3504 5314 3620 5352 eru-

2045 5402 2222 5466 dieris,
2249 5400 2485 5465 Domine,
2510 5407 2559 5453 et
2581 5400 2644 5452 de
2664 5397 2773 5471 lege
2800 5405 2888 5451 tua
2911 5396 3147 5451 docueris
3169 5410 3304 5449 eum.
3331 5390 3621 5462 Apostolus

2046 5494 2253 5549 arbitrii
2283 5492 2596 5563 prmdictor,
2626 5491 2929 5545 libertatem
2952 5489 3069 5556 ejus
3092 5488 3160 5540 ita
3187 5485 3372 5538 incitat
3393 5481 3618 5537 dicens:

2047 5583 2311 5639 Custodile
2328 5583 2523 5637 animas
2544 5592 2756 5636 vestras.
2770 5579 2875 5636 Sed
2893 5571 3314 5633 misericordiam
3331 5572 3422 5626 Dei
3447 5580 3623 5642 prote-

2042 5684 2233 5739 statur,
2250 5674 2321 5727 ita
2348 5684 2808 5726 commemorans:
2827 5666 3072 5721 Dominus
3096 5661 3348 5717 custodiat
3362 5662 3622 5716 introitum

2042 5778 2186 5825 tuum
2204 5776 2252 5825 et
2272 5765 2463 5821 exitum
2480 5772 2623 5819 tuum
2638 5761 2808 5819 (Psal.
2826 5763 2936 5819 sc).
2970 5756 3070 5813 Per
3091 5755 3207 5813 haec
3230 5754 3408 5826 itaque
3433 5751 3623 5825 quibus
