4002 6188
403 328 503 385 8f?

1638 320 1696 377 S.
1739 317 1982 375 FAUSTI
2025 314 2427 373 NIEGIENSIS

3574 320 3676 375 808

406 442 564 497 ,ηοδο
590 440 796 496 arbitrii
822 439 1043 494 libertas
1068 435 1329 491 asset-itur
1350 473 1365 497 ,
1404 432 1563 488 modo
1592 432 1831 486 ctelestis
1874 430 1978 483 lar-
2009 433 2056 490 Α
2090 422 2196 483 ιιπζ
2261 427 2413 481 Hunc
2455 438 2581 480 vero
2610 424 2974 494 persuasionis
3004 434 3107 478 tua:
3134 425 3425 494 reprobqu
3462 441 3680 483 sensum

407 535 545 605 gitas
575 533 1007 599 demonstratur,
1038 544 1182 582 nunc
1212 526 1374 580 homo
1398 525 1467 578 de
1492 523 1765 578 concessis
1787 520 1993 575 viribus

408 625 746 688 admonetur,
771 638 839 676 ne
859 621 926 675 de
951 620 1066 674 sola
1088 620 1257 688 gratia
1287 614 1721 685 speretotiosus;
1754 628 1895 667 nunc
1924 611 1993 667 de

409 716 575 786 gratia
618 728 839 784 sperare
889 712 1222 782 prtecipitur,
1254 723 1321 763 ne
1345 708 1414 762 de
1444 706 1561 760 solo
1602 706 1784 759 labore
1812 704 1883 759 sit
1909 718 1995 758 se-

411 820 591 860 curus.
624 803 731 859 Sed
777 802 915 856 dicis
950 818 961 852 :
995 801 1050 854 Si
1084 797 1480 868 prmdestinatio
1510 811 1615 849 non
1666 804 1777 860 est,
1807 809 1903 849 cur
1939 795 1992 848 in

416 894 652 968 parvulis
696 892 786 968 alii
814 889 1151 960 baptizantur
1171 928 1187 952 ,
1219 887 1309 941 alii
1337 887 1454 941 sine
1482 884 1728 955 baptismi
1759 884 1995 938 sanctiﬁ-

414 966 627 1040 catione
657 966 971 1053 rapiuntur?
997 980 1332 1049 Serpentine:
1361 978 1565 1032 fraudis
1606 986 1709 1042 est,
1748 976 1815 1031 ad
1848 985 1997 1031 tene-

416 1078 603 1133 brosas
629 1090 887 1130 cavernas
931 1070 1117 1127 relicta
1160 1070 1279 1124 luce
1326 1067 1688 1137 transfugere,
1731 1082 1851 1121 cum
1901 1081 1997 1136 per

414 1170 590 1225 omnia
635 1167 909 1219 volumina
940 1179 1110 1217 sacra:
1140 1163 1331 1216 liturae
1360 1161 1636 1215 evidenter
1662 1158 1887 1214 liberum
1918 1158 1993 1213 lo-

414 1269 645 1327 quantur
686 1258 991 1311 arbitrium.
1024 1255 1159 1321 Quid
1193 1254 1416 1309 rationis
1446 1262 1529 1307 est
1559 1261 1615 1307 ut
1661 1252 1997 1320 interrogare

415 1353 547 1408 velis
577 1351 807 1416 occulta,
832 1366 951 1404 cum
980 1347 1328 1403 sollicitudini
1354 1354 1457 1399 tua:
1480 1343 1793 1415 plenissime
1815 1344 1999 1398 videas

416 1444 752 1515 respondere
778 1439 1098 1495 manifesta?
1125 1438 1265 1505 Quid
1294 1438 1538 1492 utilitatis
1556 1445 1640 1491 est
1663 1444 1809 1490 certa
1841 1435 2001 1488 omit-

419 1551 531 1592 tere
561 1577 577 1602 ,
616 1547 670 1591 et
698 1535 904 1590 incerta
950 1533 1232 1589 consulere
1256 1571 1273 1597 ,
1300 1532 1367 1585 de
1397 1529 1591 1599 quibus
1623 1528 1753 1581 nihil
1793 1527 2000 1581 invenis

418 1628 679 1682 catholica
729 1624 961 1680 lectione
990 1621 1389 1689 conscriptum?
1413 1619 1531 1675 Non
1574 1619 1823 1688 intelligis
1858 1617 2000 1688 quod

418 1724 471 1775 in
513 1720 755 1775 veritatis
789 1717 1038 1786 injuriam
1072 1714 1463 1784 perscrutaris,
1504 1712 1762 1782 quidquid
1804 1711 2003 1763 veritas

2094 520 2360 575 catholica
2391 519 2690 573 detestatur
2734 517 2998 571 Ecclesia.
3030 515 3189 579 ideo,
3221 517 3398 587 inquis
3423 558 3438 582 ,
3463 520 3681 588 genitali

2093 611 2386 681 quamlibet
2423 610 2565 663 unda
2608 608 2810 678 perfusi
2858 624 3051 662 munus
3101 608 3349 676 baptismi
3391 625 3497 664 non
3542 614 3680 667 acci-

2095 704 2266 771 piunt,
2314 702 2438 770 quia
2482 700 2547 753 ad
2580 700 2901 768 baptismum
2950 698 3239 754 inﬁdeliter
3279 703 3526 754 veniunt.
3569 703 3685 758 Non

2097 796 2167 848 ita
2195 802 2297 848 est.
2338 792 2571 847 Adverte
2614 792 2737 861 quia
2783 793 2887 845 hoc
2928 791 3103 860 ipsum
3146 793 3211 846 ad
3243 792 3569 861 baptismum
3600 810 3687 851 ve-

2096 885 2213 939 nire
2234 924 2251 950 ,
2278 891 2334 939 et
2357 884 2581 938 salutem
2612 882 2925 937 desiderare
2947 924 2962 947 ,
2986 882 3094 949 jam
3124 882 3261 937 ﬁdei
3294 894 3397 937 est.
3453 887 3535 950 Qu
3558 902 3688 939 con-

2096 992 2227 1047 que,
2263 975 2436 1045 inquis
2461 1017 2477 1040 ,
2512 984 2629 1043 post
2671 974 2993 1043 baptismum
3027 986 3286 1042 pereunt,
3317 976 3369 1029 iu
3393 976 3566 1029 Adam
3602 993 3685 1044 pe-

2097 1079 2275 1135 reunt,
2324 1071 2446 1138 quia
2491 1068 2545 1121 iu
2586 1068 2851 1135 baptismo
2901 1082 3006 1121 non
3058 1068 3422 1121 crediderunt.
3462 1068 3575 1123 ltee
3605 1070 3687 1124 ius

2098 1162 2307 1216 diceres
2354 1162 2476 1216 ideo
2518 1174 2611 1215 eos
2656 1161 2880 1229 periisse
2918 1168 3040 1228 post
3070 1160 3423 1230 baptismum,
3464 1164 3587 1231 quia
3621 1163 3686 1217 ad

2099 1257 2283 1324 gratia:
2321 1254 2521 1307 donum
2562 1254 2789 1322 jungere
2835 1254 3122 1307 noluerunt
3171 1254 3370 1308 laboris
3419 1256 3685 1321 alliciam,

2100 1350 2222 1417 quia
2256 1362 2349 1402 eos
2374 1347 2777 1402 consuetudinis
2806 1346 3152 1415 negligentia,
3175 1346 3456 1415 cordisque
3483 1347 3687 1401 desidEa

2102 1454 2131 1492 a
2163 1438 2434 1507 vigilantia
2467 1438 2676 1505 operis,
2710 1445 2765 1490 et
2790 1450 2818 1488 a
2841 1435 3086 1490 sollicita:
3109 1436 3385 1490 servitutis
3414 1436 3689 1490 revocavit

2104 1531 2383 1586 industrie.
2412 1530 2563 1596 Quod
2594 1530 2639 1583 si
2670 1530 2823 1599 culpa
2848 1528 3242 1584 incredulitatis
3267 1545 3427 1586 causa
3451 1541 3535 1584 est
3565 1545 3689 1599 per-

2104 1622 2350 1685 ditionis,
2398 1622 2526 1689 quid
2569 1622 2636 1675 de
2664 1620 2901 1688 parvulis
2929 1620 3230 1675 sentiemus
3251 1662 3266 1686 ,
3297 1622 3492 1690 quibus
3520 1622 3572 1674 in
3599 1637 3690 1691 pa-

2105 1723 2318 1769 rentum
2341 1713 2646 1779 devotione,
2662 1713 2793 1768 etin
2816 1713 3065 1767 lactentis
3086 1712 3326 1768 infantia:
3348 1714 3691 1782 simplicitate

421 1815 559 1867 scire
591 1821 642 1866 te
689 1810 902 1865 noluit?
952 1806 1223 1861 Materiam
1276 1806 1344 1859 de
1385 1803 1533 1858 liberi
1562 1802 1764 1856 arbitrii
1795 1802 2002 1855 ratione
2034 1794 2082 1853 B
2108 1805 2330 1874 integra:
2378 1804 2499 1859 ﬁdei
2545 1805 2822 1873 pervigilia
2851 1804 3195 1873 deputantur,
3240 1805 3328 1874 qui
3352 1805 3553 1871 absque
3581 1806 3691 1858 ullo

422 1902 706 1974 proponis,
741 1911 795 1956 et
829 1900 894 1953 ad
917 1899 1311 1956 discutiendum
1335 1894 1572 1949 infantia:
1594 1903 1791 1949 statum
1820 1891 2002 1960 perni-

422 2010 567 2048 moso
598 2009 784 2047 errore
812 1990 1099 2055 dilaberis,
1130 1990 1182 2049 in
1222 2004 1326 2057 quo
1354 1988 1553 2039 nullum
1601 1985 1811 2053 penitus
1844 1982 2005 2035 vesti-

428 2091 573 2155 gium
600 2086 749 2139 liberi
781 2083 1009 2145 arbitrii,
1040 2082 1245 2135 nullum
1271 2093 1530 2149 apparere
1558 2084 1734 2147 potest
1773 2074 2006 2143 prOprim

428 2179 719 2233 voluntatis
757 2175 1031 2231 indicium.

1018 2265 1244 2321 CAPUT
1285 2264 1400 2317 XV.

425 2358 615 2414 Contra
673 2356 769 2409 hoc
807 2356 942 2425 quod
1002 2356 1218 2418 dicunt,
1258 2372 1340 2407 eos
1395 2354 1480 2420 qui
1534 2351 2007 2425 past‘bnptismum

567 2438 796 2498 pereunt,
819 2422 871 2479 in
894 2426 1197 2495 baptismum
1218 2426 1413 2494 penitus
1441 2439 1545 2475 non
1565 2422 1861 2476 credidisse.

503 2542 612 2595 llic
656 2542 772 2594 loco
803 2538 1233 2608 respondendum
1274 2546 1387 2603 est,
1418 2538 1468 2590 iu
1500 2552 1606 2606 quo
1649 2546 1866 2591 auctore
1908 2536 2007 2591 hoc

428 2633 577 2704 legis,
602 2632 667 2687 de
681 2647 784 2701 quo
804 2631 1021 2685 doctore
1035 2630 1391 2684 hocasserere
1408 2646 1454 2698 pt
1471 2629 1719 2683 resumis?
1737 2629 1936 2683 Etcum
1956 2630 2008 2683 in

436 2727 702 2794 baptismo
734 2723 933 2777 al‘olcri
961 2731 1233 2789 peccatum
1266 2721 1522 2790 originale
1546 2735 1648 2774 non
1675 2722 1927 2789 deneges.
1956 2730 2011 2775 et

432 2817 640 2881 [irinum
694 2829 816 2867 csse
862 2813 1129 2881 baptisma
1177 2812 1586 2880 comprobetur,
1642 2811 1728 2864 ubi
1784 2810 2009 2864 indivisa

429 2905 663 2960 Trinitas
706 2912 1008 2965 invocatur,
1040 2901 1105 2954 da
1151 2916 1341 2955 causas
1370 2900 1561 2968 quibus
1591 2902 1887 2968 baptizatus
1917 2901 2012 2953 ad-

425 2997 701 3069 hucintra
752 2995 987 3049 debitum
1031 2994 1293 3062 originale
1336 2994 1633 3048 consistat?
1664 2994 1729 3047 Et
1759 2993 1893 3061 ipsi,
1926 2994 2009 3046 in-

432 3092 576 3161 quis,
601 3091 654 3144 in
679 3088 849 3143 Adam
883 3097 1137 3157 pereunt,
1167 3090 1288 3157 quia
1330 3090 1383 3143 in
1413 3090 1732 3157 baptismum
1756 3106 1860 3143 non
1890 3104 2012 3144 cre-

2109 1895 2438 1951 infidelitatis
2469 1894 2708 1962 periculo
2751 1894 3086 1948 immaculata
3114 1896 3544 1965 regenerationis
3572 1910 3688 1949 mu-

2110 2002 2235 2041 nera
2281 1994 2684 2052 consequuntur
2708 2026 2723 2051 ,
2754 1995 2807 2040 et
2838 1986 2987 2039 multi
3018 2001 3205 2041 eorum
3235 2002 3489 2055 processu
3521 1990 3693 2042 artatis

2110 2079 2164 2132 in
2193 2079 2381 2131 mortis
2410 2078 2698 2146 prtecipitia
2722 2077 3138 2148 demerguntur?
3161 2079 3293 2146 Qua:
3318 2080 3368 2133 id
3398 2081 3537 2134 ratio
3564 2082 3694 2150 agit.

2109 2171 2212 2225 nisi
2241 2171 2363 2239 quia
2393 2171 2680 2240 expugnari
2710 2186 2770 2225 se
2793 2173 3063 2239 patiuntur
3094 2173 3297 2240 ignavia
3335 2176 3647 2229 resolvente
3672 2176 3695 2228 ?

2113 2262 2177 2315 Et
2222 2278 2434 2315 tau-am
2466 2278 2562 2315 cur
2609 2262 2759 2316 fracti
2805 2262 3114 2317 viderentur
3156 2266 3425 2333 exposuit.
3460 2264 3689 2335 PrOpter

2115 2354 2547 2419 incredulitatem,
2577 2356 2766 2423 inquit,
2797 2355 2947 2419 fracti
2965 2364 3109 2421 sunt,
3132 2370 3235 2410 non
3266 2357 3449 2425 utique
3477 2368 3697 2426 prepter

2115 2444 2523 2512 prmseientiam.
2579 2445 2697 2499 Non
2740 2446 3025 2515 specialem
3071 2461 3192 2501 esse
3227 2450 3367 2502 circa
3410 2452 3694 2505 credentes

2114 2536 2210 2592 Dei
2240 2537 2655 2591 muniﬁcentiam
2686 2536 2842 2590 docet
2868 2577 2884 2603 ,
2914 2537 3128 2606 quando
3154 2547 3206 2591 et
3237 2552 3331 2591 eos
3359 2555 3492 2607 quos
3518 2541 3697 2595 inere-

2112 2630 2353 2685 dulitatis
2390 2631 2597 2700 arguit,
2631 2631 2852 2685 credere
2894 2630 3132 2699 potuisse
3178 2631 3533 2690 demonStrat.
3578 2634 3699 2700 Quo

2110 2736 2311 2788 genere
2341 2722 2500 2775 etiam
2534 2720 2778 2775 inlldeles
2820 2722 3026 2788 copiam
3076 2720 3198 2773 tidei
3228 2725 3500 2788 accepisse
3528 2725 3700 2777 mani-

2115 2815 2273 2871 festat
2294 2854 2310 2880 ,
2338 2826 2394 2870 et
2432 2815 2555 2868 dum
2585 2815 2652 2869 de
2684 2814 3015 2869 naturalibus
3064 2814 3259 2870 fractos
3296 2816 3463 2880 dicit,
3496 2833 3700 2885 prusu-

2114 2916 2321 2961 mentes
2370 2906 2646 2961 salutifera
2695 2906 3048 2976 castigatione
3092 2908 3407 2974 compressit
3440 2926 3453 2960 :
3491 2908 3584 2973 Si,
3618 2910 3703 2963 in-

2112 3001 2259 3066 quit,
2284 2997 2605 3050 naturalibus
2631 2999 2787 3051 ramis
2821 3015 2920 3051 non
2953 2999 3197 3069 pepercit,
3226 3015 3289 3051 ne
3328 3004 3458 3067 forte
3487 3016 3578 3053 nec
3606 3002 3707 3054 tibi

2117 3099 2316 3157 parcat.
2350 3091 2413 3144 Et
2440 3090 2697 3145 subdidit.
2729 3089 2794 3143 Et
2822 3092 2919 3153 ibi,
2951 3092 3153 3161 inquit,
3202 3092 3247 3145 si
3275 3108 3374 3144 non
3397 3107 3709 3159 permanse-

441 3182 714 3236 diderunt.
746 3180 933 3234 Nonne
952 3188 1006 3233 tu
1019 3179 1173 3247 paulo
1194 3188 1317 3234 ante
1341 3178 1655 3240 dicetas,ad
1685 3181 2013 3248 capescenda
2040 3150 2087 3213 ϐ
2117 3182 2218 3234 rint
2248 3182 2299 3235 in
2343 3181 2731 3243 incredulitate.
2766 3150 3090 3238 inserentur:
3120 3192 3296 3251 potens
3326 3192 3397 3235 est
3432 3183 3571 3237 Deus
3603 3186 3711 3237 ite-

434 3275 529 3335 Dei
559 3274 696 3335 dona
729 3269 963 3326 studium
989 3271 1219 3326 hominis
1240 3286 1347 3324 non
1377 3271 1609 3340 requiri?
1652 3272 1790 3325 Ecce
1818 3282 1870 3324 tu
1902 3272 2016 3340 ipse
2058 3333 2063 3337 ,

435 3367 872 3431 manifestissime
912 3366 1182 3436 proﬁteris
1221 3366 1339 3421 sine
1376 3366 1690 3433 accipientis
1728 3364 2015 3419 devotione

434 3456 639 3511 irritam
688 3472 811 3527 esse
840 3455 1263 3511 munﬁcentiam
1302 3457 1595 3526 largientis.
1617 3456 1729 3520 Tu,
1758 3456 1974 3523 inquam
1998 3495 2013 3519 ,

434 3549 550 3617 ipse
577 3551 865 3613 conlirmas
893 3548 1011 3603 sine
1041 3550 1233 3602 merito
1264 3548 1410 3611 ﬁdei,
1441 3548 1491 3601 id
1524 3556 1645 3613 est,
1672 3546 1792 3602 sine
1822 3562 2016 3614 coepe-

444 3641 653 3711 ratione
679 3640 963 3693 voluntatis
1012 3638 1258 3693 humana:
1278 3681 1292 3702 ,
1318 3639 1543 3709 gratiam
1578 3639 1708 3691 nihil
1737 3639 2011 3706 prodesse,

433 3740 487 3785 et
516 3728 782 3799 quomodo
808 3728 973 3793 dicis,
1007 3737 1173 3783 totum
1210 3729 1348 3783 Dens
1381 3726 1479 3781 sibi
1511 3727 1577 3782 de
1606 3738 1744 3781 stato
1787 3727 2013 3780 hominis

442 3822 741 3877 reservavit
762 3860 778 3885 ,
807 3832 859 3874 et
882 3820 1013 3875 nihil
1043 3821 1245 3875 homini
1268 3820 1447 3875 dedit?
1471 3821 1608 3875 Ecce
1638 3821 1795 3875 etiam
1821 3834 2013 3873 secun-

434 3912 561 3966 dum
590 3912 918 3966 sententiam
958 3920 1099 3965 tuam
1134 3927 1233 3966 nec
1261 3912 1431 3980 ipSum
1464 3912 1563 3966 sibi
1594 3910 2014 3980 regenerationis

433 4011 611 4073 potest
631 4011 877 4066 constare
908 4002 1220 4072 mysterium
1242 4044 1257 4068 ,
1289 4002 1389 4056 nisi
1423 4000 1583 4055 homo
1606 4003 1754 4071 juxta
1794 4001 2012 4056 benedi-

434 4096 625 4153 ctionis
667 4094 863 4150 donum
902 4094 1204 4149 adhibuerit
1243 4095 1574 4150 credulitatis
1613 4094 1882 4150 allectum.
1915 4096 2011 4149 Cui

436 4203 601 4259 negas
625 4198 896 4253 conatum,
921 4187 1045 4256 quid
1067 4186 1135 4240 ab
1165 4187 1257 4240 illo
1284 4187 1511 4255 requiris
1538 4187 1851 4238 assensum?
1874 4185 2006 4239 Cum

420 4293 610 4336 autem
650 4281 905 4349 propheta
934 4279 1119 4332 dicat:
1156 4277 1382 4331 Exibunt
1422 4291 1567 4344 aqua:
1611 4277 1734 4329 viva:
1771 4277 1835 4330 de
1860 4274 2013 4331 Jeru-

432 4372 599 4443 salem
630 4367 813 4441 (Zach.
842 4370 976 4436 xw),
1002 4368 1053 4419 iu
1073 4364 1264 4433 quibus
1292 4365 1469 4419 vitalis
1492 4365 1648 4419 undtn
1678 4376 2011 4421 sacramenta

435 4464 716 4533 designat,
764 4459 1033 4531 quomodo
1061 4458 1176 4513 ﬁeri
1207 4467 1384 4526 potest
1429 4468 1486 4511 ut
1519 4458 1799 4511 innovatus
1849 4458 2009 4511 immo

434 4554 664 4607 deletam
710 4554 908 4607 veteris
935 4549 1166 4605 hominis
1195 4548 1497 4604 cautionem
1535 4563 1716 4603 secum
1747 4549 2011 4603 retineat?

430 4647 700 4713 quomodo
731 4647 846 4707 ﬁeri
895 4656 1072 4716 potest
1100 4654 1157 4701 ut
1184 4661 1305 4701 cum
1336 4643 1515 4699 debito
1552 4642 1688 4698 Adtn
1712 4642 1765 4696 in
1795 4642 2009 4699 Christo

432 4737 713 4797 ahsolutus
739 4738 1021 4805 resurgat?
1042 4737 1324 4804 Quomodo
1348 4734 1463 4792 lieri
1494 4742 1671 4804 potest
1697 4745 1755 4789 ut
1776 4735 1844 4791 de
1869 4736 2008 4792 sacri

435 4827 594 4883 loatis
625 4825 823 4895 irriguo
852 4841 973 4895 cum
1018 4826 1271 4896 adoptivo
1302 4827 1392 4881 Dei
1432 4825 1607 4879 adhuc
1642 4833 1869 4880 mortem
1900 4826 2007 4881 vita

436 4918 714 4989 parturiat,
749 4933 870 4972 cum
897 4917 1039 4971 dicat
1061 4918 1346 4986 Apostolus
1378 4918 1783 4988 :Quicunquein
1805 4916 2009 4973 Christo

433 5014 678 5083 baptizati
718 5012 838 5068 estis
862 5053 877 5077 ,
926 5011 1185 5067 Christum
1226 5013 1465 5066 induistis
1509 5011 1651 5082 (Cal.
1691 5011 1810 5082 tu)?
1849 5025 2010 5081 quem

435 5104 614 5172 utique
636 5103 816 5173 nullus
843 5100 1069 5156 induere
1101 5108 1312 5170 potest,
1341 5102 1441 5155 nisi
1481 5101 1789 5156 indumenta
1822 5102 2008 5170 primm

435 5195 725 5249 nativitatis
770 5194 998 5248 exuerit.
1026 5193 1122 5247 Cui
1149 5204 1327 5249 autem
1363 5193 1429 5248 ad
1458 5194 1779 5263 baptismum
1820 5201 2010 5261 sponte

436 5285 690 5351 venienti,
721 5285 1043 5351 baptismum
1075 5300 1178 5339 non
1217 5284 1487 5353 profuisse
1518 5284 1717 5351 poteris
1760 5283 2006 5352 edocere,

434 5394 557 5435 cum
578 5378 738 5434 etiam
767 5377 1041 5442 heretico,
1072 5376 1123 5429 in
1152 5377 1429 5431 Trinitatis
1451 5378 1668 5431 nomine
1691 5384 2004 5445 regenerato

437 5482 638 5527 tantum
688 5487 784 5541 per
823 5486 881 5526 se
930 5471 1097 5524 virtus
1138 5470 1250 5539 ipsa
1282 5471 1521 5540 mysterii
1552 5472 1822 5534 conterat,
1852 5476 1911 5523 ut
1959 5468 2006 5523 si

439 5564 778 5631 postmodum
830 5562 893 5616 ad
925 5562 1123 5617 Christi
1170 5560 1327 5615 iidem
1368 5570 1640 5628 transeat,
1676 5560 2009 5630 baptismatis

435 5651 719 5708 iteratione
749 5670 853 5709 non
887 5653 1079 5725 egeat?
1101 5650 1205 5709 Sed
1232 5653 1298 5704 ita
1321 5661 1577 5720 operante
1601 5651 1771 5721 gratia
1795 5649 2005 5703 ablutus

437 5742 729 5812 iudicetur,
752 5756 807 5800 ut
843 5756 1044 5802 tantum
1078 5743 1445 5802 benedictione
1474 5744 1778 5799 chrismatis
1819 5741 2010 5796 indua-

2114 3290 2228 3326 rum
2250 3274 2471 3327 inserere
2497 3274 2635 3327 illos.
2686 3274 3170 3345 Magnmimitalem
3203 3277 3380 3344 itaque
3411 3275 3494 3329 hic
3524 3287 3580 3331 et
3601 3276 3712 3330 hu-

2116 3365 2394 3418 militatem
2443 3365 2621 3420 cordis
2660 3367 2968 3437 alloquitur.
3019 3369 3411 3431 Humilitatem,
3445 3379 3500 3422 nt
3532 3381 3585 3423 et
3609 3374 3707 3440 qui

2118 3456 2352 3511 incertus
2378 3465 2461 3511 est
2484 3456 2652 3525 frangi
2678 3459 2891 3523 timeat;
2926 3461 3435 3527 magnanfmitatem,
3461 3471 3515 3515 ut
3548 3478 3708 3529 spem

2117 3551 2582 3615 remunerationis,
2615 3560 2669 3604 et
2699 3552 2784 3620 qui
2815 3552 3012 3605 fractus
3039 3561 3143 3617 est,
3178 3568 3284 3607 non
3308 3554 3563 3623 deponat.
3600 3557 3701 3611 Sic

2115 3655 2269 3694 ovem
2292 3642 2555 3710 perditam
2576 3654 2754 3711 pastor
2776 3644 2995 3697 sedulus
3019 3645 3310 3714 inquisivit,
3347 3656 3401 3701 et
3430 3648 3710 3704 inventam

2116 3732 2371 3799 salijeetis
2401 3732 2465 3786 ad
2500 3734 2640 3787 ovile
2685 3733 2922 3787 humeris
2955 3738 3262 3803 reportavit.
3298 3737 3583 3803 Quomodo
3606 3757 3702 3789 sc-

2115 3834 2363 3892 quentem
2397 3824 2748 3894 relinqueret,
2795 3825 2885 3894 qui
2926 3828 3167 3896 sequitur
3195 3830 3358 3885 etiam
3388 3829 3707 3901 relinquen-

2175 3932 2220 3952 vn
2257 3915 2277 3952 7

2116 3922 2221 3968 tetu
2257 3922 2277 3968 '.'

2708 3987 2931 4044 CAPUT
2973 3989 3109 4046 XVI.

2112 4097 2305 4154 Contra
2354 4101 2451 4155 hoc
2493 4103 2629 4171 quod
2677 4102 2872 4167 dicunt,
2914 4104 3171 4158 Christum
3198 4120 3299 4158 non
3335 4122 3430 4175 pro
3469 4106 3710 4161 outnibus

2785 4182 3061 4229 mortuum.

2190 4279 2468 4335 Dominum
2492 4292 2732 4337 nostrum
2754 4283 2934 4339 Jesum
2951 4284 3225 4340 Christum
3238 4286 3389 4341 aiunt
3410 4286 3705 4342 humanam

2115 4384 2332 4425 carnem
2364 4387 2469 4425 non
2503 4388 2598 4441 pro
2629 4374 2866 4428 omnium
2897 4376 3072 4431 salute
3097 4376 3392 4444 sumpsisse
3414 4418 3429 4442 ,
3473 4392 3572 4432 nec
3600 4392 3705 4446 pro

2117 4462 2364 4518 omnibus
2390 4475 2656 4519 mortuum
2678 4480 2818 4519 esse.
2844 4465 2955 4521 iloc
2971 4467 3296 4522 omnimodis
3322 4469 3585 4524 catholica
3610 4469 3705 4523 de-

2119 4561 2343 4607 testatur
2366 4554 2624 4609 Ecclesia.
2654 4554 2785 4610 Nam
2817 4556 2861 4610 si
2893 4557 2964 4610 ita
2991 4566 3159 4622 esset,
3180 4558 3446 4628 quomodo
3468 4560 3705 4628 Aposto-

2100 4643 2200 4708 glus
2230 4644 2433 4698 diceret
2462 4662 2474 4698 :
2507 4645 2652 4700 Sicut
2682 4646 2737 4699 in
2786 4646 2950 4699 Adam
2993 4664 3167 4703 omnes
3192 4650 3479 4703 moriuntur
3498 4691 3513 4713 ,
3538 4650 3611 4703 ita
3642 4652 3702 4706 iss

2114 4733 2315 4790 Christo
2337 4752 2507 4791 omnes
2527 4738 2918 4806 viviﬁcabuntur
2957 4738 3015 4809 (I
3048 4740 3167 4795 Cor.
3198 4739 3323 4811 xv)?
3341 4741 3438 4796 Hic
3455 4741 3559 4797 dici
3588 4758 3702 4799 non

2114 4835 2291 4895 petest
2335 4843 2431 4897 pro
2462 4836 2612 4897 parte
2642 4838 2835 4883 totum.
2876 4828 3007 4885 Nam
3038 4832 3180 4886 sicut
3203 4846 3327 4900 pars
3356 4832 3527 4901 prima
3561 4846 3694 4887 sen-

2118 4918 2293 4972 tentiae
2315 4958 2331 4984 ,
2372 4934 2543 4973 omnes
2571 4920 2626 4973 iu
2657 4919 2821 4973 Adam
2849 4922 3174 4989 moriuntur,
3204 4923 3480 4978 evidenter
3508 4931 3704 4978 osten-

2115 5007 2196 5061 dit
2242 5008 2361 5064 sine
2398 5009 2560 5064 dubio
2591 5011 2693 5065 hoc
2713 5011 2855 5081 quod
2884 5012 3161 5081 sequitur,
3202 5015 3255 5067 in
3288 5011 3493 5068 Christo
3522 5030 3704 5069 omnes

2116 5099 2521 5166 viviﬁcabuntur,
2555 5100 2901 5157 nihilominus
2939 5102 3006 5157 ad
3035 5117 3225 5158 omnes
3255 5104 3306 5157 in
3332 5103 3549 5158 Christo
3562 5104 3700 5158 vivi-

2118 5190 2377 5255 ﬁcandos,
2426 5207 2529 5245 non
2579 5208 2645 5247 ex
2685 5204 2857 5261 parte,
2910 5193 3005 5248 sed
3052 5194 3369 5263 generaliter
3422 5195 3701 5263 pertinere

2119 5282 2404 5349 Apostolus
2438 5283 2711 5339 indicavit.
2742 5284 2905 5339 Iidem
2948 5284 3110 5339 etiam
3134 5286 3279 5354 impii
3319 5299 3415 5354 per
3442 5288 3701 5340 virtutem

2119 5375 2528 5428 resurrectionis
2573 5374 2771 5429 Christi
2816 5375 3170 5430 resuscitandi
3217 5389 3338 5431 esse
3382 5373 3701 5439 creduntur,

2115 5464 2242 5520 licet
2279 5465 2439 5519 etiam
2491 5479 2595 5518 non
2619 5464 2893 5533 judicandi
2919 5505 2933 5530 ,
2964 5465 3056 5520 sed
3091 5464 3344 5534 puniendi
3391 5474 3702 5533 resurgant.

2114 5556 2249 5609 Cum
2272 5566 2449 5610 autem
2478 5554 2767 5625 Apostolus
2789 5554 2933 5611 dicat
2955 5572 2969 5611 :
2996 5555 3099 5620 Qui
3127 5565 3199 5611 est
3226 5556 3447 5609 salvator
3467 5555 3705 5608 omnium

2114 5647 2400 5715 hominum,
2432 5649 2652 5702 maxime
2688 5649 2916 5717 ﬁdelium
2948 5647 3005 5717 (1
3034 5647 3171 5704 Tim.
3222 5648 3295 5714 tv)
3327 5646 3507 5718 :qnod
3535 5646 3700 5710 dixit,

2117 5740 2341 5795 omnium
2378 5738 2677 5806 hominum,
2717 5739 2785 5796 ad
2822 5739 3156 5809 propositum
3205 5737 3399 5794 divina
3438 5735 3704 5793 bonitatis
