4002 6188
292 324 412 380 803

1420 311 1498 370 DE
1537 309 1792 369 GRATlA
1836 308 1985 377 DEI,
2028 307 2203 375 Εἶτα,
2245 309 2371 364 LIB.
2419 310 2456 366 l.

3472 316 3574 373 8th

293 433 538 505 aspexit.
570 430 722 497 Quod
776 438 955 483 autem
995 426 1170 491 dixit,
1199 427 1421 479 innxime
1451 426 1685 494 ﬁdelium
1709 467 1727 491 ,
1768 425 1891 479 illos
1920 429 1970 485 Α
2002 422 2244 476 meminit
2271 422 2560 476 corruisse.
2576 421 2705 488 Quae
2730 437 2850 478 cum
2882 424 2951 479 ita
2977 425 3103 489 sint,
3132 424 3219 481 die
3252 426 3385 482 mihi
3416 446 3578 498 quem

296 526 409 580 hoc
440 528 554 578 loco
582 521 943 591 pronuntiavit
963 528 1121 588 atque
1143 517 1443 581 distrinxit,
1470 521 1559 586 qui
1586 534 1680 587 per
1704 518 1892 584 ﬁdem,

295 632 406 683 per
443 612 831 677 obedientiam,
861 625 956 680 per
991 609 1257 665 subditam
1289 609 1615 663 voluntatem
1656 607 1889 663 Redemc

297 708 480 776 ptoris
507 720 731 761 munera
762 710 1135 772 susceperunt.
1169 700 1274 756 Pro
1304 700 1561 755 universis
1590 709 1766 756 autem
1798 714 1891 755 ve-

295 802 454 854 nisse
487 797 758 852 Christum
808 795 949 850 idem
982 793 1269 860 Apostolus
1315 793 1555 847 declarat
1598 808 1613 847 :
1655 791 1888 853 Caritas.

297 890 503 958 inquit,
556 887 745 941 Christi
777 897 921 957 urget
956 901 1046 937 nos
1074 884 1366 952 judicontes
1411 883 1539 945 hoc.
1577 886 1819 953 quoniam
1850 885 1895 937 si

299 998 446 1034 unus
466 995 558 1049 pro
580 979 813 1030 omnibus
837 993 1067 1028 manuus
1087 986 1182 1040 est,
1208 992 1327 1044 ergo
1340 992 1510 1029 omnes
1537 978 1721 1029 mortui
1738 986 1857 1029 sunt
1874 992 1893 1027 :

299 1087 358 1127 et
397 1089 490 1143 pro
520 1072 751 1125 omnibus
781 1080 1011 1124 mortuus
1046 1082 1115 1122 est
1145 1069 1399 1131 Christus,
1433 1079 1487 1122 ut
1526 1078 1571 1121 et
1601 1069 1687 1135 qui
1725 1069 1895 1121 vivunt

303 1167 417 1229 iam
449 1182 547 1219 non
582 1164 678 1218 sibi
702 1165 889 1226 vivant,
916 1163 1003 1215 sed
1029 1163 1077 1213 ei
1106 1161 1193 1230 qui
1225 1177 1316 1230 pro
1337 1162 1462 1231 ipsis
1485 1170 1713 1214 mortuus
1748 1172 1817 1213 est
1846 1170 1893 1213 et

306 1255 587 1309 resurrexit
616 1252 704 1324 (II
733 1252 854 1307 Cor.
889 1252 965 1319 γ).
997 1251 1132 1318 Quia
1163 1266 1293 1321 ergo
1319 1254 1645 1306 resurrectio
1672 1266 1895 1320 genera-

307 1346 382 1398 lis
427 1345 492 1399 ad
536 1346 786 1400 virtutem
828 1346 1057 1412 pertinet
1083 1342 1567 1411 redemptionis,si
1600 1343 1895 1411 redemptio

306 1450 421 1490 non
468 1436 532 1489 ad
576 1448 765 1491 omnes
805 1432 1076 1501 pertinet,
1110 1447 1208 1487 nec
1245 1432 1311 1487 ad
1354 1447 1541 1487 omnes
1573 1433 1896 1488 resurrectio

311 1525 621 1593 pertinebit.
657 1525 719 1579 Et
737 1523 858 1578 ideo
888 1523 1010 1591 quia
1036 1523 1172 1579 sicut
1192 1539 1363 1577 omnes
1394 1538 1737 1595 resurgemus,
1771 1526 1893 1581 licet

316 1631 424 1668 non
447 1632 618 1669 omnes
641 1615 1051 1679 immutabimur,
1078 1614 1145 1667 ita
1176 1612 1457 1667 Dominum
1484 1613 1894 1683 Redemptnretn

319 1720 446 1759 cum
494 1706 757 1775 generalis
783 1704 1164 1759 misericordiae
1195 1703 1457 1759 beneﬁcio
1486 1706 1697 1761 venisse
1729 1717 1894 1761 testa-

1993 528 2024 566 a
2046 516 2212 583 gratia
2240 511 2631 581 redemptionis
2646 514 2942 582 exceperit,
2965 516 3055 586 qui
3087 517 3446 573 damnationis
3472 534 3575 574 an-

1997 605 2158 675 liqua}
2192 606 2609 676 chirographum
2635 607 2889 677 generale
2918 608 3137 664 delevit.

2574 717 2803 773 CAPUT
2842 718 3002 773 XVII.

1999 805 2190 860 Contra
2227 807 2322 859 hoc
2350 809 2485 886 quod
2529 810 2871 886 evangelicum
2913 812 3213 865 sen'cntiam
3262 816 3499 886 imperito
3532 827 3581 873 et

2350 878 2582 949 improbo
2617 878 2769 933 sensu
2798 883 3222 949 interpretantur.

2072 968 2269 1039 Nemo,
2318 970 2490 1040 inquit
2513 1014 2529 1037 ,
2560 974 2693 1025 venit
2732 974 2800 1025 ad
2831 990 2936 1037 me,
2980 974 3082 1028 nisi
3111 971 3301 1041 Pater,
3332 977 3419 1046 qui
3445 979 3581 1033 misit

1998 1075 2098 1123 me,
2124 1062 2398 1114 attraxerit
2420 1078 2532 1115 eum
2555 1062 2735 1131 (Joan.
2766 1064 2862 1130 vt).
2893 1064 3022 1129 Quis
3054 1073 3163 1119 tam
3190 1067 3474 1123 immemor
3496 1083 3584 1122 sa-

2000 1153 2125 1209 lutis
2169 1170 2281 1208 sum
2310 1157 2409 1220 sit,
2441 1156 2529 1225 qui
2557 1157 2878 1212 attrahentis
2918 1160 3343 1217 misericordiam
3384 1178 3582 1233 negare

1999 1253 2307 1313 praesumat.
2336 1246 2441 1301 Sed
2474 1248 2562 1302 ille
2583 1262 2711 1304 vere
2734 1249 2928 1319 impius
2954 1253 3145 1322 estqui
3176 1266 3297 1308 eam
3329 1270 3435 1309 non
3464 1271 3581 1310 om-

2002 1336 2158 1391 nibus
2207 1335 2396 1406 ingeri,
2445 1353 2551 1393 non
2600 1340 2847 1395 omnibus
2879 1348 3103 1395 testatur
3156 1342 3413 1413 impendi.
3470 1346 3582 1402 lloc

2000 1425 2119 1481 loco
2165 1429 2380 1484 attracti
2429 1429 2655 1486 salutem
2699 1431 3019 1486 attrahentis
3050 1443 3199 1501 putat
3222 1449 3345 1492 esse
3371 1437 3580 1493 violen-

2002 1516 2155 1573 tiam.
2185 1522 2421 1587 Apparet
2454 1518 2602 1574 illum
2635 1535 2742 1574 non
2770 1535 2929 1575 nosse
2958 1522 3059 1576 nisi
3088 1534 3308 1581 catenas
3338 1526 3581 1582 obnoxia:

2003 1610 2313 1676 servitutis,
2352 1611 2442 1681 qui
2480 1612 2690 1667 devotae
2738 1614 2911 1668 nescit
2936 1613 3148 1670 vincula
3195 1617 3454 1674 caritatis.
3486 1621 3583 1675 llic

2001 1710 2185 1756 autem
2236 1716 2415 1757 sermo
2452 1702 2667 1759 divinus
2708 1705 3013 1773 specialiter
3042 1706 3284 1777 increpat
3309 1709 3581 1767 hominem

312 1813 461 1862 mur,
487 1806 543 1854 et
571 1797 613 1851 si
644 1796 771 1850 illud
815 1796 1098 1854 inﬁdelitas
1117 1835 1133 1860 ,
1166 1797 1285 1864 quia
1314 1796 1507 1859 noluit,
1539 1814 1643 1851 non
1672 1801 1891 1867 recepit.
1928 1804 1975 1863 Β
2003 1792 2071 1847 de
2099 1794 2330 1861 propriis
2350 1794 2451 1849 sibi
2484 1795 2685 1851 viribus
2712 1808 3051 1867 arrogantem
3071 1840 3085 1864 ,
3116 1809 3170 1855 et
3194 1801 3262 1857 de
3282 1802 3465 1859 labore
3484 1820 3585 1861 suo

313 1887 451 1943 Nam
482 1888 643 1942 Deum
675 1887 913 1956 quolibet
940 1896 1185 1955 tempore
1214 1888 1302 1957 qui
1343 1890 1630 1955 quaesivit,
1657 1890 1894 1956 invenit,

317 1990 377 2033 et
404 1981 490 2048 qui
520 1978 786 2033 invenisse
805 1993 909 2032 non
936 1978 1079 2032 visus
1100 1987 1311 2033 estnon
1339 1981 1602 2048 quaesivit.
1633 1981 1784 2047 Quod
1812 1981 1893 2047 si,

314 2069 766 2139 quemadmodum
800 2070 1020 2138 abrupta
1052 2069 1388 2138 blaSphemat
1418 2070 1694 2139 impietas,
1714 2072 1809 2127 alii
1830 2073 1896 2125 ad

314 2174 544 2217 mortem
585 2161 926 2231 praeordinati
957 2202 970 2224 ,
1014 2161 1104 2215 alii
1146 2162 1507 2229 praedestinati
1541 2164 1789 2219 videntur
1830 2166 1897 2219 ad

316 2256 504 2317 vitam,
528 2254 724 2307 nullam
753 2252 996 2308 Christus
1016 2251 1262 2307 veniendi
1285 2267 1523 2319 causam,
1556 2255 1754 2308 nullam
1787 2271 1899 2309 mo-

316 2346 493 2401 riendi
519 2361 674 2416 quam
705 2345 875 2414 pietas
898 2344 1017 2413 ejus
1039 2344 1261 2410 invenit,
1291 2344 1476 2400 habuit
1498 2348 1895 2403 necessitatem.

315 2447 525 2501 iVovum
555 2461 682 2515 ergo
706 2443 1001 2502 remedium
1035 2442 1163 2498 nihil
1200 2456 1361 2512 agere
1383 2443 1553 2513 putuit
1580 2443 1625 2498 si
1653 2454 1779 2499 ante
1801 2460 1902 2499 sre-

317 2553 386 2591 cu
413 2553 442 2590 a
465 2552 551 2591 res
583 2541 841 2590 humanas
869 2534 1110 2591 deﬁnitio
1136 2544 1343 2589 vetusta
1374 2534 1624 2603 praeﬁxit.
1650 2534 1753 2591 Sed
1775 2535 1898 2603 quia

320 2628 501 2684 fatalis
530 2629 805 2698 persuasio
828 2668 844 2694 ,
894 2642 1014 2696 quas
1039 2628 1142 2681 vim
1173 2626 1525 2696 prmscientia:
1553 2630 1798 2697 cogentis
1820 2629 1903 2683 in-

320 2720 492 2786 ducit,
522 2720 841 2777 omnimodis
855 2720 1150 2787 resliueuda
1178 2728 1278 2783 est,
1310 2718 1433 2774 ideo
1450 2720 1618 2789 magis
1646 2729 1699 2775 et
1730 2720 1899 2789 legem

319 2812 511 2876 dedit,
563 2821 616 2868 et
665 2811 950 2880 prophetas
998 2809 1189 2865 mediis
1246 2810 1577 2879 temporibus
1626 2811 1898 2881 excitavit,

318 2906 447 2975 quia
473 2905 752 2961 arbitrium
794 2904 1085 2958 voluntatis
1105 2902 1349 2957 humanm
1371 2911 1703 2958 attenuatum
1738 2918 1901 2961 nove-

320 3006 432 3061 rat,
455 3011 558 3049 non
578 2995 835 3049 ablatum.
861 2993 1012 3061 Quod
1033 2993 1078 3048 si
1101 3008 1167 3049 ex
1197 3002 1310 3047 toto
1335 2992 1485 3063 vigor
1505 2994 1625 3061 ejus
1650 2996 1899 3063 perisset,

318 3088 593 3156 quomodo
610 3089 878 3158 legeretur
898 3105 911 3140 :
933 3087 995 3141 Et
1010 3088 1061 3141 in
1074 3087 1182 3160 tege
1201 3087 1409 3141 Domini
1424 3088 1523 3157 fuit
1546 3088 1776 3142 voluntas
1791 3090 1901 3158 ejus

2004 1885 2164 1952 impie
2203 1896 2637 1953 praesumentem.
2700 1889 2833 1942 Cum
2882 1891 3020 1945 inter
3064 1890 3176 1946 inec
3228 1909 3365 1951 unus
3413 1906 3583 1952 totum

2000 1977 2169 2031 labori
2203 2018 2216 2039 ,
2244 1979 2378 2032 alter
2409 1989 2576 2034 totum
2608 1980 2793 2049 gratia:
2818 1981 3021 2050 judicet
3048 1982 3408 2054 deputandum
3434 2028 3449 2052 ,
3480 1991 3581 2043 im-

2002 2068 2179 2137 pletur
2201 2069 2251 2122 in
2282 2081 2509 2139 utroque
2539 2070 2724 2127 Graeca
2756 2074 3017 2127 sententia
3054 2092 3068 2128 :
3114 2076 3430 2135 Nimietates
3455 2122 3469 2143 ,
3498 2082 3584 2136 in-

2000 2163 2115 2230 quit
2132 2202 2148 2226 ,
2170 2170 2223 2214 et
2245 2161 2639 2231 inaequalitates
2662 2176 2787 2219 sunt
2809 2162 3000 2219 similis
3027 2166 3370 2236 improbitas;
3407 2184 3459 2226 et
3486 2190 3583 2242 par

2001 2266 2122 2308 esse
2158 2256 2415 2324 probatur
2460 2256 2706 2325 impietas
2726 2296 2742 2321 ,
2767 2256 2813 2311 si
2849 2268 3014 2312 totum
3039 2259 3137 2314 soli
3170 2263 3356 2330 gratim
3379 2305 3395 2329 ,
3430 2266 3511 2319 vel
3539 2269 3583 2319 si

2003 2353 2172 2401 letum
2202 2346 2299 2401 soli
2344 2348 2643 2403 ascribatnr
2682 2348 2872 2403 labori.
2906 2351 3041 2415 Quid
3090 2366 3187 2407 nos
3209 2363 3420 2422 oportet
3448 2357 3587 2412 intrr

2003 2437 2101 2491 ista
2125 2440 2347 2503 sentire,
2382 2439 2476 2496 nisi
2511 2449 2567 2494 ut
2603 2454 2817 2508 semper
2838 2442 3023 2511 gratia:
3062 2443 3407 2512 subjiciamus
3437 2447 3586 2501 labo-

2001 2545 2113 2585 rem
2145 2540 2197 2585 et
2242 2546 2454 2600 semper
2491 2532 2715 2601 gratiam
2760 2546 2882 2588 cum
2933 2533 3113 2589 labore
3142 2535 3449 2592 sociemus?
3472 2538 3580 2594 Sed

1999 2632 2126 2675 ante
2142 2622 2319 2676 onmia
2340 2624 2697 2692 arrogantiam
2723 2624 2923 2679 laboris
2945 2629 3037 2679 reb
3060 2627 3288 2695 giamus,
3315 2644 3412 2685 nec
3432 2632 3587 2689 nobis

1999 2713 2287 2783 quidquam
2310 2714 2377 2770 de
2406 2715 2524 2784 ejus
2552 2715 2758 2771 meritis
2780 2717 3134 2784 vindiccmus,
3161 2735 3227 2774 ne
3257 2719 3587 2781 Pharisaeum

2003 2805 2195 2861 imitari
2237 2807 2512 2862 mortifera
2537 2808 2810 2877 iactantize
2848 2811 3262 2879 praesumptione
3287 2814 3582 2871 videamur.

2003 2898 2136 2956 Nam
2184 2915 2303 2955 cum
2363 2902 2449 2956 ille
2496 2915 2659 2957 orans
2705 2902 3064 2958 indubitanter
3105 2919 3291 2960 verum
3344 2906 3582 2962 diceret:

2003 2987 2194 3062 Jejuno
2218 2990 2291 3043 bis
2310 2990 2364 3043 in
2388 2990 2628 3058 sabbato,
2669 2992 2896 3046 decimas
2925 2993 2992 3046 do
3030 2994 3258 3048 omnium
3278 3012 3587 3068 quiscunque

2006 3081 2240 3150 possideo
2269 3080 2417 3152 (Luc.
2449 3081 2623 3151 svnt),
2654 3083 2929 3137 evacnavit
2959 3083 3071 3138 veri
3097 3082 3276 3149 iidem,
3301 3086 3424 3156 quia
3444 3086 3590 3143 veri.

322 3177 526 3249 (Ps.t).
544 3179 606 3234 Et
632 3180 857 3234 iterum:
883 3177 1188 3232 Voluntaria
1208 3177 1634 3246 sacriﬁcabotibi,
1660 3176 1896 3235 Domine.
1928 3165 1970 3227 C
2005 3174 2099 3228 tali
2128 3174 2340 3228 miscuit
2361 3174 2673 3228 vanitatem.
2701 3174 2816 3228 Non
2839 3189 2967 3243 ergo
2995 3179 3257 3244 operaliO,
3287 3176 3384 3233 sed
3410 3192 3588 3234 cordis

324 3271 392 3324 Et
422 3270 485 3323 ad
512 3269 875 3324 Philemonem
908 3286 921 3322 :
953 3268 1021 3323 Ut
1052 3286 1150 3324 non
1174 3284 1238 3323 ea:
1263 3269 1583 3338 necessitate,
1610 3270 1700 3321 sed
1727 3270 1905 3325 volun-

322 3362 515 3419 tarium
540 3371 668 3415 esset
699 3361 883 3415 bonum
913 3369 1073 3414 tuum.
1102 3360 1296 3416 Etcum
1318 3359 1454 3417 dicat
1498 3362 1549 3414 in
1582 3360 1899 3429 Evangelio:

325 3452 458 3505 Caro
477 3467 586 3505 mea
608 3460 854 3519 estquam
875 3466 965 3520 ego
991 3449 1123 3503 dabo
1143 3465 1233 3518 pro
1259 3448 1437 3502 mundi
1464 3449 1566 3501 vita
1593 3446 1773 3519 (Joan.
1802 3451 1901 3517 vi),

326 3542 572 3597 dubitare
604 3543 818 3611 peniuts
848 3556 953 3595 non
993 3540 1252 3595 debemus
1291 3541 1431 3611 quod
1480 3551 1590 3594 toto
1621 3541 1816 3595 mundo
1844 3555 1905 3599 se

324 3630 685 3701 impenderit,
717 3634 805 3702 qui
851 3632 970 3701 plus
995 3633 1144 3686 dedit
1182 3647 1340 3697 quam
1376 3641 1519 3687 totus
1548 3634 1779 3687 mundus
1810 3649 1904 3688 vae

329 3723 490 3778 lebat.
518 3723 668 3779 Sicut
704 3732 759 3778 et
801 3724 987 3779 beatus
1009 3725 1239 3780 Joannes
1276 3726 1608 3795 Evangelista
1634 3736 1860 3780 testatur
1885 3743 1903 3779 :

328 3811 449 3884 Ipse
496 3825 568 3868 est
614 3815 747 3869 enim
787 3818 1081 3888 prapt‘tiatio
1133 3834 1222 3883 pro
1279 3819 1497 3885 peccatis
1552 3818 1760 3883 nostris,
1803 3834 1906 3871 non

329 3921 422 3958 oro
450 3906 637 3959 nostris
683 3916 851 3959 autem
893 3917 1112 3972 tantum,
1159 3909 1249 3961 sed
1291 3917 1337 3961 et
1378 3924 1472 3978 pro
1525 3909 1679 3961 totius
1727 3909 1907 3962 mundi

332 3994 388 4066 (1
418 3995 575 4050 Joan.
607 3999 682 4063 v).
710 3997 817 4050 Sed
844 3998 975 4053 dicis
1006 4014 1019 4051 :
1048 3996 1327 4066 Quomodo
1350 4008 1516 4054 totum
1536 3999 1790 4053 mundum
1824 4014 1908 4054 re-

328 4084 528 4141 demit?
551 4084 690 4141 Ecce
702 4084 943 4142 videmus
963 4090 1205 4144 homines
1221 4089 1271 4144 in
1288 4089 1520 4158 peccatis
1547 4089 1657 4143 suis
1685 4090 1903 4147 vivere:

328 4178 598 4247 quomodo
629 4180 933 4248 putabimus
962 4182 1267 4251 redemptos
1291 4221 1306 4248 ,
1348 4197 1479 4251 quos
1508 4181 1750 4238 videmus
1782 4198 1905 4251 per-

328 4288 549 4330 manere
570 4273 843 4341 captivos?
866 4273 975 4329 Hoc
1003 4274 1120 4327 loco
1160 4274 1492 4331 intellectum
1535 4275 1601 4330 de
1637 4279 1908 4345 praposita

329 4366 679 4422 similitudine
707 4367 1043 4435 colligamus.
1068 4365 1229 4419 Verbi
1256 4367 1424 4435 gratia
1459 4382 1473 4417 :
1504 4367 1549 4421 si
1584 4367 1785 4438 legatus
1812 4367 1910 4423 ali—

329 4457 449 4524 quis
479 4455 562 4510 vel
597 4456 851 4510 saccrdos
890 4455 1280 4511 intercessurus
1324 4471 1418 4523 pro
1460 4456 1675 4511 civitate
1699 4458 1905 4527 captiva

2005 3266 2167 3320 elatio
2192 3266 2512 3320 declinanda
2543 3274 2645 3326 est.
2676 3264 3071 3335 Nemo,inquit,
3102 3268 3237 3323 venit
3264 3269 3332 3322 ad
3362 3286 3461 3335 me,
3487 3271 3589 3325 nisi

2007 3354 2167 3411 Pater
2204 3358 2467 3411 attraxerit
2497 3373 2634 3411 eum.
2684 3357 2929 3426 Nunquid
2972 3359 3115 3413 velut
3156 3358 3486 3416 insensibilis
3534 3374 3589 3418 et

2007 3447 2188 3517 inepta
2231 3448 2485 3503 materies
2523 3447 2591 3502 de
2619 3448 2738 3501 loco
2769 3448 2835 3501 ad
2871 3450 3046 3505 locum
3080 3452 3379 3507 movendus
3408 3464 3492 3508 est
3534 3463 3589 3510 ct

2008 3539 2334 3595 trahendus?
2359 3538 2467 3594 Sed
2495 3539 2766 3594 assistenti
2787 3548 2841 3593 et
2866 3540 3076 3595 vocanti
3105 3541 3332 3597 Domino
3358 3544 3588 3601 iamnlus

2009 3644 2225 3685 manum
2287 3629 2432 3695 ﬁdei,
2482 3643 2584 3699 qua
2629 3628 2928 3684 attrahatur
2972 3631 3245 3698 extendit,
3290 3642 3345 3689 et
3392 3634 3522 3690 dicit
3568 3654 3585 3693 :

2007 3718 2193 3789 Credo,
2244 3719 2501 3784 Domine;
2530 3719 2720 3792 adjuva
2745 3720 3159 3776 incredulitatem
3204 3740 3368 3779 meum
3392 3724 3586 3796 (Marc.

2010 3817 2106 3879 is).
2141 3812 2208 3865 Et
2235 3812 2305 3865 ita
2328 3826 2387 3865 se
2408 3811 2513 3866 duo
2537 3810 2637 3865 ista
2667 3812 3016 3881 conjungunt,
3041 3814 3365 3871 attralteutis
3392 3818 3585 3885 virtus,

2009 3916 2065 3961 et
2105 3904 2404 3959 obedientis
2459 3904 2682 3959 aiiectus
2714 3920 2729 3959 :
2762 3919 2869 3973 quo
2908 3905 3067 3961 modo
3117 3907 3161 3961 si
3211 3922 3356 3977 aeger
3398 3911 3591 3981 aliquis

2009 4010 2290 4065 assurgere
2311 4003 2554 4059 coiretur,
2578 4005 2628 4049 et
2660 3994 2884 4050 facultas
2909 3998 3146 4054 animum
3180 4014 3287 4055 non
3310 4011 3588 4071 sequatur,

2008 4100 2061 4143 et
2095 4096 2375 4158 propterea
2404 4087 2505 4142 sibi
2535 4086 2732 4157 porrigi
2775 4088 3052 4143 dexteram
3090 4089 3429 4158 deprecetur.
3471 4091 3591 4147 Cla-

2010 4188 2122 4234 mat
2150 4179 2397 4234 voluntas
2417 4220 2431 4245 ,
2460 4181 2581 4249 quia
2604 4179 2713 4233 sola
2748 4193 2842 4248 per
2871 4193 2930 4234 se
2951 4179 3149 4233 elevari
3180 4182 3351 4236 nescit
3367 4182 3589 4237 inﬁrmi-

2009 4278 2114 4326 tas.
2162 4271 2236 4325 lta
2281 4270 2537 4325 Dominus
2564 4270 2753 4325 invitat
2780 4270 3046 4326 volentem
3070 4312 3084 4337 ,
3116 4272 3338 4329 attrahit
3368 4274 3589 4330 deside.

2014 4364 2414 4433 rantem,erigit
2433 4361 2785 4419 adnitentem.
2815 4362 2951 4430 Quid
2982 4372 3066 4420 est
3093 4373 3269 4421 autem
3298 4367 3587 4434 attrahere,

2015 4454 2115 4510 nisi
2167 4455 2493 4524 pr:edicare,
2550 4454 2652 4509 nisi
2693 4453 3091 4525 Scripturarum
3140 4455 3592 4511 consolationibus

334 4548 535 4616 largius
570 4548 798 4619 pretium
848 4546 1081 4610 deserat,
1132 4555 1184 4601 et
1235 4546 1549 4602 universum
1589 4549 1909 4618 captivitatis
1939 4544 2291 4612 Dexcitare,
2344 4545 2800 4615 increpationibus
2855 4546 3165 4615 deterrere,
3235 4547 3590 4606 desideranda

332 4639 586 4709 populum
620 4638 687 4693 de
716 4654 876 4693 manu
904 4639 1019 4706 ejus
1049 4640 1269 4709 recipiat
1298 4640 1384 4707 qui
1425 4639 1548 4695 belli
1568 4640 1689 4709 jura
1715 4641 1912 4698 retine-

332 4730 443 4792 bat,
502 4738 559 4782 et
603 4729 780 4783 omnis
818 4728 1036 4782 omnino
1088 4730 1357 4784 relaxetur
1390 4731 1469 4785 lex
1509 4744 1572 4783 ac
1621 4732 1911 4787 necessitas

331 4820 631 4882 servitutis,
662 4828 717 4873 et
746 4820 885 4874 inter
914 4817 1028 4873 hac
1050 4820 1092 4872 si
1112 4818 1249 4874 forte
1277 4820 1384 4875 illic
1408 4819 1618 4891 aliquos
1649 4822 1715 4876 de
1744 4823 1911 4891 capti-

331 4909 414 4962 vis
453 4911 534 4964 vel
577 4909 865 4965 oblectatio
908 4911 1345 4977 consuetudinis,
1396 4912 1477 4966 vel
1524 4911 1659 4967 male
1688 4912 1911 4971 blandus

335 5001 518 5069 pra-do
558 5001 834 5070 sollicitet,
879 5002 1165 5071 gratuitum
1202 5001 1517 5058 beneﬁcium
1544 5006 1909 5076 unusquisque

334 5091 625 5145 voluntatis
670 5108 780 5146 suze
833 5106 1019 5147 servus
1065 5102 1292 5155 recuset.
1336 5096 1573 5165 nunquid
1621 5099 1912 5156 minoravit

329 5185 555 5254 gratiam
586 5186 742 5253 pretii
769 5194 1110 5255 contemptus
1150 5188 1379 5257 ingrati?
1406 5188 1650 5259 Nunquid
1680 5193 1909 5263 aliquam

330 5277 724 5332 benevolentiae
755 5277 1112 5348 redemptoris
1147 5279 1325 5333 intulit
1351 5280 1756 5338 diminutionem
1777 5326 1793 5349 ,
1821 5284 1910 5354 qui

331 5368 539 5436 respuit
566 5369 912 5425 libertatem?
942 5369 1058 5426 Non
1104 5373 1172 5425 ita
1201 5379 1303 5427 est.
1332 5372 1601 5440 Quinimn,
1646 5375 1785 5429 sicut
1830 5391 1911 5432 re-

331 5461 631 5530 demptoris
674 5473 856 5531 gratus
887 5473 1060 5530 potest
1087 5478 1241 5530 esse,
1271 5466 1359 5534 qui
1388 5464 1565 5530 rediit,
1592 5466 1662 5521 ita
1689 5466 1757 5522 de
1783 5481 1912 5522 con-

332 5562 538 5622 temptu
582 5569 706 5608 reus
736 5562 818 5609 est
856 5554 947 5625 qui
1002 5558 1280 5611 remansit.
1308 5557 1559 5612 Volentes
1588 5559 1728 5614 enim
1760 5560 1913 5614 rcde-

331 5648 435 5701 mit
477 5647 808 5701 voluntatum
861 5657 1253 5705 remuneratur.
1297 5649 1483 5706 Justus
1523 5652 1664 5705 enim
1714 5651 1915 5707 arbiter

335 5740 478 5794 Deus
526 5738 888 5792 voluntarium
917 5741 1062 5810 cupit
1089 5741 1291 5811 redire,
1342 5757 1501 5815 quem
1534 5758 1639 5799 non
1688 5743 1913 5800 invitum

576 5831 845 5892 Persen.
893 5831 1099 5893 LVIII.

2016 4652 2354 4709 preponere,
2401 4638 2666 4693 intentare
2714 4637 3034 4703 metuenda,
3086 4638 3333 4705 judicium
3378 4644 3594 4698 cummi.

2019 4730 2166 4793 nari.
2200 4729 2475 4799 prmmium
2515 4727 2799 4798 polliceri?
2828 4727 2967 4783 Audi
2997 4728 3279 4787 Dominum
3309 4746 3415 4788 non
3441 4732 3593 4790 duris

2021 4822 2265 4889 nexibus,
2318 4820 2413 4875 sed
2466 4819 2710 4875 manibus
2755 4820 3137 4889 attrahentem,
3187 4832 3244 4879 et
3290 4824 3594 4883 dilectionis

2019 4913 2251 4968 brachiis
2291 4911 2605 4966 invitantem
2632 4952 2648 4976 ,
2681 4910 2821 4967 sicut
2851 4911 2927 4966 ait
2948 4913 3202 4982 propheta
3233 4932 3246 4968 :
3275 4916 3480 4971 Attrasi
3507 4935 3595 4975 eos

2014 5005 2070 5059 in
2094 5004 2308 5059 vinculis
2328 5004 2558 5058 raritatis
2580 5003 2726 5074 (Ose.
2750 5002 2851 5073 ιι).
2881 5004 2946 5059 Ει
2969 5005 3098 5060 illud
3124 5022 3139 5060 :
3170 5006 3296 5061 Post
3314 5016 3361 5062 te
3381 5009 3433 5064 in
3465 5012 3598 5065 odoo

2015 5113 2122 5151 rem
2154 5106 2527 5166 unguentorum
2568 5106 2775 5149 tuorum
2801 5098 3053 5151 currimus
3083 5096 3256 5168 (Cant.
3283 5106 3345 5154 t\.
3389 5101 3456 5158 Et
3476 5104 3597 5158 idet

2016 5188 2184 5244 dicit:
2230 5185 2401 5241 Venite
2429 5187 2498 5239 ad
2537 5203 2649 5253 me,
2689 5202 2863 5242 omnes
2892 5188 2980 5257 qui
3019 5188 3262 5245 laboratis
3307 5200 3355 5246 et
3402 5197 3598 5249 onerati

2018 5280 2158 5343 estis,
2197 5289 2242 5333 et
2269 5293 2363 5348 ego
2402 5278 2630 5347 reﬁciam
2660 5293 2745 5332 vos
2778 5276 2992 5350 (Matth.
3024 5281 3101 5350 st)
3126 5326 3141 5351 ,
3180 5297 3249 5337 ne
3274 5283 3414 5337 ullus
3437 5299 3599 5337 ercu-

2018 5386 2139 5425 sare
2179 5384 2236 5424 se
2276 5372 2444 5439 possit
2495 5368 2764 5434 exclusus,
2811 5369 2900 5437 qui
2940 5372 3273 5427 convincitur
3319 5372 3593 5427 invitatus.

2018 5461 2167 5516 Licet
2192 5461 2332 5513 enim
2369 5475 2473 5514 non
2503 5474 2692 5516 omnes
2729 5459 3087 5516 obedientiam
3111 5461 3444 5519 sxhibituros
3474 5478 3597 5519 esse

2021 5564 2415 5626 praenosceret,
2439 5553 2690 5610 omnibus
2714 5562 2890 5609 tamen
2921 5563 2977 5609 et
3000 5555 3135 5609 velle
3156 5562 3212 5610 et
3239 5566 3401 5623 posse
3428 5553 3599 5608 duna-

2022 5654 2193 5700 vcrat.
2224 5644 2334 5699 lloc
2388 5645 2507 5701 loco
2548 5645 2778 5701 sollicite
2814 5646 3118 5715 requiratur
3163 5652 3345 5700 utrum
3372 5645 3600 5717 quisque

2020 5738 2218 5797 attrahi
2250 5740 2375 5794 velit
2420 5756 2486 5793 an
2518 5740 2669 5795 nolit.
2704 5739 2763 5794 Si
2807 5754 2909 5793 non
2942 5738 3073 5809 vult,
3119 5738 3392 5795 sssolitam
3436 5749 3599 5795 attra~

3211 5827 3287 5889 26
