4002 6188
467 295 560 352 8H

1702 284 1764 338 Β.
1813 279 2059 337 ΡΑὉΞΤΙ
2098 279 2509 336 RHEGIENSIS

3638 288 3737 340 81⁸2.

468 410 639 467 Itentis
674 405 1099 463 beneVulcntiam
1147 417 1251 456 nou
1304 409 1561 454 meretur.
1593 400 1646 453 Si
1680 408 1857 453 autem
1886 398 1998 452 vult
2027 437 2039 455 ,
2074 398 2123 453 Α
2154 394 2437 465 Dei(ftom.
2460 393 2804 466 tt).Advcrtis
2823 396 2960 465 quod
2980 396 3269 462 Apostolus
3290 397 3539 465 dicendo,
3562 417 3737 456 secun-

467 519 593 559 ecce
630 503 737 572 jam
777 515 895 554 cum
948 498 1042 551 des
1084 506 1135 550 et
1188 494 1419 547 hominis
1446 507 1742 547 consensus
1770 501 2044 553 oneratur.

472 595 656 658 Nemo,
688 591 885 661 inquit,
920 589 1048 641 venit
1078 588 1145 641 ad
1174 603 1249 637 me
1270 626 1283 649 ,
1303 586 1401 637 nisi
1436 582 1589 636 Pater
1618 582 1884 635 attraxerit
1913 596 2045 635 eum.

468 682 747 749 Quomodo
791 681 1147 734 attrahentem
1180 678 1362 741 vides,
1392 690 1487 729 cur
1532 675 1839 730 dissimulas
1867 675 2051 728 videre

470 774 808 830 venientem?
834 783 885 827 et
915 773 1034 826 ideo
1063 773 1197 824 sicut
1226 769 1412 837 gratia:
1438 778 1523 823 est
1554 768 1693 837 quod
1726 768 2017 821 attrahitur
2036 807 2051 831 ,

470 870 538 920 ita
571 865 883 920 obedientize
911 864 1164 932 probatur
1201 874 1322 914 esse
1350 860 1491 928 quod
1533 860 1794 928 sequitur.
1824 859 1949 913 lian
1974 866 2053 911 at-

471 958 733 1014 trahentis
776 957 867 1010 Dei
899 952 1265 1009 misericordia
1308 953 1352 1006 si
1385 951 1557 1020 dignis
1586 951 1743 1005 datur
1770 992 1784 1015 ,
1820 950 2053 1005 advertis

471 1055 592 1123 quia
614 1053 722 1120 jam
756 1061 810 1105 et
846 1049 1021 1103 studio
1050 1048 1294 1101 humanze
1336 1054 1607 1115 utcunque
1656 1046 1930 1100 servitutis
1955 1045 2055 1099 im-

473 1145 717 1213 penditur
743 1161 755 1205 ;
788 1142 831 1194 si
867 1156 991 1193 vero
1022 1139 1252 1209 indignis
1272 1178 1289 1204 ,
1319 1153 1655 1207 consequens
1678 1148 1761 1191 est
1793 1145 1851 1190 ut
1892 1137 2054 1191 etiam

474 1236 714 1304 reprobis
740 1252 842 1287 non
868 1242 1110 1303 negetur,
1138 1242 1191 1285 et
1213 1233 1440 1287 evidenti
1468 1233 1813 1287 miseratione
1844 1232 2055 1286 bonitas

476 1330 566 1382 Dei
619 1327 927 1392 indiscrete,
970 1337 1022 1380 et
1068 1326 1223 1393 justis
1265 1337 1317 1380 et
1348 1326 1719 1394 peccatoribus
1772 1325 2055 1381 offeratur.

475 1421 577 1475 Sed
613 1420 657 1474 is
696 1435 851 1488 quem
900 1420 1160 1487 perspicis
1202 1420 1561 1472 attrahentem
1604 1418 1829 1486 requirit
1885 1418 2058 1470 omni-

478 1513 649 1566 modis
682 1522 944 1580 prmcepta
973 1518 1309 1575 servantem,
1342 1520 1399 1563 ut
1427 1524 1521 1578 per
1549 1511 1833 1579 quamdam
1865 1510 2055 1563 volun-

477 1609 600 1659 talis
626 1608 866 1660 ansulam
888 1647 902 1669 ,
933 1604 1311 1671 comprehendi
1344 1612 1398 1658 et
1423 1604 1616 1658 attrahi
1641 1604 1815 1657 valeat
1844 1603 1934 1673 qui
1965 1618 2059 1657 vo-

476 1712 644 1753 ratur.
677 1698 902 1765 Quod'si
936 1713 1055 1751 eum
1086 1706 1239 1766 putas
1269 1696 1538 1751 attrahere
1560 1696 1826 1763 nolentes,
1853 1696 2057 1750 cmleSIi

2152 489 2275 541 dum
2302 488 2549 541 duritiam
2568 495 2710 539 tuam
2732 495 2777 539 et
2789 503 2876 539 cor
2898 487 3234 554 impmnitens,
3255 504 3359 542 non
3381 489 3513 555 Deo,
3530 490 3624 545 sed
3648 492 3739 545 ho.

2155 583 2282 635 mini
2312 583 2522 650 culpam
2546 579 2901 635 indurationis
2922 581 3101 634 cordis
3123 582 3343 636 ascribit
3379 581 3634 653 Ignoras,
3661 584 3735 637 in-

2154 674 2285 743 quit,
2299 676 2540 743 quoniam
2562 674 2844 745 benignitas
2870 672 2962 725 Dei
2974 674 3042 727 ad
3060 676 3406 742 paenitentiam
3428 686 3475 728 te
3491 677 3742 730 adducit?

2157 767 2450 822 Secundum
2472 768 2714 821 duritiam
2735 776 2904 819 autem
2925 775 3065 819 tuam
3087 776 3134 819 et
3163 767 3481 836 impomitens
3513 784 3604 820 cor
3634 769 3742 821 tlte-

2155 862 2383 914 saurizas
2405 861 2493 913 tibi
2514 861 2641 914 iram
2669 861 2720 913 in
2745 860 2826 913 die
2851 860 2941 912 ira:
2978 868 3024 912 et
3058 860 3379 913 reuelationis
3399 862 3531 929 justi
3549 862 3743 933 judicii

2159 951 2274 1006 Dei.
2298 957 2547 1027 Agnosce
2565 951 2687 1021 quia
2729 965 2834 1003 non
2866 950 3153 1003 austeritas
3188 950 3277 1003 Dei
3326 950 3533 1004 indurat
3580 951 3745 1005 corda

2158 1043 2439 1104 malorum,
2474 1043 2568 1095 sed
2598 1042 2828 1096 bonitas.
2854 1042 2984 1095 Nam
3012 1043 3133 1109 quia
3161 1041 3561 1095 tribulationum
3588 1042 3745 1096 labo-

2158 1134 2305 1188 ribus
2334 1149 2396 1186 ac
2427 1133 2651 1201 ﬂagellis
2682 1149 2776 1200 pro
2818 1133 2910 1186 Dei
2958 1133 3213 1200 patientia
3247 1149 3350 1186 non
3395 1134 3707 1202 affliguntur
3730 1177 3749 1197 ,

2159 1226 2281 1281 ideo
2319 1225 2567 1293 superbia
2598 1224 2982 1292 depravantur.
3027 1224 3180 1291 Quod
3211 1224 3280 1277 ita
3325 1238 3443 1279 esse
3465 1226 3750 1279 evidenter

2160 1327 2213 1373 et
2244 1316 2507 1386 Propheta
2530 1326 2917 1371 commemorat
2945 1316 3129 1371 dicens
3154 1334 3165 1369 :
3192 1315 3258 1369 In
3285 1317 3459 1370 labore
3482 1318 3749 1370 hominum

2161 1427 2263 1463 non
2299 1420 2437 1474 sunt,
2466 1419 2511 1463 et
2559 1426 2673 1463 cum
2708 1410 2996 1463 hominibus
3041 1426 3145 1464 non
3169 1411 3587 1480 flagellabantur,
3630 1410 3751 1463 ideo

2163 1503 2319 1555 tenuit
2347 1518 2432 1556 eos
2461 1502 2698 1572 superbia
2730 1500 2901 1572 (Psal.
2940 1502 3103 1572 Lxxn)
3138 1516 3344 1555 eorum.
3392 1503 3468 1556 Ac
3512 1504 3589 1557 sic
3617 1503 3748 1556 dum

2163 1608 2318 1662 poena
2340 1594 2391 1647 in
2415 1592 2673 1661 judicium
2707 1602 3033 1655 reservatur,
3060 1594 3293 1663 dumque
3320 1593 3384 1646 ad
3413 1595 3603 1649 emend
3626 1595 3752 1648 ttio-

2165 1699 2285 1737 nem
2332 1693 2588 1752 provocat
2637 1682 2845 1736 Domini
2892 1683 3295 1750 longanimitas,
3344 1684 3395 1736 in
3428 1700 3583 1738 servo
3611 1701 3750 1739 con-

476 1759 1017 1861 justitimviniquitatis
1053 1759 1259 1858 pondus
1286 1788 1538 1856 imponis.
1574 1788 1677 1841 Sed
1711 1788 1754 1841 si
1790 1759 2061 1841 invenitur
2096 1759 2137 1817 Β
2167 1787 2422 1846 temptum
2448 1776 2615 1830 nutrit
2643 1776 2946 1846 impunitas.
2968 1776 3068 1840 Qui
3096 1777 3286 1843 reddit,
3323 1778 3513 1845 inquit,
3544 1780 3751 1831 unicui-

476 1886 747 1940 attrahcre
786 1884 1029 1937 nolentes
1049 1924 1063 1949 ,
1086 1893 1285 1951 quanto
1313 1882 1481 1949 magis
1511 1880 1889 1948 complectitur
1914 1878 2061 1932 desi-

478 1977 765 2031 derantes!
800 1974 930 2029 Nam
962 1975 1119 2029 etiam
1145 1973 1231 2041 qui
1264 1972 1378 2025 sine
1400 1971 1582 2024 labore
1608 1970 1820 2024 videtur
1841 1969 2058 2034 attrahi,

476 2068 927 2133 ilabnraturuscst
957 2074 1012 2119 ut
1042 2064 1301 2118 inhaereat
1337 2062 1645 2116 attrahenti.
1685 2062 1874 2128 Quanti
1916 2063 2059 2117 enim

481 2172 739 2217 venerunt
767 2171 821 2217 et
863 2168 1231 2221 recesserunt,
1272 2157 1394 2227 quia
1425 2156 1637 2211 attracti
1670 2157 1721 2210 in
1752 2155 1917 2223 gratia
1943 2170 2063 2222 per-

478 2268 727 2307 severare
773 2250 1137 2306 dcsidcratore
1180 2258 1407 2303 vocante
1455 2246 1965 2303 noluerunt?Sicut
2008 2247 2061 2301 in

478 2345 773 2415 Evangelio
802 2348 1063 2412 scriptum
1096 2353 1182 2398 est
1213 2340 1399 2398 :Multi
1444 2358 1507 2395 ex
1533 2340 1803 2407 discipulis
1833 2342 1943 2412 ejus
1969 2356 2062 2393 au-

480 2440 695 2504 dientes,
721 2438 950 2491 abierunt
976 2446 1276 2497 retrorsum,
1303 2446 1349 2488 et
1362 2440 1477 2505 jam
1503 2450 1615 2487 cum
1638 2432 1728 2487 illo
1758 2450 1857 2486 non
1884 2433 2063 2487 ambu—

481 2530 653 2581 labant
684 2526 861 2599 (Joan.
892 2530 988 2594 γι).
1020 2528 1147 2581 Item
1180 2545 1193 2581 :
1232 2524 1370 2579 Diait
1401 2534 1572 2579 autent
1602 2523 1754 2577 Iesus
1784 2526 1850 2577 ad
1868 2524 2063 2577 duode-

480 2622 579 2674 cim
600 2638 619 2675 :
644 2620 896 2689 Nunquid
917 2630 965 2673 et
987 2637 1073 2674 vos
1094 2621 1245 2674 vultis
1272 2620 1448 2673 abire?
1474 2618 1751 2689 Respondit
1775 2617 1820 2671 ei
1846 2616 2064 2671 Petrus:

480 2714 720 2779 Domine,
767 2714 832 2766 ad
856 2729 1001 2783 quem
1030 2712 1253 2765 ibimus?
1280 2713 1427 2765 verba
1450 2712 1564 2764 vim?
1586 2719 1789 2764 celerare
1820 2709 1990 2775 habes,
2018 2718 2064 2763 et

483 2822 573 2857 nos
598 2805 848 2857 creaimns
878 2818 921 2857 e'
958 2805 1286 2875 cognovimus
1314 2804 1431 2869 quia
1477 2814 1530 2855 tu
1562 2819 1614 2855 es
1643 2803 1873 2855 C’tristus
1895 2798 2062 2854 Filius

483 2898 581 2951 Dei
611 2898 825 2965 (lbid.l.
868 2897 919 2951 ln
970 2899 1211 2966 utrisque
1248 2897 1412 2951 libera
1457 2896 1553 2951 fuit
1596 2897 1873 2958 voluntas,
1921 2903 1975 2948 et
2010 2895 2063 2949 in

479 2989 586 3042 illis
615 2999 671 3043 nt
699 2992 899 3043 inarata
927 3001 1110 3043 mente
1136 2988 1511 3051 discederent;
1540 2996 1591 3041 et
1621 2987 1671 3040 in
1696 2986 1834 3053 istis,
1862 2995 1915 3041 ut
1941 3002 2060 3041 cum

485 3080 727 3133 libertate
756 3080 875 3132 fidei
906 3088 1303 3146 permanerent.

1053 3167 1277 3223 CAPUT
1312 3168 1497 3222 XVIII.

485 3258 670 3314 Contra
707 3259 804 3312 hoc
847 3258 983 3325 quod
1022 3258 1218 3321 dicunt,
1263 3259 1383 3327 quia
1430 3257 1521 3310 Dei
1574 3256 1815 3311 vio.'entia
1861 3258 2066 3311 induret

720 3327 974 3382 hominem
1005 3344 1068 3381 ne
1105 3329 1273 3384 venire
1296 3328 1459 3382 valeat
1489 3330 1556 3380 ad
1582 3328 1822 3382 salutem.

554 3440 611 3497 Si
642 3444 776 3511 ipse,
804 3449 863 3495 ttt
882 3441 1231 3511 blasphemus
1260 3442 1394 3509 vult,
1419 3441 1666 3510 obdurat,
1696 3443 1963 3512 quomodo
1995 3445 2070 3500 ait

485 3533 538 3588 in
560 3539 767 3603 psalmo
794 3551 807 3586 :
833 3533 884 3586 11
890 3533 1004 3587 odie
1026 3534 1070 3586 si
1095 3549 1261 3588 vocem
1283 3535 1393 3602 ejus
1417 3534 1701 3599 audieritis,
1732 3535 1887 3589 nolite
1909 3535 2070 3588 obdu-

485 3641 599 3678 rare
622 3629 781 3679 corda
818 3635 981 3678 vestra
1013 3623 1183 3693 (Psal.
1215 3625 1395 3695 xcrv)?
1423 3626 1484 3679 Et
1513 3626 1701 3680 iterum
1730 3644 1742 3678 :
1776 3626 2069 3681 Secundum

485 3717 722 3769 duritiam
750 3725 921 3769 autem
941 3724 1081 3768 tuam
1103 3726 1148 3770 et
1176 3716 1495 3785 impamitens
1515 3733 1620 3783 cor,
1647 3719 1957 3772 thesaurizas
1981 3719 2071 3772 tibi

486 3805 891 3859 irammdieira:
904 3806 1082 3875 (Rom.
1116 3806 1201 3876 ll).
1227 3806 1355 3861 ltem
1388 3807 1439 3860 in
1463 3807 1690 3862 Jeremia
1718 3826 1730 3859 :
1765 3806 2069 3862 Percussisti

486 3911 571 3947 eos
589 3935 603 3958 ,
637 3905 682 3948 et
708 3912 808 3949 non
831 3897 1141 3960 doluerunt;
1166 3898 1400 3951 attriristi
1425 3915 1527 3962 eos,
1559 3910 1607 3952 et
1628 3909 1901 3953 renuerunt
1932 3901 2069 3954 acci-

492 4006 603 4055 pere
626 3990 949 4057 disciplinam
972 4007 991 4056 ;
1032 3993 1396 4046 indurarernnt
1434 3995 1589 4063 facies
1633 4010 1753 4047 suas
1779 4009 1936 4063 supra
1980 4010 2067 4062 pe-

487 4093 640 4148 iram,
671 4091 717 4135 et
740 4083 947 4136 noluere
964 4084 1143 4137 reverti
1171 4083 1385 4153 (Jerem.
1412 4085 1489 4153 v).
1520 4085 1708 4139 Adhuc
1733 4101 1947 4140 causam
1972 4087 2067 4139 ob-

485 4172 783 4227 durationis
812 4174 1059 4237 adverte,
1104 4177 1395 4229 secundum
1425 4176 1743 4229 sententiam
1772 4176 2066 4246 sapientis-

484 4266 605 4319 simi
653 4265 971 4331 S.tlomonis,
1022 4267 1109 4334 qui
1158 4266 1286 4320 dicit
1324 4283 1337 4318 :
1392 4264 1589 4332 Impius
1632 4281 1744 4318 cum
1792 4268 1980 4319 venerit
2010 4269 2063 4321 in

486 4356 797 4427 profundum
822 4356 1093 4418 malorum,
1136 4356 1408 4409 contemnit
1435 4354 1616 4427 (Prov.
1647 4356 1797 4426 xvm)
1817 4399 1832 4423 ,
1882 4357 1931 4411 id
1958 4367 2059 4423 cst,

485 4447 553 4501 de
598 4447 907 4503 assiduitate
954 4446 1203 4517 peccandi
1242 4446 1547 4516 desperaio
1594 4447 1856 4512 nascitur;
1890 4447 2058 4501 obdu-

485 4540 622 4592 latio
652 4554 778 4593 vero
817 4556 879 4594 ex
911 4539 1283 4609 desperatione
1310 4547 1615 4607 generatur.
1646 4538 1781 4591 Dum
1821 4538 1948 4593 dicit
1970 4536 2061 4591 Je-

484 4629 678 4682 remias
709 4648 720 4682 :
754 4630 1042 4684 [Voluerunt
1069 4632 1266 4684 reverti.
1302 4630 1463 4684 Vides
1486 4631 1606 4698 quia
1629 4631 1912 4685 obduratio
1944 4646 2063 4685 cor-

484 4722 566 4777 dis
608 4723 811 4775 crimen
856 4733 939 4777 est
976 4727 1200 4791 promise
1233 4726 1554 4780 voluntatis?
1592 4725 1942 4793 lnltonestns,
1970 4741 2063 4780 cu-

483 4815 637 4886 pidus
671 4825 726 4870 et
756 4828 1008 4868 cruenzus
1030 4856 1044 4878 ,
1084 4825 1139 4869 et
1160 4818 1441 4885 cuju~|ibet
1467 4818 1715 4872 facinoris
1759 4833 1975 4882 servus,
2009 4818 2054 4871 si

482 4907 712 4975 peccatis
762 4921 865 4960 non
916 4908 1219 4960 reluctetur.
1268 4908 1555 4965 Videamus
1600 4912 1737 4964 unde
1777 4912 2056 4965 obduratio

482 4998 577 5050 ista
600 5008 863 5053 nascatur.
898 4997 1012 5051 Non
1042 4998 1223 5068 utique
1250 5000 1495 5055 violentia
1528 5001 1925 5071 compellentis,
1962 5000 2054 5056 sed

483 5089 762 5144 clementia
795 5090 1082 5144 relaxantis
1125 5091 1490 5147 obduratiouis
1518 5094 1730 5147 occasio
1759 5103 1861 5147 est.
1894 5092 2055 5146 Dum-

483 5197 585 5251 que
609 5183 673 5236 ad
702 5183 1063 5251 paenitentiam
1092 5186 1321 5239 sustinet
1355 5184 1755 5253 delinquentem
1804 5183 2051 5254 infatiga-

485 5274 603 5328 bilis
629 5275 868 5338 bonitas,
899 5276 1132 5330 abutitur
1166 5275 1534 5330 benevolentia
1563 5274 1885 5329 remittentis
1913 5273 2054 5328 elata

485 5364 762 5420 securitas.
780 5365 901 5421 ldeo
912 5367 1181 5422 aitbeatus
1193 5365 1477 5434 Apostolus
1495 5365 1592 5419 :An
1606 5367 1805 5420 divitias
1818 5365 2055 5419 bonitatis

486 5455 615 5521 ejus,
645 5464 691 5508 et
721 5458 994 5523 patientiae,
1014 5465 1060 5511 et
1083 5454 1482 5525 longanimitatis
1505 5456 1813 5510 contemnis?
1845 5454 2061 5526 Ignoras

484 5545 722 5612 quoniam
753 5546 1026 5617 benignitas
1056 5546 1151 5599 Dei
1166 5545 1233 5598 ad
1260 5545 1604 5614 paenitentiam
1628 5555 1673 5599 te
1692 5548 1937 5601 adducit?
1958 5547 2053 5601 Se-

483 5636 710 5689 cundum
731 5638 971 5691 duritiam
999 5649 1167 5693 autem
1202 5646 1342 5691 tuam
1386 5647 1434 5691 et
1462 5653 1548 5691 cor
1572 5638 1909 5710 impaenitens,
1943 5640 2053 5693 tlte-

485 5725 712 5778 saurims
736 5728 823 5777 tibi
845 5729 974 5782 iram
997 5730 1048 5782 in
1072 5731 1154 5783 die
1179 5730 1271 5784 ira:
1309 5739 1355 5785 et
1377 5729 1699 5785 reuelationis
1715 5733 1846 5801 justi
1859 5731 2053 5802 judicii

2089 4490 2143 4551 Ι)

2165 1886 2262 1940 que
2280 1870 2559 1923 secundum
2581 1884 2735 1938 opera
2760 1884 2853 1921 sua
2874 1866 3053 1938 (Rom.
3087 1867 3357 1937 tt).~Certe
3386 1883 3490 1920 non
3524 1869 3754 1934 imponit

2168 1962 2307 2016 Deus
2345 1961 2543 2016 homini
2586 1959 2878 2015 secundum
2922 1959 3314 2028 praescientiam
3362 1961 3617 2027 peccandi
3655 1976 3753 2015 ne.

2166 2053 2491 2114 cessitatem,
2516 2068 2544 2105 a
2572 2068 2676 2121 quo
2703 2051 2993 2105 secundum
3017 2066 3178 2119 opera
3195 2065 3288 2105 sua
3311 2051 3505 2120 legitur
3530 2062 3755 2106 exactu-

2166 2163 2257 2200 rus
2286 2160 2406 2200 esse
2436 2146 2719 2198 rationem.
2754 2142 2996 2209 Peccavi,
3024 2143 3196 2213 inquit
3233 2143 3513 2213 propheta,
3540 2154 3588 2198 et
3619 2147 3749 2214 quid

2166 2237 2350 2291 accidit
2379 2237 2504 2289 mihi
2531 2237 2673 2290 triste
2695 2234 2882 2303 (Ere-'i.
2910 2238 2995 2305 ην
3030 2235 3131 2289 hoc
3160 2245 3242 2291 est
3270 2238 3451 2291 dicere
3483 2255 3496 2290 :
3527 2237 3751 2292 Certum

2169 2337 2250 2383 est
2265 2329 2423 2383 Deum
2445 2328 2650 2382 nescire
2670 2336 2904 2396 peccata,
2922 2328 3009 2397 qui
3030 2343 3132 2381 non
3154 2329 3413 2383 accelerat
3431 2344 3529 2397 pro
3548 2328 3754 2382 ultione

2167 2420 2444 2488 supplicia.
2475 2420 2539 2473 Et
2561 2421 2751 2474 iterum
2778 2418 2946 2473 :Dieit
2972 2420 3107 2472 enim
3134 2420 3185 2473 in
3209 2420 3361 2473 corde
3381 2437 3477 2473 suo
3503 2436 3521 2472 :
3548 2419 3754 2474 Oblitus

2168 2524 2239 2570 est
2273 2514 2432 2578 Deus,
2458 2515 2635 2567 avertit
2652 2515 2830 2583 [aciem
2855 2530 3019 2577 suam,
3036 2531 3097 2566 ne
3126 2514 3290 2567 videat
3313 2531 3470 2583 usque
3496 2515 3549 2567 in
3569 2515 3749 2582 finem.

2170 2608 2300 2662 Dum
2331 2622 2457 2677 ergo
2496 2606 2626 2661 dicit
2654 2607 2839 2660 oblitus
2874 2618 2945 2659 est
2975 2604 3113 2659 Deus
3155 2604 3272 2677 (Ps.
3307 2608 3405 2677 nt),
3437 2608 3750 2673 patientiam

2168 2701 2506 2765 remittentis,
2534 2697 2905 2768 negligentiam
2930 2697 3131 2767 judicat
3160 2699 3472 2766 ignorantis,
3504 2708 3556 2752 et
3599 2698 3750 2751 arbi-

2169 2802 2337 2847 tratur
2352 2792 2592 2856 oblitum,
2609 2790 2747 2859 quod
2767 2790 3131 2860 magnanimus
3152 2790 3490 2859 dispensator
3507 2802 3751 2844 reservat

2168 2886 2220 2940 in
2254 2893 2544 2953 posterum.
2580 2883 2695 2949 Quo
2717 2897 2913 2952 genere
2941 2892 3266 2938 metuentem
3308 2882 3603 2937 admonitio
3653 2883 3750 2936 Dei

2167 2978 2474 3047 castigantis
2517 2977 2763 3032 emendat
2793 3018 2807 3040 ,
2861 2986 3290 3031 contemnentem
3340 2977 3508 3045 magis
3557 2977 3751 3031 lenitas

2168 3070 2498 3124 moderantis
2526 3070 2772 3137 obdurat,
2804 3076 2863 3123 ut
2907 3068 3146 3138 putetde
3190 3069 3298 3123 Deo
3346 3069 3557 3136 impius,
3602 3068 3748 3137 quod

2169 3177 2338 3232 usque
2386 3162 2438 3215 in
2482 3163 2641 3217 finem
2673 3162 2966 3231 ignorantia
3016 3160 3334 3215 obscurante
3389 3175 3492 3215 non
3546 3160 3747 3219 videat,

2169 3254 2422 3324 quidquid
2454 3255 2517 3308 ad
2547 3268 2786 3322 prmsens
2813 3252 3180 3307 benevolentia
3222 3252 3536 3306 sustinentis
3556 3255 3748 3319 punire

2168 3346 2485 3401 dissimulat.
2535 3347 2604 3403 Et
2638 3361 2760 3400 cum
2804 3345 3056 3415 probetur
3095 3345 3161 3397 ab
3191 3344 3479 3398 insultante
3505 3353 3747 3397 contem-

2170 3453 2311 3508 ptus,
2338 3438 2741 3493 obdurationem
2769 3444 2986 3505 putatur
3006 3444 3274 3505 operatus.
3297 3435 3427 3488 Dum
3446 3436 3587 3489 enim
3615 3435 3746 3487 iram

2171 3533 2309 3586 in'er
2330 3531 2721 3585 crebrescentia
2746 3538 2962 3599 peccata
2980 3528 3277 3598 suspendit,
3304 3538 3640 3597 peceatorem
3669 3528 3746 3581 in-

2168 3621 2366 3677 sultare
2406 3621 2682 3691 permittit.

2749 3712 2976 3769 CAPUT
3016 3712 3134 3768 XIX

2170 3808 2361 3864 Contra
2388 3808 2480 3861 hoc
2500 3806 2637 3876 quod
2656 3806 2853 3868 dicunt,
2880 3806 3122 3859 Homines
3148 3804 3408 3858 voluntate
3442 3800 3539 3856 Dei
3567 3804 3742 3869 impel-

2399 3879 2407 3887 '
2859 3876 3056 3929 lantur.

2240 3992 2297 4049 Si
2326 4003 2500 4047 autem
2527 4035 2542 4059 ,
2586 4000 2642 4045 ut
2668 3989 2796 4045 dicit
2829 3989 3143 4053 htcreticus,
3175 4004 3270 4058 per
3291 3990 3615 4042 voluntatem
3650 3987 3741 4041 Dei

2170 4084 2452 4139 trahuntur
2495 4083 2738 4137 homines
2774 4083 2826 4136 in
2874 4082 3252 4152 perditionem,
3285 4081 3553 4150 quomodo
3582 4080 3638 4134 in
3668 4081 3740 4135 le-

2167 4176 2345 4230 ctione
2376 4174 2580 4244 Regum
2630 4173 2821 4229 mulier
2864 4174 3098 4243 loquitur
3132 4160 3197 4226 ad
3240 4171 3443 4226 David?
3472 4171 3582 4225 Nec
3610 4170 3733 4230 vult.

2168 4266 2339 4335 inquit
2362 4308 2375 4332 ,
2406 4267 2539 4320 Deus
2582 4268 2747 4337 perire
2773 4268 2996 4318 animam
3014 4307 3028 4329 ,
3053 4266 3142 4319 sed
3169 4275 3408 4319 retractat
3429 4266 3659 4335 cogitans
3684 4280 3740 4318 ne

2169 4361 2363 4427 penitus
2410 4368 2578 4429 pereat
2605 4358 2691 4429 qui
2737 4358 2964 4428 abjectus
2988 4368 3061 4411 est
3093 4355 3178 4426 (1!
3205 4357 3327 4426 Reg.
3370 4356 3497 4424 xw).
3535 4356 3659 4410 Item
3690 4364 3739 4407 ct

2170 4452 2418 4507 Ezechiel
2466 4453 2565 4507 sub
2613 4452 2788 4507 verbis
2821 4452 2910 4506 Dei
2955 4452 3023 4505 ita
3055 4450 3307 4505 disserit:
3362 4448 3531 4502 Multo
3575 4448 3738 4501 labore

2166 4544 2403 4598 sudatum
2430 4553 2507 4598 est
2533 4587 2547 4610 ,
2575 4554 2623 4597 et
2653 4561 2755 4598 non
2781 4545 2901 4597 exiit
2922 4545 2983 4597 ab
3012 4560 3070 4597 ea
3099 4544 3255 4595 nimia
3280 4543 3462 4615 rubigo
3488 4545 3629 4613 ejus,
3658 4559 3739 4595 ne-

2166 4624 2262 4702 que
2290 4651 2379 4704 per
2399 4636 2567 4705 ignem
2596 4635 2925 4690 immunditia
2953 4644 3041 4687 tua
3068 4633 3394 4688 exsecrabilis
3411 4651 3430 4689 :
3452 4636 3573 4703 quia
3597 4651 3739 4686 mun-

2167 4726 2293 4779 dare
2314 4736 2360 4781 te
2388 4728 2546 4791 volui,
2572 4737 2619 4780 et
2641 4744 2739 4781 non
2770 4745 2820 4781 es
2844 4727 3093 4780 mundata
3114 4743 3143 4778 α
3171 4725 3406 4779 sordibus
3440 4727 3540 4778 tuis
3564 4724 3736 4793 (Ezéc.

2166 4817 2335 4886 xxiv).
2370 4817 2507 4872 Ecce
2533 4818 2673 4871 Deus
2698 4817 2967 4872 hominem
2999 4832 3104 4871 non
3132 4816 3305 4871 solum
3336 4815 3531 4869 salvari
3559 4824 3731 4883 aptat,

2165 4910 2258 4964 sed
2291 4926 2386 4979 pro
2416 4910 2532 4979 ejus
2565 4911 2877 4980 purgatione
2903 4911 3068 4964 multo
3089 4909 3274 4963 labore
3301 4908 3551 4963 desudat.
3578 4908 3733 4962 Porro

2165 5016 2261 5071 pro
2290 5003 2496 5059 ratione
2535 5004 2755 5072 justitiae
2787 5019 2880 5071 per
2917 5019 2975 5058 sc
3020 5004 3268 5059 effectum
3320 5002 3587 5057 medentis
3618 5016 3735 5056 cura

2166 5109 2271 5148 non
2304 5097 2525 5164 peragit,
2560 5097 2679 5164 quia
2714 5096 3039 5151 voluntatem
3064 5096 3179 5164 ejus
3208 5096 3297 5165 qui
3330 5104 3412 5148 est
3443 5096 3735 5165 purgandus

2164 5194 2459 5254 exspectat.
2494 5186 2643 5252 Item,
2674 5187 2858 5256 defecit
2899 5186 3248 5258 suﬁlatorium,
3284 5187 3478 5254 {rustra
3509 5185 3735 5251 con/facit

2164 5276 2387 5345 suﬁlator
2431 5292 2449 5329 :
2480 5278 2687 5331 malitia:
2724 5278 2860 5330 enim
2891 5287 3067 5331 vestrae
3104 5293 3207 5329 non
3245 5284 3361 5329 sunt
3408 5282 3735 5339 consumptis.

2166 5368 2297 5421 Dum
2318 5368 2469 5421 audis
2485 5369 2854 5433 sufflatorium,
2875 5369 2959 5422 vel
2988 5367 3293 5423 conﬂatoris
3314 5365 3575 5428 officium,
3595 5362 3735 5417 ἰιειθιο

2165 5461 2266 5531 lige
2296 5476 2483 5529 purttm
2508 5461 2776 5515 metallum
2808 5460 3102 5514 adulterina
3138 5458 3495 5526 permixtione
3524 5468 3731 5523 corrup~

2165 5560 2290 5614 tum,
2315 5564 2362 5606 et
2385 5569 2411 5606 e
2430 5553 2657 5606 naturali
2678 5551 2988 5606 sinceritate
3007 5551 3269 5604 vitiatum.
3289 5550 3341 5603 Si
3362 5548 3524 5602 homo
3542 5549 3590 5600 in
3613 5558 3731 5597 mor-

2164 5655 2269 5698 tem
2287 5644 2517 5713 impulsu
2538 5658 2633 5697 suo
2656 5658 2717 5697 ac
2736 5644 3006 5697 voluntate
3038 5640 3129 5695 Dei
3158 5641 3352 5711 agitur,
3374 5655 3473 5694 cur
3502 5640 3620 5694 item
3646 5634 3735 5688 sub

2164 5733 2751 5823 Ezccnicleimputans,
2790 5743 2842 5823 et
2874 5734 3019 5790 velut
3047 5731 3233 5792 dolens
3262 5732 3536 5823 loquitur:
3574 5726 3734 5797 Optare
