4002 6188
391 273 491 328 815

1480 273 1564 327 DE
1604 273 1855 327 GRATIA
1896 271 2039 337 DEI,
2081 269 2257 340 ETC.,
2299 272 2424 327 LIB.
2467 272 2530 331 ll.

3545 272 3650 329 8H

389 385 700 448 moriemini,
722 394 906 439 domus
933 384 1384 455 lsrael;quoniim
1413 390 1530 441 nolo
1564 401 1774 443 mortem
1794 390 1959 459 impii,
1989 393 2045 450 Α
2070 387 2308 455 homini,
2340 386 2434 442 sed
2465 400 2784 443 consensum
2830 388 3064 444 hominis
3110 389 3369 445 voluntati
3417 406 3528 446 sua:
3553 395 3648 446 de-
3684 427 3694 483 Ι

388 476 507 529 dicit
546 474 834 530 Dominus?
862 476 1187 530 Revertimini
1229 488 1276 531 et
1314 479 1455 531 vivite
1501 479 1714 551 (Ezeclt.
1750 481 1962 549 χχχιιι).

392 567 454 620 Et
478 566 749 634 quomodo
768 580 861 621 eos
882 566 935 620 in
958 578 1205 630 mortem,
1223 578 1283 621 ut
1315 569 1681 638 blasphemas,
1716 572 1965 638 impellit,

388 669 521 723 quos
537 654 603 708 ad
616 658 774 707 vitam
791 670 896 709 non
909 656 1082 709 solum
1106 657 1503 725 nutujubentis,
1520 660 1610 714 sed
1629 660 1822 715 all‘ectu
1842 675 1967 725 sup-

388 745 637 814 plicantis
677 744 885 799 invitat.
921 745 1087 801 Item:
1120 746 1240 799 Vivo
1255 764 1367 820 ego,
1396 749 1520 802 dicit
1546 750 1826 816 Dominus;
1847 752 1966 803 nolo

386 843 593 886 mortem
611 834 776 903 impii,
792 835 879 888 sed
905 845 961 888 ut
978 840 1450 908 revertaturimpius
1472 857 1501 891 a
1517 841 1595 893 via
1618 858 1732 905 sua,
1761 852 1808 895 et
1833 843 1968 895 vivat

387 923 464 992 (Ν
470 940 574 978 um.
595 925 723 991 xtv).
745 924 990 979 Reditum
1013 941 1074 980 se
1091 927 1142 979 in
1164 936 1425 994 potestate
1439 929 1634 985 habere
1652 941 1962 1001 cognoscat,

386 1016 520 1084 quia
538 1016 764 1071 Domino
788 1026 1107 1085 provocatur
1137 1028 1191 1072 ut
1218 1022 1421 1074 redeat.
1436 1021 1562 1074 Vivo
1589 1039 1701 1091 ego,
1718 1026 1839 1077 dicit
1864 1023 1965 1078 Do.

386 1109 575 1160 minus.
610 1107 687 1161 Ne
713 1106 779 1162 de
812 1107 1136 1176 indulgentia
1160 1124 1283 1164 reus
1299 1109 1701 1181 dubitat,judex
1726 1114 1963 1169 clemen-

386 1200 509 1250 tiam
535 1212 685 1251 suam
730 1198 892 1252 etiam
932 1199 1156 1265 quadam
1189 1204 1508 1255 sacramenti
1560 1204 1964 1271 interpositione

383 1287 682 1341 confirmat.
717 1288 823 1343 Sed
854 1297 907 1342 et
938 1304 1032 1358 per
1060 1291 1285 1358 apostoli
1333 1291 1471 1345 Petri
1502 1296 1822 1348 sententiam
1865 1310 1960 1350 vo-

384 1379 559 1432 luntas
590 1379 956 1449 benignissimi
1009 1379 1312 1435 insinuatur
1363 1385 1582 1439 actoris.
1618 1384 1739 1439 Non
1769 1388 1961 1451 tardat,

385 1470 574 1537 inquit,
609 1468 858 1524 Dominus
905 1472 1207 1541 promissum
1254 1490 1430 1539 suum,
1466 1475 1554 1527 sed
1579 1478 1828 1544 patienter
1857 1479 1962 1547 agit

384 1569 590 1628 prapter
614 1577 721 1623 vos,
742 1562 919 1614 nolens
947 1562 1150 1631 aliquos
1188 1566 1371 1631 perire,
1403 1567 1491 1618 sed
1518 1569 1586 1619 ad
1618 1570 1961 1635 paenitentiam

384 1653 562 1705 reverti
592 1650 679 1723 (Il
708 1652 825 1706 Pet.
871 1660 969 1722 tu).
1013 1656 1255 1709 Peccanti
1304 1658 1564 1727 ingeritur
1620 1662 1958 1729 poenitentia,

2073 478 2237 533 fuisse
2266 476 2603 531 monstravit.
2634 475 2769 544 Quid
2803 480 2993 533 mirum
3018 480 3061 535 si
3091 494 3189 549 pro
3218 481 3391 535 salute
3417 481 3648 539 hominis

2074 568 2342 637 lacrymas
2376 567 2530 632 fudit,
2563 582 2685 622 mox
2711 571 3024 639 sanguinem
3050 571 3363 639 profusurus
3387 574 3410 627 2
3441 573 3567 629 Item
3590 574 3643 629 in

2074 659 2325 713 Matthzno
2360 676 2372 711 :
2404 658 2712 724 Jerusalem,
2753 677 2866 729 qua:
2893 663 3083 715 occidis
3113 664 3407 732 prapltetas,
3436 674 3484 718 et
3516 666 3647 731 lapi-

2071 749 2165 801 das
2194 765 2279 803 eos
2300 749 2387 817 qui
2406 749 2474 802 ad
2516 760 2561 802 te
2590 751 2732 803 missi
2778 762 2915 815 sunt,
2942 756 3136 821 quoties
3161 758 3298 809 volui
3336 773 3643 826 congregare

2069 840 2205 906 ﬁlios
2236 848 2349 893 tuos
2379 843 2510 895 sicut
2538 841 2731 912 gallina
2762 852 3033 913 congregat
3057 846 3222 911 pullos
3261 864 3379 902 suos
3409 849 3499 901 sub
3532 850 3643 902 alas

2068 949 2222 997 suas,
2256 943 2301 985 et
2338 934 2593 987 noluisti?
2617 935 2755 987 Duas
2808 950 2890 988 res
2923 935 3008 989 hic
3046 936 3156 1005 agit
3193 951 3370 990 sermo
3411 938 3640 992 divinus.

2069 1023 2199 1077 Nam
2231 1025 2355 1077 dum
2388 1026 2554 1080 dicit:
2594 1027 2802 1091 Quoties
2837 1026 3011 1091 volui,
3064 1038 3110 1081 et
3158 1029 3384 1091 noluisti,
3432 1030 3483 1084 in
3537 1031 3644 1085 Deo

2070 1115 2324 1182 prepositi
2352 1114 2582 1178 bonitas,
2618 1117 2667 1168 in
2695 1116 2906 1169 homine
2937 1117 3142 1170 arbitrii
3177 1128 3261 1172 est
3299 1134 3552 1187 expressa
3580 1120 3644 1174 li-

2067 1206 2263 1260 bet-tas.
2289 1206 2523 1260 Dicendo
2554 1216 2730 1260 autem
2776 1223 2790 1260 :
2823 1204 3131 1273 Jerusalem,
3154 1225 3268 1278 qua:
3310 1210 3501 1264 occidis
3526 1226 3645 1279 pra-

2068 1297 2268 1364 pltetas,
2298 1309 2341 1349 et
2366 1297 2567 1365 lapidas
2597 1314 2678 1350 eos
2704 1300 2790 1367 qui
2814 1299 2881 1351 ad
2912 1307 2958 1351 te
2998 1300 3139 1353 missi
3180 1310 3318 1365 sunt,
3350 1302 3559 1357 salvare
3583 1318 3642 1357 se

2064 1400 2158 1439 eos
2188 1388 2419 1441 Voluisse
2438 1388 2765 1455 pronuntiat,
2798 1402 2918 1441 cum
2952 1388 3227 1443 evidenter
3250 1390 3486 1458 proferat
3516 1408 3641 1447 cau-

2067 1491 2153 1529 sas
2185 1492 2279 1544 per
2308 1491 2440 1542 quas
2471 1479 2695 1531 salutem
2725 1478 2802 1531 eis
2833 1493 3027 1547 negare
3075 1478 3337 1534 debuerit.
3386 1482 3495 1536 lloc
3522 1483 3640 1537 loco

2064 1567 2263 1634 dttplit‘i
2313 1582 2430 1636 gent
2452 1583 2509 1621 re
2562 1569 2613 1621 in
2665 1583 2820 1623 servo
2866 1568 3116 1639 iniquitas
3166 1582 3402 1625 cruentae
3448 1575 3639 1627 mentis

2063 1659 2384 1713 ostenditur.
2422 1658 2477 1712 ln
2509 1659 2738 1714 Domino
2770 1660 3095 1730 indulgentia
3129 1663 3523 1733 benignissima:
3548 1680 3640 1720 vo-

383 1752 441 1796 ut
471 1744 523 1797 in
565 1744 888 1798 conferenda
922 1745 1285 1801 misericordia
1335 1748 1510 1803 locum
1558 1752 1737 1819 possit
1768 1753 1962 1810 habere
1993 1759 2039 1819 Β
2069 1751 2289 1805 luutatis
2320 1751 2581 1818 aperitur.
2608 1752 2663 1807 Si
2692 1751 2831 1807 Deus
2861 1756 3033 1822 perire
3056 1754 3166 1809 vult
3194 1756 3483 1820 hominem,
3506 1772 3638 1826 quo-

381 1834 605 1903 justitia.
660 1834 768 1889 Sed
815 1836 1099 1905 patienter,
1132 1837 1337 1907 inquit,
1385 1841 1489 1912 agit
1533 1844 1957 1901 emendationem

398 1927 659 1992 hominis,
693 1926 815 1995 quia
863 1927 1199 1996 impatienter
1235 1927 1533 2000 desiderat,
1574 1936 1839 2003 patienter
1870 1954 1963 1992 ex-

385 2026 615 2085 spectat.
643 2018 775 2094 ltem
807 2019 1098 2073 secundum
1127 2021 1322 2075 Lucam
1348 2040 1362 2079 :
1389 2023 1455 2077 Et
1486 2036 1540 2079 ut
1578 2031 1956 2098 appropinqua.

386 2110 476 2173 vit,
508 2110 683 2163 videns
710 2111 982 2176 civitatem,
1024 2114 1161 2180 ﬂevit
1200 2130 1355 2183 super
1403 2117 1547 2169 illam
1593 2119 1766 2172 dicens
1788 2135 1809 2175 .'
1844 2120 1963 2176 Non

379 2201 659 2269 relinquent
683 2203 735 2254 in
783 2211 830 2256 te
858 2203 1081 2270 lapidem
1116 2222 1266 2274 super
1305 2208 1564 2273 lapidem,
1600 2226 1658 2262 eo
1687 2211 1824 2280 quod
1857 2229 1957 2265 non

379 2292 670 2362 cognoveris
694 2302 893 2361 tempus
915 2294 1218 2349 uisitationis
1243 2306 1341 2349 tute
1374 2296 1522 2367 (Luc.
1552 2300 1685 2370 χιχ).
1712 2299 1806 2355 Hic
1830 2316 1960 2354 con-

378 2384 670 2452 stringendi
694 2394 818 2439 sunt
846 2384 1101 2441 hteretici.
1139 2388 1196 2443 Si
1228 2388 1485 2445 Dominus
1507 2392 1758 2459 perituris
1772 2393 1959 2447 salutis

378 2476 751 2531 intercluserat
798 2477 1038 2544 aditum,
1103 2494 1231 2549 ergo
1288 2480 1421 2535 falso
1471 2484 1691 2537 istorum
1739 2484 1958 2539 deflevit

379 2559 706 2628 exitiumei
733 2582 910 2628 autem
934 2589 1115 2628 eorum
1147 2575 1499 2643 perditionem
1526 2578 1766 2650 vero,(ut
1788 2580 1959 2633 mani-

379 2662 569 2717 festum
601 2661 706 2732 est)
729 2677 963 2718 mcerore
992 2663 1279 2733 perdoluit,
1311 2682 1414 2720 non
1441 2669 1767 2722 voluntatem
1807 2684 1954 2722 suam

2063 1841 2223 1896 modo
2252 1841 2381 1895 dicit
2425 1842 2586 1895 etiam
2620 1845 2878 1911 pr0plteta
2913 1844 3202 1899 Michaeas:
3233 1846 3481 1900 Indicabo
3526 1846 3635 1910 tibi,

2063 1952 2091 1987 o
2118 1936 2295 2001 homo,
2324 1935 2447 1999 quid
2487 1937 2553 1989 s’t
2595 1935 2779 1989 bonum
2808 1946 2854 1989 et
2894 1938 3016 2003 quid
3059 1937 3308 1992 Dominus
3354 1939 3574 2009 requirat
3606 1959 3637 1991 a

2060 2039 2106 2082 te
2126 2045 2143 2092 ;
2166 2029 2333 2095 utique
2350 2028 2518 2096 facere
2537 2027 2819 2098 judicium,
2845 2038 2889 2080 et
2920 2028 3134 2099 diligere
3161 2029 3562 2082 misericordiam
3591 2040 3637 2082 et

2058 2119 2333 2173 sollicitum
2373 2116 2639 2171 ambulare
2681 2133 2795 2170 cum
2838 2117 2944 2172 Deo
2990 2129 3077 2173 tuo
3121 2119 3319 2190 (Hich.
3350 2118 3452 2189 v1).
3502 2120 3634 2175 Dum

2061 2212 2210 2278 dicit,
2244 2220 2289 2264 ct
2333 2211 2459 2280 quid
2484 2208 2739 2264 Dominus
2763 2220 2956 2280 quierat
2982 2227 3013 2263 α
3037 2219 3103 2275 te,
3148 2212 3321 2282 utique
3340 2212 3507 2280 facere
3536 2216 3637 2285 juv

2062 2302 2275 2367 dicium,
2302 2309 2603 2370 promptam
2626 2302 2909 2356 exercendi
2939 2300 3065 2355 boni
3106 2302 3284 2371 operis
3305 2304 3634 2357 voluntatem

2064 2408 2169 2447 non
2201 2401 2529 2462 reposceret,
2552 2392 2596 2446 si
2620 2408 2723 2446 non
2747 2392 3006 2447 dedisset.
3037 2391 3196 2446 Vides
3221 2394 3342 2463 quia
3374 2394 3512 2449 sicut
3538 2393 3636 2450 Dei

2062 2495 2145 2539 est
2172 2493 2231 2539 ut
2262 2499 2562 2554 provocans
2587 2483 2922 2548 adhortetur,
2956 2483 3027 2536 ita
3058 2482 3375 2537 obedientia:
3405 2482 3634 2539 hominis

2064 2583 2393 2630 reservatum
2414 2585 2496 2629 est
2525 2582 2579 2627 ut
2606 2584 2879 2643 sequatur.

1280 2858 1753 2969 LIBER
1830 2855 2695 2967 SECUNDUS.

892 3018 1115 3075 CAPUT
1153 3018 1437 3075 PRIMUM.

379 3112 568 3169 Contra
588 3113 681 3167 hoc
700 3111 837 3181 quod
864 3112 1016 3179 impie
1040 3122 1269 3165 asserunt
1296 3130 1326 3165 a
1357 3113 1461 3167 Deo
1483 3114 1776 3167 induratum
1799 3114 1955 3181 [ltisie

918 3198 1004 3236 cor
1036 3182 1348 3236 Pharaonis.

455 3300 552 3354 llic
584 3313 801 3354 sensum
849 3297 1139 3367 Scriptura;
1166 3307 1364 3352 sancta:
1392 3297 1676 3353 sollicitius
1720 3311 1958 3366 perscru-

381 3408 576 3459 temur,
616 3401 669 3447 et
706 3391 1004 3461 objicientis
1046 3391 1282 3445 animum
1328 3390 1737 3452 confundamus,
1780 3400 1955 3444 utrum

380 3484 590 3538 Pharao
624 3483 831 3551 volens,
864 3497 933 3537 an
976 3481 1176 3536 invitus
1221 3495 1250 3534 a
1284 3481 1511 3535 Domino
1542 3480 1699 3535 fuerit
1741 3480 1957 3534 indura-

382 3589 485 3631 tus.
515 3575 572 3630 Si
598 3574 813 3641 volens,
843 3574 941 3644 ipsi
978 3573 1161 3642 utique
1189 3572 1401 3641 culpam
1437 3571 1801 3626 obdurationis
1828 3570 1958 3624 assi-

380 3682 543 3737 gnas;
590 3666 637 3721 si
681 3681 808 3722 vero
852 3666 1080 3730 invitus,
1126 3665 1459 3735 iniquitatem
1510 3664 1600 3718 Dei
1645 3662 1957 3717 obdurantis

381 3773 623 3814 accusas.
651 3758 779 3825 Quae
808 3758 968 3813 etiam
999 3756 1205 3826 justitia
1236 3764 1381 3821 erat,
1415 3756 1459 3809 si
1503 3770 1661 3824 quem
1704 3756 1816 3823 ipse
1856 3754 1954 3808 ob—

378 3851 701 3916 duraverat,
738 3849 852 3919 ipse
877 3848 1123 3919 puniret?
1153 3848 1282 3902 Cum
1313 3862 1441 3902 vero
1467 3846 1723 3902 Dominus
1746 3846 1861 3916 ipse
1889 3845 1955 3899 ad

381 3958 502 3997 eum
528 3942 779 4010 loquatur
800 3949 855 3996 et
879 3940 1055 3995 dicat:
1086 3938 1189 3993 Cur
1216 3955 1321 3993 non
1339 3939 1418 3993 vis
1438 3938 1690 3992 dimittere
1716 3938 1958 4007 populum

379 4036 583 4090 meum?
611 4033 687 4089 vel
716 4050 974 4105 usquequo
1001 4049 1105 4086 non
1131 4034 1204 4086 vis
1237 4032 1422 4105 subjici
1447 4032 1568 4085 mihi
1596 4029 1793 4103 (Exod.
1824 4029 1958 4098 vn)?

380 4144 506 4184 ecce
538 4128 624 4182 ubi
666 4126 859 4182 divinis
898 4124 1214 4181 testimoniis
1253 4126 1472 4180 lberam
1515 4124 1680 4179 fuisse
1729 4124 1781 4177 in
1823 4121 1957 4176 Pha-

381 4232 546 4273 raone
578 4216 917 4286 agnoscimus
952 4216 1301 4271 voluntatem.
1344 4216 1455 4271 llac
1484 4218 1692 4270 ratione
1724 4216 1957 4269 Pharao.

380 4324 534 4375 nem,
568 4308 697 4363 dicit
729 4308 1013 4373 Dominus,
1057 4307 1358 4370 obdurabo,
1404 4307 1531 4361 dum
1564 4321 1687 4361 eum
1727 4305 1858 4358 mihi
1904 4304 1955 4357 in

1980 3030 2028 3092 ο
2056 3018 2218 3073 dicit:
2257 3001 2526 3070 obduravit
2567 3033 2653 3071 cor
2690 3033 2871 3083 suum,
2914 3032 3019 3073 non
3067 3019 3334 3088 passivum
3383 3030 3499 3087 est,
3540 3022 3633 3076 sed

2059 3113 2310 3166 activum.
2343 3110 2430 3163 Vis
2459 3110 2598 3164 scire
2624 3108 2746 3178 quia
2775 3109 2951 3163 divina
3000 3111 3367 3165 moderatione
3405 3112 3476 3167 ob
3508 3126 3632 3168 cau-

2059 3218 2172 3259 sam
2213 3203 2474 3257 indurata;
2520 3205 2712 3256 mentis
2754 3204 3041 3270 Operatur?
3081 3203 3220 3259 Idem
3268 3206 3383 3273 Ipse
3426 3204 3634 3259 Pharao

2062 3298 2114 3352 in
2147 3298 2331 3352 decem
2381 3295 2549 3367 plagis
2595 3294 2798 3364 positus
2840 3311 2960 3350 cum
2991 3304 3380 3365 percuteretur,
3422 3298 3635 3368 mitiga-

2060 3392 2247 3454 batur;
2280 3405 2400 3443 cum
2448 3392 2741 3451 laxaretur,
2774 3388 3167 3457 ingravabatur.
3204 3394 3281 3444 Ae
3321 3391 3368 3444 si
3416 3393 3635 3459 impium

2058 3484 2234 3536 divina
2266 3481 2527 3536 severitas
2558 3480 2879 3546 inclinabat,
2906 3481 3115 3536 bonitas
3141 3481 3433 3537 obdurabat
3451 3524 3465 3548 ,
3494 3493 3548 3538 et
3577 3494 3635 3539 ut

2057 3589 2116 3628 se
2144 3588 2265 3628 esse
2306 3570 2463 3625 liberi
2505 3570 2715 3625 arbitrii
2744 3569 3165 3637 demonstraret,
3208 3574 3498 3642 castigante
3528 3574 3635 3628 Deo

2059 3666 2309 3735 populum
2358 3663 2695 3726 dimittebat,
2736 3672 2987 3731 parcente
3026 3663 3331 3718 revocabat.
3382 3666 3633 3735 PerSpice

2058 3755 2324 3825 quomodo
2350 3755 2605 3810 rebellem
2634 3755 2877 3824 spiritum
2904 3754 3139 3811 caelestis
3168 3758 3355 3813 lenitas
3381 3760 3632 3815 obdurat.

2058 3851 2455 3907 Accedentibus
2501 3851 2802 3905 mitioribus
2856 3858 2913 3904 et
2954 3850 3176 3919 ﬂagellis
3221 3854 3522 3908 recentibus
3552 3855 3634 3908 in-

2059 3942 2298 3998 soleseit.
2353 3945 2599 4011 Agnosco
2658 3944 2920 3996 rationem
2977 3942 3378 4011 obdurationis,
3427 3957 3480 4000 et
3527 3948 3633 4001 vim

2059 4033 2287 4103 propriae
2312 4032 2619 4087 voluntatis.
2646 4032 2924 4086 Hebraeum
2954 4032 3209 4101 populum
3230 4075 3244 4099 ,
3274 4050 3432 4103 quem
3453 4038 3633 4101 egredi

2058 4139 2156 4195 pro
2192 4124 2438 4194 imposita
2480 4122 2581 4176 sibi
2611 4121 2931 4176 contritione
2969 4136 3110 4175 nunc
3154 4124 3418 4193 praecipit,
3447 4136 3500 4179 et
3538 4141 3633 4195 pro

2058 4213 2331 4284 plagarum
2359 4211 2727 4267 moderatione
2758 4225 2897 4266 nunc
2925 4210 3209 4281 prohibet,
3235 4211 3299 4266 ad
3330 4221 3629 4271 extremum

2060 4306 2486 4361 incumbentibus
2533 4304 2701 4376 plagis
2767 4304 2929 4359 etiam
2994 4302 3216 4359 festinus
3270 4312 3522 4375 perurget
3577 4318 3634 4362 et

377 4404 565 4457 decem
610 4400 798 4470 plagis,
831 4415 963 4469 quas
992 4414 1021 4451 a
1062 4398 1243 4467 Moyse
1279 4408 1530 4452 exoratus
1564 4412 1835 4458 removeo,
1871 4397 1949 4448 iu-
1982 4402 2035 4462 D
2058 4398 2213 4452 abire
2249 4396 2540 4465 compellit.
2586 4395 2701 4450 Non
2750 4410 2878 4465 ergo
2914 4393 3191 4449 induratur
3232 4394 3284 4448 in
3325 4395 3491 4451 multa
3537 4396 3631 4453 Dei

378 4495 581 4550 sultare
615 4494 886 4561 permitto.
932 4488 1074 4559 Ego,
1124 4488 1325 4556 inquit,
1369 4487 1631 4540 obdurabo
1674 4503 1762 4539 cor
1796 4485 1952 4543 Plia-

379 4586 571 4640 raonis.
593 4585 682 4639 Sic
708 4582 971 4637 interdum
1005 4580 1338 4634 familiariter
1358 4580 1518 4634 etiam
1546 4579 1682 4649 apud
1708 4579 1952 4633 homines

382 4677 535 4745 hujus
563 4673 881 4730 elocutionis
909 4672 1017 4726 vim
1045 4672 1387 4734 assumimus,
1414 4672 1492 4725 sic
1523 4669 1788 4724 interdum
1816 4684 1949 4723 con-

381 4766 677 4821 tumacibus
702 4763 915 4817 famulis
953 4764 1334 4831 exprobramm
1364 4762 1820 4816 mansuetudinem
1855 4777 1950 4814 no-

377 4870 564 4922 stram,
593 4859 663 4910 ita
692 4856 968 4909 dicentes:
1007 4855 1114 4923 Ego
1147 4853 1393 4921 patientia
1427 4868 1542 4907 inea
1575 4864 1625 4907 te
1654 4853 1945 4921 pessimum

380 4948 504 5012 feci,
540 4963 638 5018 ego
663 4948 975 5002 remissione
1016 4963 1130 4999 mea
1160 4948 1411 4999 malitiam
1443 4954 1582 4998 tuam
1615 4943 1947 5014 superbiam-

378 5055 477 5107 que
519 5040 750 5105 nutrivi,
796 5053 895 5108 ego
938 5047 987 5092 te
1036 5048 1404 5091 contumacem
1459 5036 1782 5105 indulgentia
1828 5049 1945 5088 mea

380 5130 614 5194 reddidi,
639 5144 737 5198 ego
761 5128 1185 5183 dissimulatione
1212 5141 1327 5180 mea
1350 5141 1442 5180 cor
1473 5136 1620 5180 tuum
1639 5167 1655 5194 ,
1685 5136 1740 5180 ut
1764 5134 1946 5181 contra

379 5234 462 5272 me
502 5218 796 5273 obduretur
832 5218 1085 5271 animavi.
1115 5216 1183 5272 Et
1221 5217 1322 5270 hoc
1348 5215 1508 5270 modo
1539 5217 1681 5286 quod
1711 5218 1946 5271 bonitate

380 5307 585 5363 Domini
608 5310 818 5363 virtutis
841 5318 924 5364 est
948 5308 1332 5373 testimonium,
1359 5308 1411 5361 in
1438 5309 1578 5363 servi
1606 5308 1946 5377 improbitate

380 5402 437 5455 lit
462 5403 666 5456 vitium.
692 5403 779 5455 Ait
805 5411 978 5456 autem
1011 5416 1189 5456 sermo
1217 5401 1426 5456 divinus
1451 5419 1461 5453 :
1500 5401 1778 5475 Videasque
1804 5399 1947 5453 Plia-

380 5508 469 5545 rao
497 5509 556 5546 eo
594 5494 732 5564 quod
770 5498 890 5545 data
933 5500 1059 5547 esset
1098 5494 1319 5562 requies,
1356 5493 1639 5563 ingravavit
1681 5510 1767 5547 cor
1796 5511 1945 5549 suum

380 5582 575 5655 (Exod.
597 5586 738 5655 vut).
767 5585 1192 5641 Mauilestissime
1220 5587 1321 5641 hoc
1359 5587 1474 5641 loco
1502 5586 1703 5640 indulta
1735 5589 1948 5655 requies

360 5686 473 5730 .cor
500 5674 789 5734 Pharaonis
814 5676 1089 5733 indurasse
1108 5677 1475 5757 perscribitur.
1503 5677 1614 5732 lluc
1633 5677 1775 5732 enim
1803 5677 1943 5746 (ιιιοά

2057 4490 2325 4559 potentia,
2355 4487 2451 4543 sed
2479 4495 2818 4557 contemptor
2843 4486 3074 4544 efﬁcitur
3114 4489 3164 4542 in
3208 4488 3368 4542 multa
3406 4488 3499 4545 Dei
3538 4505 3630 4560 pa-

2054 4578 2258 4634 tientia.
2312 4578 2552 4646 Denique
2598 4579 2743 4632 inter
2794 4580 3028 4632 alternas
3076 4578 3221 4633 vices
3269 4580 3631 4649 castigationis

2056 4681 2109 4726 et
2137 4670 2469 4725 remissionis
2508 4669 2803 4739 ﬂagellato»;
2835 4669 3167 4734 humiliatur,
3199 4671 3482 4727 exauditus
3518 4673 3624 4728 eri-

2055 4764 2229 4832 gitur,
2283 4762 2539 4816 liberatus
2591 4759 2841 4824 insultat,
2887 4758 3116 4814 afﬂictus
3162 4760 3523 4833 obiemperat,
3575 4773 3629 4819 et

2055 4854 2194 4909 lilios
2238 4853 2558 4909 Israeliticos
2588 4862 2706 4922 post
2731 4851 2994 4906 decimam
3027 4851 3232 4921 plagam
3263 4855 3505 4909 emisisse
3532 4869 3627 4909 co-

2053 4948 2345 5018 gnoscitur.
2373 4946 2438 5000 ad
2468 4947 2691 5014 primam
2720 4959 2839 4999 cum
2872 4944 3117 4998 emittere
3161 4944 3397 5013 pomisse
3437 4946 3628 5000 volun-

2056 5050 2133 5092 tas
2170 5047 2435 5106 postrema
2468 5044 2713 5090 testatur.
2757 5036 2821 5089 Et
2847 5049 2969 5089 eum
3002 5035 3141 5089 inter
3192 5035 3397 5089 medias
3442 5051 3627 5091 corre-

2055 5130 2267 5198 ptiones
2294 5129 2609 5196 proliteatur
2638 5143 2652 5179 :
2693 5124 2873 5180 Justus
2912 5141 2984 5193 es,
3018 5124 3266 5190 Domine;
3306 5142 3397 5195 ego
3426 5143 3542 5181 vero
3580 5140 3627 5183 et

2053 5220 2270 5292 p0pulus
2300 5236 2439 5273 meus
2468 5219 2614 5287 impii
2644 5217 2840 5289 (Exod.
2871 5219 2982 5289 ιχ),
3030 5233 3135 5274 non
3165 5233 3225 5274 se
3251 5233 3280 5272 a
3310 5219 3443 5283 Deo,
3475 5219 3568 5274 sed
3595 5234 3627 5275 ι

2050 5310 2323 5364 voluntate
2350 5309 2566 5379 propria
2592 5308 2937 5377 depravatum
2961 5308 3307 5365 conscientiae
3335 5323 3446 5362 suae
3474 5310 3627 5365 testis

2048 5401 2317 5456 ostendit:
2350 5410 2404 5455 et
2430 5410 2485 5456 tu
2516 5401 2682 5456 Deum
2729 5401 2872 5455 circa
2918 5400 3247 5455 PharaOnem
3294 5398 3487 5453 durum
3538 5402 3624 5457 vel

2048 5495 2285 5564 iniquum
2338 5495 2501 5550 fuisse
2543 5497 2824 5566 prtesumis
2867 5508 3134 5558 asserere,
3177 5507 3335 5561 quem
3380 5494 3520 5549 circa
3561 5510 3621 5551 se

2042 5585 2245 5656 justum
2270 5595 2323 5642 et
2348 5588 2492 5657 pium
2522 5588 2638 5658 ipse
2666 5588 2953 5657 sacrilegus
2986 5598 3093 5640 non
3125 5585 3293 5654 potuit
3319 5586 3624 5658 abnegaret

2046 5679 2311 5735 lmmitem
2359 5680 2523 5736 Deum
2568 5680 2836 5736 Christum
2885 5692 3005 5734 esse
3054 5676 3421 5747 consequitur,
3463 5695 3619 5751 quem
