4002 6188
357 266 452 322 3Ιῆ

1573 259 1627 313 S.
1676 258 1916 316 FAUS'I‘I
1959 260 2357 317 RIlEClENSlS

3505 268 3613 328 816

351 377 490 445 pium
524 372 680 429 etiam
729 374 919 445 impius
951 372 1252 426 conﬁtetur.
1290 370 1400 425 lloc
1437 384 1565 439 ergo
1608 371 1716 440 agit
1749 371 1799 423 in
1834 371 1927 422 lto-
1959 373 2003 431 Α
2033 374 2154 441 gine
2186 373 2469 429 voluntatis
2518 376 2760 432 humanae
2807 392 2973 448 genus
3004 381 3354 450 prtescieutiae
3401 384 3618 443 deriva-

351 469 583 529 minihus
616 468 850 522 crelestis
882 463 1268 521 misericordia:
1311 461 1666 530 dispensatio,
1701 461 1842 530 quod
1877 462 1927 513 in

352 560 508 614 terris
541 559 730 628 pluvia:
760 556 1186 629 supervenientis
1218 553 1425 607 inlusio.
1450 570 1464 607 :
1488 552 1553 607 ad
1597 552 1799 622 copiosi
1827 553 1931 608 itu-

351 650 460 701 bris
514 650 760 715 illap-um
804 647 977 700 cultus
1024 655 1076 699 et
1131 645 1393 698 edomitus
1437 657 1626 711 cespes
1674 642 1932 712 multipli-

351 754 500 796 catur
538 743 834 811 germinn-n
885 740 1106 801 fetibus;
1142 754 1324 791 verum
1369 737 1598 793 incultus
1635 745 1688 793 et
1737 736 1932 791 crudus

351 835 627 889 inutilibus
674 834 853 889 herbis
894 834 1147 900 repletur,
1180 843 1233 886 et
1272 832 1536 896 sentlbus,
1570 846 1633 885 ac
1673 832 1751 886 sic
1796 847 1933 887 unus

350 929 599 997 idemque
638 927 807 980 imber
844 926 974 979 duas
1020 940 1107 979 res
1149 924 1389 977 diversas
1432 931 1590 991 atque
1638 923 1934 977 contrarias

352 1022 365 1090 i
394 1032 496 1074 :xta
529 1021 751 1074 culturtc
781 1028 864 1071 aut
898 1015 1131 1072 studium
1161 1024 1433 1084 operatur,
1464 1024 1551 1067 aut
1582 1012 1790 1070 vitium.
1819 1012 1929 1067 Sic-

353 1121 410 1164 nt
457 1111 681 1177 legimus
731 1128 743 1162 :
788 1108 946 1163 Terra
994 1108 1127 1160 enim
1174 1121 1307 1175 srepe
1366 1106 1640 1158 venientem
1693 1122 1843 1171 super
1883 1122 1935 1159 se

354 1202 520 1255 bibens
547 1202 772 1265 imbrem,
807 1208 851 1252 et
881 1215 1124 1268 generatis
1145 1197 1348 1248 herbam
1375 1211 1747 1265 opportunam,
1780 1194 1881 1249 illis
1904 1212 1934 1246 η

355 1293 532 1358 quibus
563 1293 766 1354 colitur,
797 1290 977 1359 accipit
1013 1290 1404 1342 benedictionem
1435 1304 1467 1339 a
1498 1286 1623 1341 Deo.
1656 1285 1934 1354 Profcrens

355 1398 521 1441 autem
545 1386 720 1454 spinas
748 1400 806 1436 ac
833 1383 1046 1436 tribulos
1073 1386 1287 1447 reprobo
1322 1390 1393 1433 est
1422 1390 1467 1434 et
1499 1379 1787 1432 maledictio
1818 1394 1937 1447 pro-

356 1483 522 1546 rima,
553 1483 703 1553 cujus
730 1479 1096 1533 consummatio
1126 1478 1178 1529 in
1203 1476 1595 1530 combustionem
1626 1474 1812 1545 (Hebr.
1838 1474 1932 1545 vt).

357 1583 600 1647 Agnosce
628 1586 823 1630 terram
853 1575 951 1628 sub
991 1589 1097 1627 uno
1128 1571 1425 1639 eodemque
1457 1570 1627 1625 imhre
1656 1586 1797 1624 nunc
1827 1570 1935 1638 spi-

357 1685 450 1723 nas
479 1679 532 1723 et
563 1667 789 1723 tribulos
829 1665 1249 1734 germinantem,
1284 1678 1423 1718 nunc
1471 1663 1672 1719 fructus
1715 1662 1937 1719 benedi—

2036 476 2140 517 tur.
2170 464 2273 520 Sed
2301 476 2358 520 ut
2389 467 2549 533 ali.,ui
2590 468 2927 538 cogitationis
2967 486 3077 525 sua:
3119 472 3378 545 pravitate
3413 474 3617 531 ducan-

2037 564 2143 619 tur,
2169 566 2220 609 et
2254 568 2402 610 aetus
2441 570 2565 610 suos
2596 558 2645 611 in
2680 561 3006 627 tumscientia
3044 563 3312 623 aestiment
3344 564 3618 634 inchoari,

2039 654 2136 707 hoc
2181 654 2246 711 de
2295 655 2512 723 proprio
2555 656 2721 710 animi
2771 658 2930 722 vitio,
2977 658 3079 713 hoc
3124 659 3192 717 de
3240 660 3620 725 inemendabili

2037 742 2392 799 obstinatione
2443 745 2720 814 procedit,
2773 749 2899 805 dum
2962 748 3218 807 simulant
3278 751 3623 819 passionibus

2039 839 2320 907 reluctari,
2353 850 2406 895 et
2444 849 2629 909 putant
2672 855 2729 896 se
2758 856 2863 897 non
2906 856 3065 909 posse
3101 841 3242 912 quod
3275 843 3489 903 nolunt.
3520 843 3623 903 Lee

2038 947 2155 1002 gem
2196 932 2380 987 dicunt
2426 946 2547 987 esse
2599 932 2945 993 immutabili-
2995 932 3123 988 mali
3175 933 3622 997 consuetudinem

2038 1022 2401 1095 delinquendi.
2431 1022 2535 1078 Sed
2578 1021 2754 1076 adhuc
2790 1023 2923 1081 dicis
2959 1022 3083 1093 quia
3126 1036 3292 1093 opera
3327 1038 3390 1083 ac
3434 1024 3625 1083 volun-

2043 1124 2176 1173 tates
2207 1114 2503 1178 hominum,
2532 1113 2599 1168 de
2629 1121 2759 1173 nutu
2784 1124 2838 1171 et
2866 1113 3096 1182 impulsu
3129 1114 3483 1183 praeseicntiaa
3513 1129 3624 1171 ca:-

2042 1206 2188 1261 lestis
2237 1206 2512 1273 incipiant.
2564 1205 2677 1265 Non
2724 1206 2797 1262 ita
2841 1216 2945 1269 eat.
2988 1206 3103 1269 lloc
3153 1207 3328 1277 potius
3368 1221 3625 1279 agnosce,

2041 1297 2181 1366 quod
2213 1298 2540 1367 pratscientia
2570 1297 2662 1352 Dei
2689 1298 2756 1352 de
2785 1299 3003 1359 materia
3033 1298 3385 1359 humanorum
3412 1308 3627 1357 actuum

2043 1397 2214 1443 sumat
2252 1388 2553 1442 exordium.
2585 1389 2720 1456 Quid
2751 1388 2817 1443 de
2858 1388 3012 1445 nobis
3041 1389 3296 1457 prrescirc
3324 1403 3386 1445 ac
3426 1404 3627 1458 prator-

2043 1479 2230 1534 dinare
2258 1479 2449 1534 debeat
2490 1479 2651 1547 Deus,
2682 1488 2940 1548 quantum
2974 1478 3211 1548 pertinet
3242 1476 3309 1533 ad
3355 1477 3626 1544 itt'urum,

2045 1573 2097 1627 in
2153 1569 2395 1641 profectu
2454 1569 2685 1625 hominis
2740 1568 3055 1641 defectuque
3111 1569 3379 1625 consistit.
3430 1569 3628 1638 Accipe

2050 1662 2179 1721 illud
2219 1662 2549 1741 exemplum,
2591 1678 2696 1741 quo
2745 1660 3076 1731 prmscientia
3122 1662 3212 1715 Dei
3258 1676 3355 1730 pro
3398 1661 3629 1721 humana

360 1762 628 1817 ctionibus
659 1760 880 1816 idoneos
924 1760 1311 1829 proferentem.
1361 1759 1561 1813 Eodem
1608 1759 1767 1814 modo
1812 1759 1936 1813 dum
1970 1750 2019 1810 B
2045 1768 2103 1807 se
2133 1754 2340 1806 actione
2371 1736 2655 1807 convertit.
2687 1753 2764 1807 Ad
2795 1752 3202 1807 decumbentem
3235 1750 3517 1807 Ezechism
3544 1766 3631 1808 res

357 1852 721 1908 misericordia
778 1852 871 1906 Dei
924 1860 1202 1920 exspectat
1255 1862 1307 1905 et
1363 1851 1566 1919 parcit,
1623 1849 1937 1905 emendatur

359 1944 631 2010 obedienc,
662 1943 955 1997 obduratur
986 1942 1344 2010 impmnitens.

976 2053 1205 2108 CAPUT
1247 2054 1308 2108 ll.

360 2150 510 2212 Quod
541 2150 862 2219 pra’scientia
899 2148 996 2222 Dei
1039 2166 1128 2203 nec
1156 2152 1223 2203 ad
1244 2154 1420 2222 justa,
1461 2168 1549 2205 nec
1586 2157 1657 2209 ad
1682 2155 1941 2208 contraria

622 2222 869 2273 humanas
896 2219 1143 2273 violenter
1168 2219 1343 2291 urgeat
1368 2222 1671 2279 ro.’untates.

431 2310 822 2364 Pi-rcscientiam
856 2319 911 2367 et
938 2309 1457 2379 pratdestinatiuncrn
1487 2314 1580 2368 Dei
1610 2315 1748 2371 male
1780 2317 1941 2371 intel-

361 2404 531 2464 ligunt
590 2414 892 2458 astruentes
950 2404 1092 2473 quod
1142 2405 1266 2461 inde
1317 2408 1672 2465 humanorum
1726 2422 1939 2467 actuum

361 2511 519 2549 causa
569 2508 837 2550 nascatur.
882 2496 1115 2553 Primum
1157 2500 1281 2567 quid
1326 2517 1388 2556 ex
1437 2519 1542 2574 quo
1590 2506 1817 2576 pendeat
1858 2510 1939 2565 vel

359 2587 643 2654 procedat,
680 2588 981 2655 perspicere
1012 2590 1293 2647 debemus.
1319 2594 1433 2649 Non
1469 2612 1745 2668 propterea
1783 2602 1941 2657 homo

360 2678 711 2748 quodcunque
766 2676 1003 2735 facturus
1055 2690 1171 2753 est,
1233 2687 1355 2753 quia
1399 2703 1519 2741 eum
1572 2700 1819 2745 coactura
1874 2696 1943 2749 sit

361 2774 691 2842 prmscienlis
744 2775 1064 2842 auctoritas,
1113 2780 1205 2832 sel
1256 2780 1422 2848 m'gis
1472 2782 1577 2836 Deo
1628 2784 1941 2852 praescicndi

359 2864 551 2933 ingerit
586 2865 900 2933 qualitatem
936 2865 1155 2921 libertas
1199 2870 1429 2937 prresciti
1475 2872 1706 2929 hominis
1751 2889 1814 2929 ac
1845 2891 1941 2930 vo-

360 2954 553 3007 luntas.
588 2954 728 3023 Ergo
760 2969 862 3007 non
893 2954 959 3009 de
987 2956 1239 3011 violentia
1285 2961 1611 3028 prmvirlendi
1654 2964 1944 3034 imponitur

360 3044 563 3098 homini
602 3060 761 3099 causa
804 3046 1092 3112 peccandi,
1130 3049 1222 3102 sed
1256 3052 1422 3121 magis
1463 3052 1532 3107 de
1575 3060 1943 3111 consecuturis

361 3137 635 3188 hominum
671 3135 875 3189 meritis
902 3136 1036 3189 ordo
1065 3138 1306 3193 exoritur
1342 3144 1730 3207 prmnosccndi.
1760 3146 1939 3201 Gene-

360 3226 484 3279 ralis
522 3225 700 3293 itaque
728 3226 1093 3293 praescientia,
1132 3243 1250 3296 quae
1277 3230 1344 3284 de
1375 3241 1511 3286 statu
1560 3236 1741 3289 mundi
1777 3239 1942 3294 totius

360 3314 497 3383 apud
536 3315 703 3368 Deum
736 3323 943 3381 manet,
979 3316 1044 3370 de
1087 3320 1323 3387 potentia
1374 3324 1630 3389 nascitur,
1661 3326 1755 3380 sed
1800 3329 1940 3384 circa

361 3415 558 3460 statum
598 3405 830 3460 hominis
869 3406 1149 3475 qualitates
1187 3416 1242 3463 et
1288 3411 1492 3479 species
1538 3419 1939 3483 praenoscendi,

364 3498 432 3552 de
479 3498 694 3552 humani
738 3505 889 3552 actus
939 3500 1269 3569 inspectione
1316 3514 1607 3561 mutuatur.
1653 3508 1757 3563 Sed
1804 3512 1942 3566 inter

366 3590 500 3654 ista,
544 3591 653 3647 Deo
685 3592 975 3660 respondes
1023 3605 1077 3648 et
1116 3594 1249 3649 dicis
1276 3614 1287 3649 :
1318 3596 1361 3651 Ο
1392 3599 1642 3667 Domine,
1675 3606 1942 3672 quomodo

363 3682 557 3737 bonum
585 3682 988 3753 apprehendere
1010 3686 1183 3753 valui,
1215 3704 1371 3756 quem
1403 3697 1457 3743 tu
1486 3694 1678 3747 malum
1711 3696 1942 3753 futurum

361 3789 482 3829 esse
527 3775 825 3843 praascisti?
877 3790 983 3830 non
1034 3777 1104 3831 ita
1150 3788 1251 3833 est.
1297 3779 1453 3834 Aliud
1508 3792 1591 3836 est
1640 3786 1780 3853 quod
1835 3787 1946 3842 vult

362 3866 533 3928 Deus,
585 3865 725 3918 aliud
771 3874 853 3919 est
897 3866 1041 3936 quod
1082 3870 1344 3938 permittit
1386 3871 1548 3926 Deus.
1597 3874 1717 3929 Vult
1766 3878 1945 3948 itaque

361 3959 557 4013 bonum
576 3998 590 4022 ,
616 3968 668 4013 et
688 3961 947 4027 permittit
968 3963 1187 4028 malum,
1215 3968 1428 4037 prtescit
1459 3978 1776 4041 utrumque:
1803 3975 1944 4044 iusta

361 4048 599 4105 bonitate
640 4051 885 4121 adjuvat,
930 4053 1126 4123 injusta
1158 4072 1255 4126 pro
1284 4061 1487 4117 arbitrii
1535 4065 1781 4122 libertate
1827 4084 1945 4137 per-

362 4139 543 4193 mittit.
589 4138 664 4196 De
713 4156 812 4197 suo
853 4152 935 4197 est
971 4145 1111 4215 quod
1157 4146 1249 4201 dat
1297 4151 1521 4221 gratiam
1546 4194 1560 4217 ,
1589 4155 1655 4209 de
1689 4167 1776 4210 tuo
1804 4159 1943 4223 quod

364 4231 649 4295 pramoscit
678 4230 957 4288 offensam.
995 4234 1059 4290 Et
1105 4237 1228 4292 inde
1258 4248 1341 4295 est
1368 4243 1508 4311 quod
1554 4245 1695 4299 circa
1736 4247 1944 4316 iniquos

363 4320 749 4377 incessabiliter
776 4323 1045 4380 invenitur
1072 4328 1358 4396 prohibere
1380 4346 1499 4400 quae
1524 4334 1775 4401 providit.
1802 4336 1942 4394 Nun-

362 4430 521 4483 quam
553 4432 711 4485 prava
744 4417 1016 4474 hominum
1046 4414 1565 4492 studia‘prmciperet
1611 4428 1677 4481 ad
1723 4431 1943 4486 meliora

362 4508 629 4573 converti,
661 4511 701 4561 si
734 4523 795 4562 ea
841 4509 1002 4565 sciret
1033 4524 1138 4563 non
1182 4525 1338 4581 posse
1371 4517 1597 4581 mutari;
1626 4528 1682 4572 et
1713 4519 1832 4575 ideo
1861 4537 1946 4577 re-

366 4595 646 4662 spondebit
676 4598 767 4651 tibi
816 4612 1205 4669 consequenter
1260 4604 1438 4658 divina
1494 4610 1827 4675 providentia
1859 4617 1947 4669 :0

371 4681 543 4745 homo,
600 4701 703 4738 non
748 4696 797 4740 te
830 4691 987 4744 talem
1040 4691 1139 4746 feci
1191 4695 1400 4763 qualem
1454 4707 1502 4753 te
1553 4699 1787 4757 futurum
1827 4720 1948 4761 esse

366 4778 629 4846 prmseivi.
657 4780 857 4835 Bonum
882 4790 934 4836 te
963 4798 1059 4851 pro
1084 4776 1304 4853 iustitiae
1332 4805 1461 4843 mea:
1490 4794 1604 4862 lege
1636 4795 1877 4862 formavi,
1896 4807 1950 4853 et

365 4884 434 4923 ne
455 4870 649 4925 malum
668 4875 967 4941 sequereris
986 4875 1257 4940 admunui,
1284 4881 1479 4933 malum
1507 4895 1556 4937 te
1581 4899 1675 4952 pro
1693 4900 1948 4942 consecu-

367 4976 485 5019 tura
515 4967 841 5021 voluntatum
870 4976 1079 5022 tuarum
1111 4969 1387 5039 iniquitate
1426 4977 1666 5044 praevidi.
1703 4978 1803 5033 Ubi
1839 4995 1942 5033 non

366 5061 685 5129 compulsio,
710 5063 804 5118 sed
836 5067 1118 5119 Consensiu
1154 5069 1409 5135 peccandi
1442 5070 1865 5138 deprehenditur
1895 5074 1945 5127 in

364 5153 613 5222 querela;
651 5167 755 5207 non
788 5163 994 5219 auctor,
1028 5156 1119 5209 scd
1154 5160 1532 5224 prtcvaricator
1570 5161 1621 5214 in
1654 5161 1806 5230 culpa
1843 5174 1943 5216 est.

363 5246 417 5299 Si
446 5244 512 5299 ad
543 5245 824 5311 factorem,
859 5246 1054 5317 inquit,
1091 5266 1121 5302 o
1149 5250 1329 5313 homo,
1363 5252 1599 5320 respicit,
1633 5254 1802 5307 bonus
1828 5267 1948 5309 esse

368 5335 607 5404 potuisti,
636 5336 680 5392 si
711 5338 775 5392 ad
809 5339 1244 5408 praecognitorem
1267 5386 1281 5410 ,
1316 5352 1369 5396 tu
1417 5358 1499 5397 me
1544 5357 1636 5408 pro
1670 5353 1941 5413 gestorum

368 5437 579 5483 tuorum
617 5430 807 5485 ordine
836 5439 891 5484 ut
921 5429 988 5484 de
1029 5442 1078 5483 te
1127 5432 1321 5485 malum
1370 5448 1758 5501 pmnoscerem
1800 5449 1947 5489 com-

367 5526 565 5594 pulisti.
605 5528 710 5583 Sed
759 5528 986 5583 revolvis
1031 5538 1081 5582 et
1128 5527 1300 5582 dicis:
1337 5530 1668 5597 praescientia
1713 5540 1767 5584 et
1810 5546 1944 5599 ιιι-ωε

364 5617 647 5671 destinatio
713 5619 1063 5674 humanorum
1127 5631 1339 5675 actuum
1397 5633 1558 5690 atque
1622 5622 1939 5677 meritorum

368 5706 593 5778 priuﬁgit
630 5718 683 5762 et
709 5712 905 5764 exciuit
935 5725 1137 5766 causas.
1172 5711 1284 5766 Non
1316 5713 1385 5768 ita
1413 5723 1520 5779 est,
1554 5714 1719 5783 magis
1747 5713 1813 5770 de
1840 5716 1940 5769 ori-

2042 1859 2162 1913 gem
2221 1859 2363 1898 mors
2421 1843 2657 1898 defertur
2702 1844 2753 1896 in
2809 1843 2973 1896 verbo
3020 1840 3190 1906 tristi,
3232 1841 3367 1896 vatis
3412 1839 3632 1903 veridici

2043 1934 2353 1989 annuntiata
2410 1949 2666 2003 responso
2718 1935 2786 1987 ita
2849 1934 3121 1991 dicentis:
3168 1932 3366 1986 Ordine
3419 1932 3632 1987 domum

2046 2040 2212 2097 tuam,
2244 2045 2361 2082 nam
2391 2044 2503 2082 cras
2529 2028 2757 2081 morieris
2790 2026 2838 2098 (1
2868 2026 2996 2098 Reg.
3028 2024 3169 2096 XIX).
3202 2025 3272 2083 At
3301 2025 3389 2080 ille
3416 2039 3631 2089 conver-

2043 2133 2135 2172 sus
2177 2118 2242 2171 ad
2275 2119 2491 2184 ﬂetum,
2519 2118 2783 2173 ordinavit
2812 2117 3026 2172 domum
3060 2132 3242 2183 suam,
3276 2116 3399 2187 quia
3448 2116 3632 2173 humi-

2043 2211 2190 2266 liavit
2238 2213 2469 2266 animam
2523 2226 2695 2265 suam.
2750 2210 3013 2278 i‘rOpheta
3065 2208 3281 2281 quidem
3334 2207 3632 2277 explorata:

2044 2302 2342 2357 sanctitatis
2387 2302 2655 2371 agnoscit,
2706 2301 2799 2355 sed
2831 2300 3136 2371 desperatio
3185 2313 3280 2369 spe
3328 2299 3630 2369 repellitur.

2047 2395 2233 2450 Oratio
2265 2393 2534 2451 interdicit
2563 2392 2809 2457 oraculo,
2849 2392 3065 2447 resolVit
3107 2391 3411 2460 drprecatio
3440 2389 3633 2451 deﬁni-

2058 2488 2296 2542 tionem:
2332 2485 2462 2540 ﬁdes
2505 2485 2662 2556 plena
2708 2483 2840 2545 dicti
2895 2492 3111 2551 superat
3162 2482 3463 2541 veritatem.
3511 2480 3632 2537 Ine.

2046 2578 2314 2633 vitabilem
2344 2576 2671 2631 denuntiata:
2704 2575 2890 2630 mortis
2919 2588 3132 2629 causam
3171 2587 3409 2630 extrema
3464 2573 3630 2637 vincit

2044 2668 2289 2725 deﬂentis
2321 2669 2622 2724 inﬁrmitas.
2658 2667 2914 2723 Humiliat
2959 2682 3018 2723 se
3065 2665 3324 2741 fragilitas
3361 2665 3629 2739 humana,

2044 2768 2097 2813 et
2124 2760 2226 2813 vim
2259 2758 2542 2829 quamdam
2569 2759 2765 2829 patitur
2800 2758 2979 2819 divina
3013 2761 3303 2821 sententia.
3334 2757 3486 2823 Sicut
3515 2759 3628 2823 ait:

2047 2851 2278 2923 Regnum
2316 2849 2556 2905 calorum
2596 2850 2697 2907 vim
2734 2850 2926 2921 patitur
2964 2847 3183 2916 (Matth.
3212 2847 3311 2919 ιι).
3346 2848 3629 2903 Οιηηίηιοο

2045 2943 2127 2997 dis
2156 2942 2446 2997 moriturus
2477 2940 2687 3005 fuisset,
2713 2941 2813 2995 nisi
2840 2941 3058 2995 territus
3081 2939 3454 3009 Supplicasset.
3481 2939 3630 3008 Elige

2047 3047 2222 3090 utrum
2274 3036 2436 3100 velis,
2482 3045 2573 3090 aut
2626 3035 2899 3105 prmﬁxam
2954 3033 3330 3099 “eccasitatem
3374 3031 3631 3088 conﬁtere

1972 3115 2015 3178 Ε
2048 3138 2325 3193 mutatam,
2352 3137 2445 3184 aut
2472 3128 2750 3184 veritatem
2779 3128 3042 3183 convince
3071 3127 3373 3191 mentitam.

2679 3263 2905 3318 CAPUT
2944 3264 3005 3317 Ill

2201 3375 2336 3442 Quia
2362 3376 2505 3429 aliud
2530 3384 2605 3429 est
2632 3376 2889 3444 prwsrire,
2918 3377 3061 3430 aliud
3092 3378 3477 3450 prcedestinare.

2118 3509 2405 3576 Apostolus
2454 3509 2528 3563 ait
2568 3527 2580 3562 :
2624 3509 2762 3576 Quos
2818 3512 3086 3577 prtescivit,
3131 3522 3179 3571 et
3219 3514 3628 3584 praedestinavit,

2044 3601 2331 3667 conformes
2376 3602 2486 3668 ﬁeri
2515 3602 2751 3670 imaginis
2790 3601 2914 3655 Filii
2955 3604 3035 3656 sui
3079 3603 3263 3671 (Rom.
3292 3604 3438 3675 vui).
3472 3607 3630 3662 Aliud

2045 3700 2128 3746 est
2156 3692 2423 3761 prmscire,
2458 3692 2599 3746 aliud
2643 3696 3044 3763 prmdestinare.
3078 3695 3419 3753 Prmricntia
3452 3700 3631 3768 itaque

2044 3785 2277 3855 gerenda
2326 3787 2648 3854 pramoscit,
2700 3790 3039 3855 postmodum
3086 3790 3485 3858 pisedestinatio
3532 3806 3625 3846 re-

2046 3875 2326 3931 tribui-uda
2352 3877 2625 3931 describit.
2656 3877 2744 3931 illa
2777 3879 3033 3948 praevidet
3059 3881 3269 3945 merita,
3298 3882 3413 3937 hac
3436 3896 3628 3951 praeor-

2044 3968 2191 4023 dinat
2222 3970 2462 4039 praemia.
2496 3970 2838 4026 Prtescientia
2878 3972 2946 4025 ad
2985 3973 3310 4041 potentiam,
3345 3974 3624 4043 praedesti-

2045 4059 2190 4114 natio
2234 4060 2300 4114 ad
2331 4060 2591 4130 justitiam
2641 4064 2890 4131 pertinet.
2944 4064 3286 4119 Praescientia
3337 4066 3403 4121 de
3450 4066 3625 4122 alieno

2044 4153 2285 4207 subsistit
2318 4164 2470 4221 actu,
2508 4156 2904 4225 prmdestinatio
2932 4166 3108 4213 autem
3152 4158 3219 4213 de
3252 4159 3457 4228 judicio
3498 4177 3623 4228 suo;

2047 4248 2137 4301 illa
2184 4247 2387 4303 facinus
2420 4249 2750 4315 manifestat,
2796 4251 2897 4305 ista
2940 4252 3288 4320 condemnat;
3331 4256 3418 4311 illa
3453 4257 3623 4321 testis,

2049 4340 2161 4393 lucc
2203 4338 2366 4408 judex
2424 4349 2525 4394 est.
2573 4342 2705 4396 Cum
2759 4343 2847 4397 illa
2903 4346 3323 4410 pronuntiaverit
3376 4363 3622 4412 causmu,

2049 4439 2174 4485 tunc
2209 4432 2519 4499 pronuntiat
2550 4431 2651 4486 ista
2692 4436 3035 4490 sententiam.
3072 4436 3117 4489 Α
3148 4438 3482 4506 prazscientia
3513 4454 3629 4509 quae

2049 4531 2171 4575 sunt
2218 4532 2397 4576 nostra
2430 4523 2743 4591 produntur,
2776 4540 2805 4579 a
2837 4526 3312 4595 pratdcstinatinne
3355 4544 3476 4598 qua:
3506 4539 3631 4584 sunt

2052 4623 2438 4681 praeparantur.
2488 4617 2564 4668 Ac
2597 4614 2675 4670 sic
2707 4615 2807 4669 nisi
2856 4618 3192 4685 pra'scientia
3242 4621 3627 4689 exploraverit,

2054 4708 2448 4773 pratdrstinatio
2478 4709 2547 4762 nil
2580 4708 2837 4765 decernit.
2870 4710 3019 4765 Oculi
3061 4721 3239 4765 autem
3281 4713 3452 4767 vicem
3497 4730 3634 4781 pra:-

2051 4798 2285 4852 scientize
2326 4797 2494 4852 virtus
2524 4807 2766 4866 cxercet,
2799 4809 2853 4853 et
2884 4800 3025 4869 quod
3067 4815 3125 4855 se
3154 4803 3393 4871 aspectui
3426 4804 3634 4858 obtuli--

2054 4891 2162 4954 rit,
2219 4888 2321 4943 hoc
2373 4890 2592 4944 videbit.
2644 4891 2887 4960 Nunquid
2949 4890 3141 4947 fecisse
3189 4892 3449 4960 creditur,
3491 4897 3635 4964 qnud

2053 4979 2468 5050 deprehendisse
2506 4982 2878 5052 cognoscitur?
2915 4982 3047 5036 Cum
3079 4991 3257 5038 autem
3288 4986 3429 5039 oculi
3467 4999 3532 5040 ea
3562 5003 3637 5039 ν...

2054 5073 2246 5139 deant,
2278 5088 2382 5128 non
2412 5090 2530 5143 quae
2562 5074 2660 5142 ipsi
2696 5074 3017 5130 intrinsecus
3047 5083 3359 5144 operantur,
3392 5076 3486 5131 sed
3512 5092 3632 5147 quae

2051 5164 2130 5219 eis
2164 5166 2497 5220 extrinsecus
2531 5165 2845 5234 olleruntur,
2887 5166 2931 5220 si
2978 5177 3288 5236 peccantem
3330 5168 3631 5238 quempiam

2054 5255 2195 5310 forte
2239 5258 2648 5326 conspexerint,
2688 5274 2792 5312 non
2835 5261 3027 5329 opinor
3068 5262 3317 5323 videntis.
3351 5261 3447 5315 sed
3488 5276 3632 5315 cum-

2060 5348 2319 5402 mittentis
2359 5348 2613 5419 ﬂagitium
2655 5350 3017 5420 judicabitur:
3052 5353 3122 5405 ita
3176 5367 3282 5406 non
3313 5353 3381 5405 ad
3426 5367 3632 5421 pramo-

2050 5440 2270 5508 scentis,
2298 5441 2389 5495 sed
2422 5441 2487 5495 ad
2536 5444 2847 5513 prmcogniti
2890 5445 3177 5513 pentinebit
3223 5454 3429 5500 reatum
3471 5460 3628 5500 omne

2049 5531 2324 5588 delictum.
2352 5531 2441 5589 Sic
2469 5541 2524 5589 et
2562 5535 2700 5590 Deus
2734 5551 2795 5589 ea
2820 5546 2950 5592 ante
2992 5536 3133 5592 diem
3172 5536 3405 5593 hominis
3443 5537 3627 5607 praevi‘

2047 5622 2170 5686 det,
2202 5639 2319 5693 qua:
2366 5641 2469 5679 non
2501 5641 2529 5679 a
2570 5640 2659 5691 se,
2693 5627 2785 5683 sed
2825 5630 2892 5682 ab
2944 5629 3160 5685 homine
3201 5630 3443 5685 facienda
3486 5640 3625 5687 sunt.

2049 5713 2115 5770 Et
2142 5716 2276 5771 sicut
2306 5718 2527 5773 materia
2555 5721 2834 5777 existentis
2870 5721 3036 5777 efﬁcit
3075 5733 3131 5777 ut
3159 5736 3279 5779 eam
3306 5723 3449 5779 oculi
3487 5721 3624 5778 acies
