4002 6188
362 272 462 328 817

1465 267 1549 321 ΒΕ
1589 264 1845 323 CRATIA
1888 264 2027 330 DEI.
2071 266 2245 333 ETC.,
2289 270 2411 325 ΜΒ.
2459 272 2525 329 II.

3521 270 3623 329 818

359 379 784 449 contempletur,
833 390 937 431 non
989 386 1166 434 autem
1225 379 1410 434 oculus
1460 379 1579 435 facit
1625 391 1683 435 ut
1720 396 1809 436 res
1857 381 1933 436 vi-
1963 386 2012 444 Α
2040 390 2108 436 rtt
2139 384 2195 451 ju
2230 390 2313 437 tus
2352 382 2439 452 qui
2479 383 2596 437 sine
2645 386 2859 453 proprio
2904 384 3128 440 crimine
3172 400 3201 439 a
3259 386 3625 441 misericordia

359 474 534 529 denda
574 480 824 527 nascatur
866 488 879 524 :
914 472 983 525 ita
1014 480 1068 526 et
1111 472 1444 542 pratscientia
1480 474 1572 530 Del
1609 490 1672 531 ea
1710 491 1829 546 qua:
1870 476 1939 532 de

362 563 638 619 hominum
687 563 893 619 meritis
942 572 1187 618 scentura
1244 574 1399 629 sunt,
1430 581 1535 620 non
1582 576 1637 620 ut
1691 568 1943 622 eveniant

358 656 555 727 exigit,
586 653 682 710 sed
720 663 981 710 eventura
1024 654 1326 724 prtecurrit.
1360 656 1425 709 Et
1462 658 1581 725 quia
1630 657 1803 712 sacris
1832 658 1936 711 elo-

360 749 500 821 quiis
527 747 695 803 moris
730 755 813 802 est
860 756 917 801 ut
964 762 1061 815 per
1102 754 1427 816 assumptum
1466 762 1837 818 quamcunque
1866 751 1942 803 si-

360 838 723 897 militudinem
750 837 1056 893 asserenda:
1082 838 1160 893 rei
1188 839 1432 908 aperiant
1461 841 1764 906 veritatem,
1808 844 1945 894 sicut

363 929 634 987 interdum
674 929 762 984 vel
794 942 962 998 grano
1002 928 1222 998 sinapis,
1265 930 1348 985 vel
1396 930 1659 986 fermento
1703 931 1945 987 mulieris

364 1023 711 1094 evangelica,
756 1021 841 1077 vel
885 1032 1095 1091 sagrnae
1145 1021 1324 1076 missae
1370 1023 1423 1077 in
1468 1036 1637 1089 mare,
1680 1030 1733 1078 et
1782 1038 1939 1092 quam

364 1114 522 1185 plura
549 1113 679 1169 talia
704 1126 926 1183 regnum
957 1112 1215 1167 cmlorum
1263 1113 1485 1183 legimus
1517 1116 1848 1183 comparari,
1876 1116 1947 1170 ita

366 1215 419 1262 et
448 1218 549 1261 nos
592 1204 921 1274 distinguere
962 1203 1244 1273 cupientes
1273 1202 1469 1273 futura,
1503 1204 1733 1260 instituti
1779 1218 1950 1274 genus

366 1299 637 1370 colligitur
674 1296 1016 1366 praesciendi.
1052 1295 1204 1363 Quod
1249 1296 1293 1352 si
1334 1298 1585 1366 praescire
1622 1298 1950 1367 compellere

368 1398 485 1455 est,
518 1389 606 1457 qui
638 1386 901 1457 praevidet
933 1395 1301 1456 peccatorem,
1334 1398 1463 1456 ergo
1489 1387 1604 1456 ipse
1638 1402 1795 1442 causa
1828 1404 1949 1457 pec-

370 1477 477 1533 cati
518 1478 638 1534 est?
671 1476 895 1532 l’raescit
936 1476 1257 1530 adulterium
1312 1478 1473 1543 Deus,
1505 1492 1635 1548 ergo
1675 1479 1787 1550 ipse
1831 1495 1950 1535 ossa

371 1576 426 1623 et
480 1566 743 1625 medullas
805 1565 1015 1635 ignibus
1076 1565 1297 1621 obsceni
1357 1566 1550 1622 furoris
1613 1569 1951 1623 inﬂammat?

370 1658 593 1714 Prtescit
640 1658 783 1714 Deus
834 1655 1198 1725 homicidam,
1249 1659 1486 1729 nunquid
1534 1660 1647 1728 ipse
1699 1661 1952 1717 bestiales

2047 475 2389 542 repelluntur.
2415 474 2568 540 Quod
2597 473 2644 528 si
2670 475 2829 530 ambo
2872 476 2949 531 rei
2996 485 3119 531 sunt
3151 477 3202 531 in
3236 485 3448 540 natura,
3476 485 3531 531 et
3571 477 3631 530 in

2047 565 2148 619 isto
2174 565 2378 632 justitia
2409 565 2816 633 periclitabitur,
2856 567 2943 635 qui
2984 568 3101 622 sine
3146 570 3339 622 merito
3380 567 3630 637 indignus

2043 658 2279 728 eligitur,
2319 666 2372 713 et
2423 660 2475 711 in
2523 658 2615 711 illo
2653 657 3048 726 misericordia,
3079 662 3168 727 qui
3209 660 3451 728 peritioni
3506 659 3624 711 sine

2050 751 2252 819 peccati
2298 749 2498 819 judicio
2544 751 2848 820 deputatur.
2896 751 3009 817 Qua
3060 752 3201 805 enim
3260 754 3625 808 miserirordia

2049 841 2340 895 honoratur
2367 841 2607 895 otiosus?
2647 857 2747 910 qua
2774 841 2978 910 iustitia
3022 841 3304 895 damnatur
3344 844 3632 897 innoxius?

2048 931 2229 998 Itaque
2258 932 2382 984 dum
2414 931 2658 1000 imperite
2703 931 2837 985 tollit
2873 930 3071 985 homini
3120 932 3440 995 libertatem,
3472 934 3631 1002 impie

2050 1019 2159 1075 Deo
2189 1020 2440 1088 probatur
2475 1035 2668 1089 negare
2703 1021 2983 1087 justitiam.
3014 1021 3068 1076 Si
3099 1021 3244 1075 dictis
3274 1024 3396 1091 quia
3428 1033 3633 1077 tantum

2051 1112 2355 1166 misericors
2401 1111 2455 1165 in
2484 1112 2763 1179 acquisita,
2804 1121 2859 1165 et
2903 1112 3074 1165 solum
3114 1112 3290 1180 justus
3338 1115 3391 1167 in
3424 1115 3634 1182 perdito

2051 1213 2166 1267 εει,
2199 1202 2249 1253 in
2296 1209 2519 1268 utraque
2558 1214 2783 1269 persona
2833 1200 3055 1268 abrupte
3087 1203 3303 1269 negabis
3354 1210 3635 1272 utramque

2052 1291 2320 1342 virtutem.
2351 1289 2482 1344 Nam
2512 1306 2610 1345 nec
2642 1292 2691 1342 in
2726 1292 2823 1344 hoc
2852 1293 2954 1344 erit
2998 1294 3239 1360 aequitas,
3268 1295 3310 1346 si
3339 1293 3501 1362 eligat
3528 1309 3633 1348 non

2056 1380 2370 1448 probatum;
2403 1396 2499 1435 nec
2528 1383 2578 1435 in
2613 1382 2703 1435 illo
2732 1381 2958 1447 bonitas,
2988 1384 3034 1437 si
3065 1385 3253 1453 perdat
3284 1386 3633 1441 immeritum.

2054 1469 2160 1525 Nos
2190 1480 2366 1526 autem
2399 1473 2669 1542 geminum
2718 1473 2818 1526 hoc
2858 1474 2908 1526 in
2960 1473 3055 1527 Dei
3100 1476 3352 1544 operibus
3400 1475 3633 1542 bonum,

2055 1563 2392 1629 inseparabili
2426 1575 2729 1620 consertum
2765 1565 2993 1621 fatemur
3027 1568 3304 1638 amplexu;
3339 1569 3476 1624 sicut
3507 1571 3635 1639 legi-

2057 1670 2175 1708 mus
2200 1672 2213 1708 :
2248 1654 2651 1710 Misericordiam
2680 1667 2727 1711 et
2752 1659 3013 1728 judicium
3039 1660 3256 1713 cantabo
3286 1661 3391 1725 tibi,
3421 1659 3637 1715 Domine

373 1757 552 1805 niotus
590 1748 917 1819 perturbatis
953 1748 1202 1804 sensibus
1238 1750 1504 1821 suggerit?
1534 1752 1654 1821 [pse
1696 1753 1761 1807 ad
1804 1762 1953 1821 pera-
1989 1749 2030 1807 Β
2060 1746 2231 1818 (Psal.
2261 1748 2334 1820 c).
2368 1748 2435 1803 Et
2473 1748 2704 1804 iterum:
2740 1750 3035 1806 Misericors
3083 1753 3333 1808 Dominus
3373 1764 3418 1807 et
3435 1759 3635 1826 justus,

371 1838 606 1909 gendum
654 1839 858 1895 [acinus
908 1837 1143 1909 gladium
1184 1850 1418 1896 cruentae
1462 1843 1655 1897 mentis
1703 1843 1948 1897 exacuit?

374 1930 596 1985 Praescit
648 1929 909 2000 impium,
957 1941 1087 2001 ergo
1133 1931 1248 2001 ipse
1292 1930 1359 1985 ad
1415 1934 1633 2001 profana
1689 1933 1946 1987 sacriﬁcia

374 2023 619 2092 spiritum
670 2022 939 2079 dementis
989 2022 1247 2093 instigat?
1293 2022 1440 2079 Itane
1492 2039 1713 2092 quarum
1772 2040 1947 2078 rerum

375 2118 518 2171 ultor
542 2124 662 2183 est,
703 2130 888 2171 earum
931 2123 985 2172 et
1028 2125 1221 2170 auctor
1258 2130 1378 2171 esse
1418 2116 1716 2171 credendus
1756 2117 1872 2172 est?
1900 2128 1953 2171 et

376 2209 516 2262 inter
552 2206 665 2262 haec
704 2206 771 2261 ad
813 2207 1009 2262 malum
1055 2220 1343 2278 perurgere
1379 2206 1698 2275 judicandus
1742 2219 1823 2263 est
1859 2222 1946 2262 ca.

375 2297 534 2367 ptivte
576 2297 866 2353 voluntatis
913 2311 1229 2364 assensum,
1270 2297 1360 2368 qui
1402 2312 1500 2351 nec
1541 2297 1755 2352 diabolo
1800 2313 1951 2353 eum-

375 2386 575 2457 pellere
605 2385 846 2455 permisit
871 2386 1127 2441 invitum?
1159 2387 1417 2442 Voluntas
1445 2395 1527 2442 est
1553 2402 1673 2457 qua:
1701 2396 1956 2457 operatur

374 2481 662 2545 delictum,
705 2481 951 2535 voluntas
979 2490 1063 2535 est
1092 2495 1210 2551 quas
1253 2490 1490 2536 meretur
1526 2481 1806 2537 auxilium.
1848 2481 1953 2537 Sed

375 2572 549 2626 dicis:
582 2571 802 2626 Invenio
826 2572 912 2627 ubi
944 2571 1056 2627 sola
1090 2572 1255 2642 gratia
1281 2573 1397 2626 sine
1425 2572 1680 2627 societate
1708 2572 1955 2627 humanae

377 2662 663 2716 voluntatis
694 2673 969 2732 operetur.
1011 2662 1144 2717 Nam
1187 2662 1238 2716 in
1284 2661 1557 2717 Bethleem
1601 2662 1776 2717 omnis
1805 2663 1955 2718 inno-

377 2754 609 2808 centium
658 2752 885 2822 populus
928 2761 1035 2807 tam
1080 2751 1294 2807 beatam
1339 2759 1565 2807 mortem
1596 2766 1663 2808 ex
1698 2752 1809 2808 sola
1863 2753 1957 2808 Dei

379 2843 847 2909 prtedestinatione
875 2842 1246 2913 consequitur.
1276 2842 1391 2897 Non
1432 2843 1504 2898 ita
1534 2852 1634 2899 est.
1664 2842 1797 2899 Nam
1846 2852 1956 2899 tum

378 2935 601 2991 forsitan
638 2936 804 2991 solius
841 2937 1025 3005 gratiae
1063 2943 1363 2991 verteretur
1405 2937 1678 3005 operatio,
1716 2938 1761 2992 si
1804 2938 1957 2993 inno-

380 3026 550 3082 centis
578 3026 850 3096 sanguinis
888 3042 994 3080 non
1040 3025 1438 3082 intercessisset
1473 3025 1683 3081 ell‘usio.
1712 3026 1865 3093 Quod
1912 3030 1956 3083 si

2052 1848 2097 1891 et
2144 1838 2278 1892 Deus
2328 1849 2498 1893 noster
2547 1840 2863 1894 miserebitur
2908 1841 3089 1911 (Psal.
3122 1842 3270 1913 xiv).
3300 1846 3362 1898 Et
3404 1846 3634 1899 iterum:

2054 1930 2345 1984 Misericors
2393 1940 2437 1984 et
2487 1933 2783 1997 miserator,
2846 1944 2895 1987 et
2934 1938 3106 2004 justus
3159 1936 3409 1990 Dominus
3456 1936 3637 2004 (Psal.

2051 2022 2201 2093 οη).
2232 2023 2362 2077 Nam
2391 2024 2698 2079 misericors
2725 2034 2807 2079 est
2827 2068 2841 2093 ,
2876 2034 2931 2080 et
2962 2025 3015 2079 in
3046 2027 3281 2094 perditos
3308 2043 3439 2094 quos
3469 2027 3642 2098 inqui-

2054 2114 2117 2165 rit
2144 2122 2197 2167 et
2225 2113 2411 2167 invitat
2436 2124 2695 2180 errantes,
2736 2116 2825 2185 qui
2857 2115 2946 2169 ditt
2977 2119 3205 2172 sustinet
3242 2119 3636 2188 delinquentes.

2058 2204 2114 2257 Et
2148 2205 2284 2259 sicut
2310 2206 2468 2259 salem
2511 2223 2662 2261 suum
2691 2209 2815 2261 oriri
2856 2207 2980 2276 facit
3010 2226 3165 2277 super
3197 2210 3352 2265 bonos
3381 2224 3426 2265 et
3455 2214 3639 2277 malos,

2056 2306 2100 2349 et
2126 2297 2253 2364 pluit
2281 2313 2433 2366 super
2454 2300 2626 2367 justas
2654 2309 2700 2351 et
2731 2300 2950 2369 injustas
2978 2300 3192 2366 (Matth.
3229 2304 3331 2370 ιιι),
3366 2304 3436 2355 ita
3468 2310 3641 2357 utros-

2055 2402 2159 2455 que
2199 2385 2562 2443 indillerenter
2612 2390 2809 2442 lumine
2857 2392 3079 2445 rationis
3118 2393 3390 2462 implevit,
3431 2392 3634 2447 honore

2060 2475 2301 2544 imaginis
2327 2491 2437 2530 suae
2479 2477 2675 2541 induit,
2709 2481 2771 2532 ad
2802 2481 3022 2548 gratiam
3068 2482 3452 2551 redemptionis
3481 2499 3640 2553 gene-

2059 2567 2242 2621 ral’ter
2271 2569 2534 2622 evocavit.
2565 2569 2712 2624 Itane
2741 2572 3047 2626 misericors
3085 2573 3135 2626 in
3168 2574 3262 2628 illo
3290 2590 3392 2628 nun
3438 2576 3555 2640 fuit,
3589 2576 3643 2629 in

2058 2673 2214 2726 quem
2254 2669 2399 2712 tanta
2429 2660 2731 2729 congessit,
2760 2675 2917 2729 quem
2949 2662 3015 2716 de
3060 2664 3299 2733 neglecta
3342 2674 3397 2719 et
3438 2666 3640 2734 perdita

2062 2749 2426 2804 misericordia
2453 2750 2708 2818 judicavit
2730 2752 2748 2804 ?
2770 2754 2885 2808 Jam
2917 2753 3040 2805 illud
3069 2755 3288 2809 utiuoris
3313 2757 3511 2825 negotii
3539 2766 3641 2819 est,

2061 2849 2119 2895 ut
2153 2855 2275 2911 erga
2322 2840 2634 2911 acquisitos,
2676 2843 2813 2897 sicut
2852 2844 3287 2911 misericordem,
3323 2847 3397 2900 ita
3437 2848 3640 2915 justum

2059 2945 2179 2985 csse
2206 2930 2511 2985 doceamus.
2558 2931 2765 2998 Justus,
2808 2933 3056 3002 inquam,
3100 2943 3155 2990 et
3196 2936 3338 2991 circa
3384 2951 3476 2991 eos
3503 2951 3638 3005 quos

2061 3021 2281 3091 suscipit
2329 3030 2698 3087 revertentes,
2745 3040 2877 3093 quos
2927 3040 3030 3078 non
3073 3026 3271 3081 deserit
3311 3027 3638 3096 laborantes,

382 3133 484 3173 una
513 3126 641 3173 tunc
668 3118 763 3171 fuit
791 3117 1154 3172 innocentium
1182 3131 1362 3185 causa,
1394 3133 1490 3173 cur
1514 3132 1620 3172 non
1649 3118 1822 3173 omnis
1851 3117 1959 3172 illic
1988 3115 2033 3179 ο
2066 3125 2197 3180 quos
2224 3111 2415 3181 dignos
2442 3111 2607 3167 efﬁcit
2633 3113 2896 3178 libertate,
2932 3115 3155 3170 fideliter
3183 3119 3497 3173 servientes.
3527 3120 3644 3173 Ha:-

381 3210 620 3264 salvatur
648 3207 905 3273 infantia?
928 3207 1168 3263 Abillius
1193 3208 1335 3263 enim
1362 3208 1620 3278 temporis
1647 3208 1815 3279 gloria
1844 3222 1958 3262 om-

382 3300 463 3354 nis
506 3310 638 3355 setas
678 3299 898 3355 alterius
938 3313 1099 3355 sexus
1127 3299 1302 3355 aliena
1345 3307 1447 3356 est.
1476 3299 1533 3357 Si
1566 3299 1646 3355 vis
1682 3299 1960 3369 praedesti-

384 3390 613 3446 nationis
652 3390 940 3460 specialem
986 3405 1083 3461 per
1121 3390 1356 3461 singulos
1396 3389 1523 3445 facit
1565 3389 1954 3456 conditionem,

383 3496 478 3536 cur
509 3481 597 3536 hic
634 3492 822 3536 omnes
856 3480 1010 3551 pueri
1043 3481 1272 3537 diversis
1315 3479 1523 3536 dierum
1565 3480 1651 3537 vel
1697 3481 1958 3537 mensium

383 3571 711 3642 temporibus
742 3572 853 3625 nati
899 3586 1057 3625 unam
1089 3571 1332 3626 obtinent
1374 3568 1718 3626 felicitatem?
1748 3570 1804 3626 Si
1832 3585 1960 3626 vero

382 3663 684 3733 promiscua
713 3663 764 3717 in
790 3677 986 3731 genere
1015 3661 1251 3717 humano
1288 3663 1569 3718 electionis
1596 3664 1731 3718 ratio
1760 3663 1958 3732 agitur,

383 3770 475 3810 cur
504 3756 573 3809 ab
603 3756 703 3811 hoc
731 3770 952 3811 munere
974 3756 1149 3811 omnis
1178 3762 1349 3811 status
1380 3756 1632 3826 puellaris
1661 3756 1960 3827 excipitur?

383 3846 480 3901 llic
526 3860 654 3917 ergo
699 3845 901 3902 decreti
946 3854 1092 3901 sorte
1136 3857 1411 3914 cessante,
1453 3861 1598 3903 mors
1638 3847 1818 3917 pueris
1865 3862 1961 3917 pro

380 3937 578 3992 diaboli
623 3938 848 3993 infertur
900 3938 1108 4007 iurare,
1154 3953 1300 3995 mors
1340 3954 1470 3995 vero
1515 3938 1818 3996 beatissima
1862 3954 1962 4009 pro

383 4028 475 4084 Dei
506 4027 711 4083 honore
748 4028 1040 4085 canfertu'r.
1088 4029 1204 4085 Non
1250 4038 1378 4101 ergo
1417 4044 1511 4086 eos
1564 4028 1963 4100 praedestinatio

382 4121 544 4176 morti
574 4119 806 4189 addixit,
838 4120 933 4176 sed
974 4134 1151 4177 causae
1179 4123 1393 4178 occasio
1435 4111 1785 4178 consecravit.
1818 4121 1964 4177 Hanc

383 4213 564 4282 itaque
620 4212 965 4279 parvulorum
1017 4212 1481 4279 interfectionem,
1531 4228 1635 4267 non
1684 4211 1964 4281 dispositio

384 4303 511 4372 Dei,
552 4302 648 4359 sed
692 4303 936 4371 impietas
984 4304 1257 4360 ordinavit
1302 4306 1522 4361 inimici.
1565 4305 1706 4361 Deus
1748 4314 1961 4373 autem,

383 4395 475 4465 qui
501 4396 662 4449 etiam
692 4395 846 4449 malis
874 4396 1147 4450 hominum
1178 4396 1315 4450 bene
1345 4398 1530 4465 utitur,
1566 4395 1823 4466 perempti
1854 4396 1964 4465 glo-

2062 3206 2257 3257 reticus
2287 3208 2464 3257 autem
2498 3203 2618 3258 ideo
2644 3205 2785 3259 circa
2818 3207 2987 3259 malos
3018 3221 3172 3278 negat
3214 3210 3641 3274 misericordem,

2062 3293 2183 3361 quia
2232 3309 2337 3347 non
2384 3295 2555 3349 credit
2599 3296 2831 3350 oblatam
2866 3298 3028 3353 fuisse
3075 3302 3261 3354 salutis
3301 3305 3507 3370 capiam
3561 3305 3646 3358 his

2062 3384 2151 3453 qui
2180 3383 2504 3438 delabuntur
2536 3386 2586 3439 in
2627 3398 2873 3440 mortem.
2902 3388 3025 3442 Ideo
3052 3391 3193 3443 circa
3222 3391 3392 3446 bonos
3424 3408 3527 3446 non
3559 3409 3643 3446 as-

2063 3473 2194 3527 serit
2218 3474 2441 3541 justum,
2474 3475 2595 3543 quia
2640 3476 2764 3528 nihil
2795 3478 2872 3531 eis
2916 3478 3146 3533 aestimat
3190 3495 3286 3549 pro
3329 3483 3513 3536 humili
3546 3484 3644 3538 de-

2064 3564 2277 3619 votione
2304 3563 2575 3620 collatum.
2610 3565 2914 3621 Misericors
2953 3583 3078 3637 ergo
3122 3579 3223 3637 est,
3256 3572 3375 3640 quia
3408 3581 3461 3626 et
3490 3575 3643 3628 malis

2066 3651 2261 3723 ingerit
2308 3652 2531 3707 rationis
2575 3654 2940 3719 intellectum.
2974 3666 3026 3712 et
3072 3658 3324 3714 bonitatis
3370 3662 3639 3717 allectum.

2038 3744 2247 3800 ‘Justus
2274 3758 2419 3811 vero,
2450 3744 2572 3814 quia
2612 3746 2878 3802 obedienti
2919 3750 3167 3818 proponit
3208 3754 3511 3820 praemium;
3549 3752 3639 3822 ju-

2064 3846 2197 3903 stus,
2228 3836 2347 3904 quia
2393 3838 2595 3892 nullum
2626 3838 2799 3893 salvat
2844 3842 3087 3896 invitum.
3134 3841 3315 3913 Itaque
3356 3845 3641 3914 Apostolus

2066 3926 2346 3998 magnifice
2372 3926 2437 3980 ad
2465 3926 2663 3983 donum
2690 3931 2876 3999 gratia:
2901 3931 3133 3987 officium
3164 3935 3358 3990 laboris
3378 3936 3638 4006 adiungit,

2065 4020 2137 4075 ita
2164 4020 2348 4076 dicens
2379 4039 2393 4077 :
2434 4021 2767 4076 Laborantem
2804 4025 3081 4094 agricolam
3122 4034 3319 4095 Oportet
3356 4026 3419 4078 de
3464 4028 3644 4096 fructi-

2065 4115 2157 4170 bus
2187 4118 2417 4187 accipere
2446 4116 2496 4189 (1
2525 4116 2658 4170 Tim.
2691 4115 2769 4186 ιι).
2806 4118 2943 4172 Ecce
2987 4118 3254 4186 quomodo
3281 4118 3381 4173 sibi
3413 4119 3643 4172 admira-

2064 4206 2161 4262 bili
2210 4208 2531 4263 commcrcio
2580 4208 2762 4263 divina
2816 4216 2870 4262 et
2927 4208 3155 4263 humana
3218 4209 3509 4263 sociantur.
3561 4210 3655 4264 Ad-

2066 4299 2422 4356 obedientiam
2454 4299 2683 4369 pertinet
2720 4300 2891 4365 labor,
2924 4300 3124 4354 fructus
3168 4315 3295 4353 vero
3342 4300 3538 4355 laboris
3575 4303 3642 4354 ad

2065 4394 2306 4461 gratiam.
2361 4392 2428 4446 Et
2479 4393 2669 4448 iterum
2703 4410 2716 4446 :
2757 4393 3114 4463 Unusquisque
3151 4394 3411 4462 propriam
3456 4409 3646 4446 merce-

385 4486 520 4540 riam
561 4486 630 4541 de
670 4487 872 4541 scelere
903 4486 1211 4556 perimentis
1245 4495 1515 4557 operatur.
1546 4486 1820 4541 Contraria
1847 4486 1963 4556 qui—
1988 4476 2038 4546 D
2064 4484 2176 4537 dem
2206 4484 2416 4553 accipiet
2459 4485 2733 4537 secundum
2776 4499 2923 4537 suum
2952 4482 3178 4537 laborem
3209 4482 3254 4554 (l
3284 4482 3401 4537 Cor.
3430 4482 3527 4554 ιι);
3560 4500 3645 4539 se-

383 4577 509 4631 dem
552 4576 767 4631 malitize
796 4576 1030 4647 disponit
1075 4577 1345 4643 inventor,
1375 4577 1468 4632 sed
1498 4576 1751 4633 bonitatis
1780 4587 1965 4632 auctor

386 4668 439 4720 in
471 4667 666 4721 melius
690 4665 912 4722 consilia
934 4666 1157 4722 adversa
1182 4666 1472 4737 componit.

996 4798 1223 4857 CAPUT
1260 4800 1349 4856 IV.

389 4886 585 4942 Contra
600 4886 704 4962 hoc
717 4889 866 4962 quod
885 4889 1095 4943 dicunt:
1126 4908 1143 4941 ι
1169 4886 1234 4944 In
1272 4892 1393 4946 istas
1432 4893 1718 4946 misericors
1745 4900 1817 4946 est
1846 4909 1973 4962 quos

462 4959 703 5033 acquirit,
725 4961 792 5033 Ain
826 4960 946 5033 illos
980 4963 1155 5030 justus
1181 4971 1251 5015 est
1280 4978 1405 5031 quos
1446 4963 1679 5033 reliquit,
1713 4982 1731 5015 ι
1764 4959 1877 5015 cum
1923 4971 1974 5016 et

464 5029 602 5081 circa
632 5030 794 5084 malos
838 5029 1146 5098 misericors,
1177 5043 1223 5087 et
1251 5029 1389 5086 circa
1432 5029 1587 5088 bonos
1617 5035 1771 5088 etiam
1799 5035 1974 5104 justus

463 5110 728 5168 appareat.

462 5210 518 5267 Si
565 5210 797 5267 hominis
826 5220 1023 5268 statum
1057 5213 1223 5281 Deus,
1253 5216 1391 5271 sicut
1424 5215 1761 5286 blasphemat
1791 5218 1977 5288 impie-

393 5310 498 5371 tas,
527 5318 634 5357 non
663 5303 934 5374 aequitate,
962 5304 1057 5361 sed
1088 5315 1347 5376 potestate
1374 5307 1642 5377 disponit,
1675 5308 1766 5363 ille
1792 5309 1975 5364 fortas-

393 5397 471 5451 sis
509 5394 598 5465 qui
630 5396 859 5465 pulsavit
894 5397 1218 5468 excluditur,
1251 5408 1304 5454 et
1332 5397 1423 5456 ille
1459 5399 1550 5469 qui
1587 5416 1694 5454 non
1734 5401 1979 5470 quresitit

398 5488 707 5545 attrahitur.
735 5492 813 5545 Ac
831 5488 910 5545 sic
937 5505 1036 5546 nec
1055 5490 1196 5546 circa
1224 5491 1455 5548 salvatos
1479 5493 1786 5548 misericors
1814 5492 1979 5548 fuisse

400 5579 690 5650 videbitur,
723 5582 915 5653 quibus
945 5597 1053 5639 non
1080 5582 1230 5638 dedit
1276 5594 1333 5640 ut
1373 5599 1437 5641 ex
1472 5584 1649 5642 officio
1676 5586 1979 5642 misericor-

402 5672 544 5734 diatu
576 5683 941 5745 mererentur;
970 5690 1070 5737 nec
1097 5676 1239 5738 circa
1271 5680 1505 5750 perditos
1533 5681 1785 5738 testintari
1819 5692 1975 5750 pole-

2068 4574 2301 4631 cundum
2330 4574 2467 4644 quod
2502 4575 2551 4630 in
2599 4573 2884 4645 Evangelia
2907 4573 3073 4629 dicit:
3103 4573 3231 4627 Cum
3259 4574 3478 4643 feceritis
3515 4576 3647 4641 hwc,

2072 4670 2246 4737 dicite,
2276 4667 2645 4724 Servilnutiles
2672 4682 2864 4734 sumus,
2898 4667 3035 4737 quod
3066 4666 3328 4721 debuimus
3351 4668 3535 4736 facere,
3578 4669 3653 4737 fe-

2073 4759 2233 4812 rimus
2265 4757 2418 4830 (Luc.
2449 4756 2600 4827 xui).
2633 4756 2864 4812 Adverte
2892 4758 3012 4825 quia
3052 4771 3155 4811 non
3197 4757 3431 4811 excludit
3476 4758 3652 4824 operis

2077 4851 2335 4917 studium,
2360 4849 2451 4905 sed
2475 4850 2745 4921 operantis
2769 4848 2987 4919 requirit
3008 4850 3348 4918 obsequium;
3381 4863 3478 4906 nec
3499 4849 3651 4905 labo-

2081 4957 2192 4997 rem
2233 4942 2504 4996 servitutis
2545 4948 2783 5006 recusat,
2816 4940 2909 4996 sed
2951 4941 3301 4995 humilitatem
3345 4940 3537 4995 mentis
3577 4941 3658 4995 in-

2081 5037 2280 5091 sinuat.
2309 5034 2507 5089 Vitium
2537 5048 2666 5103 ergo
2692 5047 2797 5104 quo
2829 5032 3064 5088 laborem
3100 5033 3495 5102 imperitissime
3524 5032 3659 5087 refu-

2082 5127 2328 5199 giendum
2360 5136 2531 5195 putas,
2565 5139 2671 5181 non
2699 5126 2752 5179 in
2784 5138 2967 5195 opere,
2995 5124 3089 5180 sed
3121 5125 3174 5179 in
3204 5124 3366 5178 corde
3392 5122 3656 5178 consistit.

2085 5217 2233 5273 Totis
2260 5230 2387 5288 ergo
2414 5214 2617 5270 viribus
2659 5215 2865 5283 laboro,
2894 5214 2989 5269 sed
3020 5214 3273 5285 quidquid
3316 5213 3385 5269 de
3425 5227 3660 5281 superna

2086 5308 2325 5380 largitate
2353 5320 2664 5377 percepero,
2688 5307 2892 5377 gratiae,
2923 5322 3031 5361 non
3059 5305 3336 5361 industriae
3361 5302 3658 5371 deputabo;

2085 5401 2404 5459 herent-ium
2450 5400 2676 5470 vocabo,
2729 5415 2837 5456 non
2886 5400 3153 5470 pretium;
3196 5398 3394 5452 donum
3425 5394 3662 5449 testabor

2079 5509 2232 5565 esse,
2265 5510 2372 5551 non
2401 5494 2671 5559 debitum;
2703 5493 3184 5549 remunerationem
3211 5529 3226 5555 ,
3278 5502 3383 5542 non
3428 5485 3661 5542 retribu-

2085 5592 2305 5646 tionem.
2348 5589 2425 5643 Ita
2467 5602 2586 5644 cum
2617 5602 2685 5644 ex
2720 5586 2898 5643 ofﬁcio
2940 5582 3137 5653 aliquid
3178 5579 3415 5652 agimus,
3462 5594 3663 5651 nequa-

2086 5700 2243 5756 quam
2282 5698 2377 5741 nos
2421 5685 2682 5754 imputare
2730 5682 2836 5737 Deo
2879 5692 3192 5749 possumus,
3236 5675 3360 5747 quia
3409 5674 3664 5732 solvimus
