4002 6188
416 264 517 322 8i!)

1618 258 1675 313 S.
1716 253 1959 310 FAUSTI
1998 252 2401 310 RHEGIENSIS

3566 252 3667 309 8‘20

416 377 557 447 quod
585 376 863 433 debemus.
891 376 970 432 Tu
1000 391 1126 431 vero
1154 375 1348 430 divinat
1376 388 1441 428 ne
1471 371 1708 427 invideas
1742 368 1986 435 bonitati,
2018 372 2070 429 Α
2095 381 2203 426 tate
2225 372 2527 438 discedere,
2556 380 2611 428 et
2634 372 2701 427 ad
2724 372 2892 428 levem
2922 371 3231 428 tentationis
3246 381 3434 427 aestum
3460 372 3665 426 inﬁrma

415 470 459 523 si
490 484 622 538 opus
651 468 791 536 quod
831 483 858 519 a
902 483 987 521 me
1022 467 1114 521 illo
1156 466 1441 536 adjuvante
1480 464 1615 518 bene
1637 470 1841 532 gestum
1873 469 1985 526 est,

416 560 498 613 vel
526 562 685 614 etiam
714 567 928 627 accepta
968 557 1326 627 perdiderim?
1358 556 1467 610 Hoc
1506 569 1701 624 genere
1740 568 1839 607 nec
1866 566 1993 605 con-

416 654 547 704 verti
596 664 690 705 eos
750 653 1064 718 permittunt
1115 648 1253 703 mala
1314 645 1701 716 prtecedentia,
1754 658 1853 697 nec
1901 658 1989 695 sa-

417 758 556 797 11³1⁵1.

1041 831 1266 886 CAPUT
1309 831 1370 885 ν.

416 922 608 977 Contra
645 922 742 976 hoc
776 922 913 991 quod
957 924 1169 976 dicunt:
1196 921 1316 975 Non
1357 931 1459 975 tam
1505 923 1659 975 voluit
1693 938 1844 990 quam
1891 937 1992 991 non

490 995 653 1061 potuit
680 988 849 1045 salvus
877 1008 990 1063 esse
1006 994 1091 1059 qui
1119 993 1286 1061 periit,
1304 994 1459 1063 juxta
1481 993 1614 1061 quod
1636 988 1853 1062 legimus
1878 1006 1895 1043 :
1924 988 1991 1043 Et

487 1080 588 1117 non
615 1072 844 1121 poterant
876 1061 1095 1116 credere.

490 1196 634 1250 Inter
671 1196 788 1249 haec
816 1208 937 1248 cum
967 1193 1200 1249 Joannes
1226 1194 1549 1263 evangelista
1574 1204 1988 1250 commemoret:

420 1284 703 1356 Propterea
756 1304 859 1342 non
912 1296 1142 1358 poterant
1183 1289 1409 1355 credere,
1454 1291 1577 1359 quia
1628 1292 1810 1344 iterant
1862 1290 1992 1343 dixit

416 1376 585 1433 Isaias
616 1394 635 1432 :
665 1378 949 1433 Exca'cavit
987 1379 1162 1433 oculos
1195 1395 1404 1443 eorum,
1436 1389 1483 1433 et
1520 1380 1774 1432 induravit
1814 1394 1991 1432 eorum

415 1485 503 1524 cor
541 1468 720 1538 (Joan.
754 1485 855 1534 xu;
888 1468 998 1524 lsa.
1027 1470 1125 1538 v1),
1173 1468 1274 1524 hoc
1322 1471 1439 1523 loco
1482 1469 1711 1524 elocutio
1740 1468 1989 1523 conclusa

415 1560 494 1615 sic
521 1568 757 1628 resonat,
780 1560 932 1630 quasi
960 1560 1039 1616 eis
1063 1575 1168 1615 non
1197 1559 1343 1615 credi
1360 1560 1448 1614 ndi
1473 1558 1764 1614 necessitas
1792 1558 1990 1627 imponi

418 1651 659 1707 videatur
710 1652 911 1708 invitis.
965 1650 1071 1706 Sed
1126 1666 1189 1706 ex
1239 1650 1344 1705 illis
1386 1664 1601 1704 causam
1648 1649 1732 1703 vel
1781 1648 1990 1717 culpam

2095 462 2277 517 radice
2289 462 2538 520 deﬁcere.
2554 463 2841 520 Videamus
2854 479 2987 533 quos
2998 478 3190 520 sanare
3204 465 3509 531 tentaverit,
3528 473 3584 518 et
3596 469 3668 520 eis

2095 568 2279 622 parum
2317 570 2413 623 pro
2436 556 2782 624 consequenti
2814 556 3187 613 incredulitate
3216 558 3496 627 profuerit.
3530 558 3667 612 Ecce

2094 659 2255 699 servo
2286 645 2359 698 illi
2391 646 2443 698 in
2480 646 2764 715 Evangelio
2791 648 3005 715 magnis
3028 648 3222 703 debitis
3252 657 3305 703 et
3331 650 3527 702 anima:
3558 650 3667 701 lau-

2093 736 2349 804 guoribus
2394 750 2691 805 Oppresso,
2742 737 2927 792 decem
2964 738 3126 792 millia
3178 740 3411 801 talenta,
3464 756 3584 808 qua:
3620 742 3665 794 ei

2092 826 2315 880 remissa
2341 825 2673 891 videbantur,
2709 842 2802 896 per
2831 830 3031 882 crimen
3062 830 3289 897 propria:
3317 831 3536 883 malitia:
3569 831 3664 883 ad-

2089 914 2245 983 jectis
2300 916 2627 972 cruciatibus
2674 917 2977 987 exiguntur.
3024 919 3124 974 Ubi
3189 930 3242 974 et
3280 921 3665 975 advertendum

2093 1016 2174 1060 est
2202 1007 2469 1074 quomodo
2514 1007 2771 1076 acquisita
2803 1009 3125 1077 perduntnr,
3172 1020 3227 1065 et
3254 1011 3511 1066 beneﬁcia
3554 1012 3666 1081 jam

2092 1094 2281 1151 collata
2306 1108 2640 1151 revocantur.
2670 1098 2773 1153 Sed
2807 1108 2857 1154 ct
2882 1099 2974 1155 ille
2996 1100 3219 1169 depulso
3240 1117 3270 1156 a
3297 1116 3357 1157 se
3389 1104 3666 1159 immundo

2093 1188 2278 1257 spiritu
2308 1189 2373 1243 ad
2407 1199 2615 1257 tempus
2633 1191 2822 1260 legitur
2854 1191 3016 1247 fuisse
3043 1205 3283 1259 sanatus,
3312 1195 3377 1248 de
3399 1210 3509 1264 quo
3537 1197 3665 1251 dicit

2092 1294 2270 1335 sermo
2290 1281 2501 1337 divinus
2531 1299 2545 1336 :
2578 1282 2704 1337 Cum
2728 1295 2893 1339 autem
2921 1286 3213 1341 immundus
3241 1289 3450 1358 spiritus
3482 1290 3663 1343 exierit

2093 1372 2156 1426 ab
2175 1372 2396 1440 homine,
2418 1375 2730 1443 perambth
2750 1392 2838 1447 per
2852 1378 2966 1432 loca
2985 1380 3153 1446 arida,
3175 1396 3403 1448 quterens
3418 1384 3667 1450 requiem,

2091 1474 2137 1517 et
2154 1480 2257 1517 non
2283 1464 2577 1529 inveniens;
2599 1475 2719 1521 tunc
2738 1467 2860 1521 dicit
2883 1484 2901 1522 :
2923 1468 3163 1523 Reuertar
3190 1472 3245 1524 in
3268 1470 3474 1524 domum
3504 1488 3669 1525 meam

2094 1556 2227 1610 unde
2252 1557 2402 1610 exivi.
2433 1555 2501 1609 Et
2530 1558 2731 1611 veniens
2749 1559 2938 1613 invenit
2955 1570 3233 1625 vacantem,
3256 1562 3423 1628 scopis
3449 1564 3668 1615 munda-

2099 1658 2201 1701 tam
2229 1658 2274 1701 et
2295 1658 2529 1702 ornatam
2551 1648 2704 1719 (Luc.
2730 1653 2847 1716 xu),
2872 1650 2923 1705 id
2946 1660 3049 1716 est,
3081 1660 3355 1707 vacuatam
3384 1654 3668 1708 virtutibus

419 1742 807 1799 incredulitatis
860 1752 1104 1797 exortam
1152 1742 1206 1795 in
1255 1740 1707 1809 consequentibus
1748 1738 1991 1795 lectionis
2021 1726 2067 1785 Β
2094 1747 2149 1792 ει
2200 1737 2522 1792 vanitatibus
2576 1738 2943 1808 adimpletam.
2989 1739 3137 1794 Tunc
3179 1742 3317 1794 vadit
3366 1752 3413 1795 et
3455 1743 3671 1797 assumit

417 1835 548 1889 ordo
578 1836 878 1889 manifestat
911 1836 980 1888 ita
1009 1835 1193 1888 dicens
1234 1851 1248 1885 :
1289 1832 1645 1887 Verumtamen
1673 1840 1717 1885 et
1747 1847 1812 1884 ea:
1850 1831 1993 1901 prin-

417 1927 613 1995 cipibus
642 1927 787 1979 multi
816 1925 1139 1978 crediderunt
1176 1924 1230 1976 in
1263 1938 1378 1975 eum
1399 1966 1414 1990 ,
1450 1923 1537 1975 sed
1564 1930 1769 1991 propter
1804 1919 1995 1973 Phario

417 2033 542 2070 steos
562 2032 662 2067 non
684 2014 1072 2082 conﬁtebuntur,
1102 2024 1154 2063 ut
1183 2011 1246 2063 de
1270 2025 1529 2080 synagoga
1549 2025 1647 2062 non
1668 2010 1989 2076 ejicert‘ntur.

417 2108 717 2161 Dilexerunt
739 2107 872 2160 enim
894 2104 1114 2177 gloriam
1139 2104 1398 2157 hominum
1424 2106 1581 2172 magis
1607 2118 1756 2171 quam
1778 2102 1992 2172 gloriam

418 2200 513 2252 Dei
544 2198 757 2268 (Joann.
792 2199 908 2267 xu).
948 2198 1207 2252 Absolute
1254 2196 1339 2250 hic
1377 2196 1616 2260 indicat,
1647 2195 1788 2249 sicut
1833 2204 1887 2248 et
1923 2196 1991 2250 de

416 2294 635 2349 Simone
660 2292 917 2362 legimus,
965 2291 1129 2346 etiam
1174 2288 1478 2343 inﬁdelibus
1509 2289 1613 2342 vim
1664 2287 1993 2342 credulitatis

415 2384 583 2439 fuisse
619 2386 868 2439 collatam
913 2401 925 2435 :
959 2382 1149 2452 quibus
1188 2382 1325 2436 sicut
1352 2379 1572 2435 facultas
1600 2380 1850 2435 credendi
1894 2379 1992 2433 ad-

418 2476 547 2541 fuit,
596 2475 667 2528 ita
702 2476 950 2529 voluntas
978 2474 1144 2529 defuit
1192 2472 1502 2528 conﬁtendi.
1544 2472 1695 2539 Quod
1734 2471 1987 2534 credunt,

418 2570 604 2639 gratia:
638 2568 854 2637 largitas
893 2576 1004 2632 est;
1027 2566 1167 2635 quod
1197 2565 1579 2635 professionem
1615 2563 1833 2617 creditis
1883 2577 1989 2615 non

417 2659 844 2723 accommodant,
874 2657 1067 2713 mentis
1098 2657 1411 2727 improbitas
1440 2666 1552 2720 est;
1582 2665 1636 2710 et
1664 2654 1916 2723 impletur
1939 2655 1990 2709 in

415 2752 494 2805 eis
520 2767 535 2804 :
568 2750 668 2817 Qui
699 2760 865 2804 autem
904 2765 1005 2803 non
1031 2748 1205 2815 habet,
1235 2748 1386 2801 etiam
1406 2748 1546 2819 quod
1570 2747 1713 2800 habet
1735 2745 1993 2813 auferetur

415 2846 477 2894 ob
503 2858 561 2895 eo
611 2840 803 2912 (Matth
853 2842 948 2909 tv).
996 2841 1131 2895 Ecce
1173 2839 1441 2908 quomodo
1473 2838 1668 2893 bonum
1699 2838 1991 2893 voluntatis

416 2946 470 2987 rt
496 2933 615 2988 ﬁdei
656 2931 888 2986 admixta
926 2932 1125 2984 malitia
1170 2931 1513 2997 depravavit,
1543 2931 1681 2983 sicut
1727 2931 1831 2984 alio
1872 2930 1990 2983 loco

414 3024 467 3077 in
495 3024 683 3077 eodem
715 3021 1009 3089 Evangelio
1045 3021 1159 3088 ipse
1189 3020 1443 3074 Dominus
1473 3019 1600 3073 dicit
1654 3037 1667 3073 :
1718 3020 1984 3085 Quomodo

415 3112 624 3169 potestis
652 3127 736 3163 vos
764 3110 985 3175 credere,
1005 3111 1090 3178 qui
1110 3109 1331 3177 gloriam
1354 3108 1419 3162 ab
1436 3109 1646 3161 invicem
1667 3107 1918 3175 accipitis,
1937 3117 1983 3161 et

416 3205 631 3275 gloriam
683 3218 797 3273 qua:
839 3219 870 3255 a
899 3201 1007 3256 solo
1033 3211 1108 3255 est
1145 3199 1253 3254 Deo
1291 3216 1393 3253 non
1421 3200 1650 3270 quwritis
1684 3198 1861 3269 (Joan.
1888 3198 1983 3269 v)?

420 3295 580 3349 Vides
617 3308 744 3363 ergo
773 3293 893 3363 quia
922 3292 1061 3346 sicut
1093 3290 1392 3360 suppressis
1424 3291 1601 3346 causis
1642 3289 1985 3344 absconditur

417 3386 634 3452 veritas,
665 3386 733 3439 ita
774 3382 1069 3439 manifestis
1100 3391 1403 3437 removetur
1428 3381 1756 3436 obscuritas?
1783 3397 1901 3451 quae
1931 3382 1982 3435 in

417 3477 565 3531 laia:
612 3477 918 3531 testimonio
977 3473 1254 3528 densiores
1301 3473 1458 3543 paulo
1506 3471 1726 3527 nebulas
1777 3471 1987 3526 videtur

415 3570 681 3625 obducere
708 3608 722 3631 ,
775 3568 899 3620 dum
935 3580 1028 3620 eos
1073 3580 1208 3635 quos
1258 3564 1470 3634 propria
1511 3563 1746 3633 nequitia
1790 3562 1983 3617 surdos

415 3675 695 3729 raucosque
744 3656 1079 3721 reddiderat,
1111 3670 1141 3709 a
1178 3657 1286 3709 Deo
1325 3653 1515 3708 asserit
1542 3655 1873 3717 obcaecatos,
1919 3668 1985 3707 ne

417 3752 553 3804 forte
584 3763 843 3804 Conversi)
890 3747 955 3801 ad
988 3749 1153 3801 Deum
1191 3744 1354 3801 corde
1393 3752 1666 3799 sanentur.
1708 3743 1889 3812 Itaque
1927 3752 1984 3798 ut

418 3843 684 3910 paululum
720 3840 1027 3894 ditferamus
1052 3838 1192 3908 quod
1221 3837 1503 3892 blatthteus
1538 3837 1772 3908 apertius
1805 3835 1985 3891 elocu-

418 3946 501 3987 tus
526 3944 609 3988 εει
646 3932 794 4001 juxta
824 3929 987 3999 ipsius
1013 3928 1278 3983 sermonis
1309 3928 1536 3998 rigorem
1558 3969 1573 3994 ,
1599 3926 1687 3997 qui
1716 3942 1781 3982 ex
1805 3925 1985 3981 verbis

417 4026 690 4095 propheta:
728 4022 991 4077 austerius
1020 4021 1251 4090 percutit
1272 4020 1496 4090 legentis
1523 4020 1756 4074 auditum
1776 4058 1792 4083 ,
1824 4017 1983 4072 altius

415 4118 747 4188 requiramus
773 4130 938 4186 quare
970 4114 1070 4169 hoc
1093 4114 1211 4168 loco
1236 4110 1378 4168 nolle
1401 4122 1612 4182 putetur
1643 4110 1899 4165 Dominus
1923 4118 1984 4163 ut

412 4219 687 4275 sanentur,
709 4208 759 4262 id
778 4218 879 4272 est,
901 4222 967 4261 ne
985 4215 1355 4260 momentanea
1368 4202 1718 4257 conversione
1734 4211 1979 4272 suscepta

414 4303 622 4358 collatis
648 4298 919 4355 beneﬁciis
955 4296 1261 4364 abutantur,
1292 4296 1422 4349 iram
1440 4335 1456 4361 ,
1481 4309 1601 4348 cum
1624 4292 1831 4364 probati
1860 4291 1979 4347 fue-

414 4395 547 4458 rint,
579 4402 877 4460 susceptam
906 4387 1206 4459 neglexisse
1232 4402 1295 4440 ac
1321 4385 1588 4455 respuisse
1635 4384 1861 4439 recidiva
1893 4382 1978 4437 in-

414 4485 663 4539 ﬁrmitate
685 4483 1025 4545 medicinam,
1056 4480 1193 4534 sicut
1216 4477 1303 4533 ille
1328 4476 1393 4531 ad
1416 4492 1572 4546 quem
1596 4476 1707 4545 ipse
1724 4476 1979 4531 Dominus

410 4576 645 4644 loquitur
678 4593 690 4626 :
720 4572 837 4626 Jam
866 4589 1019 4626 sanus
1045 4574 1209 4643 [actus
1228 4586 1311 4633 es,
1342 4569 1445 4623 noli
1472 4583 1707 4640 peccare,
1737 4584 1800 4622 ne
1834 4566 1976 4620 dete-

413 4666 520 4719 rius
550 4664 636 4717 tibi
663 4664 854 4730 aliquid
881 4663 1155 4732 contingat.
1202 4661 1435 4716 Adverte
1462 4661 1696 4716 bonitate
1736 4660 1980 4714 sanitatis

412 4756 634 4825 impium
658 4753 996 4823 prwgravari.
1030 4752 1118 4805 Sic
1139 4750 1344 4805 Pharao
1366 4751 1648 4805 insultasse
1678 4750 1978 4816 deprehen-

410 4847 553 4901 ditur
603 4843 988 4900 misericordize
1040 4842 1133 4897 Dei
1161 4883 1177 4905 ,
1222 4858 1377 4911 quem
1409 4842 1649 4898 addictus
1703 4842 1974 4912 plagarum

409 4938 810 5007 resipiscentem
837 4944 894 4990 et
920 4944 1318 4990 convertentem
1340 4976 1353 4996 .
1386 4944 1440 4990 et
1468 4935 1836 4990 ltumiliantem
1885 4949 1974 5000 se,

403 5031 617 5101 quoties
653 5045 844 5085 sanare
886 5030 1092 5093 voluit,
1135 5028 1291 5083 toties
1339 5027 1660 5083 deteriorem
1706 5042 1827 5081 esse
1859 5036 1979 5095 post

407 5124 790 5180 humanitatem
812 5121 1107 5177 clementia:
1128 5120 1499 5190 deprehendit.
1518 5119 1691 5186 Quare
1714 5118 1978 5190 (inquam)

402 5220 536 5274 istos
562 5231 757 5272 sanare
783 5213 1118 5270 dissimulat?
1140 5230 1207 5269 ne
1230 5212 1360 5268 ﬁant
1385 5212 1569 5283 utique
1588 5212 1728 5267 illius
1749 5212 1974 5278 similes,

399 5311 484 5377 qui
510 5325 665 5379 supra
685 5318 885 5380 petrosa
912 5306 1191 5360 seminatus
1210 5314 1305 5370 est,
1338 5304 1389 5359 id
1416 5313 1515 5369 est,
1543 5305 1629 5374 qui
1657 5305 1724 5357 ad
1755 5320 1975 5357 momen-

398 5414 503 5453 tum
530 5417 643 5453 cum
664 5399 855 5469 gaudio
880 5398 1089 5469 suscipit
1115 5396 1339 5461 verbum,
1363 5396 1452 5465 qui
1476 5397 1542 5448 ad
1570 5405 1767 5463 tempus
1794 5394 1973 5459 credit,

397 5503 444 5544 et
474 5494 525 5545 in
554 5500 776 5560 tempore
806 5490 1097 5545 tentatiouis
1130 5488 1315 5543 recedit
1338 5486 1551 5556 (Matth.
1580 5488 1678 5556 tv).
1719 5486 1855 5552 Quid
1894 5494 1977 5539 est

404 5594 829 5639 motnentaneam
851 5582 1125 5651 suscipere
1147 5581 1451 5645 sanitatem,
1475 5580 1527 5635 id
1549 5589 1650 5648 est,
1680 5580 1744 5634 ad
1772 5590 1975 5648 tempus

403 5674 642 5741 credere,
675 5675 804 5731 etin
828 5684 1067 5744 tempore
1088 5672 1397 5728 tentationis
1423 5688 1521 5742 pro
1550 5674 1709 5729 animi
1743 5674 1976 5732 inﬁdeli-

2093 1837 2283 1898 septem
2317 1828 2447 1883 alios
2476 1830 2686 1898 spiritus
2714 1847 2883 1885 secum
2921 1833 3187 1904 nequiores
3228 1850 3309 1899 se,
3339 1844 3387 1888 et
3419 1836 3670 1891 intrantes

2095 1921 2322 1975 habitant
2345 1921 2453 1986 ibi,
2496 1930 2544 1975 ct
2585 1923 2711 1991 ﬁunt
2740 1924 3009 1978 novissima
3036 1926 3257 1979 hominis
3302 1926 3449 1979 illius
3489 1927 3670 1997 pejora

2094 2011 2367 2080 prioribus.
2401 2010 2539 2066 Ecce
2565 2013 2649 2067 cui
2680 2014 2960 2068 sanitatem
2984 2015 3232 2069 collatam
3259 2031 3379 2071 esse
3406 2032 3511 2070 non
3545 2031 3671 2086 pro-

2094 2103 2208 2157 luit.
2262 2103 2314 2156 ln
2363 2119 2521 2173 quem
2570 2104 2929 2174 multiplicatis
2974 2106 3130 2162 malis
3175 2109 3395 2163 nocivus
3442 2109 3670 2178 languor

2094 2194 2329 2247 incubuit
2361 2204 2415 2249 et
2444 2195 2688 2251 increvit.
2724 2196 2828 2252 Sed
2859 2207 2911 2254 et
2940 2199 3044 2253 alio
3071 2199 3187 2254 loco
3226 2202 3271 2254 is
3314 2203 3403 2269 qui
3433 2211 3551 2270 post
3578 2216 3672 2257 ac-

2092 2296 2298 2354 ceptam
2333 2289 2574 2341 notitiam
2606 2290 2864 2356 teritatis,
2911 2290 2962 2345 id
2989 2276 3099 2357 est,
3129 2303 3245 2361 post
3274 2293 3521 2348 collatam
3552 2295 3670 2359 (ve-

2094 2377 2328 2447 ritatvm)
2370 2378 2469 2432 sibi
2499 2394 2681 2433 curam
2724 2381 2941 2448 salutis,
2987 2384 3299 2453 sanguinem
3350 2372 3669 2441 testamenti

2093 2469 2355 2536 pollutum
2380 2469 2627 2535 duxerat,
2661 2471 2713 2524 in
2740 2487 2844 2541 quo
2868 2473 3227 2527 sanctiﬁcatus
3253 2484 3335 2529 est
3353 2520 3365 2540 ,
3397 2475 3448 2528 id
3474 2484 3580 2540 est,
3612 2477 3663 2529 in

2091 2573 2197 2627 quo
2226 2568 2441 2613 sanatus
2475 2570 2577 2627 est,
2609 2562 2850 2629 graviora
2882 2562 3075 2617 mereri
3119 2564 3378 2634 supplicia
3405 2566 3668 2632 Apostolo

2090 2657 2379 2704 attestante
2425 2650 2754 2719 perhibetur.
2801 2652 2893 2707 Sic
2933 2655 3109 2723 itaque
3144 2657 3310 2726 gratia
3359 2657 3411 2710 in
3454 2658 3667 2726 culpam

2092 2740 2336 2807 vertitur,
2364 2741 2468 2795 nisi
2494 2742 2735 2796 custodia
2768 2745 3140 2814 subsequatur.
3174 2745 3279 2801 Sed
3310 2748 3360 2801 in
3394 2748 3476 2803 his
3507 2764 3667 2803 evan-

2091 2831 2279 2899 gelista
2326 2832 2605 2887 Mattbmus
2644 2834 2768 2888 dum
2814 2835 3168 2891 incrassatum
3216 2852 3341 2904 cor,
3391 2840 3668 2894 obturatas

2090 2937 2245 2977 aures
2267 2965 2282 2990 ,
2313 2924 2630 2995 clausosque
2658 2925 2843 2981 oculos
2872 2928 2935 2984 ad
2969 2930 3177 2998 culpam
3208 2929 3438 2985 hominis
3469 2932 3665 2998 refert,

2088 3031 2186 3070 cur
2211 3032 2315 3071 non
2362 3027 2681 3073 sanarentur
2709 3020 2975 3088 apertiore
3029 3037 3218 3089 sensu,
3276 3031 3331 3078 et
3373 3023 3665 3079 dilucidata

2011 3079 2056 3143 (ἶ
2089 3110 2292 3162 ratione
2318 3108 2612 3175 perdocuit,
2642 3109 2769 3163 dum
2805 3110 3068 3182 (inquam)
3094 3112 3225 3166 dicit
3256 3130 3270 3165 :
3310 3111 3665 3168 Incrassatum

2085 3210 2157 3252 est
2184 3212 2270 3250 cor
2300 3199 2473 3267 populi
2494 3199 2678 3270 hujus,
2709 3208 2754 3253 et
2790 3202 2998 3254 auribus
3033 3204 3250 3273 graviter
3278 3204 3589 3269 audierunt,
3622 3218 3666 3261 et

2086 3286 2263 3340 oculos
2292 3304 2412 3342 suos
2441 3290 2752 3343 clauserunt.
2780 3289 2966 3347 Nonne
2995 3292 3086 3347 tibi
3109 3292 3315 3349 videtur
3336 3294 3479 3350 velut
3504 3297 3666 3351 inter-

2088 3378 2421 3446 rogantibus,
2459 3394 2555 3434 cur
2582 3380 2829 3436 videntes
2859 3398 2965 3436 non
2998 3383 3242 3446 videant,
3279 3394 3335 3439 et
3382 3385 3666 3441 audientes

2088 3484 2192 3523 non
2216 3470 2533 3539 intelligant,
2568 3472 2869 3527 evidentem
2893 3476 3135 3543 protinus
3163 3475 3375 3531 dedisse
3400 3477 3663 3531 rationem

2086 3562 2153 3615 de
2179 3564 2351 3616 causis
2374 3573 2588 3631 propter
2614 3578 2743 3633 quas
2764 3579 2869 3618 non
2894 3565 3100 3619 videant
3129 3582 3299 3633 neque
3322 3568 3663 3636 intelligant?

2088 3654 2207 3722 quia
2248 3655 2436 3710 audire
2469 3664 2522 3709 et
2546 3654 2751 3722 videre,
2784 3656 2835 3710 id
2860 3669 2965 3723 εει,
3002 3658 3303 3727 intelligere
3340 3671 3393 3715 et
3442 3660 3663 3716 obedire

2086 3745 2387 3800 noluerunt.
2404 3746 2535 3814 Quia
2554 3746 2766 3816 (inquit)
2786 3764 2887 3800 non
2910 3765 3083 3803 omnes
3100 3750 3336 3804 obediunt
3360 3750 3658 3821 Evangelia,

2086 3836 2205 3903 quia
2256 3844 2363 3889 tota
2410 3836 2491 3890 die
2532 3836 2756 3905 expendi
2795 3853 2975 3892 manus
3010 3854 3147 3894 meas
3173 3840 3241 3893 ad
3275 3841 3525 3911 populum
3566 3859 3661 3894 non

2086 3925 2366 3981 credentem
2395 3936 2443 3981 et
2483 3928 2943 3995 contradicentem;
2970 3929 3107 3984 sicut
3140 3930 3301 3986 etiam
3329 3946 3423 4000 per
3447 3947 3510 3987 se
3554 3932 3659 4002 jam

2085 4020 2339 4075 Dominus
2379 4020 2613 4089 loquitur
2644 4039 2656 4073 :
2690 4019 2855 4076 Filios
2876 4022 2985 4077 alui
3010 4032 3058 4077 et
3086 4014 3325 4089 exaltari,
3358 4026 3455 4094 ipsi
3493 4034 3659 4078 autem

2085 4128 2164 4165 me
2208 4123 2525 4181 spreverunt.
2575 4115 2642 4167 Et
2687 4114 2876 4169 iterum
2925 4133 2937 4167 :
2992 4115 3243 4182 Quoniam
3286 4115 3661 4185 dereliquerunt

2083 4219 2257 4256 cenam
2304 4220 2551 4273 aquarum
2578 4206 2845 4258 viventium
2888 4204 3179 4260 Dominum.
3226 4207 3292 4260 Et
3336 4207 3389 4261 in
3434 4207 3660 4262 Actibus

2085 4296 2462 4363 Apostolorum
2502 4314 2514 4350 :
2554 4296 2789 4351 Videntes
2829 4296 3045 4369 (inquit)
3085 4298 3294 4364 Judwi,
3327 4300 3507 4369 repleti
3544 4308 3660 4354 sunt

2086 4386 2193 4440 zelo
2213 4426 2229 4454 ,
2276 4397 2324 4440 et
2357 4388 2769 4442 contradicebant
2797 4387 2878 4443 his
2914 4405 3027 4457 qua:
3065 4404 3097 4442 a
3128 4388 3297 4443 Paulo
3336 4390 3655 4453 dicebantur,

2086 4478 2485 4546 blasphemantes
2509 4480 2639 4534 viam
2663 4477 2873 4533 Domini
2892 4480 3029 4551 (Act.
3052 4480 3193 4549 xttt).
3222 4480 3289 4535 Et
3308 4480 3502 4535 iterum
3530 4497 3544 4533 :
3569 4478 3659 4532 In-

2085 4572 2244 4624 stabat
2300 4569 2516 4640 (inquit)
2545 4572 2693 4624 verbo
2734 4569 2932 4624 Paulus
2957 4615 2971 4638 ,
3005 4571 3275 4640 testiﬁcans
3319 4569 3522 4625 Judteis
3556 4587 3660 4624 esse

2085 4663 2339 4717 Christum
2376 4664 2576 4721 Jesum.
2609 4664 3079 4719 Contradicentibus
3121 4675 3166 4719 et
3198 4664 3660 4734 blasphemantibus

2083 4755 2337 4808 excutiens
2363 4755 2657 4808 vestimenta
2700 4772 2792 4808 sua
2836 4756 2964 4809 dix't
2996 4772 3015 4809 :
3045 4756 3265 4827 Sanguis
3307 4768 3471 4810 vester
3508 4771 3661 4827 super

2083 4858 2233 4918 caput
2259 4856 2472 4901 vestrum
2508 4849 2631 4913 erit;
2677 4849 2896 4901 mundus
2922 4864 3015 4917 ego
3040 4865 3104 4902 ea:
3142 4848 3236 4901 hoc
3257 4849 3367 4918 jam
3398 4850 3466 4901 ad
3488 4858 3659 4918 gentes

2080 4942 2263 4994 cadam
2294 4940 2429 5012 (Act.
2462 4944 2634 5005 xvm).
2687 4940 3155 4995 Contradiceutibus
3195 4942 3416 5011 (inquit)
3457 4943 3563 4994 illis
3615 4952 3661 4993 et

2080 5029 2562 5099 blasphemantibus.
2592 5030 2726 5085 Vide
2752 5035 3020 5101 quomodo
3050 5032 3282 5086 remedia
3319 5032 3514 5101 ingerit
3551 5046 3660 5085 me-

2079 5122 2264 5187 dicus,
2288 5131 2341 5176 et
2378 5132 2590 5178 recusat
2625 5132 2877 5193 aegrotus.
2925 5124 3162 5192 Quorum
3202 5124 3451 5179 duritiam
3496 5124 3659 5178 etiam

2081 5212 2270 5269 beatus
2315 5213 2616 5283 Stephanus
2651 5215 2764 5284 pari
2798 5216 3114 5269 auctoritate
3161 5216 3402 5285 increpat
3438 5214 3659 5277 dicens,

2092 5303 2439 5359 'ttcircumcisi
2492 5306 2646 5360 corde
2694 5314 2742 5359 et
2784 5306 3031 5371 auribus,
3071 5322 3159 5360 vos
3201 5321 3395 5375 sentper
3438 5304 3659 5370 Spiritui

2110 5408 2261 5454 arcto
2308 5399 2559 5453 restitistis
2607 5398 2741 5468 (Act.
2774 5398 2890 5469 vn).
2939 5398 3079 5453 Ecce
3123 5412 3289 5468 quare
3324 5397 3506 5451 videre
3553 5410 3658 5450 non

2086 5501 2347 5560 possunt:
2379 5492 2499 5560 quia
2542 5490 2760 5559 Spiritui
2792 5500 2979 5546 sancto
3004 5490 3299 5554 resistunt,
3346 5497 3503 5557 atque
3544 5500 3575 5540 a
3601 5500 3659 5540 se
3738 5562 3749 5571 ‘

2085 5582 2280 5637 clausis
2302 5592 2489 5652 sponte
2513 5581 2680 5636 oculis
2706 5582 2881 5636 lumen
2906 5582 3147 5636 veritatis
3171 5580 3477 5635 excludunt.
3506 5576 3656 5644 Quod

2091 5688 2217 5743 ergo
2247 5675 2296 5728 in
2328 5673 2615 5741 Evangelia
2646 5674 2883 5743 sequitur
2910 5682 2964 5728 et
2990 5672 3121 5729 dicit
3152 5690 3166 5726 :
3213 5671 3295 5728 Ne
3317 5674 3448 5740 forte
3496 5670 3656 5721 oculis
