4002 6188
289 238 384 295 82]

1396 228 1484 283 DE
1522 225 1776 283 G’RA'I‘IA
1821 222 1961 289 DEI,
2009 222 2182 286 LTC.,
2226 220 2351 273 LIB.
2394 217 2455 272 ll.

3462 204 3562 261 8'22

292 351 512 411 videant,
544 352 591 398 et
612 342 821 397 auribus
840 343 1075 407 audiant,
1094 349 1138 395 et
1155 340 1306 395 corde
1326 342 1610 410 intelligant
1626 357 1644 404 ;
1669 356 1879 393 conver-
1906 348 1959 405 Α
1985 345 2037 389 et
2066 334 2368 390 Judacorum
2391 330 2859 400 praesumptionem
2876 318 3189 382 omnimodo
3210 325 3567 392 comprimere

292 450 481 506 tantur,
508 446 553 491 et
577 452 747 489 sanem
768 451 849 489 eos
874 433 1053 503 (Joan.
1077 434 1199 503 xu),
1219 448 1285 487 ne
1313 433 1518 501 possint
1537 433 1775 486 converti
1801 440 1881 485 at-

295 548 397 603 que
419 531 618 597 sanari,
635 527 879 583 obdurati
901 527 1076 583 cordis
1099 527 1283 580 vilium
1302 535 1354 581 et
1376 541 1526 595 ptem
1549 524 1749 593 peccati
1774 530 1876 577 est.

298 626 399 692 Ne,
416 625 607 694 inquit,
622 631 979 677 convertantur
993 630 1039 674 et
1055 636 1225 674 sanam
1241 635 1346 673 eos.
1364 618 1477 672 Non
1497 617 1581 672 hic
1598 616 1881 671 sanitatem

298 717 608 774 volentibus
660 714 934 785 denegat,
980 712 1074 767 sed
1124 711 1550 766 contradicentes
1590 723 1647 763 se
1693 721 1884 762 sanare

300 809 477 873 nolle;
499 808 551 861 id
572 818 675 871 est,
699 822 803 860 non
826 805 1021 860 debere
1045 802 1369 873 pronuntiat.
1392 800 1472 855 Ad
1492 799 1875 854 conferendum

302 901 608 957 remedium
647 897 1043 968 promptissima
1072 904 1154 949 est
1185 894 1397 949 bonitas
1423 891 1651 958 medici,
1683 891 1775 945 sed
1809 891 1889 943 in-

307 989 659 1061 temperantia
688 986 1006 1043 contradicit
1044 986 1265 1041 inflrmi.
1297 985 1429 1039 Nam
1462 984 1551 1053 qui
1579 985 1649 1037 ita
1694 981 1892 1037 intelli-

306 1083 541 1154 gendum
581 1087 772 1150 putat,
828 1078 971 1149 quod
1005 1091 1099 1133 eos
1140 1091 1332 1132 sanare
1361 1075 1623 1143 noluerit,
1665 1073 1893 1128 absolvit

312 1175 582 1229 hominem
610 1182 666 1227 et
694 1170 917 1225 damnat
955 1178 1252 1224 auctorem.
1287 1166 1473 1221 Nullus
1497 1180 1628 1234 ergo
1648 1165 1891 1220 excludi-

314 1276 398 1318 tur
424 1282 454 1317 a
479 1263 751 1317 benefitiis
783 1262 908 1328 Dei,
937 1260 1027 1329 qui
1061 1260 1285 1329 primum
1316 1259 1383 1312 de
1410 1259 1664 1327 neglectis
1695 1256 1895 1311 beneli-

316 1356 410 1411 ciis
431 1352 755 1424 judicandus
781 1363 888 1407 est.
1754 1362 1757 1363 ν

930 1440 1153 1497 CAPUT
1196 1440 1279 1494 Vl.

322 1540 459 1607 Quid
482 1540 547 1592 sit
572 1537 708 1608 quod
736 1536 828 1601 ait,
859 1535 984 1608 Cum
1016 1534 1149 1587 enim
1171 1532 1397 1608 nondum
1422 1532 1633 1602 egissent
1659 1532 1774 1585 boni
1802 1529 1899 1585 ali-

898 1606 1021 1674 quid
1046 1614 1134 1657 aut
1168 1604 1311 1657 mali.

1985 429 2232 493 studeat,
2264 426 2353 494 qui
2401 423 2645 492 improbe
2683 423 2751 476 de
2790 422 2920 492 legis
2947 422 3197 491 operibus
3244 422 3569 474 intumesce-

1986 520 2133 583 bant,
2170 534 2274 571 non
2309 520 2360 570 in
2390 516 2593 585 origine
2621 516 2893 569 seniorum
2926 514 3149 570 Ismaele
3180 514 3263 568 vel
3297 513 3449 567 Esau
3476 513 3567 565 de-

1985 618 2188 664 cretum
2222 609 2379 663 fatale
2412 607 2710 672 constituit,
2741 606 2835 659 sed
2863 605 2915 658 in
2949 606 3322 659 benedictione
3346 604 3491 657 Isaac
3515 613 3573 656 et

1987 702 2149 756 Jacob
2167 701 2482 756 electionem
2508 700 2687 769 pepuli
2706 698 2929 752 minoris
2946 699 3200 763 ostendit,
3216 708 3268 752 et
3286 707 3573 766 prapterea

1991 796 2250 849 minorem
2296 794 2481 861 majori
2520 807 2624 846 non
2658 792 2800 846 velut
2826 791 3060 859 potentia
3090 790 3211 856 Dei,
3234 791 3327 844 sed
3359 805 3458 860 pro
3494 790 3576 859 ju-

1992 886 2134 941 stitia
2174 884 2429 955 prmtulit.
2456 883 2681 938 Perinde
2710 883 2850 937 enim
2879 881 3207 948 impietatem
3238 880 3572 943 Judwotum,

1995 980 2133 1033 sicut
2182 977 2540 1033 obedientiam
2590 976 2829 1046 gentium
2877 974 3225 1043 praividebat.
3277 971 3409 1039 Quia
3448 988 3579 1040 ergo

1994 1070 2169 1125 dicit:
2214 1068 2341 1122 Cum
2385 1069 2519 1122 enim
2564 1069 2792 1121 nondum
2829 1072 3046 1138 egissent
3076 1066 3193 1120 boni
3243 1067 3443 1135 al'quid
3491 1075 3580 1119 aut

1998 1160 2142 1225 muli,
2166 1178 2265 1213 non
2285 1178 2347 1214 ex
2371 1161 2601 1231 operibus
2625 1200 2638 1224 ,
2669 1161 2757 1214 sed
2783 1177 2845 1213 ea:
2866 1168 3073 1213 vorante
3096 1160 3286 1212 dictum
3316 1170 3390 1212 est
3406 1200 3420 1225 ,
3461 1161 3581 1228 quia

1997 1252 2163 1320 major
2192 1254 2365 1305 serviet
2400 1253 2602 1317 miniri,
2632 1266 2698 1305 ex
2736 1263 2962 1306 vocante
2991 1251 3204 1321 quidem
3238 1252 3435 1306 dictum
3474 1259 3581 1315 est,

2003 1364 2105 1401 non
2134 1359 2309 1403 tamen
2341 1347 2405 1401 ad
2438 1348 2842 1416 compellendos
2874 1348 2952 1400 vel
2986 1346 3321 1414 repellendos
3342 1387 3356 1411 ,
3383 1346 3474 1399 scd
3517 1346 3581 1400 ad

1999 1439 2251 1493 creditur.
2279 1455 2303 1491 s
2328 1448 2381 1492 et
2408 1455 2513 1491 non
2547 1437 2848 1492 credituros
2869 1438 3067 1491 dictum
3091 1453 3211 1493 esse
3241 1439 3580 1492 manifestum

2001 1542 2102 1593 est,
2134 1540 2189 1583 ut
2217 1531 2399 1583 divitia
2424 1531 2522 1583 sibi
2546 1530 3077 1599 constantejustitia,
3106 1531 3171 1584 ad
3204 1530 3436 1585 hominis
3466 1546 3582 1599 per-

2004 1622 2170 1677 tiueat
2221 1624 2546 1677 voluntatem
2599 1624 2682 1678 vel
2728 1639 2977 1690 renuere,
3011 1624 3095 1677 vel
3125 1623 3413 1677 observare
3442 1638 3584 1691 pra:-

391 1721 545 1774 lllum
578 1734 705 1773 vero
746 1716 985 1785 Apostoli
1030 1730 1245 1771 sensum
1278 1716 1413 1769 intra
1445 1715 1656 1785 gentilis
1697 1714 1897 1770 decreti
1934 1717 1975 1776 Β
2005 1728 2181 1788 cepta.
2220 1716 2351 1772 Cum
2383 1734 2512 1788 ergo
2537 1718 2690 1773 audis
2715 1761 2728 1784 ,
2758 1734 2820 1771 ea:
2848 1726 3061 1770 vocante
3088 1717 3274 1769 dictum
3320 1727 3411 1782 est,
3456 1718 3584 1770 invi-

324 1824 530 1868 arctare
555 1820 815 1865 conantur
835 1809 1130 1876 angustias,
1155 1807 1293 1877 quod
1321 1806 1452 1861 dicit
1482 1822 1497 1860 :
1531 1805 1899 1860 Promissionis

327 1904 544 1979 (inquit)
566 1903 769 1956 verbum
788 1901 883 1955 hoc
901 1911 971 1954 est
997 1917 1014 1957 :
1039 1900 1334 1955 Secundum
1360 1899 1453 1953 hoc
1475 1909 1671 1969 tempus
1685 1900 1902 1963 veniam,

326 2006 374 2049 et
394 1997 489 2049 erit
521 1994 670 2050 Sane
696 1994 857 2062 filius.
892 1991 1013 2046 Non
1052 1993 1216 2045 solum
1242 2005 1441 2056 autent,
1472 1991 1561 2044 sed
1589 2000 1635 2045 et
1683 1990 1907 2045 Rebecca

329 2104 391 2142 ex
420 2102 521 2140 uno
557 2085 824 2138 concubitu
856 2084 1041 2137 habens
1073 2081 1229 2137 Isaac
1257 2092 1451 2150 patrem
1486 2091 1737 2134 nostrum.
1782 2080 1908 2134 Cum

328 2180 460 2232 enim
488 2177 717 2231 nondum
738 2176 843 2228 nati
866 2176 1096 2245 fuissent,
1122 2184 1208 2226 aut
1234 2172 1430 2243 aliquid
1450 2172 1665 2243 egissent
1684 2160 1801 2225 boni
1821 2183 1909 2224 aut

330 2270 472 2336 mali,
502 2278 556 2322 ut
579 2266 854 2322 secundum
881 2266 1172 2320 electionem
1202 2266 1518 2336 propositum
1545 2263 1640 2318 Dei
1663 2273 1907 2329 maneret,

332 2377 434 2414 non
457 2376 519 2413 ea:
539 2360 799 2429 operibus,
827 2358 916 2411 sed
943 2374 1007 2412 ex
1027 2366 1234 2411 vocante
1255 2356 1447 2410 dictum
1477 2365 1569 2418 est,
1601 2358 1721 2426 quia
1743 2358 1912 2427 major

332 2454 512 2506 serviet
558 2452 743 2504 minori
759 2491 774 2517 ,
805 2451 937 2504 sicut
965 2450 1211 2518 scriptum
1240 2458 1311 2502 est
1338 2464 1356 2502 :
1379 2447 1539 2502 Iacob
1566 2448 1744 2511 dilexi,
1770 2446 1912 2500 Esau

336 2554 505 2598 autem
525 2543 641 2597 odio
663 2542 815 2596 Itabui
841 2540 1017 2609 (Rom.
1043 2557 1129 2607 1x;
1156 2539 1284 2594 Mal.
1314 2536 1374 2610 1).
1400 2540 1457 2594 In
1491 2540 1572 2593 his
1602 2538 1780 2593 verbis
1814 2538 1915 2591 hoc

337 2638 451 2691 vult
496 2637 716 2707 intelligi
758 2635 1033 2707 gentilitia:
1070 2634 1433 2706 persuasionis
1462 2633 1740 2702 impietas,
1772 2629 1915 2701 quod

340 2732 480 2785 Deus
507 2730 708 2801 absque
730 2730 838 2784 ullo
872 2730 1010 2784 inter
1046 2729 1242 2783 malum
1266 2735 1320 2783 et
1350 2728 1544 2781 bonum
1563 2726 1916 2780 moderatoris

337 2828 605 2886 examine,
621 2836 725 2875 non
739 2821 925 2875 ordine
939 2820 1422 2889 regentis,sedjure
1434 2817 1917 2873 dominantisillom

338 2913 532 2969 aﬂ'ectu
548 2914 760 2983 dignum
780 2912 984 2977 reddat,
1000 2912 1140 2967 hunc
1159 2912 1302 2975 odio,
1319 2912 1462 2965 illum
1479 2910 1704 2979 recipiat
1719 2910 1917 2976 studio,

341 3008 484 3059 hunc
517 3005 765 3059 excludat
790 3004 1034 3074 imperio.
1067 3004 1132 3058 Et
1168 3002 1308 3057 inter
1333 3003 1465 3057 duos
1496 3002 1752 3072 perditos,
1777 3001 1919 3055 nulla

2008 1817 2204 1863 tantem
2238 1809 2506 1877 intelligo,
2546 1824 2651 1862 non
2683 1815 2986 1878 cogentem.
3021 1810 3149 1862 Item
3180 1808 3304 1863 dum
3329 1809 3459 1863 dicit
3486 1826 3585 1862 non

2007 1916 2070 1953 ea:
2100 1900 2332 1968 operibus
2352 1940 2367 1964 ,
2410 1903 2604 1954 asserit
2647 1900 2788 1954 circa
2820 1915 2913 1954 eos
2942 1916 3049 1954 non
3082 1901 3214 1969 legis
3242 1916 3404 1969 opera
3427 1944 3441 1967 ,
3472 1918 3589 1969 qum

2010 1991 2193 2058 utique
2224 1992 2458 2045 nondum
2485 1991 2811 2055 advenerat,
2835 1992 2929 2045 sed
2970 1992 3129 2045 etiam
3157 2002 3279 2046 ante
3313 1993 3483 2061 legem
3515 1994 3592 2045 di-

2010 2084 2147 2136 vinze
2191 2081 2580 2136 misericordia:
2624 2096 2685 2136 ac
2726 2083 3106 2137 munificentiae
3144 2083 3284 2136 dona
3340 2082 3592 2153 viguisse.

2013 2173 2137 2227 Non
2171 2188 2230 2226 ea:
2258 2173 2518 2241 aperibus,
2551 2174 2738 2242 inquit.
2773 2173 2940 2228 Audis
2968 2172 3100 2244 legis
3139 2187 3303 2242 opera
3348 2174 3550 2228 destrui
3578 2217 3591 2239 ,

2015 2274 2069 2318 et
2099 2274 2154 2318 tu
2185 2274 2467 2333 prepzerea
2504 2265 2686 2332 inepto
2716 2279 2876 2319 sensu
2923 2265 3083 2319 etiam
3125 2267 3222 2319 sub
3268 2266 3451 2334 gratia:
3480 2266 3593 2335 lege

2015 2358 2277 2424 viventes,
2310 2358 2443 2411 alios
2469 2357 2585 2412 sine
2612 2358 2863 2426 operibus
2890 2358 3075 2426 gratia:
3105 2358 3280 2412 credis
3308 2372 3464 2429 posse
3489 2362 3594 2412 sal-

2016 2448 2161 2511 vari,
2202 2449 2337 2502 alios
2366 2448 2526 2503 etiam
2555 2464 2673 2502 cum
2706 2448 2958 2519 operibus
3001 2449 3321 2518 prohibente
3369 2453 3594 2508 naturali

2019 2555 2157 2593 nexu
2181 2549 2235 2594 et
2258 2540 2377 2611 lege
2399 2540 2542 2595 fatali
2560 2540 2722 2609 janua
2744 2542 2930 2596 salutis
2951 2543 3210 2596 excludis.
3235 2542 3396 2596 Jacob
3416 2544 3592 2610 dilexi,

2021 2631 2163 2685 Esau
2185 2632 2300 2685 odio
2329 2632 2505 2686 habui.
2532 2634 2812 2699 Quomodo
2838 2636 2923 2690 hic
2951 2638 3094 2703 juxta
3122 2638 3269 2705 pravi
3301 2652 3489 2692 sensus
3516 2640 3596 2692 in-

2022 2734 2310 2794 terpretem
2365 2728 2507 2780 circa
2550 2726 2786 2781 nondum
2833 2737 2986 2782 natos
3041 2731 3303 2783 sententia
3361 2733 3596 2786 caelestis

2021 2819 2293 2873 exeritur?
2318 2819 2428 2875 Nec
2453 2836 2576 2875 reus
2599 2821 2743 2876 enim
2768 2836 2888 2876 esse
2907 2832 3080 2892 potest
3105 2826 3340 2879 nondum
3365 2828 3597 2895 genitus,

2026 2925 2124 2966 nec
2144 2911 2371 2967 dilectus
2400 2928 2413 2966 :
2448 2912 2579 2966 nihil
2610 2914 2753 2967 enim
2783 2923 3017 2969 meretur
3048 2917 3280 2971 nondum
3311 2919 3598 2988 produCtus

2028 3004 2079 3057 in
2114 3003 2317 3069 lucem;
2359 3004 2453 3058 scd
2485 3006 2623 3058 sicut
2658 3005 2709 3058 in
2754 3005 2990 3059 futurum
3034 3010 3206 3063 adhuc
3253 3021 3367 3065 erat
3414 3029 3600 3068 eorum

340 3096 700 3151 consideratio
731 3096 956 3163 laboris,
982 3096 1124 3150 nulla
1167 3095 1463 3149 devotionis
1511 3093 1793 3159 habeatur,
1824 3092 1917 3147 sed
1946 3082 1989 3141 C
2024 3097 2255 3164 reposita
2286 3096 2653 3163 convezsatio,
2678 3096 2750 3150 ita
2780 3097 2953 3152 futura
2980 3102 3316 3167 praescientis
3352 3104 3595 3171 on‘ensio,

344 3204 482 3243 unus
503 3189 619 3243 sine
640 3189 844 3242 ratione
871 3187 1204 3242 cessantibus
1222 3186 1410 3241 officiis
1436 3195 1758 3251 assumatur,
1786 3185 1923 3239 alter

344 3285 461 3349 sine
478 3282 802 3336 discretione
821 3279 1122 3333 damnetur.
1138 3278 1213 3331 Ac
1230 3279 1307 3332 sic
1334 3277 1459 3331 dum
1484 3278 1534 3330 in
1550 3277 1806 3330 alterutro
1828 3289 1926 3330 nec

345 3374 524 3429 meriti
549 3374 731 3428 existit
754 3373 994 3439 materia,
1020 3385 1118 3425 nec
1135 3369 1333 3431 delicti,
1353 3368 1589 3423 aufertur
1608 3368 1828 3421 omnino
1848 3366 1927 3419 1⁵..-

345 3469 453 3521 turi
490 3481 652 3520 cau~a
691 3464 895 3535 judicii.
924 3462 1076 3530 Quod
1122 3464 1165 3517 si
1209 3462 1322 3515 haec
1356 3477 1533 3516 rerum
1565 3469 1669 3514 tam
1711 3460 1925 3529 indigna

344 3558 593 3615 confusio
616 3558 771 3611 etiam
796 3571 823 3610 a
846 3570 1003 3611 sensu
1027 3554 1272 3609 humana:
1293 3554 1484 3608 mentis
1507 3554 1676 3607 allena
1700 3566 1802 3619 εει,
1821 3553 1930 3608 sol-

348 3651 552 3710 licitius
592 3650 923 3719 requiramus
957 3647 1083 3717 quid
1124 3646 1316 3702 divina:
1345 3646 1648 3713 conveniat,
1673 3648 1929 3715 Apostolo

347 3744 690 3806 disserente,
734 3740 989 3809 iustitiae,
1034 3742 1171 3793 inter
1194 3738 1327 3793 duos
1353 3738 1575 3808 populos
1610 3739 1930 3794 constitutus

346 3835 662 3892 Judzeorum
691 3833 875 3887 doctor
895 3841 949 3886 et
976 3831 1237 3903 gentium,
1267 3830 1390 3886 dum
1420 3830 1493 3885 ita
1524 3830 1597 3885 ait
1628 3848 1642 3884 ς
1672 3832 1793 3900 quia
1820 3848 1932 3885 ma-

342 3928 435 4003 jor
465 3925 645 3979 serviet
676 3924 858 3977 minori
887 3922 1040 3995 (Gen.
1074 3924 1219 3991 xxv),
1253 3921 1305 3976 in
1329 3922 1540 3976 seniore
1568 3920 1738 3976 Judzei
1782 3936 1932 3976 arro-

347 4017 533 4088 gantia
579 4016 915 4085 reprobatur,
948 4016 999 4069 in
1026 4015 1239 4084 juniore
1270 4014 1401 4069 fides
1436 4013 1650 4084 gentilis
1692 4014 1928 4085 eligitur.

348 4108 542 4178 Itaque
563 4107 676 4175 ipse
701 4105 801 4161 sibi
829 4105 1044 4160 obducit
1065 4106 1377 4175 ignorantiae
1408 4106 1658 4171 nebulas,
1692 4106 1783 4176 qui
1827 4121 1931 4160 non

350 4211 466 4254 tam
495 4198 786 4266 Scripturis
807 4198 1004 4252 sanctis
1025 4198 1239 4268 sequaci
1268 4212 1429 4253 sensu
1454 4212 1512 4252 se
1542 4198 1930 4266 accommodat,

347 4305 518 4361 quam
549 4288 853 4358 Scripturas
874 4296 1087 4343 sanctas
1114 4287 1182 4341 ad
1210 4287 1539 4342 intellectum
1562 4304 1715 4342 suum
1738 4287 1943 4341 ViOlell\

349 4390 437 4435 ter
465 4379 737 4433 attrahere
765 4386 818 4432 et
854 4378 1231 4447 prtesumptive
1256 4376 1442 4431 nititur
1476 4378 1776 4446 applicare,
1800 4388 1855 4431 et
1884 4376 1935 4430 id

2027 3186 2201 3242 futura
2232 3188 2622 3257 praenuntiatur
2650 3188 2861 3244 eleCtio.
2907 3190 3036 3245 Nam
3068 3192 3246 3248 divina
3274 3198 3603 3265 providentia

2033 3279 2166 3333 sicut
2194 3278 2343 3332 novit
2360 3278 2600 3347 judicare
2621 3278 2689 3334 de
2711 3281 2897 3349 gestis,
2929 3282 3000 3336 ita
3023 3284 3197 3339 adhuc
3227 3288 3474 3355 gerendis
3505 3293 3621 3345 scit.

2031 3369 2400 3438 pricjudicare.
2432 3369 2598 3424 Nemo
2633 3370 2813 3440 itaque
2834 3380 2984 3440 putet
3013 3370 3153 3443 (iuod
3181 3376 3436 3433 fratribus
3472 3396 3606 3434 non-

2028 3461 2155 3514 dum
2186 3460 2322 3514 natis
2352 3460 2682 3515 diversorum
2713 3462 3002 3518 necessitas
3032 3467 3102 3519 sit
3131 3468 3351 3535 priefixa
3389 3474 3607 3528 merito-

2031 3568 2171 3619 rum,
2199 3566 2319 3606 cum
2351 3552 2453 3607 hoc
2496 3562 2615 3622 post
2642 3556 2964 3609 transactam
3000 3556 3120 3611 vita:
3150 3560 3391 3615 militiam
3419 3563 3487 3618 de
3526 3567 3607 3622 eis

2033 3624 2319 3698 Malacbi'as
2364 3647 2617 3712 propheta
2645 3655 3062 3712 commemoret;
3112 3659 3164 3703 et
3213 3649 3280 3705 de
3337 3657 3606 3721 praeterito

2033 3749 2221 3790 eorum
2279 3742 2419 3788 Statu
2458 3733 2693 3787 divinum
2738 3734 2971 3803 proterat
3028 3738 3305 3795 manifesta
3357 3744 3609 3813 aequitate

2030 3826 2307 3898 judicium.
2330 3827 2493 3881 Jacob
2521 3826 2709 3893 dilexi,
2744 3826 2886 3882 Esau
2908 3842 3077 3884 autem
3108 3835 3224 3887 odia
3251 3835 3423 3890 habui.
3470 3841 3608 3905 Quid

2035 3919 2227 3972 mirum
2268 3927 2350 3972 est
2381 3920 2424 3971 si
2450 3919 2654 3986 justitia
2675 3919 2859 3990 diligat
2890 3919 3280 3992 innocentiam,
3311 3937 3366 3982 et
3395 3942 3610 4001 respuat

2036 4008 2411 4078 iniquitatem,
2464 4008 2601 4077 apud
2652 4026 2809 4081 quam
2848 4012 3005 4066 etiam
3037 4012 3213 4069 futura
3270 4016 3404 4071 facta
3451 4025 3612 4075 sunt?

2036 4100 2191 4166 Quod
2245 4108 2423 4155 autem
2470 4099 2645 4155 minor
2673 4102 2864 4173 majori
2892 4119 2957 4158 ex
2995 4105 3109 4173 lege
3158 4110 3513 4177 praeponitur,
3559 4126 3613 4169 et

2038 4192 2204 4249 Jacob
2230 4192 2472 4262 neglecto
2496 4192 2661 4248 fratre
2685 4193 2939 4265 diligitur,
2967 4194 3093 4250 hinc
3109 4198 3262 4265 paulo
3290 4200 3614 4260 tardioribus

2039 4286 2341 4341 obscuritas
2382 4286 2650 4353 nascitur,
2692 4287 2832 4357 quod
2876 4290 3137 4356 prolatum
3180 4290 3480 4348 dilectionis
3529 4300 3614 4352 vel

2042 4377 2151 4431 odii
2178 4378 2542 4432 testimonium
2567 4377 2802 4433 nondum
2826 4381 2961 4433 natis
2985 4381 3239 4438 fratribus
3265 4385 3614 4457 arbitrantur,

347 4472 458 4525 sibi
486 4486 583 4539 pro
620 4476 777 4537 captu
806 4481 905 4522 suo
927 4468 1120 4523 omissa
1153 4467 1568 4537 praecedentium
1599 4469 1680 4522 vel
1709 4482 1937 4537 sequen-
1964 4442 2017 4501 D
2043 4470 2168 4525 dum
2199 4480 2253 4524 et
2302 4471 2576 4526 evidentes
2607 4485 2781 4526 causa:
2821 4473 3013 4543 quibus
3060 4492 3193 4531 unus
3245 4442 3614 4554 displicuerit:

349 4562 491 4615 tium
520 4560 733 4614 ratione
762 4559 1066 4629 persuadet,
1091 4558 1231 4614 unde
1251 4558 1459 4629 penitus
1481 4558 1625 4627 loqui
1648 4557 1937 4628 Apostolus

348 4671 465 4709 non
491 4652 740 4707 instituit.
773 4652 923 4719 Quod
945 4654 989 4706 si
1014 4651 1083 4706 ad
1113 4652 1330 4722 capituli
1352 4650 1518 4721 ipsius
1543 4652 1611 4705 de
1635 4665 1741 4721 quo
1765 4648 1940 4719 agitur

347 4757 609 4801 recurras
635 4743 935 4811 exordium,
963 4757 1121 4798 omne
1143 4742 1344 4812 absque
1373 4743 1479 4796 ulla
1504 4741 1816 4796 difficultate
1845 4740 1941 4795 de-

349 4834 593 4890 clinabis
621 4834 950 4904 ambiguum.
981 4834 1037 4889 Si
1085 4836 1337 4904 magister
1360 4835 1598 4905 gentium
1643 4833 1711 4888 de
1757 4834 1939 4904 genesi

350 4926 642 4983 hominum
680 4934 915 4980 tractare
942 4926 1215 4995 coepisset,
1244 4935 1299 4979 et
1318 4926 1523 4981 diceret
1545 4924 1747 4979 homini
1779 4924 1941 4978 totius

350 5019 489 5072 vita:
517 5031 735 5071 cursum
761 5015 965 5086 origine
994 5017 1336 5087 praefinitum,
1365 5026 1417 5070 et
1448 5017 1617 5085 magis
1638 5014 1940 5070 necessitati

349 5108 659 5174 subditum,
683 5121 840 5176 quam
868 5106 1036 5161 libero
1057 5107 1280 5161 arbitrio
1302 5106 1466 5162 fuisse
1482 5107 1849 5175 commissum,
1877 5120 1942 5161 eo

349 5199 503 5270 quod
529 5199 784 5253 Dominus
813 5198 1051 5253 omnium
1080 5214 1176 5268 pro
1204 5201 1480 5268 potestatis
1523 5210 1655 5253 nutu
1683 5199 1941 5265 violento,

349 5308 471 5365 quo
501 5292 717 5346 decreto
746 5290 882 5344 alios
927 5291 1252 5359 relinqueret
1276 5290 1343 5343 ad
1376 5291 1727 5360 perditionem
1753 5331 1769 5359 ,
1811 5291 1945 5347 alios

347 5384 589 5451 eligeret
622 5382 687 5435 ad
718 5385 967 5448 salutem,
1023 5390 1149 5435 tunc
1178 5382 1400 5436 forsitan
1443 5382 1586 5437 velut
1642 5398 1734 5451 per
1778 5386 1941 5446 lineas

350 5477 750 5541 decurrentes,
782 5474 1017 5528 colorem
1047 5472 1189 5527 hunc
1236 5474 1413 5543 iniqua
1455 5476 1732 5543 persuasio
1778 5482 1949 5547 possit

348 5581 633 5623 asserere.
664 5565 794 5620 Cum
826 5579 951 5621 vero
975 5565 1261 5636 Apostolus
1286 5568 1667 5636 promissiones
1722 5570 1850 5639 Dei,
1891 5580 1947 5625 et

351 5659 705 5716 vocationem
736 5660 972 5728 gentium
1012 5660 1169 5717 altius
1196 5661 1441 5731 repetitis
1473 5670 1619 5718 texat
1650 5664 1940 5733 exemplis,

2042 4563 2180 4617 alter
2202 4562 2458 4631 placuerit
2481 4564 2900 4632 supprimuntur.
2933 4566 2986 4619 lu
3012 4567 3093 4620 his
3118 4583 3247 4639 ergo
3276 4570 3483 4631 duobus
3512 4593 3617 4633 non

2044 4666 2251 4710 natura:
2270 4657 2389 4725 jura
2422 4656 2725 4711 hominibus
2749 4657 3111 4729 praeﬁguntur,
3142 4664 3235 4718 sed
3265 4664 3333 4721 de
3364 4667 3467 4723 ﬁde
3488 4686 3619 4739 gen-

2046 4746 2175 4799 tium
2197 4755 2253 4801 et
2281 4746 2594 4802 infidelitate
2614 4746 2920 4804 Judtcorum
2941 4752 3160 4820 justitia:
3182 4765 3375 4811 statuta
3399 4775 3620 4816 narran-

2046 4844 2153 4891 tur.
2185 4836 2302 4892 Non
2333 4838 2474 4892 enim
2505 4839 2606 4893 hoc
2637 4841 2753 4895 loco
2777 4842 2927 4909 juxta
2957 4843 3187 4900 litteram
3227 4864 3467 4917 persona:
3497 4867 3619 4922 spe-

2044 4926 2257 4981 cialiter
2281 4942 2691 4997 germanorum,
2726 4930 2819 4985 sed
2847 4947 3025 4987 rerum
3063 4950 3239 4990 causa:
3273 4954 3336 4993 ac
3367 4944 3619 5012 mysteria

2046 5018 2442 5087 describuntur,
2476 5021 2688 5076 dicente
2716 5022 2943 5077 Domino
2988 5042 3000 5075 :
3050 5025 3177 5081 Dure
3210 5040 3380 5098 gentes
3416 5044 3533 5087 sunt
3570 5037 3621 5089 in

2045 5121 2185 5167 utero
2214 5122 2322 5179 tuo,
2354 5122 2400 5166 et
2436 5112 2540 5167 duo
2560 5115 2733 5185 populi
2762 5115 2822 5169 de
2843 5127 3011 5171 ventre
3039 5126 3127 5171 tuo
3150 5120 3437 5178 dividentur
3464 5126 3618 5195 (Gen.

2045 5202 2203 5274 xxv).
2246 5203 2397 5271 Quod
2425 5206 2469 5257 si
2507 5204 2573 5259 de
2597 5206 2810 5273 praefixa
2858 5208 2974 5277 lege
3003 5211 3223 5280 originis
3276 5224 3620 5279 tractaretur,

2049 5292 2174 5362 quid
2199 5307 2333 5362 opus
2354 5302 2470 5348 erat
2500 5303 2555 5348 ut
2580 5295 2799 5363 majoris
2824 5306 2877 5351 et
2907 5299 3126 5354 minoris
3153 5311 3362 5357 aetatem
3385 5305 3524 5373 quod
3553 5310 3620 5361 ad

2049 5400 2163 5439 rem
2191 5398 2297 5440 non
2330 5385 2647 5454 pertinebat,
2673 5387 2950 5456 insereret,
2972 5390 3073 5445 nisi
3095 5393 3216 5460 quia
3244 5393 3380 5462 apud
3407 5394 3623 5451 λιιι]ωο-

2049 5494 2166 5534 rum
2198 5479 2497 5549 prosapiam
2527 5494 2737 5549 semper
2763 5481 2815 5535 in
2838 5481 3061 5536 duorum
3085 5483 3362 5540 vocatione
3390 5490 3619 5557 populo-

2051 5586 2168 5625 rum
2197 5569 2396 5625 seniori
2427 5570 2691 5639 juniorcm
2722 5571 3035 5627 antefertur.
3070 5571 3125 5626 ln
3156 5587 3256 5643 qua
3286 5584 3463 5633 tamen
3494 5596 3617 5650 par-

2053 5663 2182 5719 tium
2213 5662 2516 5721 diversitate
2553 5664 2704 5720 multi
2735 5665 2875 5719 etde
2915 5663 3112 5720 Judm’s
3143 5668 3386 5738 reprobis
3413 5672 3620 5745 eligam
