4002 6188
439 244 546 301 825

1668 239 1730 295 S.
1769 237 2013 295 FAUSTI
2054 237 2457 297 RIIEGIENSIS

3597 258 3703 321 εει

438 369 552 424 tur,
580 367 637 415 et
661 370 731 415 ue
758 358 944 415 electis
971 358 1218 428 gentibus
1245 356 1621 425 reprobautur,
1650 364 1709 411 ut
1750 355 2024 425 intelligas
2050 359 2101 413 Α
2133 357 2390 424 perfectio
2421 357 2584 426 dedit,
2613 374 2717 429 quo
2746 363 3027 422 crudiente
3061 365 3282 435 justitia:
3323 385 3555 430 sectator
3593 394 3705 435 exi-

442 452 495 506 in
518 460 746 521 utroque
770 451 967 521 populo
983 451 1186 521 justum
1208 448 1440 520 judicem
1465 465 1569 503 non
1591 449 1802 503 decreta
1826 448 2018 502 obser-

442 560 591 611 vare,
621 545 715 599 sed
745 543 953 599 merita.
982 544 1086 598 Sed
1115 544 1288 597 dicis:
1317 541 1445 596 Cum
1472 543 1643 594 adhuc
1667 557 1770 593 non
1801 541 2026 612 egissent

442 637 637 705 aliquid
662 637 779 690 boni
817 646 907 690 aut
945 636 1096 701 mali,
1122 636 1231 705 jam
1262 633 1539 704 prteﬁnitis
1568 634 1810 704 partibus
1859 635 2029 701 depu-

445 737 645 783 t-uitur.
668 728 806 796 Quid
834 728 1027 783 mirum
1052 728 1096 782 si
1123 742 1347 795 quorum
1376 736 1532 781 actus
1553 726 1819 795 praevidit,
1840 739 2024 778 eorum

445 822 621 877 exitus
643 808 1010 892 praesigitavit?
1040 821 1105 874 Et
1135 820 1257 875 ideo
1282 819 1423 875 sicut
1444 834 1536 874 eos
1564 833 1784 873 cursum
1817 817 2029 873 vivendi

445 930 547 986 pro
572 916 795 971 arbitrio
823 916 1041 984 proprio
1069 913 1430 982 disposituros
1452 927 1573 967 esse
1602 911 1885 967 constabat
1912 953 1927 977 ,
1959 911 2030 965 ita

447 1024 545 1080 pro
576 1010 672 1065 Dei
695 1008 929 1079 potentia
962 1016 1386 1076 praznoscuntur,
1424 1022 1518 1076 pro
1541 1005 1748 1075 justitia
1776 1005 2032 1075 praeordi-

446 1111 662 1165 nantur,
696 1099 797 1154 hoc
824 1109 994 1154 totum
1013 1101 1082 1153 de
1099 1100 1181 1154 eis
1208 1098 1539 1168 prmdicitur,
1578 1112 1682 1150 non
1715 1096 2029 1165 przeﬁnitur.

445 1193 506 1250 In
542 1193 710 1249 Jaeob
758 1207 891 1263 ergo
937 1191 1110 1248 ﬁdelis
1143 1191 1371 1261 populus
1402 1191 1745 1252 describitur,
1794 1190 1847 1242 in
1890 1188 2029 1242 Esau

447 1287 757 1342 incredulus
781 1286 1131 1356 designatur,
1173 1286 1242 1341 de
1261 1286 1457 1356 quibus
1480 1286 1720 1354 utrisque
1756 1284 1824 1337 ita
1857 1282 1925 1335 di-
1947 1281 1989 1334 it
2019 1307 2033 1343 ε

452 1378 591 1446 Quid
613 1395 735 1449 ergo
760 1379 1023 1444 dicemus,
1052 1378 1191 1448 quod
1226 1387 1399 1449 gentes
1426 1393 1540 1447 quae
1587 1393 1686 1429 non
1716 1375 2040 1430 sectaban'ur

440 1472 700 1548 justitiam
746 1471 1190 1541 apprehenderunt
1233 1471 1524 1541 justitiam,
1557 1468 1821 1541 justitiam
1871 1474 2038 1518 autent

449 1577 565 1632 quis
591 1577 655 1615 er
683 1561 787 1629 ﬁde
814 1570 887 1614 est
911 1578 931 1627 ;
963 1558 1129 1615 Israel
1165 1576 1281 1615 vero
1306 1570 1502 1615 sectans
1533 1561 1695 1629 legem
1711 1556 1955 1628 justititr,
1984 1555 2038 1606 in

453 1655 612 1724 legem
629 1653 851 1724 justitiar
878 1668 978 1707 non
999 1652 1243 1722 peruenit.
1280 1652 1492 1720 Quare?
1520 1651 1640 1718 quia
1682 1665 1782 1703 non
1815 1664 1877 1702 ex
1903 1646 2038 1715 ﬁde,

451 1746 539 1798 sed
566 1746 713 1815 quasi
735 1760 797 1798 ex
815 1744 1072 1814 operibus.
1105 1743 1444 1811 Olfeuderunt
1466 1741 1601 1795 enim
1626 1742 1679 1795 in
1703 1739 1925 1805 lapidem
1952 1741 2030 1805 of-

453 1836 699 1905 fensionis
742 1837 919 1907 (llam.
953 1834 1052 1905 ιι).
1095 1836 1233 1890 Dum
1266 1835 1484 1900 dicitur,
1536 1850 1641 1887 non
1668 1849 1732 1886 ex
1767 1831 2031 1901 operibus,

452 1928 602 1983 vides
621 1929 743 1998 quia
775 1928 908 1997 legis
937 1942 1099 1997 opera
1130 1927 1502 1993 destruantur,
1534 1934 1591 1981 et
1613 1925 1757 1995 quod
1791 1920 2035 1994 gentibus

454 2020 760 2075 obedit‘ltlia
806 2021 945 2073 viam
976 2020 1187 2087 aperuit
1219 2020 1285 2074 ad
1324 2017 1747 2074 misericordiam
1779 2034 1793 2069 :
1836 2016 2035 2071 ludatis

457 2127 584 2164 vero
609 2111 921 2180 prtecedens
953 2109 1206 2180 iniquitas
1247 2120 1303 2165 et
1342 2109 1689 2165 incredulitas
1717 2108 2038 2178 praeparavit

457 2203 753 2259 otl‘enSam‘l
798 2202 921 2257 Non
965 2219 1028 2258 ea:
1063 2202 1299 2273 aperibus
1344 2201 1588 2275 (inquit),
1627 2202 1715 2255 sed
1740 2216 1803 2254 et:
1828 2208 2037 2253 vocante

460 2296 651 2347 dictum
672 2302 763 2348 est.
796 2293 911 2347 Non
942 2293 1066 2347 illos
1092 2292 1222 2348 dicit
1251 2292 1481 2361 propriis
1510 2292 1761 2360 Operibus
1802 2304 2031 2355 vacuos,

459 2384 555 2440 sed
598 2392 757 2453 negat
780 2399 847 2439 ex
874 2383 1130 2451 oneribus
1159 2383 1290 2452 legis
1314 2383 1477 2438 luisse
1499 2384 1754 2437 salvatos.
1798 2381 1951 2435 Absit
1980 2388 2038 2435 ut

459 2477 687 2547 prepoui
718 2476 805 2532 hic
830 2477 1104 2532 damnatio
1129 2477 1350 2547 originis
1382 2478 1696 2545 aestimetur,
1728 2476 1817 2531 ubi
1844 2490 2037 2530 Vocan-

462 2573 532 2628 tis
554 2570 857 2641 benignitas
879 2581 934 2626 et
953 2571 1375 2641 obtemperantis
1400 2570 1668 2625 humilitas
1695 2570 2036 2640 praedicatur,

460 2672 517 2719 et
545 2663 634 2718 ubi
659 2663 781 2719 ﬁdei
807 2664 1019 2718 divitias
1040 2662 1284 2718 doctrina
1308 2663 1573 2733 generalis
1598 2662 1848 2729 inculcat,
1874 2676 1938 2717 ac
1960 2662 2039 2716 lu-

462 2770 588 2811 men
615 2756 951 2811 credulitatis
979 2755 1233 2810 insinuat.
1269 2755 1388 2810 Non
1413 2770 1543 2825 ergo
1571 2769 1631 2810 se
1664 2756 1763 2809 hoc
1786 2756 1907 2809 loco
1940 2754 2039 2808 ini‘

463 2846 683 2917 unitatis
712 2849 964 2912 assertio,
995 2864 1113 2918 qua:
1137 2849 1192 2902 in
1223 2850 1337 2918 ipsa
1364 2847 1673 2902 conditione
1705 2856 1910 2916 partem
1942 2845 2034 2898 litt-

466 2939 609 2995 mani
630 2941 843 3010 generis
874 2941 1181 2995 damnatam
1209 2942 1544 3011 loquebatur,
1568 2942 1875 2995 interserat.
1903 2937 2041 2994 Cau-

465 3048 553 3088 sns
594 3048 723 3088 vero
777 3049 871 3088 cur
922 3034 1086 3088 .lacob
1115 3035 1363 3089 dilexerit
1415 3034 1589 3100 Deus,
1632 3043 1685 3087 et
1732 3033 1872 3088 Esau
1918 3032 2041 3087 odio

468 3124 739 3190 habuerit,
765 3126 1044 3180 evidenter
1068 3125 1341 3180 Geneseos
1369 3124 1635 3195 expressit
1659 3124 1908 3192 historia,
1939 3140 2045 3193 quo

467 3214 732 3284 intelligas
762 3230 866 3268 non
889 3215 1005 3268 sine
1034 3229 1258 3283 operum
1289 3216 1657 3280 discussione,
1691 3229 1789 3271 nec
1812 3215 1930 3270 sine
1961 3231 2048 3269 ra—

468 3307 615 3359 tione
642 3307 920 3376 perSpicua
945 3305 1199 3360 divinitus
1231 3308 1629 3375 pronuntiatum
1655 3315 1710 3359 ut
1737 3306 1876 3360 Esau
1899 3306 2045 3370 odio,

467 3398 631 3453 Jacob
658 3410 841 3453 autem
860 3398 1155 3455 dilectione
1182 3399 1280 3456 Dei
1300 3401 1496 3470 dignus
1528 3400 1838 3455 haberetur.
1872 3400 2048 3468 Appa-

468 3499 690 3544 rnetunt
733 3492 888 3559 plane
943 3491 997 3545 in
1035 3492 1142 3545 vita
1178 3490 1345 3546 Jacob
1389 3493 1664 3547 evidentes
1709 3507 1886 3547 causa:
1930 3506 2047 3561 quae

466 3584 723 3653 judicium
756 3585 963 3639 Domini
988 3597 1193 3640 rectum
1227 3585 1552 3642 omnimodis
1580 3594 1823 3668 asserunt
1848 3626 1864 3648 ,
1908 3585 2050 3639 sicut

470 3676 599 3730 Cain
626 3677 822 3730 dicitur
851 3693 864 3729 :
897 3676 1005 3733 Sub
1029 3670 1076 3731 te
1105 3680 1200 3731 erit
1228 3678 1484 3747 appetitus
1510 3679 1622 3747 ejus
1655 3684 1703 3730 et
1733 3686 1788 3728 tu
1817 3675 2050 3727 domina-

472 3770 599 3825 bsris
626 3771 767 3824 illius
798 3770 951 3840 (Gen.
982 3770 1079 3839 tv).
1112 3771 1229 3825 Non
1258 3772 1599 3841 superposuit
1628 3768 1829 3825 homini
1861 3782 2052 3837 pecca-

472 3870 604 3925 tum,
636 3863 736 3913 sub
766 3860 865 3915 hac
895 3861 1249 3917 ordinationis
1293 3877 1404 3916 suae
1448 3862 1600 3932 lege,
1647 3861 1741 3915 sed
1789 3859 2046 3915 subdidit.

477 3953 614 4005 Ecce
655 3951 929 4020 pissimus
972 3952 1277 4007 moderator
1321 3968 1635 4022 generosam
1683 3966 1801 4007 esse
1832 3953 2051 4021 cupiens

474 4044 734 4095 facturam
756 4055 907 4095 suam
925 4084 940 4109 ,
973 4044 1134 4097 etiam
1163 4051 1283 4109 post
1311 4042 1519 4096 ruinam
1550 4042 1857 4097 inclinatam
1877 4086 1891 4112 ,
1923 4042 2051 4097 licet

474 4136 707 4189 hominis
734 4137 1064 4191 voluntatem
1093 4138 1255 4191 totius
1283 4136 1549 4205 passionis
1573 4145 1628 4189 et
1667 4134 2051 4203 concupiscen-

473 4230 582 4295 tiae,
623 4242 732 4281 non
762 4227 1015 4280 tantulam
1051 4229 1202 4295 jubet
1233 4241 1373 4291 esse,
1398 4226 1495 4281 sed
1532 4226 1849 4289 dominam;
1891 4224 2051 4278 sedu-

470 4325 637 4378 ctoris
680 4322 764 4378 vel
790 4321 1080 4375 amictiam
1124 4322 1206 4374 vel
1248 4321 1513 4384 repulsam
1543 4319 1594 4372 in
1620 4332 1781 4371 manu
1816 4316 2049 4370 hominis

473 4414 680 4484 posuit,
718 4413 786 4466 ad
826 4426 987 4476 quem
1036 4409 1153 4479 ejus
1188 4410 1449 4480 judicium
1490 4410 1793 4463 collocavit.
1824 4407 2051 4463 Videtur

473 4506 691 4575 quidem
718 4503 1012 4573 utriusque
1042 4502 1223 4571 operis
1246 4500 1542 4569 appetitum
1569 4499 1835 4554 electione
1882 4499 2047 4567 ipsius

474 4596 809 4664 permisisse,
841 4595 936 4650 sed
958 4595 1080 4651 ideo
1108 4606 1164 4649 ut
1191 4593 1312 4649 mali
1344 4592 1561 4646 licentia
1603 4592 1726 4644 boni
1749 4590 1906 4646 ﬁeret
1929 4590 2044 4658 glo-

472 4688 570 4740 ria.
599 4686 707 4741 Sed
745 4688 838 4739 sub
863 4697 909 4739 te
935 4689 1030 4741 erit
1060 4689 1316 4756 appetitus
1339 4688 1489 4757 ejus,
1532 4695 1579 4739 et
1615 4695 1669 4736 tu
1706 4683 2045 4739 douiinaberis

470 4779 630 4833 illius.
664 4778 819 4833 Nulla
868 4781 1120 4844 teccattdi
1162 4781 1485 4835 necessitate
1510 4778 1866 4842 concluditur,
1893 4778 2045 4846 cujus

469 4870 777 4928 discretioni
807 4871 1159 4925 committitur
1182 4881 1239 4923 nt
1261 4879 1480 4939 peccato
1501 4870 1781 4939 superiore
1798 4869 2046 4923 libertate

470 4964 795 5018 dominetur.
833 4961 1076 5032 Degener
1103 4976 1232 5015 vero
1258 4963 1492 5027 animus,
1518 4963 1754 5032 quicum
1783 4961 2045 5017 beneﬁcio

474 5056 569 5111 Dei
617 5054 685 5110 de
723 5067 941 5123 peccato
982 5064 1161 5123 potest
1186 5055 1463 5109 victoriam
1504 5056 1794 5123 consequi,
1842 5055 2043 5108 mavult

468 5162 590 5202 cum
634 5147 836 5202 oﬁensa
866 5147 961 5201 Dei
999 5162 1187 5202 servus
1226 5161 1344 5201 esse
1371 5147 1597 5215 peccati.
1629 5147 1758 5214 Quae
1799 5159 1922 5200 cum
1973 5148 2043 5201 ita

464 5243 597 5306 sint,
631 5249 751 5308 post
777 5238 935 5308 primi
962 5238 1194 5295 hominis
1225 5238 1739 5308 praevaricationem,
1766 5252 1869 5292 non
1898 5252 2045 5293 mors

461 5330 694 5398 arbitrii,
723 5330 818 5386 sed
847 5330 1163 5397 inﬁrmitas;
1196 5346 1297 5385 nec
1327 5331 1751 5401 impossibilitas,
1781 5331 1875 5385 sed
1903 5330 2043 5384 difﬁ-

459 5425 632 5481 cultas
654 5424 929 5495 proposito
950 5425 1135 5480 labore
1162 5426 1453 5489 successit.»
1482 5424 1588 5479 Sed
1608 5434 1663 5479 et
1687 5425 1824 5479 Abel
1846 5425 2043 5479 divinis

464 5518 679 5585 placere
707 5519 1085 5588 conspectibns
1108 5558 1124 5582 ,
1157 5532 1250 5585 per
1275 5517 1494 5571 insitum
1523 5531 1557 5579 a
1576 5516 1688 5572 Deo
1714 5515 2044 5585 generaliter

464 5614 684 5673 bonum,
717 5609 770 5664 id
810 5620 911 5676 est,
958 5625 1054 5678 per
1078 5611 1307 5679 propria:
1334 5608 1528 5669 meruit
1558 5608 1847 5663 voluntatis
1874 5608 2035 5662 allec-

464 5712 595 5759 tum.
626 5700 722 5761 ilic
766 5718 894 5778 ergo
922 5704 1007 5757 cui
1034 5718 1329 5773 cognomen
1364 5703 1496 5773 justi
1520 5703 1876 5769 immaculata:
1919 5707 2039 5771 vitae

2129 460 2313 516 staret,
2365 452 2464 505 nisi
2490 468 2611 507 eum
2646 454 2730 508 lex
2783 455 3078 517 visceribus
3114 462 3373 535 inscripta
3402 470 3704 528 docuisset?

2128 556 2218 597 aut
2246 545 2386 599 unde
2412 548 2698 614 placiturus
2722 548 2839 603 “Deo
2866 552 3097 620 hostias,
3140 567 3194 611 et
3227 572 3321 624 per
3353 560 3530 631 ignem
3561 568 3706 621 coali-

2132 643 2216 690 tus
2238 636 2598 694 absumendas
2642 640 2709 695 de
2734 641 2980 711 adipibus
3013 656 3068 701 et
3098 650 3345 715 primitiis
3388 656 3583 710 scisset
3617 659 3707 712 cli-

2131 744 2278 798 gere,
2301 731 2401 785 nisi
2428 732 2581 798 ﬁdes,
2605 750 2723 804 qua:
2746 752 2867 791 cum
2887 749 3181 796 amatorem
3206 743 3461 801 virtutum
3486 749 3703 819 fecerat,

2134 822 2468 891 inspirasset,
2500 823 2638 881 sicut
2691 828 2913 900 legimus
2946 849 2959 886 :
3003 833 3137 889 Fide
3176 839 3450 906 plurimam
3492 845 3710 902 hostium

2134 916 2258 970 Abel
2280 934 2432 988 quam
2460 919 2585 974 Cain
2611 920 2821 987 obtulit,
2853 928 3191 984 testimonium
3211 935 3500 1003 per/tiberne
3533 958 3709 996 mune-

2134 1016 2272 1068 ribus
2298 1017 2407 1084 ejas
2438 1015 2543 1069 Deo
2572 1015 2753 1085 (Hebr.
2785 1016 2878 1089 tu).
2911 1004 3063 1086 Quod
3106 1039 3443 1100 nequaquam
3467 1035 3714 1099 obtinere

2139 1107 2429 1175 potuisset,
2470 1108 2571 1164 nisi
2614 1112 2678 1164 ad
2714 1108 2924 1168 Domini
2966 1115 3163 1172 donum
3193 1120 3376 1179 famuli
3400 1132 3715 1190 accessisset

2138 1199 2475 1269 obsequium.
2522 1200 2589 1255 Et
2614 1212 2669 1254 tu
2704 1201 2834 1256 nihil
2855 1219 2976 1259 eum
3017 1208 3355 1270 ordinatione
3381 1214 3479 1273 Dei
3520 1218 3715 1280 habere

2135 1293 2342 1362 judicas
2368 1296 2661 1364 proprium,
2695 1297 2846 1367 cujus
2868 1298 3140 1356 devotioni
3170 1304 3266 1361 Dei
3290 1311 3537 1377 perhibet
3571 1322 3716 1372 testi-

2142 1386 2414 1440 monium?
2463 1385 2622 1443 Vides
2680 1387 2877 1443 bonum
2918 1392 3251 1452 credulitatis
3288 1414 3395 1455 non
3445 1406 3716 1462 novellum

2142 1493 2263 1534 esse
2294 1479 2654 1549 privilegium,
2685 1482 2778 1536 sed
2812 1494 3099 1555 vetustum,
3124 1497 3181 1542 et
3224 1489 3364 1546 inter
3390 1494 3503 1563 ipsa
3536 1500 3717 1553 mundi

2142 1570 2493 1627 coalescentis
2513 1574 2737 1627 exordia
2769 1584 3005 1632 mentem
3033 1578 3264 1637 hominis
3286 1583 3426 1640 sicut
3447 1588 3719 1647 intellectu

2143 1673 2301 1733 atque
2326 1663 2562 1733 ratione,
2594 1666 2664 1719 ita
2692 1666 2853 1721 etiam
2884 1668 2990 1724 ﬁde
3020 1685 3047 1723 a
3078 1683 3289 1728 summo
3317 1689 3542 1735 auctore
3567 1682 3719 1738 dota-

2144 1756 2286 1809 tam?
2318 1756 2502 1826 Itaque
2526 1757 2636 1826 jam
2686 1768 2795 1813 tum
2834 1758 2983 1816 dedit
3019 1763 3213 1818 anima:
3242 1767 3484 1823 notitiam
3534 1788 3717 1843 suam,

2142 1848 2355 1917 quando
2392 1848 2441 1902 ei
2472 1850 2813 1906 committere
2840 1852 3086 1920 dignatus
3110 1865 3193 1911 est
3226 1856 3513 1930 imaginem
3544 1878 3718 1922 suam.

2743 1965 2971 2021 CAPUT
3013 1968 3121 2023 VII.

2141 2054 2222 2107 Ad
2256 2056 2403 2126 cujus
2436 2056 2707 2127 imaginem
2742 2069 2789 2111 et
2820 2061 3205 2182 sing'litudinem
3246 2069 3439 2135 primus
3468 2072 3620 2127 homo
3657 2077 3721 2129 sit

2294 2180 2297 2181 ,
2800 2147 2892 2182 con
2935 2143 3054 2182 itus.

2800 2143 3054 2185 conditus.

2212 2217 2315 2270 Sed
2348 2216 2518 2273 dicis:
2548 2219 2682 2288 Quid
2713 2223 2841 2276 mihi
2876 2226 2943 2279 ad
2971 2226 3272 2281 libertatem
3308 2232 3514 2287 arbitrii
3539 2235 3723 2303 jungis

2142 2307 2424 2377 imaginem
2480 2311 2591 2372 Dei.
2643 2328 2764 2367 cum
2813 2314 2901 2370 illc
2941 2317 3176 2372 eximius
3218 2322 3464 2379 conditor
3514 2326 3724 2384 futurus

2141 2402 2404 2456 secuturis
2431 2403 2643 2457 saeculis
2684 2413 2738 2460 et
2765 2405 3091 2477 redemptor,
3123 2411 3191 2465 ad
3228 2412 3370 2467 illam
3399 2418 3569 2487 magis
3590 2421 3724 2474 ima-

2141 2492 2319 2559 ginem
2372 2492 2558 2548 fecerit
2598 2494 2889 2561 hominem,
2947 2515 3104 2570 quam
3151 2518 3247 2571 per
3295 2505 3556 2574 virginem
3604 2522 3723 2567 erat

2142 2595 2515 2655 assumpturus
2544 2603 2610 2644 ex
2642 2590 2894 2647 homine?
2929 2593 3209 2651 Persuasio
3239 2596 3353 2653 haec
3381 2615 3411 2654 a
3454 2603 3724 2675 plerisque

2143 2678 2429 2747 profertur,
2473 2681 2567 2735 sed
2616 2683 2763 2737 omni
2812 2685 3019 2741 ratione
3058 2688 3308 2755 nudatur,
3350 2694 3473 2763 quia
3522 2697 3720 2765 prioris

2145 2770 2291 2824 initia
2344 2771 2625 2840 imaginem
2687 2775 2853 2829 multo
2913 2778 3223 2845 posterioris
3283 2782 3507 2840 induere
3574 2788 3722 2842 nullo

2146 2862 2305 2916 modo
2338 2856 2574 2932 possunt.
2628 2867 2733 2920 Aut
2761 2868 3029 2935 quomodo
3062 2871 3297 2935 nondum
3328 2879 3490 2932 creati
3531 2879 3722 2935 simili-

2148 2954 2381 3009 tudinem
2431 2955 2475 3010 is
2522 2955 2613 3026 qui
2666 2958 2869 3025 primus
2920 2960 3201 3016 creabatur
3244 2964 3528 3036 acciperet.
3581 2970 3721 3025 lutet-

2151 3047 2264 3102 hch
2295 3048 2501 3103 facilius
2528 3050 2628 3105 hoc
2656 3051 2803 3105 credi
2838 3053 3026 3121 possit,
3059 3066 3116 3108 ut
3146 3055 3210 3109 ad
3233 3059 3525 3115 secundum
3553 3063 3719 3117 Adam

2154 3141 2353 3209 primus
2382 3142 2464 3196 Ad
2486 3157 2553 3195 -ω
2600 3142 2883 3211 imaginem
2914 3160 3087 3214 suam,
3142 3164 3239 3217 pro
3268 3151 3472 3206 ordinis
3497 3170 3561 3210 ac
3592 3166 3719 3210 tem-

2152 3233 2296 3300 poris
2336 3232 2544 3288 ratione
2584 3237 2991 3291 transmitteret.
3034 3235 3249 3294 Minime
3276 3253 3452 3297 autem
3486 3244 3602 3300 ﬁeri
3631 3263 3719 3316 ρος

2152 3334 2286 3378 terat
2313 3335 2369 3379 ut
2398 3326 2574 3396 imago
2606 3328 2839 3382 nondum
2867 3330 3144 3386 existentis
3183 3332 3495 3391 subSIantiat
3519 3339 3720 3394 dicere-

2153 3425 2237 3471 tur
2263 3418 2307 3470 is
2338 3417 2425 3487 qui
2468 3428 2592 3472 ante
2619 3426 2693 3472 tot
2722 3421 2918 3474 saecula
2949 3419 3308 3480 formabatur:
3336 3436 3389 3481 et
3417 3427 3720 3497 imprudens

2151 3510 2375 3562 assertio
2403 3507 2735 3575 probaretur,
2766 3519 2824 3565 ut
2850 3510 2988 3567 sicut
3016 3513 3201 3569 dicunt
3241 3516 3603 3576 similitudinis
3630 3536 3720 3574 au-

2150 3607 2351 3655 ctorem
2384 3615 2446 3655 ex
2492 3602 2697 3672 virgine
2740 3605 3152 3675 procreandum,
3202 3609 3559 3678 antiquissimi
3602 3627 3720 3681 pro-

2153 3692 2365 3757 t0plasti
2398 3706 2624 3760 persona
2656 3693 3002 3761 prmcederet.
3036 3695 3151 3751 Huc
3179 3697 3385 3752 accedit
3415 3700 3557 3768 quod
3590 3702 3720 3755 mul-

2154 3792 2263 3838 tum
2293 3796 2380 3838 res
2405 3782 2495 3837 illa
2523 3782 2827 3839 humiliaret
2855 3785 2907 3839 in
2952 3787 3165 3842 homine
3198 3789 3381 3857 primas
3407 3788 3721 3846 innocentia:

2152 3872 2336 3940 decus,
2385 3872 2431 3928 si
2462 3873 2833 3930 immaculatns
2859 3876 2926 3930 ad
2956 3878 3229 3947 exemplar
3274 3878 3415 3935 illius
3441 3881 3722 3951 ﬁngeretur

2152 3965 2239 4034 qui
2272 3964 2540 4032 peceaturi
2569 3975 2685 4020 erat
2714 3967 2951 4021 maculas
2981 3978 3291 4036 curaturus;
3321 3980 3378 4024 ut
3397 3986 3518 4026 cum
3548 3981 3720 4026 trans-

2153 4055 2358 4122 gressio
2389 4054 2623 4108 nondum
2647 4056 2921 4121 existeret,
2949 4057 3056 4124 jam
3082 4050 3261 4113 tamen
3290 4062 3724 4131 transgressionis

2151 4144 2359 4213 culpam
2404 4143 2565 4199 futuri
2597 4146 2970 4201 iutercessoris
3000 4148 3167 4203 forma
3195 4152 3489 4219 prmlerret.
3532 4153 3726 4207 Conse—

2151 4250 2322 4305 quens
2343 4235 2520 4306 itaque
2543 4252 2649 4290 non
2670 4246 2787 4292 erat
2809 4249 3231 4294 consummatum
3254 4253 3413 4311 atque
3436 4242 3725 4312 perfectum

2152 4326 2218 4381 ad
2246 4327 2532 4397 imaginem
2566 4327 2729 4395 Illius,
2763 4342 2857 4397 per
2886 4344 3042 4399 quem
3072 4346 3292 4386 necesse
3318 4343 3437 4387 erat
3464 4333 3725 4402 perditum

2076 4448 2130 4507 ι)
2156 4418 2412 4486 reparari,
2432 4431 2499 4473 ne
2529 4419 2630 4473 sub
2647 4421 2864 4475 nomine
2889 4421 3099 4475 venturi
3127 4422 3319 4477 medici
3347 4424 3463 4492 ipso
3491 4433 3727 4494 tempore

2156 4509 2327 4567 felicis
2353 4509 2579 4577 exordii,
2599 4512 2973 4582 supplantandi
2997 4513 3269 4568 videretur
3293 4514 3445 4569 ruina
3475 4518 3727 4585 praedici?

2158 4603 2213 4659 ld
2241 4618 2369 4673 ergo
2399 4604 2594 4658 rationi
2622 4603 2789 4673 magis
2814 4606 3080 4675 congruit,
3116 4615 3171 4660 ut
3196 4606 3248 4660 in
3294 4604 3533 4675 homine,
3562 4610 3645 4663 cui
3677 4609 3727 4662 in

2157 4695 2271 4765 ipsa
2300 4693 2649 4749 similitudine
2675 4709 2703 4749 a
2735 4694 2844 4750 Deo
2887 4697 3071 4765 gratias
3112 4710 3198 4751 res
3230 4695 3458 4751 traditur
3504 4715 3612 4753 non
3640 4715 3728 4754 na-

2157 4798 2308 4854 turas,
2360 4786 2537 4857 imago
2568 4786 2668 4840 hoc
2697 4786 2873 4855 potius
2905 4798 3259 4855 nuncupatur,
3311 4788 3453 4854 quod
3494 4804 3526 4842 a
3557 4791 3730 4857 priore

2153 4890 2208 4937 et
2252 4880 2527 4951 superiore
2576 4879 2885 4948 suscipitur.
2946 4880 3010 4934 Et
3057 4880 3124 4935 tie
3170 4881 3391 4935 veritate
3440 4882 3728 4935 similitudo

2154 4972 2319 5027 fuisse
2360 4973 2554 5025 collata
2596 4970 2808 5039 plenius
2852 4970 3144 5040 judicetur,
3192 4987 3349 5041 quam
3392 4981 3571 5027 tamen
3610 4988 3725 5026 cum

2153 5064 2261 5118 ﬁlio
2291 5062 2517 5117 naturali
2551 5072 2697 5130 pater
2720 5062 2841 5133 jure
2886 5063 3262 5116 communicat.
3293 5060 3498 5117 Deinde
3524 5074 3578 5117 et
3604 5062 3725 5115 illud

2151 5156 2428 5212 sollicitius
2473 5156 2858 5211 advertendum
2910 5165 3011 5221 est,
3062 5155 3203 5226 quod
3245 5154 3507 5211 Dominus
3553 5166 3729 5210 noster

2151 5250 2306 5304 lesus
2331 5247 2575 5303 Christus
2602 5249 2653 5302 in
2681 5251 2851 5317 primo
2872 5257 3113 5316 tempore
3138 5246 3206 5302 de
3232 5262 3331 5302 suo
3362 5248 3583 5302 meliora
3607 5263 3727 5301 con-

2155 5342 2290 5395 tulit.
2323 5340 2379 5394 ln
2410 5340 2648 5396 secundo
2679 5348 2855 5395 autem
2887 5339 2952 5393 de
2978 5351 3161 5393 nostro
3183 5339 3454 5394 deteriora
3475 5341 3722 5409 suscepit.

2154 5434 2215 5486 lit
2246 5443 2526 5503 propterea
2548 5431 2761 5501 quando
2784 5446 2847 5485 ex
2872 5430 3038 5485 nibilo
3062 5445 3159 5484 nos
3188 5431 3414 5500 paravit,
3448 5431 3722 5501 imaginem

2151 5540 2302 5578 suam
2333 5524 2503 5579 factor
2533 5522 2801 5594 apposuit.
2841 5523 3066 5591 Quando
3096 5539 3220 5577 vero
3248 5538 3344 5577 nos
3383 5522 3621 5593 perditos
3646 5538 3724 5575 re-

2153 5617 2377 5686 paravit,
2416 5617 2635 5670 formari:
2667 5616 2806 5670 servi
2836 5616 3111 5669 restitutor
3151 5616 3464 5685 assumpsit,
3494 5616 3630 5669 sicut
3654 5613 3721 5665 ait

2149 5709 2437 5777 Apostolus
2478 5729 2491 5765 ;
2533 5704 2778 5764 Fornmm
2806 5710 2933 5765 servi
2976 5708 3228 5769 accipiens
3268 5708 3319 5762 in
3349 5708 3722 5762 similituJiuem
