  <div class='ocr_page' id='page_1' title='image "/cluster/home/n/w/nwhite01/storage/ocr_20150623/58/hvd.32044073505109/448.png"; bbox 0 0 4002 6188; ppageno 0'>
   <div class='ocr_carea' id='block_1_1' title="bbox 303 279 409 338">
    <p class='ocr_par' dir='ltr' id='par_1_1' title="bbox 303 279 409 338">
     <span class='ocr_line' id='line_1_1' title="bbox 303 279 409 338; baseline 0 -11"><span class='ocrx_word' id='word_1_1' title='bbox 303 279 409 338; x_wconf 68' lang='lat'><strong>835</strong></span> 
     </span>
    </p>
   </div>
   <div class='ocr_carea' id='block_1_2' title="bbox 1405 256 2460 337">
    <p class='ocr_par' dir='ltr' id='par_1_2' title="bbox 1405 256 2460 337">
     <span class='ocr_line' id='line_1_2' title="bbox 1405 256 2460 337; baseline 0.005 -14"><span class='ocrx_word' id='word_1_2' title='bbox 1405 270 1492 327; x_wconf 86' lang='lat' dir='ltr'><strong>DE</strong></span> <span class='ocrx_word' id='word_1_3' title='bbox 1529 264 1781 325; x_wconf 71' lang='lat' dir='ltr'><strong>GRATIA</strong></span> <span class='ocrx_word' id='word_1_4' title='bbox 1824 256 1968 332; x_wconf 79' lang='lat' dir='ltr'><strong>DEI,</strong></span> <span class='ocrx_word' id='word_1_5' title='bbox 2013 264 2186 337; x_wconf 77' lang='lat' dir='ltr'><strong>ETC.,</strong></span> <span class='ocrx_word' id='word_1_6' title='bbox 2232 270 2356 327; x_wconf 72' lang='grc' dir='ltr'><strong>ΗΒ.</strong></span> <span class='ocrx_word' id='word_1_7' title='bbox 2401 273 2460 328; x_wconf 94' lang='lat' dir='ltr'><strong>ll.</strong></span> 
     </span>
    </p>
   </div>
   <div class='ocr_carea' id='block_1_3' title="bbox 3459 275 3564 333">
    <p class='ocr_par' dir='ltr' id='par_1_3' title="bbox 3459 275 3564 333">
     <span class='ocr_line' id='line_1_3' title="bbox 3459 275 3564 333; baseline -0.019 -1"><span class='ocrx_word' id='word_1_8' title='bbox 3459 275 3564 333; x_wconf 81' lang='lat'><strong>826</strong></span> 
     </span>
    </p>
   </div>
   <div class='ocr_carea' id='block_1_4' title="bbox 304 381 3565 464">
    <p class='ocr_par' dir='ltr' id='par_1_4' title="bbox 304 381 3565 464">
     <span class='ocr_line' id='line_1_4' title="bbox 304 381 3565 464; baseline -0.002 -17"><span class='ocrx_word' id='word_1_9' title='bbox 304 393 568 449; x_wconf 74' lang='lat' dir='ltr'><strong>hominum</strong></span> <span class='ocrx_word' id='word_1_10' title='bbox 591 384 845 458; x_wconf 56' lang='lat' dir='ltr'><strong>fictus,“</strong></span> <span class='ocrx_word' id='word_1_11' title='bbox 866 383 1284 438; x_wconf 78' lang='lat' dir='ltr'><strong>habituinventus</strong></span> <span class='ocrx_word' id='word_1_12' title='bbox 1306 395 1361 437; x_wconf 87' lang='lat' dir='ltr'><strong>ut</strong></span> <span class='ocrx_word' id='word_1_13' title='bbox 1378 382 1769 453; x_wconf 80' lang='lat' dir='ltr'><strong>homo(l’hilip.</strong></span> <span class='ocrx_word' id='word_1_14' title='bbox 1797 381 1879 449; x_wconf 87' lang='grc' dir='ltr'><strong>ιι).</strong></span> <span class='ocrx_word' id='word_1_15' title='bbox 1913 382 1962 439; x_wconf 80' lang='grc' dir='ltr'>Α</span> <span class='ocrx_word' id='word_1_16' title='bbox 1990 385 2361 452; x_wconf 85' lang='lat' dir='ltr'><strong>substantiam,</strong></span> <span class='ocrx_word' id='word_1_17' title='bbox 2410 390 2527 443; x_wconf 74' lang='lat' dir='ltr'><strong>sine</strong></span> <span class='ocrx_word' id='word_1_18' title='bbox 2573 390 2765 460; x_wconf 79' lang='lat' dir='ltr'><strong>quibus</strong></span> <span class='ocrx_word' id='word_1_19' title='bbox 2805 400 3075 464; x_wconf 90' lang='lat' dir='ltr'><strong>utcunque</strong></span> <span class='ocrx_word' id='word_1_20' title='bbox 3124 400 3298 463; x_wconf 78' lang='lat' dir='ltr'><strong>potest</strong></span> <span class='ocrx_word' id='word_1_21' title='bbox 3337 394 3481 449; x_wconf 70' lang='lat' dir='ltr'><strong>vitali</strong></span> <span class='ocrx_word' id='word_1_22' title='bbox 3513 397 3565 450; x_wconf 74' lang='lat' dir='ltr'><strong>in</strong></span> 
     </span>
    </p>
   </div>
   <div class='ocr_carea' id='block_1_5' title="bbox 306 474 1882 553">
    <p class='ocr_par' dir='ltr' id='par_1_5' title="bbox 306 474 1882 553">
     <span class='ocr_line' id='line_1_5' title="bbox 306 474 1882 553; baseline -0.007 -14"><span class='ocrx_word' id='word_1_23' title='bbox 306 483 457 553; x_wconf 78' lang='lat' dir='ltr'><strong>Quod</strong></span> <span class='ocrx_word' id='word_1_24' title='bbox 486 484 530 536; x_wconf 97' lang='lat' dir='ltr'><strong>si</strong></span> <span class='ocrx_word' id='word_1_25' title='bbox 557 481 622 534; x_wconf 87' lang='lat' dir='ltr'><strong>ad</strong></span> <span class='ocrx_word' id='word_1_26' title='bbox 654 477 799 534; x_wconf 87' lang='lat' dir='ltr'><strong>illam</strong></span> <span class='ocrx_word' id='word_1_27' title='bbox 830 477 1122 532; x_wconf 81' lang='lat' dir='ltr'><strong>exterioris</strong></span> <span class='ocrx_word' id='word_1_28' title='bbox 1154 474 1380 530; x_wconf 79' lang='lat' dir='ltr'><strong>hominis</strong></span> <span class='ocrx_word' id='word_1_29' title='bbox 1407 477 1641 546; x_wconf 80' lang='lat' dir='ltr'><strong>speciem</strong></span> <span class='ocrx_word' id='word_1_30' title='bbox 1672 476 1882 530; x_wconf 92' lang='lat' dir='ltr'><strong>formati</strong></span> 
     </span>
    </p>
   </div>
   <div class='ocr_carea' id='block_1_6' title="bbox 307 570 1883 643">
    <p class='ocr_par' dir='ltr' id='par_1_6' title="bbox 307 570 1883 643">
     <span class='ocr_line' id='line_1_6' title="bbox 307 570 1883 643; baseline -0.006 -11"><span class='ocrx_word' id='word_1_31' title='bbox 307 590 511 643; x_wconf 82' lang='lat' dir='ltr'><strong>sumus,</strong></span> <span class='ocrx_word' id='word_1_32' title='bbox 555 574 609 628; x_wconf 88' lang='lat' dir='ltr'><strong>in</strong></span> <span class='ocrx_word' id='word_1_33' title='bbox 655 572 807 641; x_wconf 84' lang='lat' dir='ltr'><strong>cujus</strong></span> <span class='ocrx_word' id='word_1_34' title='bbox 855 570 1130 637; x_wconf 84' lang='lat' dir='ltr'><strong>membris,</strong></span> <span class='ocrx_word' id='word_1_35' title='bbox 1177 572 1340 637; x_wconf 88' lang='lat' dir='ltr'><strong>visus,</strong></span> <span class='ocrx_word' id='word_1_36' title='bbox 1394 570 1628 639; x_wconf 87' lang='lat' dir='ltr'><strong>auditus,</strong></span> <span class='ocrx_word' id='word_1_37' title='bbox 1675 578 1883 643; x_wconf 83' lang='lat' dir='ltr'><strong>gustus,</strong></span> 
     </span>
    </p>
   </div>
   <div class='ocr_carea' id='block_1_7' title="bbox 306 666 1883 737">
    <p class='ocr_par' dir='ltr' id='par_1_7' title="bbox 306 666 1883 737">
     <span class='ocr_line' id='line_1_7' title="bbox 306 666 1883 737; baseline -0.003 -12"><span class='ocrx_word' id='word_1_38' title='bbox 306 671 558 725; x_wconf 87' lang='lat' dir='ltr'><strong>odoratus</strong></span> <span class='ocrx_word' id='word_1_39' title='bbox 587 678 641 724; x_wconf 87' lang='lat' dir='ltr'><strong>et</strong></span> <span class='ocrx_word' id='word_1_40' title='bbox 670 674 843 724; x_wconf 85' lang='lat' dir='ltr'><strong>tactus</strong></span> <span class='ocrx_word' id='word_1_41' title='bbox 871 676 974 733; x_wconf 89' lang='lat' dir='ltr'><strong>est,</strong></span> <span class='ocrx_word' id='word_1_42' title='bbox 1007 666 1131 737; x_wconf 81' lang='lat' dir='ltr'><strong>qniti</strong></span> <span class='ocrx_word' id='word_1_43' title='bbox 1163 670 1266 720; x_wconf 79' lang='lat' dir='ltr'><strong>erit</strong></span> <span class='ocrx_word' id='word_1_44' title='bbox 1315 666 1531 720; x_wconf 90' lang='lat' dir='ltr'><strong>honoris</strong></span> <span class='ocrx_word' id='word_1_45' title='bbox 1559 674 1650 720; x_wconf 89' lang='lat' dir='ltr'><strong>aut</strong></span> <span class='ocrx_word' id='word_1_46' title='bbox 1677 666 1883 736; x_wconf 67' lang='lat' dir='ltr'><strong>gratiae,</strong></span> 
     </span>
    </p>
   </div>
   <div class='ocr_carea' id='block_1_8' title="bbox 307 753 1886 831">
    <p class='ocr_par' dir='ltr' id='par_1_8' title="bbox 307 753 1886 831">
     <span class='ocr_line' id='line_1_8' title="bbox 307 753 1886 831; baseline -0.004 -13"><span class='ocrx_word' id='word_1_47' title='bbox 307 766 349 818; x_wconf 93' lang='lat' dir='ltr'><strong>si</strong></span> <span class='ocrx_word' id='word_1_48' title='bbox 381 764 447 817; x_wconf 89' lang='lat' dir='ltr'><strong>de</strong></span> <span class='ocrx_word' id='word_1_49' title='bbox 475 762 563 815; x_wconf 88' lang='lat' dir='ltr'><strong>illa</strong></span> <span class='ocrx_word' id='word_1_50' title='bbox 592 760 968 831; x_wconf 72' lang='lat' dir='ltr'><strong>participvmus</strong></span> <span class='ocrx_word' id='word_1_51' title='bbox 996 756 1243 827; x_wconf 82' lang='lat' dir='ltr'><strong>imagine,</strong></span> <span class='ocrx_word' id='word_1_52' title='bbox 1270 771 1429 827; x_wconf 86' lang='lat' dir='ltr'><strong>quam</strong></span> <span class='ocrx_word' id='word_1_53' title='bbox 1459 753 1611 811; x_wconf 87' lang='lat' dir='ltr'><strong>nobis</strong></span> <span class='ocrx_word' id='word_1_54' title='bbox 1639 770 1707 812; x_wconf 88' lang='lat' dir='ltr'><strong>ex</strong></span> <span class='ocrx_word' id='word_1_55' title='bbox 1734 761 1886 824; x_wconf 88' lang='lat' dir='ltr'><strong>parte</strong></span> 
     </span>
    </p>
   </div>
   <div class='ocr_carea' id='block_1_9' title="bbox 310 842 1887 914">
    <p class='ocr_par' dir='ltr' id='par_1_9' title="bbox 310 842 1887 914">
     <span class='ocr_line' id='line_1_9' title="bbox 310 842 1887 914; baseline -0.008 -4"><span class='ocrx_word' id='word_1_56' title='bbox 310 855 536 910; x_wconf 77' lang='lat' dir='ltr'><strong>maxima</strong></span> <span class='ocrx_word' id='word_1_57' title='bbox 568 862 904 906; x_wconf 85' lang='lat' dir='ltr'><strong>communem</strong></span> <span class='ocrx_word' id='word_1_58' title='bbox 934 850 1130 902; x_wconf 77' lang='lat' dir='ltr'><strong>scimus</strong></span> <span class='ocrx_word' id='word_1_59' title='bbox 1161 860 1281 901; x_wconf 90' lang='lat' dir='ltr'><strong>esse</strong></span> <span class='ocrx_word' id='word_1_60' title='bbox 1328 860 1448 901; x_wconf 90' lang='lat' dir='ltr'><strong>cum</strong></span> <span class='ocrx_word' id='word_1_61' title='bbox 1495 842 1727 914; x_wconf 79' lang='lat' dir='ltr'><strong>pecude?</strong></span> <span class='ocrx_word' id='word_1_62' title='bbox 1760 843 1887 899; x_wconf 86' lang='lat' dir='ltr'><strong>Gra-</strong></span> 
     </span>
    </p>
   </div>
   <div class='ocr_carea' id='block_1_10' title="bbox 312 937 1884 1013">
    <p class='ocr_par' dir='ltr' id='par_1_10' title="bbox 312 937 1884 1013">
     <span class='ocr_line' id='line_1_10' title="bbox 312 937 1884 1013; baseline -0.006 -15"><span class='ocrx_word' id='word_1_63' title='bbox 312 947 390 999; x_wconf 87' lang='lat' dir='ltr'><strong>vis</strong></span> <span class='ocrx_word' id='word_1_64' title='bbox 429 956 555 1013; x_wconf 87' lang='lat' dir='ltr'><strong>ergo</strong></span> <span class='ocrx_word' id='word_1_65' title='bbox 590 952 772 996; x_wconf 83' lang='lat' dir='ltr'><strong>eorum</strong></span> <span class='ocrx_word' id='word_1_66' title='bbox 815 954 969 995; x_wconf 90' lang='lat' dir='ltr'><strong>error</strong></span> <span class='ocrx_word' id='word_1_67' title='bbox 1013 949 1093 993; x_wconf 86' lang='lat' dir='ltr'><strong>est</strong></span> <span class='ocrx_word' id='word_1_68' title='bbox 1148 939 1236 1007; x_wconf 85' lang='lat' dir='ltr'><strong>qui</strong></span> <span class='ocrx_word' id='word_1_69' title='bbox 1287 937 1612 991; x_wconf 74' lang='lat' dir='ltr'><strong>arbitramur</strong></span> <span class='ocrx_word' id='word_1_70' title='bbox 1659 937 1884 1005; x_wconf 90' lang='lat' dir='ltr'><strong>primum</strong></span> 
     </span>
    </p>
   </div>
   <div class='ocr_carea' id='block_1_11' title="bbox 312 1026 1886 1104">
    <p class='ocr_par' dir='ltr' id='par_1_11' title="bbox 312 1026 1886 1104">
     <span class='ocr_line' id='line_1_11' title="bbox 312 1026 1886 1104; baseline -0.007 -14"><span class='ocrx_word' id='word_1_71' title='bbox 312 1036 581 1091; x_wconf 80' lang='lat' dir='ltr'><strong>hominem</strong></span> <span class='ocrx_word' id='word_1_72' title='bbox 624 1034 774 1104; x_wconf 88' lang='lat' dir='ltr'><strong>jttxta</strong></span> <span class='ocrx_word' id='word_1_73' title='bbox 824 1034 969 1086; x_wconf 88' lang='lat' dir='ltr'><strong>illtnn</strong></span> <span class='ocrx_word' id='word_1_74' title='bbox 1002 1033 1089 1102; x_wconf 87' lang='lat' dir='ltr'><strong>qui</strong></span> <span class='ocrx_word' id='word_1_75' title='bbox 1121 1038 1236 1085; x_wconf 89' lang='lat' dir='ltr'><strong>erat</strong></span> <span class='ocrx_word' id='word_1_76' title='bbox 1272 1031 1563 1085; x_wconf 84' lang='lat' dir='ltr'><strong>sumendus</strong></span> <span class='ocrx_word' id='word_1_77' title='bbox 1602 1042 1673 1085; x_wconf 83' lang='lat' dir='ltr'><strong>ex</strong></span> <span class='ocrx_word' id='word_1_78' title='bbox 1702 1026 1886 1093; x_wconf 79' lang='lat' dir='ltr'><strong>Maria,</strong></span> 
     </span>
    </p>
   </div>
   <div class='ocr_carea' id='block_1_12' title="bbox 308 1122 1889 1195">
    <p class='ocr_par' dir='ltr' id='par_1_12' title="bbox 308 1122 1889 1195">
     <span class='ocr_line' id='line_1_12' title="bbox 308 1122 1889 1195; baseline -0.003 -11"><span class='ocrx_word' id='word_1_79' title='bbox 308 1130 376 1185; x_wconf 85' lang='lat' dir='ltr'><strong>ab</strong></span> <span class='ocrx_word' id='word_1_80' title='bbox 423 1130 738 1195; x_wconf 76' lang='lat' dir='ltr'><strong>incorporea</strong></span> <span class='ocrx_word' id='word_1_81' title='bbox 786 1125 1046 1179; x_wconf 87' lang='lat' dir='ltr'><strong>Trinitate</strong></span> <span class='ocrx_word' id='word_1_82' title='bbox 1085 1124 1456 1194; x_wconf 78' lang='lat' dir='ltr'><strong>Compositmn.</strong></span> <span class='ocrx_word' id='word_1_83' title='bbox 1506 1122 1687 1193; x_wconf 82' lang='lat' dir='ltr'><strong>Neque</strong></span> <span class='ocrx_word' id='word_1_84' title='bbox 1746 1125 1889 1180; x_wconf 88' lang='lat' dir='ltr'><strong>enim</strong></span> 
     </span>
    </p>
   </div>
   <div class='ocr_carea' id='block_1_13' title="bbox 313 1216 1891 1288">
    <p class='ocr_par' dir='ltr' id='par_1_13' title="bbox 313 1216 1891 1288">
     <span class='ocr_line' id='line_1_13' title="bbox 313 1216 1891 1288; baseline -0.005 -11"><span class='ocrx_word' id='word_1_85' title='bbox 313 1226 473 1278; x_wconf 87' lang='lat' dir='ltr'><strong>l&#39;ater</strong></span> <span class='ocrx_word' id='word_1_86' title='bbox 503 1223 585 1275; x_wconf 82' lang='lat' dir='ltr'><strong>vel</strong></span> <span class='ocrx_word' id='word_1_87' title='bbox 616 1221 847 1288; x_wconf 78' lang='lat' dir='ltr'><strong>Spiritus</strong></span> <span class='ocrx_word' id='word_1_88' title='bbox 874 1226 1091 1272; x_wconf 82' lang='lat' dir='ltr'><strong>sanctus</strong></span> <span class='ocrx_word' id='word_1_89' title='bbox 1118 1227 1265 1272; x_wconf 76' lang='lat' dir='ltr'><strong>veste</strong></span> <span class='ocrx_word' id='word_1_90' title='bbox 1285 1217 1463 1272; x_wconf 89' lang='lat' dir='ltr'><strong>carnis</strong></span> <span class='ocrx_word' id='word_1_91' title='bbox 1490 1227 1544 1271; x_wconf 90' lang='lat' dir='ltr'><strong>et</strong></span> <span class='ocrx_word' id='word_1_92' title='bbox 1567 1216 1750 1270; x_wconf 88' lang='lat' dir='ltr'><strong>habitu</strong></span> <span class='ocrx_word' id='word_1_93' title='bbox 1776 1226 1891 1270; x_wconf 90' lang='lat' dir='ltr'><strong>erat</strong></span> 
     </span>
    </p>
   </div>
   <div class='ocr_carea' id='block_1_14' title="bbox 310 1309 1889 1381">
    <p class='ocr_par' dir='ltr' id='par_1_14' title="bbox 310 1309 1889 1381">
     <span class='ocr_line' id='line_1_14' title="bbox 310 1309 1889 1381; baseline -0.005 -8"><span class='ocrx_word' id='word_1_94' title='bbox 310 1318 544 1374; x_wconf 78' lang='lat' dir='ltr'><strong>hominis</strong></span> <span class='ocrx_word' id='word_1_95' title='bbox 594 1315 912 1379; x_wconf 86' lang='lat' dir='ltr'><strong>induendos,</strong></span> <span class='ocrx_word' id='word_1_96' title='bbox 956 1323 1011 1367; x_wconf 91' lang='lat' dir='ltr'><strong>ut</strong></span> <span class='ocrx_word' id='word_1_97' title='bbox 1055 1312 1122 1367; x_wconf 85' lang='lat' dir='ltr'><strong>ad</strong></span> <span class='ocrx_word' id='word_1_98' title='bbox 1165 1312 1281 1381; x_wconf 83' lang='lat' dir='ltr'><strong>ejus</strong></span> <span class='ocrx_word' id='word_1_99' title='bbox 1308 1312 1460 1381; x_wconf 89' lang='lat' dir='ltr'><strong>quasi</strong></span> <span class='ocrx_word' id='word_1_100' title='bbox 1502 1309 1747 1381; x_wconf 76' lang='lat' dir='ltr'><strong>imaginis</strong></span> <span class='ocrx_word' id='word_1_101' title='bbox 1776 1324 1889 1365; x_wconf 63' lang='lat' dir='ltr'><strong>suae</strong></span> 
     </span>
    </p>
   </div>
   <div class='ocr_carea' id='block_1_15' title="bbox 308 1401 1883 1479">
    <p class='ocr_par' dir='ltr' id='par_1_15' title="bbox 308 1401 1883 1479">
     <span class='ocr_line' id='line_1_15' title="bbox 308 1401 1883 1479; baseline -0.005 -17"><span class='ocrx_word' id='word_1_102' title='bbox 308 1409 546 1479; x_wconf 79' lang='lat' dir='ltr'><strong>speciem</strong></span> <span class='ocrx_word' id='word_1_103' title='bbox 581 1423 642 1473; x_wconf 86' lang='lat' dir='ltr'><strong>ac</strong></span> <span class='ocrx_word' id='word_1_104' title='bbox 675 1406 931 1459; x_wconf 82' lang='lat' dir='ltr'><strong>facturam</strong></span> <span class='ocrx_word' id='word_1_105' title='bbox 970 1404 1126 1473; x_wconf 87' lang='lat' dir='ltr'><strong>primi</strong></span> <span class='ocrx_word' id='word_1_106' title='bbox 1169 1402 1399 1457; x_wconf 85' lang='lat' dir='ltr'><strong>hominis</strong></span> <span class='ocrx_word' id='word_1_107' title='bbox 1430 1402 1748 1457; x_wconf 77' lang='lat' dir='ltr'><strong>lineamenta</strong></span> <span class='ocrx_word' id='word_1_108' title='bbox 1780 1401 1883 1454; x_wconf 87' lang='lat' dir='ltr'><strong>dis-</strong></span> 
     </span>
    </p>
   </div>
   <div class='ocr_carea' id='block_1_16' title="bbox 312 1490 1885 1569">
    <p class='ocr_par' dir='ltr' id='par_1_16' title="bbox 312 1490 1885 1569">
     <span class='ocr_line' id='line_1_16' title="bbox 312 1490 1885 1569; baseline -0.004 -18"><span class='ocrx_word' id='word_1_109' title='bbox 312 1510 553 1569; x_wconf 80' lang='lat' dir='ltr'><strong>poneret,</strong></span> <span class='ocrx_word' id='word_1_110' title='bbox 601 1514 661 1551; x_wconf 89' lang='lat' dir='ltr'><strong>ae</strong></span> <span class='ocrx_word' id='word_1_111' title='bbox 704 1496 941 1549; x_wconf 87' lang='lat' dir='ltr'><strong>membra</strong></span> <span class='ocrx_word' id='word_1_112' title='bbox 992 1496 1302 1565; x_wconf 87' lang='lat' dir='ltr'><strong>plasmaret,</strong></span> <span class='ocrx_word' id='word_1_113' title='bbox 1349 1502 1405 1546; x_wconf 94' lang='lat' dir='ltr'><strong>ut</strong></span> <span class='ocrx_word' id='word_1_114' title='bbox 1454 1493 1624 1563; x_wconf 87' lang='lat' dir='ltr'><strong>possit</strong></span> <span class='ocrx_word' id='word_1_115' title='bbox 1666 1490 1885 1547; x_wconf 84' lang='lat' dir='ltr'><strong>dicere:</strong></span> 
     </span>
    </p>
   </div>
   <div class='ocr_carea' id='block_1_17' title="bbox 311 1582 1888 1656">
    <p class='ocr_par' dir='ltr' id='par_1_17' title="bbox 311 1582 1888 1656">
     <span class='ocr_line' id='line_1_17' title="bbox 311 1582 1888 1656; baseline -0.004 -10"><span class='ocrx_word' id='word_1_116' title='bbox 311 1591 596 1646; x_wconf 80' lang='lat' dir='ltr'><strong>Faciamus</strong></span> <span class='ocrx_word' id='word_1_117' title='bbox 640 1589 907 1643; x_wconf 80' lang='lat' dir='ltr'><strong>hominem</strong></span> <span class='ocrx_word' id='word_1_118' title='bbox 957 1586 1023 1641; x_wconf 90' lang='lat' dir='ltr'><strong>ad</strong></span> <span class='ocrx_word' id='word_1_119' title='bbox 1068 1587 1352 1656; x_wconf 76' lang='lat' dir='ltr'><strong>imaginem</strong></span> <span class='ocrx_word' id='word_1_120' title='bbox 1385 1595 1441 1640; x_wconf 89' lang='lat' dir='ltr'><strong>et</strong></span> <span class='ocrx_word' id='word_1_121' title='bbox 1486 1582 1888 1639; x_wconf 82' lang='lat' dir='ltr'><strong>similitudinem</strong></span> 
     </span>
    </p>
   </div>
   <div class='ocr_carea' id='block_1_18' title="bbox 310 1675 1889 1755">
    <p class='ocr_par' dir='ltr' id='par_1_18' title="bbox 310 1675 1889 1755">
     <span class='ocr_line' id='line_1_18' title="bbox 310 1675 1889 1755; baseline -0.004 -21"><span class='ocrx_word' id='word_1_122' title='bbox 310 1698 470 1755; x_wconf 74' lang='lat' dir='ltr'><strong>quam</strong></span> <span class='ocrx_word' id='word_1_123' title='bbox 497 1682 761 1750; x_wconf 84' lang='lat' dir='ltr'><strong>sumpturi</strong></span> <span class='ocrx_word' id='word_1_124' title='bbox 787 1694 971 1734; x_wconf 89' lang='lat' dir='ltr'><strong>sumus</strong></span> <span class='ocrx_word' id='word_1_125' title='bbox 998 1695 1061 1733; x_wconf 86' lang='lat' dir='ltr'><strong>ex</strong></span> <span class='ocrx_word' id='word_1_126' title='bbox 1096 1677 1331 1748; x_wconf 78' lang='lat' dir='ltr'><strong>Virgine.</strong></span> <span class='ocrx_word' id='word_1_127' title='bbox 1362 1676 1591 1747; x_wconf 89' lang='lat' dir='ltr'><strong>ideoque</strong></span> <span class='ocrx_word' id='word_1_128' title='bbox 1616 1691 1681 1731; x_wconf 86' lang='lat' dir='ltr'><strong>ex</strong></span> <span class='ocrx_word' id='word_1_129' title='bbox 1715 1675 1889 1730; x_wconf 85' lang='lat' dir='ltr'><strong>Deita-</strong></span> 
     </span>
    </p>
   </div>
   <div class='ocr_carea' id='block_1_19' title="bbox 312 1768 1889 1842">
    <p class='ocr_par' dir='ltr' id='par_1_19' title="bbox 312 1768 1889 1842">
     <span class='ocr_line' id='line_1_19' title="bbox 312 1768 1889 1842; baseline -0.008 -9"><span class='ocrx_word' id='word_1_130' title='bbox 312 1780 378 1833; x_wconf 87' lang='lat' dir='ltr'><strong>tis</strong></span> <span class='ocrx_word' id='word_1_131' title='bbox 405 1774 754 1832; x_wconf 80' lang='lat' dir='ltr'><strong>similitudine</strong></span> <span class='ocrx_word' id='word_1_132' title='bbox 779 1771 1050 1828; x_wconf 72' lang='lat' dir='ltr'><strong>derivatur</strong></span> <span class='ocrx_word' id='word_1_133' title='bbox 1071 1770 1326 1842; x_wconf 89' lang='lat' dir='ltr'><strong>quidquid</strong></span> <span class='ocrx_word' id='word_1_134' title='bbox 1359 1768 1558 1824; x_wconf 85' lang='lat' dir='ltr'><strong>homini</strong></span> <span class='ocrx_word' id='word_1_135' title='bbox 1581 1768 1815 1822; x_wconf 86' lang='lat' dir='ltr'><strong>Trinitas</strong></span> <span class='ocrx_word' id='word_1_136' title='bbox 1837 1768 1889 1821; x_wconf 93' lang='lat' dir='ltr'><strong>in</strong></span> 
     </span>
    </p>
   </div>
   <div class='ocr_carea' id='block_1_20' title="bbox 309 1858 1890 1937">
    <p class='ocr_par' dir='ltr' id='par_1_20' title="bbox 309 1858 1890 1937">
     <span class='ocr_line' id='line_1_20' title="bbox 309 1858 1890 1937; baseline -0.009 -12"><span class='ocrx_word' id='word_1_137' title='bbox 309 1882 597 1925; x_wconf 81' lang='lat' dir='ltr'><strong>Commune</strong></span> <span class='ocrx_word' id='word_1_138' title='bbox 629 1868 866 1937; x_wconf 87' lang='lat' dir='ltr'><strong>largitur.</strong></span> <span class='ocrx_word' id='word_1_139' title='bbox 913 1865 1021 1920; x_wconf 87' lang='lat' dir='ltr'><strong>Nec</strong></span> <span class='ocrx_word' id='word_1_140' title='bbox 1067 1865 1144 1917; x_wconf 88' lang='lat' dir='ltr'><strong>sic</strong></span> <span class='ocrx_word' id='word_1_141' title='bbox 1197 1862 1413 1933; x_wconf 87' lang='lat' dir='ltr'><strong>quidem</strong></span> <span class='ocrx_word' id='word_1_142' title='bbox 1471 1862 1671 1930; x_wconf 85' lang='lat' dir='ltr'><strong>primus</strong></span> <span class='ocrx_word' id='word_1_143' title='bbox 1731 1858 1890 1913; x_wconf 76' lang='lat' dir='ltr'><strong>homo</strong></span> 
     </span>
    </p>
   </div>
   <div class='ocr_carea' id='block_1_21' title="bbox 310 1952 1888 2026">
    <p class='ocr_par' dir='ltr' id='par_1_21' title="bbox 310 1952 1888 2026">
     <span class='ocr_line' id='line_1_21' title="bbox 310 1952 1888 2026; baseline -0.011 -8"><span class='ocrx_word' id='word_1_144' title='bbox 310 1961 531 2018; x_wconf 89' lang='lat' dir='ltr'><strong>secundi</strong></span> <span class='ocrx_word' id='word_1_145' title='bbox 579 1960 708 2014; x_wconf 84' lang='lat' dir='ltr'><strong>Adae</strong></span> <span class='ocrx_word' id='word_1_146' title='bbox 773 1957 1074 2026; x_wconf 83' lang='lat' dir='ltr'><strong>suscepisse</strong></span> <span class='ocrx_word' id='word_1_147' title='bbox 1142 1953 1423 2024; x_wconf 82' lang='lat' dir='ltr'><strong>imaginem</strong></span> <span class='ocrx_word' id='word_1_148' title='bbox 1493 1952 1598 2007; x_wconf 91' lang='lat' dir='ltr'><strong>dici</strong></span> <span class='ocrx_word' id='word_1_149' title='bbox 1671 1960 1888 2020; x_wconf 87' lang='lat' dir='ltr'><strong>posset,</strong></span> 
     </span>
    </p>
   </div>
   <div class='ocr_carea' id='block_1_22' title="bbox 310 2041 1889 2109">
    <p class='ocr_par' dir='ltr' id='par_1_22' title="bbox 310 2041 1889 2109">
     <span class='ocr_line' id='line_1_22' title="bbox 310 2041 1889 2109; baseline -0.01 0"><span class='ocrx_word' id='word_1_150' title='bbox 310 2056 470 2109; x_wconf 82' lang='lat' dir='ltr'><strong>etiam</strong></span> <span class='ocrx_word' id='word_1_151' title='bbox 499 2055 543 2106; x_wconf 83' lang='lat' dir='ltr'><strong>si</strong></span> <span class='ocrx_word' id='word_1_152' title='bbox 578 2052 741 2105; x_wconf 80' lang='lat' dir='ltr'><strong>Filius</strong></span> <span class='ocrx_word' id='word_1_153' title='bbox 772 2049 865 2103; x_wconf 96' lang='lat' dir='ltr'><strong>Dei</strong></span> <span class='ocrx_word' id='word_1_154' title='bbox 892 2048 1037 2103; x_wconf 87' lang='lat' dir='ltr'><strong>solus</strong></span> <span class='ocrx_word' id='word_1_155' title='bbox 1071 2048 1341 2101; x_wconf 84' lang='lat' dir='ltr'><strong>hominem</strong></span> <span class='ocrx_word' id='word_1_156' title='bbox 1379 2042 1723 2099; x_wconf 89' lang='lat' dir='ltr'><strong>condidisset.</strong></span> <span class='ocrx_word' id='word_1_157' title='bbox 1755 2041 1889 2094; x_wconf 78' lang='lat' dir='ltr'><strong>Cum</strong></span> 
     </span>
    </p>
   </div>
   <div class='ocr_carea' id='block_1_23' title="bbox 310 2135 1892 2199">
    <p class='ocr_par' dir='ltr' id='par_1_23' title="bbox 310 2135 1892 2199">
     <span class='ocr_line' id='line_1_23' title="bbox 310 2135 1892 2199; baseline -0.009 0"><span class='ocrx_word' id='word_1_158' title='bbox 310 2160 441 2199; x_wconf 77' lang='lat' dir='ltr'><strong>vero</strong></span> <span class='ocrx_word' id='word_1_159' title='bbox 463 2144 606 2197; x_wconf 88' lang='lat' dir='ltr'><strong>unita</strong></span> <span class='ocrx_word' id='word_1_160' title='bbox 636 2142 869 2195; x_wconf 89' lang='lat' dir='ltr'><strong>Trinitas</strong></span> <span class='ocrx_word' id='word_1_161' title='bbox 894 2138 1068 2193; x_wconf 88' lang='lat' dir='ltr'><strong>dicat:</strong></span> <span class='ocrx_word' id='word_1_162' title='bbox 1090 2137 1365 2191; x_wconf 77' lang='lat' dir='ltr'><strong>Faciamus</strong></span> <span class='ocrx_word' id='word_1_163' title='bbox 1393 2136 1645 2189; x_wconf 83' lang='lat' dir='ltr'><strong>hominem</strong></span> <span class='ocrx_word' id='word_1_164' title='bbox 1670 2137 1736 2187; x_wconf 88' lang='lat' dir='ltr'><strong>ad</strong></span> <span class='ocrx_word' id='word_1_165' title='bbox 1762 2135 1892 2186; x_wconf 82' lang='lat' dir='ltr'><strong>inta-</strong></span> 
     </span>
    </p>
   </div>
   <div class='ocr_carea' id='block_1_24' title="bbox 309 2226 1891 2308">
    <p class='ocr_par' dir='ltr' id='par_1_24' title="bbox 309 2226 1891 2308">
     <span class='ocr_line' id='line_1_24' title="bbox 309 2226 1891 2308; baseline -0.008 -18"><span class='ocrx_word' id='word_1_166' title='bbox 309 2237 477 2308; x_wconf 82' lang='lat' dir='ltr'><strong>ginem</strong></span> <span class='ocrx_word' id='word_1_167' title='bbox 526 2247 570 2289; x_wconf 89' lang='lat' dir='ltr'><strong>et</strong></span> <span class='ocrx_word' id='word_1_168' title='bbox 617 2234 1005 2288; x_wconf 76' lang='lat' dir='ltr'><strong>similitudinem</strong></span> <span class='ocrx_word' id='word_1_169' title='bbox 1051 2239 1276 2284; x_wconf 81' lang='lat' dir='ltr'><strong>nostram</strong></span> <span class='ocrx_word' id='word_1_170' title='bbox 1324 2226 1474 2298; x_wconf 83' lang='lat' dir='ltr'><strong>(Gen.</strong></span> <span class='ocrx_word' id='word_1_171' title='bbox 1519 2228 1651 2296; x_wconf 84' lang='lat' dir='ltr'><strong>vut),</strong></span> <span class='ocrx_word' id='word_1_172' title='bbox 1702 2226 1891 2295; x_wconf 85' lang='lat' dir='ltr'><strong>plurali</strong></span> 
     </span>
    </p>
   </div>
   <div class='ocr_carea' id='block_1_25' title="bbox 309 2320 1887 2401">
    <p class='ocr_par' dir='ltr' id='par_1_25' title="bbox 309 2320 1887 2401">
     <span class='ocr_line' id='line_1_25' title="bbox 309 2320 1887 2401; baseline -0.011 -15"><span class='ocrx_word' id='word_1_173' title='bbox 309 2329 601 2401; x_wconf 81' lang='lat' dir='ltr'><strong>singulare,</strong></span> <span class='ocrx_word' id='word_1_174' title='bbox 623 2336 675 2381; x_wconf 74' lang='lat' dir='ltr'><strong>t-t</strong></span> <span class='ocrx_word' id='word_1_175' title='bbox 702 2326 953 2393; x_wconf 72' lang='lat' dir='ltr'><strong>singulari</strong></span> <span class='ocrx_word' id='word_1_176' title='bbox 975 2323 1175 2395; x_wconf 85' lang='lat' dir='ltr'><strong>plurale</strong></span> <span class='ocrx_word' id='word_1_177' title='bbox 1198 2321 1553 2390; x_wconf 86' lang='lat' dir='ltr'><strong>permiscens;</strong></span> <span class='ocrx_word' id='word_1_178' title='bbox 1582 2331 1636 2374; x_wconf 90' lang='lat' dir='ltr'><strong>et</strong></span> <span class='ocrx_word' id='word_1_179' title='bbox 1665 2320 1887 2371; x_wconf 86' lang='lat' dir='ltr'><strong>iterum:</strong></span> 
     </span>
    </p>
   </div>
   <div class='ocr_carea' id='block_1_26' title="bbox 311 2412 1891 2495">
    <p class='ocr_par' dir='ltr' id='par_1_26' title="bbox 311 2412 1891 2495">
     <span class='ocr_line' id='line_1_26' title="bbox 311 2412 1891 2495; baseline -0.01 -17"><span class='ocrx_word' id='word_1_180' title='bbox 311 2424 377 2478; x_wconf 84' lang='lat' dir='ltr'><strong>Et</strong></span> <span class='ocrx_word' id='word_1_181' title='bbox 405 2425 525 2495; x_wconf 73' lang='lat' dir='ltr'><strong>[erit</strong></span> <span class='ocrx_word' id='word_1_182' title='bbox 550 2421 689 2476; x_wconf 88' lang='lat' dir='ltr'><strong>Deus</strong></span> <span class='ocrx_word' id='word_1_183' title='bbox 712 2419 967 2473; x_wconf 78' lang='lat' dir='ltr'><strong>hominem</strong></span> <span class='ocrx_word' id='word_1_184' title='bbox 987 2418 1055 2470; x_wconf 83' lang='lat' dir='ltr'><strong>ad</strong></span> <span class='ocrx_word' id='word_1_185' title='bbox 1076 2415 1468 2487; x_wconf 62' lang='lat' dir='ltr'><strong>similitudinem</strong></span> <span class='ocrx_word' id='word_1_186' title='bbox 1486 2429 1653 2478; x_wconf 83' lang='lat' dir='ltr'><strong>suam,</strong></span> <span class='ocrx_word' id='word_1_187' title='bbox 1676 2416 1742 2465; x_wconf 85' lang='lat' dir='ltr'><strong>ad</strong></span> <span class='ocrx_word' id='word_1_188' title='bbox 1763 2412 1891 2464; x_wconf 87' lang='lat' dir='ltr'><strong>ima-</strong></span> 
     </span>
    </p>
   </div>
   <div class='ocr_carea' id='block_1_27' title="bbox 308 2503 1890 2588">
    <p class='ocr_par' dir='ltr' id='par_1_27' title="bbox 308 2503 1890 2588">
     <span class='ocr_line' id='line_1_27' title="bbox 308 2503 1890 2588; baseline -0.009 -19"><span class='ocrx_word' id='word_1_189' title='bbox 308 2517 478 2588; x_wconf 81' lang='lat' dir='ltr'><strong>ginem</strong></span> <span class='ocrx_word' id='word_1_190' title='bbox 514 2513 610 2567; x_wconf 87' lang='lat' dir='ltr'><strong>Dei</strong></span> <span class='ocrx_word' id='word_1_191' title='bbox 638 2512 753 2578; x_wconf 74' lang='lat' dir='ltr'><strong>fecit</strong></span> <span class='ocrx_word' id='word_1_192' title='bbox 796 2511 966 2576; x_wconf 85' lang='lat' dir='ltr'><strong>illum,</strong></span> <span class='ocrx_word' id='word_1_193' title='bbox 1003 2506 1160 2563; x_wconf 85' lang='lat' dir='ltr'><strong>toties</strong></span> <span class='ocrx_word' id='word_1_194' title='bbox 1193 2508 1324 2577; x_wconf 93' lang='lat' dir='ltr'><strong>legis</strong></span> <span class='ocrx_word' id='word_1_195' title='bbox 1361 2504 1633 2560; x_wconf 87' lang='lat' dir='ltr'><strong>hominem</strong></span> <span class='ocrx_word' id='word_1_196' title='bbox 1663 2504 1729 2557; x_wconf 89' lang='lat' dir='ltr'><strong>ad</strong></span> <span class='ocrx_word' id='word_1_197' title='bbox 1759 2503 1890 2556; x_wconf 87' lang='lat' dir='ltr'><strong>ima-</strong></span> 
     </span>
    </p>
   </div>
   <div class='ocr_carea' id='block_1_28' title="bbox 310 2590 1889 2678">
    <p class='ocr_par' dir='ltr' id='par_1_28' title="bbox 310 2590 1889 2678">
     <span class='ocr_line' id='line_1_28' title="bbox 310 2590 1889 2678; baseline -0.011 -16"><span class='ocrx_word' id='word_1_198' title='bbox 310 2609 487 2678; x_wconf 87' lang='lat' dir='ltr'><strong>ginem</strong></span> <span class='ocrx_word' id='word_1_199' title='bbox 513 2607 604 2661; x_wconf 84' lang='lat' dir='ltr'><strong>Dei</strong></span> <span class='ocrx_word' id='word_1_200' title='bbox 626 2602 930 2667; x_wconf 89' lang='lat' dir='ltr'><strong>conditum;</strong></span> <span class='ocrx_word' id='word_1_201' title='bbox 958 2611 1013 2656; x_wconf 91' lang='lat' dir='ltr'><strong>et</strong></span> <span class='ocrx_word' id='word_1_202' title='bbox 1036 2614 1137 2670; x_wconf 85' lang='lat' dir='ltr'><strong>qua</strong></span> <span class='ocrx_word' id='word_1_203' title='bbox 1162 2599 1477 2653; x_wconf 88' lang='lat' dir='ltr'><strong>auctoritate</strong></span> <span class='ocrx_word' id='word_1_204' title='bbox 1498 2604 1683 2650; x_wconf 91' lang='lat' dir='ltr'><strong>contra</strong></span> <span class='ocrx_word' id='word_1_205' title='bbox 1711 2590 1889 2647; x_wconf 89' lang='lat' dir='ltr'><strong>divina</strong></span> 
     </span>
    </p>
   </div>
   <div class='ocr_carea' id='block_1_29' title="bbox 310 2687 1891 2771">
    <p class='ocr_par' dir='ltr' id='par_1_29' title="bbox 310 2687 1891 2771">
     <span class='ocr_line' id='line_1_29' title="bbox 310 2687 1891 2771; baseline -0.011 -15"><span class='ocrx_word' id='word_1_206' title='bbox 310 2701 520 2771; x_wconf 90' lang='lat' dir='ltr'><strong>eloquia</strong></span> <span class='ocrx_word' id='word_1_207' title='bbox 549 2697 830 2769; x_wconf 65' lang='lat' dir='ltr'><strong>praesumis</strong></span> <span class='ocrx_word' id='word_1_208' title='bbox 859 2708 1102 2749; x_wconf 88' lang='lat' dir='ltr'><strong>asserere</strong></span> <span class='ocrx_word' id='word_1_209' title='bbox 1124 2692 1282 2762; x_wconf 91' lang='lat' dir='ltr'><strong>juxta</strong></span> <span class='ocrx_word' id='word_1_210' title='bbox 1308 2688 1448 2744; x_wconf 80' lang='lat' dir='ltr'><strong>servi</strong></span> <span class='ocrx_word' id='word_1_211' title='bbox 1477 2688 1699 2743; x_wconf 89' lang='lat' dir='ltr'><strong>formam</strong></span> <span class='ocrx_word' id='word_1_212' title='bbox 1726 2687 1891 2740; x_wconf 87' lang='lat' dir='ltr'><strong>fu&#39;sse</strong></span> 
     </span>
    </p>
   </div>
   <div class='ocr_carea' id='block_1_30' title="bbox 309 2778 1887 2863">
    <p class='ocr_par' dir='ltr' id='par_1_30' title="bbox 309 2778 1887 2863">
     <span class='ocr_line' id='line_1_30' title="bbox 309 2778 1887 2863; baseline -0.012 -12"><span class='ocrx_word' id='word_1_213' title='bbox 309 2791 702 2863; x_wconf 85' lang='lat' dir='ltr'><strong>compositum?</strong></span> <span class='ocrx_word' id='word_1_214' title='bbox 734 2791 866 2844; x_wconf 90' lang='lat' dir='ltr'><strong>Cum</strong></span> <span class='ocrx_word' id='word_1_215' title='bbox 894 2804 1023 2858; x_wconf 87' lang='lat' dir='ltr'><strong>ergo</strong></span> <span class='ocrx_word' id='word_1_216' title='bbox 1054 2788 1229 2856; x_wconf 88' lang='lat' dir='ltr'><strong>imago</strong></span> <span class='ocrx_word' id='word_1_217' title='bbox 1261 2786 1375 2838; x_wconf 64' lang='lat' dir='ltr'><strong>haec</strong></span> <span class='ocrx_word' id='word_1_218' title='bbox 1403 2798 1433 2836; x_wconf 90' lang='lat' dir='ltr'><strong>a</strong></span> <span class='ocrx_word' id='word_1_219' title='bbox 1464 2781 1623 2835; x_wconf 85' lang='lat' dir='ltr'><strong>Patre</strong></span> <span class='ocrx_word' id='word_1_220' title='bbox 1649 2788 1703 2835; x_wconf 94' lang='lat' dir='ltr'><strong>et</strong></span> <span class='ocrx_word' id='word_1_221' title='bbox 1731 2778 1887 2843; x_wconf 79' lang='lat' dir='ltr'><strong>Filio,</strong></span> 
     </span>
    </p>
   </div>
   <div class='ocr_carea' id='block_1_31' title="bbox 309 2874 1889 2955">
    <p class='ocr_par' dir='ltr' id='par_1_31' title="bbox 309 2874 1889 2955">
     <span class='ocr_line' id='line_1_31' title="bbox 309 2874 1889 2955; baseline -0.012 -11"><span class='ocrx_word' id='word_1_222' title='bbox 309 2898 363 2944; x_wconf 92' lang='lat' dir='ltr'><strong>et</strong></span> <span class='ocrx_word' id='word_1_223' title='bbox 381 2888 586 2955; x_wconf 86' lang='lat' dir='ltr'><strong>Spiritu</strong></span> <span class='ocrx_word' id='word_1_224' title='bbox 616 2893 802 2938; x_wconf 83' lang='lat' dir='ltr'><strong>saneto</strong></span> <span class='ocrx_word' id='word_1_225' title='bbox 817 2880 1151 2943; x_wconf 88' lang='lat' dir='ltr'><strong>conferatur,</strong></span> <span class='ocrx_word' id='word_1_226' title='bbox 1169 2875 1371 2947; x_wconf 83' lang='lat' dir='ltr'><strong>absque</strong></span> <span class='ocrx_word' id='word_1_227' title='bbox 1395 2876 1557 2930; x_wconf 89' lang='lat' dir='ltr'><strong>dubio</strong></span> <span class='ocrx_word' id='word_1_228' title='bbox 1582 2874 1741 2927; x_wconf 91' lang='lat' dir='ltr'><strong>trium</strong></span> <span class='ocrx_word' id='word_1_229' title='bbox 1772 2888 1889 2943; x_wconf 85' lang='lat' dir='ltr'><strong>per-</strong></span> 
     </span>
    </p>
   </div>
   <div class='ocr_carea' id='block_1_32' title="bbox 309 2963 1891 3040">
    <p class='ocr_par' dir='ltr' id='par_1_32' title="bbox 309 2963 1891 3040">
     <span class='ocr_line' id='line_1_32' title="bbox 309 2963 1891 3040; baseline -0.01 -7"><span class='ocrx_word' id='word_1_230' title='bbox 309 2996 565 3033; x_wconf 87' lang='lat' dir='ltr'><strong>sonarutn</strong></span> <span class='ocrx_word' id='word_1_231' title='bbox 604 2992 708 3030; x_wconf 86' lang='lat' dir='ltr'><strong>una</strong></span> <span class='ocrx_word' id='word_1_232' title='bbox 741 2974 996 3028; x_wconf 79' lang='lat' dir='ltr'><strong>Divinitas</strong></span> <span class='ocrx_word' id='word_1_233' title='bbox 1042 2972 1216 3040; x_wconf 90' lang='lat' dir='ltr'><strong>primo</strong></span> <span class='ocrx_word' id='word_1_234' title='bbox 1250 2966 1451 3022; x_wconf 88' lang='lat' dir='ltr'><strong>homini</strong></span> <span class='ocrx_word' id='word_1_235' title='bbox 1490 2982 1602 3021; x_wconf 72' lang='lat' dir='ltr'><strong>suae</strong></span> <span class='ocrx_word' id='word_1_236' title='bbox 1644 2963 1891 3032; x_wconf 87' lang='lat' dir='ltr'><strong>imaginis</strong></span> 
     </span>
    </p>
   </div>
   <div class='ocr_carea' id='block_1_33' title="bbox 310 3057 1887 3138">
    <p class='ocr_par' dir='ltr' id='par_1_33' title="bbox 310 3057 1887 3138">
     <span class='ocr_line' id='line_1_33' title="bbox 310 3057 1887 3138; baseline -0.01 -15"><span class='ocrx_word' id='word_1_237' title='bbox 310 3069 488 3125; x_wconf 91' lang='lat' dir='ltr'><strong>trihuit</strong></span> <span class='ocrx_word' id='word_1_238' title='bbox 520 3068 855 3138; x_wconf 89' lang='lat' dir='ltr'><strong>dignitatem.</strong></span> <span class='ocrx_word' id='word_1_239' title='bbox 888 3065 1018 3133; x_wconf 71' lang='lat' dir='ltr'><strong>Qua:</strong></span> <span class='ocrx_word' id='word_1_240' title='bbox 1061 3078 1180 3118; x_wconf 91' lang='lat' dir='ltr'><strong>cum</strong></span> <span class='ocrx_word' id='word_1_241' title='bbox 1212 3062 1282 3115; x_wconf 90' lang='lat' dir='ltr'><strong>ita</strong></span> <span class='ocrx_word' id='word_1_242' title='bbox 1323 3059 1449 3124; x_wconf 86' lang='lat' dir='ltr'><strong>sint,</strong></span> <span class='ocrx_word' id='word_1_243' title='bbox 1483 3059 1658 3112; x_wconf 90' lang='lat' dir='ltr'><strong>inesse</strong></span> <span class='ocrx_word' id='word_1_244' title='bbox 1687 3057 1887 3111; x_wconf 88' lang='lat' dir='ltr'><strong>homini</strong></span> 
     </span>
    </p>
   </div>
   <div class='ocr_carea' id='block_1_34' title="bbox 309 3151 1890 3225">
    <p class='ocr_par' dir='ltr' id='par_1_34' title="bbox 309 3151 1890 3225">
     <span class='ocr_line' id='line_1_34' title="bbox 309 3151 1890 3225; baseline -0.011 -5"><span class='ocrx_word' id='word_1_245' title='bbox 309 3169 377 3220; x_wconf 93' lang='lat' dir='ltr'><strong>lc</strong></span> <span class='ocrx_word' id='word_1_246' title='bbox 414 3175 435 3217; x_wconf 90' lang='lat' dir='ltr'><strong>t</strong></span> <span class='ocrx_word' id='word_1_247' title='bbox 464 3180 491 3216; x_wconf 90' lang='lat' dir='ltr'><strong>a</strong></span> <span class='ocrx_word' id='word_1_248' title='bbox 522 3168 789 3216; x_wconf 89' lang='lat' dir='ltr'><strong>tenuatatn</strong></span> <span class='ocrx_word' id='word_1_249' title='bbox 821 3159 1109 3213; x_wconf 87' lang='lat' dir='ltr'><strong>voluntatis</strong></span> <span class='ocrx_word' id='word_1_250' title='bbox 1143 3158 1371 3225; x_wconf 74' lang='lat' dir='ltr'><strong>propria:</strong></span> <span class='ocrx_word' id='word_1_251' title='bbox 1404 3154 1703 3208; x_wconf 84' lang='lat' dir='ltr'><strong>libertatem</strong></span> <span class='ocrx_word' id='word_1_252' title='bbox 1736 3151 1890 3204; x_wconf 85' lang='lat' dir='ltr'><strong>mini-</strong></span> 
     </span>
    </p>
   </div>
   <div class='ocr_carea' id='block_1_35' title="bbox 310 3245 1895 3319">
    <p class='ocr_par' dir='ltr' id='par_1_35' title="bbox 310 3245 1895 3319">
     <span class='ocr_line' id='line_1_35' title="bbox 310 3245 1895 3319; baseline -0.008 -9"><span class='ocrx_word' id='word_1_253' title='bbox 310 3271 397 3310; x_wconf 88' lang='lat' dir='ltr'><strong>me</strong></span> <span class='ocrx_word' id='word_1_254' title='bbox 442 3254 732 3316; x_wconf 89' lang='lat' dir='ltr'><strong>dubitabis,</strong></span> <span class='ocrx_word' id='word_1_255' title='bbox 782 3251 829 3305; x_wconf 88' lang='lat' dir='ltr'><strong>si</strong></span> <span class='ocrx_word' id='word_1_256' title='bbox 873 3251 1100 3319; x_wconf 89' lang='lat' dir='ltr'><strong>primam</strong></span> <span class='ocrx_word' id='word_1_257' title='bbox 1151 3248 1399 3317; x_wconf 79' lang='lat' dir='ltr'><strong>gratiam,</strong></span> <span class='ocrx_word' id='word_1_258' title='bbox 1450 3260 1552 3315; x_wconf 89' lang='lat' dir='ltr'><strong>qua</strong></span> <span class='ocrx_word' id='word_1_259' title='bbox 1602 3261 1629 3298; x_wconf 88' lang='lat' dir='ltr'><strong>a</strong></span> <span class='ocrx_word' id='word_1_260' title='bbox 1674 3245 1783 3299; x_wconf 90' lang='lat' dir='ltr'><strong>Deo</strong></span> <span class='ocrx_word' id='word_1_261' title='bbox 1813 3252 1895 3297; x_wconf 90' lang='lat' dir='ltr'><strong>est</strong></span> 
     </span>
    </p>
   </div>
   <div class='ocr_carea' id='block_1_36' title="bbox 311 3336 1892 3413">
    <p class='ocr_par' dir='ltr' id='par_1_36' title="bbox 311 3336 1892 3413">
     <span class='ocr_line' id='line_1_36' title="bbox 311 3336 1892 3413; baseline -0.008 -12"><span class='ocrx_word' id='word_1_262' title='bbox 311 3349 627 3408; x_wconf 88' lang='lat' dir='ltr'><strong>honoratus,</strong></span> <span class='ocrx_word' id='word_1_263' title='bbox 669 3342 985 3413; x_wconf 81' lang='lat' dir='ltr'><strong>inspexeris.</strong></span> <span class='ocrx_word' id='word_1_264' title='bbox 1022 3339 1198 3409; x_wconf 86' lang='lat' dir='ltr'><strong>Imago</strong></span> <span class='ocrx_word' id='word_1_265' title='bbox 1224 3354 1353 3408; x_wconf 82' lang='lat' dir='ltr'><strong>ergo</strong></span> <span class='ocrx_word' id='word_1_266' title='bbox 1394 3337 1485 3391; x_wconf 89' lang='lat' dir='ltr'><strong>Dei</strong></span> <span class='ocrx_word' id='word_1_267' title='bbox 1513 3336 1726 3400; x_wconf 85' lang='lat' dir='ltr'><strong>dicitur,</strong></span> <span class='ocrx_word' id='word_1_268' title='bbox 1772 3336 1892 3405; x_wconf 90' lang='lat' dir='ltr'><strong>quia</strong></span> 
     </span>
    </p>
   </div>
   <div class='ocr_carea' id='block_1_37' title="bbox 308 3427 1889 3507">
    <p class='ocr_par' dir='ltr' id='par_1_37' title="bbox 308 3427 1889 3507">
     <span class='ocr_line' id='line_1_37' title="bbox 308 3427 1889 3507; baseline -0.009 -14"><span class='ocrx_word' id='word_1_269' title='bbox 308 3439 360 3493; x_wconf 83' lang='lat' dir='ltr'><strong>ei</strong></span> <span class='ocrx_word' id='word_1_270' title='bbox 387 3438 725 3507; x_wconf 83' lang='lat' dir='ltr'><strong>indulgenter</strong></span> <span class='ocrx_word' id='word_1_271' title='bbox 752 3450 813 3488; x_wconf 89' lang='lat' dir='ltr'><strong>ac</strong></span> <span class='ocrx_word' id='word_1_272' title='bbox 835 3432 1117 3499; x_wconf 85' lang='lat' dir='ltr'><strong>dignanter</strong></span> <span class='ocrx_word' id='word_1_273' title='bbox 1140 3429 1367 3484; x_wconf 86' lang='lat' dir='ltr'><strong>inseruit</strong></span> <span class='ocrx_word' id='word_1_274' title='bbox 1390 3429 1585 3483; x_wconf 83' lang='lat' dir='ltr'><strong>veritas</strong></span> <span class='ocrx_word' id='word_1_275' title='bbox 1609 3427 1889 3496; x_wconf 86' lang='lat' dir='ltr'><strong>justitiam,</strong></span> 
     </span>
    </p>
   </div>
   <div class='ocr_carea' id='block_1_38' title="bbox 310 3519 1895 3598">
    <p class='ocr_par' dir='ltr' id='par_1_38' title="bbox 310 3519 1895 3598">
     <span class='ocr_line' id='line_1_38' title="bbox 310 3519 1895 3598; baseline -0.007 -13"><span class='ocrx_word' id='word_1_276' title='bbox 310 3531 449 3585; x_wconf 85' lang='lat' dir='ltr'><strong>ratio</strong></span> <span class='ocrx_word' id='word_1_277' title='bbox 465 3528 803 3598; x_wconf 78' lang='lat' dir='ltr'><strong>sapientiam,</strong></span> <span class='ocrx_word' id='word_1_278' title='bbox 830 3524 1138 3596; x_wconf 90' lang='lat' dir='ltr'><strong>percnuitas</strong></span> <span class='ocrx_word' id='word_1_279' title='bbox 1167 3526 1543 3577; x_wconf 75' lang='lat' dir='ltr'><strong>aeternitatem.</strong></span> <span class='ocrx_word' id='word_1_280' title='bbox 1564 3519 1639 3575; x_wconf 91' lang='lat' dir='ltr'><strong>De</strong></span> <span class='ocrx_word' id='word_1_281' title='bbox 1665 3520 1895 3589; x_wconf 72' lang='lat' dir='ltr'><strong>imagine</strong></span> 
     </span>
    </p>
   </div>
   <div class='ocr_carea' id='block_1_39' title="bbox 311 3612 1894 3688">
    <p class='ocr_par' dir='ltr' id='par_1_39' title="bbox 311 3612 1894 3688">
     <span class='ocr_line' id='line_1_39' title="bbox 311 3612 1894 3688; baseline -0.006 -13"><span class='ocrx_word' id='word_1_282' title='bbox 311 3620 407 3676; x_wconf 86' lang='lat' dir='ltr'><strong>Dei</strong></span> <span class='ocrx_word' id='word_1_283' title='bbox 459 3629 562 3684; x_wconf 88' lang='lat' dir='ltr'><strong>est,</strong></span> <span class='ocrx_word' id='word_1_284' title='bbox 615 3618 757 3688; x_wconf 90' lang='lat' dir='ltr'><strong>quod</strong></span> <span class='ocrx_word' id='word_1_285' title='bbox 809 3616 1073 3685; x_wconf 86' lang='lat' dir='ltr'><strong>intelligit,</strong></span> <span class='ocrx_word' id='word_1_286' title='bbox 1125 3614 1267 3684; x_wconf 92' lang='lat' dir='ltr'><strong>quod</strong></span> <span class='ocrx_word' id='word_1_287' title='bbox 1309 3624 1513 3667; x_wconf 90' lang='lat' dir='ltr'><strong>rectum</strong></span> <span class='ocrx_word' id='word_1_288' title='bbox 1553 3612 1712 3681; x_wconf 77' lang='lat' dir='ltr'><strong>sapit,</strong></span> <span class='ocrx_word' id='word_1_289' title='bbox 1756 3612 1894 3678; x_wconf 89' lang='lat' dir='ltr'><strong>quod</strong></span> 
     </span>
    </p>
   </div>
   <div class='ocr_carea' id='block_1_40' title="bbox 311 3704 1896 3777">
    <p class='ocr_par' dir='ltr' id='par_1_40' title="bbox 311 3704 1896 3777">
     <span class='ocr_line' id='line_1_40' title="bbox 311 3704 1896 3777; baseline -0.008 -8"><span class='ocrx_word' id='word_1_290' title='bbox 311 3713 454 3770; x_wconf 90' lang='lat' dir='ltr'><strong>inter</strong></span> <span class='ocrx_word' id='word_1_291' title='bbox 475 3712 675 3766; x_wconf 80' lang='lat' dir='ltr'><strong>malum</strong></span> <span class='ocrx_word' id='word_1_292' title='bbox 703 3719 757 3765; x_wconf 83' lang='lat' dir='ltr'><strong>et</strong></span> <span class='ocrx_word' id='word_1_293' title='bbox 793 3710 988 3764; x_wconf 90' lang='lat' dir='ltr'><strong>bonum</strong></span> <span class='ocrx_word' id='word_1_294' title='bbox 1013 3708 1213 3777; x_wconf 89' lang='lat' dir='ltr'><strong>judicio</strong></span> <span class='ocrx_word' id='word_1_295' title='bbox 1243 3707 1589 3762; x_wconf 79' lang='lat' dir='ltr'><strong>examinante</strong></span> <span class='ocrx_word' id='word_1_296' title='bbox 1623 3704 1896 3759; x_wconf 74' lang='lat' dir='ltr'><strong>diserimi-</strong></span> 
     </span>
    </p>
   </div>
   <div class='ocr_carea' id='block_1_41' title="bbox 313 3796 1894 3866">
    <p class='ocr_par' dir='ltr' id='par_1_41' title="bbox 313 3796 1894 3866">
     <span class='ocr_line' id='line_1_41' title="bbox 313 3796 1894 3866; baseline -0.008 -7"><span class='ocrx_word' id='word_1_297' title='bbox 313 3816 423 3860; x_wconf 84' lang='lat' dir='ltr'><strong>nat.</strong></span> <span class='ocrx_word' id='word_1_298' title='bbox 455 3803 521 3858; x_wconf 85' lang='lat' dir='ltr'><strong>Et</strong></span> <span class='ocrx_word' id='word_1_299' title='bbox 549 3819 670 3858; x_wconf 89' lang='lat' dir='ltr'><strong>cum</strong></span> <span class='ocrx_word' id='word_1_300' title='bbox 698 3801 791 3856; x_wconf 88' lang='lat' dir='ltr'><strong>Dei</strong></span> <span class='ocrx_word' id='word_1_301' title='bbox 816 3801 1056 3865; x_wconf 81' lang='lat' dir='ltr'><strong>bonitas,</strong></span> <span class='ocrx_word' id='word_1_302' title='bbox 1104 3797 1495 3863; x_wconf 82' lang='lat' dir='ltr'><strong>misericnrdia,</strong></span> <span class='ocrx_word' id='word_1_303' title='bbox 1531 3796 1781 3866; x_wconf 87' lang='lat' dir='ltr'><strong>patientia</strong></span> <span class='ocrx_word' id='word_1_304' title='bbox 1817 3805 1894 3848; x_wconf 80' lang='lat' dir='ltr'><strong>at-</strong></span> 
     </span>
    </p>
   </div>
   <div class='ocr_carea' id='block_1_42' title="bbox 311 3889 1898 3968">
    <p class='ocr_par' dir='ltr' id='par_1_42' title="bbox 311 3889 1898 3968">
     <span class='ocr_line' id='line_1_42' title="bbox 311 3889 1898 3968; baseline -0.007 -16"><span class='ocrx_word' id='word_1_305' title='bbox 311 3910 419 3968; x_wconf 91' lang='lat' dir='ltr'><strong>que</strong></span> <span class='ocrx_word' id='word_1_306' title='bbox 467 3894 670 3965; x_wconf 86' lang='lat' dir='ltr'><strong>justitia</strong></span> <span class='ocrx_word' id='word_1_307' title='bbox 728 3894 816 3959; x_wconf 86' lang='lat' dir='ltr'><strong>sit,</strong></span> <span class='ocrx_word' id='word_1_308' title='bbox 875 3901 1076 3961; x_wconf 87' lang='lat' dir='ltr'><strong>quanto</strong></span> <span class='ocrx_word' id='word_1_309' title='bbox 1126 3892 1350 3961; x_wconf 89' lang='lat' dir='ltr'><strong>quisque</strong></span> <span class='ocrx_word' id='word_1_310' title='bbox 1401 3891 1571 3959; x_wconf 86' lang='lat' dir='ltr'><strong>magis</strong></span> <span class='ocrx_word' id='word_1_311' title='bbox 1615 3889 1791 3957; x_wconf 81' lang='lat' dir='ltr'><strong>justus</strong></span> <span class='ocrx_word' id='word_1_312' title='bbox 1835 3902 1898 3941; x_wconf 90' lang='lat' dir='ltr'><strong>ac</strong></span> 
     </span>
    </p>
   </div>
   <div class='ocr_carea' id='block_1_43' title="bbox 312 3980 1899 4061">
    <p class='ocr_par' dir='ltr' id='par_1_43' title="bbox 312 3980 1899 4061">
     <span class='ocr_line' id='line_1_43' title="bbox 312 3980 1899 4061; baseline -0.007 -17"><span class='ocrx_word' id='word_1_313' title='bbox 312 3990 525 4061; x_wconf 84' lang='lat' dir='ltr'><strong>patiens</strong></span> <span class='ocrx_word' id='word_1_314' title='bbox 553 3984 839 4057; x_wconf 81' lang='lat' dir='ltr'><strong>invenitur,</strong></span> <span class='ocrx_word' id='word_1_315' title='bbox 875 3996 1022 4041; x_wconf 89' lang='lat' dir='ltr'><strong>tanto</strong></span> <span class='ocrx_word' id='word_1_316' title='bbox 1052 3985 1221 4056; x_wconf 87' lang='lat' dir='ltr'><strong>magis</strong></span> <span class='ocrx_word' id='word_1_317' title='bbox 1258 3985 1369 4038; x_wconf 84' lang='lat' dir='ltr'><strong>Deo</strong></span> <span class='ocrx_word' id='word_1_318' title='bbox 1403 3983 1595 4037; x_wconf 87' lang='lat' dir='ltr'><strong>similis</strong></span> <span class='ocrx_word' id='word_1_319' title='bbox 1635 3980 1899 4061; x_wconf 69' lang='lat' dir='ltr'><strong>apptoba-</strong></span> 
     </span>
    </p>
   </div>
   <div class='ocr_carea' id='block_1_44' title="bbox 314 4058 1898 4151">
    <p class='ocr_par' dir='ltr' id='par_1_44' title="bbox 314 4058 1898 4151">
     <span class='ocr_line' id='line_1_44' title="bbox 314 4058 1898 4151; baseline -0.008 -14"><span class='ocrx_word' id='word_1_320' title='bbox 314 4058 420 4138; x_wconf 76' lang='lat' dir='ltr'><strong>tur.</strong></span> <span class='ocrx_word' id='word_1_321' title='bbox 448 4072 621 4151; x_wconf 76' lang='lat' dir='ltr'><strong>Cujus</strong></span> <span class='ocrx_word' id='word_1_322' title='bbox 651 4084 834 4149; x_wconf 83' lang='lat' dir='ltr'><strong>utique</strong></span> <span class='ocrx_word' id='word_1_323' title='bbox 858 4076 1173 4139; x_wconf 90' lang='lat' dir='ltr'><strong>similitudo,</strong></span> <span class='ocrx_word' id='word_1_324' title='bbox 1208 4092 1316 4130; x_wconf 90' lang='lat' dir='ltr'><strong>nou</strong></span> <span class='ocrx_word' id='word_1_325' title='bbox 1346 4076 1397 4129; x_wconf 90' lang='lat' dir='ltr'><strong>in</strong></span> <span class='ocrx_word' id='word_1_326' title='bbox 1426 4074 1678 4138; x_wconf 86' lang='lat' dir='ltr'><strong>vultibus,</strong></span> <span class='ocrx_word' id='word_1_327' title='bbox 1725 4058 1820 4127; x_wconf 69' lang='lat' dir='ltr'><strong>sed</strong></span> <span class='ocrx_word' id='word_1_328' title='bbox 1846 4072 1898 4125; x_wconf 91' lang='lat' dir='ltr'><strong>in</strong></span> 
     </span>
    </p>
   </div>
   <div class='ocr_carea' id='block_1_45' title="bbox 314 4164 1899 4243">
    <p class='ocr_par' dir='ltr' id='par_1_45' title="bbox 314 4164 1899 4243">
     <span class='ocr_line' id='line_1_45' title="bbox 314 4164 1899 4243; baseline -0.008 -14"><span class='ocrx_word' id='word_1_329' title='bbox 314 4173 601 4229; x_wconf 86' lang='lat' dir='ltr'><strong>virtutibus</strong></span> <span class='ocrx_word' id='word_1_330' title='bbox 645 4170 967 4243; x_wconf 87' lang='lat' dir='ltr'><strong>possidetur.</strong></span> <span class='ocrx_word' id='word_1_331' title='bbox 1020 4170 1086 4225; x_wconf 85' lang='lat' dir='ltr'><strong>Et</strong></span> <span class='ocrx_word' id='word_1_332' title='bbox 1135 4179 1417 4239; x_wconf 89' lang='lat' dir='ltr'><strong>propterea</strong></span> <span class='ocrx_word' id='word_1_333' title='bbox 1445 4167 1514 4222; x_wconf 93' lang='lat' dir='ltr'><strong>de</strong></span> <span class='ocrx_word' id='word_1_334' title='bbox 1543 4166 1654 4221; x_wconf 91' lang='lat' dir='ltr'><strong>Deo</strong></span> <span class='ocrx_word' id='word_1_335' title='bbox 1681 4164 1899 4230; x_wconf 89' lang='lat' dir='ltr'><strong>dicitur,</strong></span> 
     </span>
    </p>
   </div>
   <div class='ocr_carea' id='block_1_46' title="bbox 314 4257 1901 4333">
    <p class='ocr_par' dir='ltr' id='par_1_46' title="bbox 314 4257 1901 4333">
     <span class='ocr_line' id='line_1_46' title="bbox 314 4257 1901 4333; baseline -0.008 -12"><span class='ocrx_word' id='word_1_336' title='bbox 314 4266 552 4330; x_wconf 88' lang='lat' dir='ltr'><strong>subtilis,</strong></span> <span class='ocrx_word' id='word_1_337' title='bbox 606 4265 857 4333; x_wconf 79' lang='lat' dir='ltr'><strong>simplex,</strong></span> <span class='ocrx_word' id='word_1_338' title='bbox 907 4257 1169 4317; x_wconf 85' lang='lat' dir='ltr'><strong>sincerus.</strong></span> <span class='ocrx_word' id='word_1_339' title='bbox 1225 4259 1460 4327; x_wconf 82' lang='lat' dir='ltr'><strong>Simplex</strong></span> <span class='ocrx_word' id='word_1_340' title='bbox 1516 4257 1719 4327; x_wconf 89' lang='lat' dir='ltr'><strong>utique,</strong></span> <span class='ocrx_word' id='word_1_341' title='bbox 1778 4257 1901 4325; x_wconf 89' lang='lat' dir='ltr'><strong>quia</strong></span> 
     </span>
    </p>
   </div>
   <div class='ocr_carea' id='block_1_47' title="bbox 316 4350 1899 4423">
    <p class='ocr_par' dir='ltr' id='par_1_47' title="bbox 316 4350 1899 4423">
     <span class='ocr_line' id='line_1_47' title="bbox 316 4350 1899 4423; baseline -0.007 -11"><span class='ocrx_word' id='word_1_342' title='bbox 316 4359 446 4413; x_wconf 87' lang='lat' dir='ltr'><strong>nihil</strong></span> <span class='ocrx_word' id='word_1_343' title='bbox 470 4358 545 4413; x_wconf 89' lang='lat' dir='ltr'><strong>illi</strong></span> <span class='ocrx_word' id='word_1_344' title='bbox 578 4356 916 4413; x_wconf 74' lang='lat' dir='ltr'><strong>extrinsecus</strong></span> <span class='ocrx_word' id='word_1_345' title='bbox 942 4352 1296 4423; x_wconf 90' lang='lat' dir='ltr'><strong>adjectitiutn,</strong></span> <span class='ocrx_word' id='word_1_346' title='bbox 1322 4352 1450 4404; x_wconf 90' lang='lat' dir='ltr'><strong>nihil</strong></span> <span class='ocrx_word' id='word_1_347' title='bbox 1482 4350 1698 4404; x_wconf 87' lang='lat' dir='ltr'><strong>aliunde</strong></span> <span class='ocrx_word' id='word_1_348' title='bbox 1732 4350 1899 4402; x_wconf 85' lang='lat' dir='ltr'><strong>colla-</strong></span> 
     </span>
    </p>
   </div>
   <div class='ocr_carea' id='block_1_48' title="bbox 318 4442 1899 4517">
    <p class='ocr_par' dir='ltr' id='par_1_48' title="bbox 318 4442 1899 4517">
     <span class='ocr_line' id='line_1_48' title="bbox 318 4442 1899 4517; baseline -0.007 -11"><span class='ocrx_word' id='word_1_349' title='bbox 318 4464 450 4517; x_wconf 89' lang='lat' dir='ltr'><strong>tum,</strong></span> <span class='ocrx_word' id='word_1_350' title='bbox 502 4447 599 4505; x_wconf 67' lang='lat' dir='ltr'><strong>sed</strong></span> <span class='ocrx_word' id='word_1_351' title='bbox 630 4449 682 4504; x_wconf 91' lang='lat' dir='ltr'><strong>in</strong></span> <span class='ocrx_word' id='word_1_352' title='bbox 720 4448 814 4504; x_wconf 90' lang='lat' dir='ltr'><strong>illo</strong></span> <span class='ocrx_word' id='word_1_353' title='bbox 853 4448 1045 4513; x_wconf 89' lang='lat' dir='ltr'><strong>virtus,</strong></span> <span class='ocrx_word' id='word_1_354' title='bbox 1088 4446 1346 4510; x_wconf 78' lang='lat' dir='ltr'><strong>essentia,</strong></span> <span class='ocrx_word' id='word_1_355' title='bbox 1394 4453 1554 4513; x_wconf 87' lang='lat' dir='ltr'><strong>atque</strong></span> <span class='ocrx_word' id='word_1_356' title='bbox 1601 4442 1899 4496; x_wconf 88' lang='lat' dir='ltr'><strong>substantia</strong></span> 
     </span>
    </p>
   </div>
   <div class='ocr_carea' id='block_1_49' title="bbox 312 4534 1902 4611">
    <p class='ocr_par' dir='ltr' id='par_1_49' title="bbox 312 4534 1902 4611">
     <span class='ocr_line' id='line_1_49' title="bbox 312 4534 1902 4611; baseline -0.006 -13"><span class='ocrx_word' id='word_1_357' title='bbox 312 4553 418 4598; x_wconf 86' lang='lat' dir='ltr'><strong>est.</strong></span> <span class='ocrx_word' id='word_1_358' title='bbox 452 4546 531 4598; x_wconf 79' lang='lat' dir='ltr'><strong>Ac</strong></span> <span class='ocrx_word' id='word_1_359' title='bbox 561 4541 639 4596; x_wconf 90' lang='lat' dir='ltr'><strong>sic</strong></span> <span class='ocrx_word' id='word_1_360' title='bbox 667 4542 810 4596; x_wconf 87' lang='lat' dir='ltr'><strong>Deus</strong></span> <span class='ocrx_word' id='word_1_361' title='bbox 855 4538 995 4611; x_wconf 92' lang='lat' dir='ltr'><strong>quod</strong></span> <span class='ocrx_word' id='word_1_362' title='bbox 1036 4536 1221 4603; x_wconf 88' lang='lat' dir='ltr'><strong>habet,</strong></span> <span class='ocrx_word' id='word_1_363' title='bbox 1248 4545 1376 4601; x_wconf 32' lang='lat' dir='ltr'><strong>rest;</strong></span> <span class='ocrx_word' id='word_1_364' title='bbox 1429 4534 1590 4588; x_wconf 89' lang='lat' dir='ltr'><strong>homo</strong></span> <span class='ocrx_word' id='word_1_365' title='bbox 1629 4548 1757 4587; x_wconf 84' lang='lat' dir='ltr'><strong>vero</strong></span> <span class='ocrx_word' id='word_1_366' title='bbox 1790 4535 1902 4588; x_wconf 70' lang='lat' dir='ltr'><strong>haec</strong></span> 
     </span>
    </p>
   </div>
   <div class='ocr_carea' id='block_1_50' title="bbox 314 4625 1902 4702">
    <p class='ocr_par' dir='ltr' id='par_1_50' title="bbox 314 4625 1902 4702">
     <span class='ocr_line' id='line_1_50' title="bbox 314 4625 1902 4702; baseline -0.006 -14"><span class='ocrx_word' id='word_1_367' title='bbox 314 4635 457 4688; x_wconf 85' lang='lat' dir='ltr'><strong>dona</strong></span> <span class='ocrx_word' id='word_1_368' title='bbox 490 4631 589 4688; x_wconf 89' lang='lat' dir='ltr'><strong>nisi</strong></span> <span class='ocrx_word' id='word_1_369' title='bbox 620 4633 910 4702; x_wconf 84' lang='lat' dir='ltr'><strong>acceperit,</strong></span> <span class='ocrx_word' id='word_1_370' title='bbox 957 4648 1060 4686; x_wconf 91' lang='lat' dir='ltr'><strong>non</strong></span> <span class='ocrx_word' id='word_1_371' title='bbox 1092 4630 1273 4684; x_wconf 85' lang='lat' dir='ltr'><strong>habet.</strong></span> <span class='ocrx_word' id='word_1_372' title='bbox 1316 4627 1449 4683; x_wconf 91' lang='lat' dir='ltr'><strong>Cum</strong></span> <span class='ocrx_word' id='word_1_373' title='bbox 1493 4642 1623 4697; x_wconf 82' lang='lat' dir='ltr'><strong>ergo</strong></span> <span class='ocrx_word' id='word_1_374' title='bbox 1651 4627 1793 4680; x_wconf 89' lang='lat' dir='ltr'><strong>Deus</strong></span> <span class='ocrx_word' id='word_1_375' title='bbox 1813 4625 1902 4694; x_wconf 89' lang='lat' dir='ltr'><strong>ju-</strong></span> 
     </span>
    </p>
   </div>
   <div class='ocr_carea' id='block_1_51' title="bbox 312 4719 1906 4795">
    <p class='ocr_par' dir='ltr' id='par_1_51' title="bbox 312 4719 1906 4795">
     <span class='ocr_line' id='line_1_51' title="bbox 312 4719 1906 4795; baseline -0.004 -14"><span class='ocrx_word' id='word_1_376' title='bbox 312 4738 432 4781; x_wconf 84' lang='lat' dir='ltr'><strong>stus</strong></span> <span class='ocrx_word' id='word_1_377' title='bbox 458 4741 522 4781; x_wconf 90' lang='lat' dir='ltr'><strong>ac</strong></span> <span class='ocrx_word' id='word_1_378' title='bbox 560 4726 793 4795; x_wconf 89' lang='lat' dir='ltr'><strong>justitia,</strong></span> <span class='ocrx_word' id='word_1_379' title='bbox 848 4726 1158 4780; x_wconf 88' lang='lat' dir='ltr'><strong>misericors</strong></span> <span class='ocrx_word' id='word_1_380' title='bbox 1187 4733 1239 4777; x_wconf 88' lang='lat' dir='ltr'><strong>et</strong></span> <span class='ocrx_word' id='word_1_381' title='bbox 1269 4719 1669 4788; x_wconf 89' lang='lat' dir='ltr'><strong>misericordia,</strong></span> <span class='ocrx_word' id='word_1_382' title='bbox 1707 4721 1824 4790; x_wconf 90' lang='lat' dir='ltr'><strong>pius</strong></span> <span class='ocrx_word' id='word_1_383' title='bbox 1852 4730 1906 4774; x_wconf 90' lang='lat' dir='ltr'><strong>et</strong></span> 
     </span>
    </p>
   </div>
   <div class='ocr_carea' id='block_1_52' title="bbox 314 4814 1905 4887">
    <p class='ocr_par' dir='ltr' id='par_1_52' title="bbox 314 4814 1905 4887">
     <span class='ocr_line' id='line_1_52' title="bbox 314 4814 1905 4887; baseline -0.003 -15"><span class='ocrx_word' id='word_1_384' title='bbox 314 4821 489 4887; x_wconf 61' lang='lat' dir='ltr'><strong>pietas</strong></span> <span class='ocrx_word' id='word_1_385' title='bbox 521 4819 611 4885; x_wconf 87' lang='lat' dir='ltr'><strong>sit,</strong></span> <span class='ocrx_word' id='word_1_386' title='bbox 644 4820 805 4873; x_wconf 86' lang='lat' dir='ltr'><strong>homo</strong></span> <span class='ocrx_word' id='word_1_387' title='bbox 834 4818 1013 4887; x_wconf 86' lang='lat' dir='ltr'><strong>justus</strong></span> <span class='ocrx_word' id='word_1_388' title='bbox 1038 4830 1159 4871; x_wconf 91' lang='lat' dir='ltr'><strong>esse</strong></span> <span class='ocrx_word' id='word_1_389' title='bbox 1184 4825 1381 4885; x_wconf 87' lang='lat' dir='ltr'><strong>potest,</strong></span> <span class='ocrx_word' id='word_1_390' title='bbox 1417 4814 1620 4884; x_wconf 88' lang='lat' dir='ltr'><strong>justitia</strong></span> <span class='ocrx_word' id='word_1_391' title='bbox 1650 4828 1769 4868; x_wconf 79' lang='lat' dir='ltr'><strong>es~e</strong></span> <span class='ocrx_word' id='word_1_392' title='bbox 1798 4829 1905 4867; x_wconf 79' lang='lat' dir='ltr'><strong>non</strong></span> 
     </span>
    </p>
   </div>
   <div class='ocr_carea' id='block_1_53' title="bbox 314 4906 1903 4980">
    <p class='ocr_par' dir='ltr' id='par_1_53' title="bbox 314 4906 1903 4980">
     <span class='ocr_line' id='line_1_53' title="bbox 314 4906 1903 4980; baseline -0.004 -17"><span class='ocrx_word' id='word_1_393' title='bbox 314 4919 524 4980; x_wconf 83' lang='lat' dir='ltr'><strong>potest;</strong></span> <span class='ocrx_word' id='word_1_394' title='bbox 553 4911 861 4965; x_wconf 90' lang='lat' dir='ltr'><strong>misericors</strong></span> <span class='ocrx_word' id='word_1_395' title='bbox 882 4923 1003 4963; x_wconf 90' lang='lat' dir='ltr'><strong>esse</strong></span> <span class='ocrx_word' id='word_1_396' title='bbox 1030 4917 1224 4977; x_wconf 85' lang='lat' dir='ltr'><strong>potest,</strong></span> <span class='ocrx_word' id='word_1_397' title='bbox 1258 4906 1625 4962; x_wconf 75' lang='lat' dir='ltr'><strong>misericmdia</strong></span> <span class='ocrx_word' id='word_1_398' title='bbox 1654 4920 1773 4959; x_wconf 83' lang='lat' dir='ltr'><strong>esse</strong></span> <span class='ocrx_word' id='word_1_399' title='bbox 1798 4918 1903 4958; x_wconf 91' lang='lat' dir='ltr'><strong>non</strong></span> 
     </span>
    </p>
   </div>
   <div class='ocr_carea' id='block_1_54' title="bbox 314 4998 1906 5074">
    <p class='ocr_par' dir='ltr' id='par_1_54' title="bbox 314 4998 1906 5074">
     <span class='ocr_line' id='line_1_54' title="bbox 314 4998 1906 5074; baseline -0.004 -14"><span class='ocrx_word' id='word_1_400' title='bbox 314 5020 354 5074; x_wconf 86' lang='lat' dir='ltr'><strong>p</strong></span> <span class='ocrx_word' id='word_1_401' title='bbox 392 5013 532 5069; x_wconf 83' lang='lat' dir='ltr'><strong>test;</strong></span> <span class='ocrx_word' id='word_1_402' title='bbox 570 5004 687 5073; x_wconf 86' lang='lat' dir='ltr'><strong>pius</strong></span> <span class='ocrx_word' id='word_1_403' title='bbox 714 5018 834 5058; x_wconf 91' lang='lat' dir='ltr'><strong>esse</strong></span> <span class='ocrx_word' id='word_1_404' title='bbox 864 5011 1060 5071; x_wconf 75' lang='lat' dir='ltr'><strong>potest,</strong></span> <span class='ocrx_word' id='word_1_405' title='bbox 1094 5000 1260 5070; x_wconf 90' lang='lat' dir='ltr'><strong>pietas</strong></span> <span class='ocrx_word' id='word_1_406' title='bbox 1279 5015 1399 5054; x_wconf 90' lang='lat' dir='ltr'><strong>esse</strong></span> <span class='ocrx_word' id='word_1_407' title='bbox 1428 5017 1531 5054; x_wconf 89' lang='lat' dir='ltr'><strong>non</strong></span> <span class='ocrx_word' id='word_1_408' title='bbox 1560 5009 1751 5069; x_wconf 82' lang='lat' dir='ltr'><strong>petest,</strong></span> <span class='ocrx_word' id='word_1_409' title='bbox 1785 4998 1906 5067; x_wconf 88' lang='lat' dir='ltr'><strong>quia</strong></span> 
     </span>
    </p>
   </div>
   <div class='ocr_carea' id='block_1_55' title="bbox 318 5090 1905 5161">
    <p class='ocr_par' dir='ltr' id='par_1_55' title="bbox 318 5090 1905 5161">
     <span class='ocr_line' id='line_1_55' title="bbox 318 5090 1905 5161; baseline -0.004 -12"><span class='ocrx_word' id='word_1_410' title='bbox 318 5113 430 5150; x_wconf 82' lang='lat' dir='ltr'><strong>non</strong></span> <span class='ocrx_word' id='word_1_411' title='bbox 461 5096 775 5149; x_wconf 80' lang='lat' dir='ltr'><strong>naturaliter</strong></span> <span class='ocrx_word' id='word_1_412' title='bbox 801 5095 959 5149; x_wconf 73' lang='lat' dir='ltr'><strong>habet</strong></span> <span class='ocrx_word' id='word_1_413' title='bbox 984 5094 1105 5158; x_wconf 89' lang='lat' dir='ltr'><strong>ista,</strong></span> <span class='ocrx_word' id='word_1_414' title='bbox 1130 5092 1223 5147; x_wconf 88' lang='lat' dir='ltr'><strong>sed</strong></span> <span class='ocrx_word' id='word_1_415' title='bbox 1246 5092 1485 5161; x_wconf 83' lang='lat' dir='ltr'><strong>largiter.</strong></span> <span class='ocrx_word' id='word_1_416' title='bbox 1520 5090 1683 5146; x_wconf 84' lang='lat' dir='ltr'><strong>Verbi</strong></span> <span class='ocrx_word' id='word_1_417' title='bbox 1713 5090 1905 5161; x_wconf 83' lang='lat' dir='ltr'><strong>gratia,</strong></span> 
     </span>
    </p>
   </div>
   <div class='ocr_carea' id='block_1_56' title="bbox 314 5182 1908 5252">
    <p class='ocr_par' dir='ltr' id='par_1_56' title="bbox 314 5182 1908 5252">
     <span class='ocr_line' id='line_1_56' title="bbox 314 5182 1908 5252; baseline -0.001 -14"><span class='ocrx_word' id='word_1_418' title='bbox 314 5187 412 5241; x_wconf 88' lang='lat' dir='ltr'><strong>ille</strong></span> <span class='ocrx_word' id='word_1_419' title='bbox 460 5202 653 5240; x_wconf 84' lang='lat' dir='ltr'><strong>aurum</strong></span> <span class='ocrx_word' id='word_1_420' title='bbox 701 5197 804 5252; x_wconf 87' lang='lat' dir='ltr'><strong>est,</strong></span> <span class='ocrx_word' id='word_1_421' title='bbox 857 5186 1020 5239; x_wconf 84' lang='lat' dir='ltr'><strong>homo</strong></span> <span class='ocrx_word' id='word_1_422' title='bbox 1064 5199 1193 5239; x_wconf 88' lang='lat' dir='ltr'><strong>vero</strong></span> <span class='ocrx_word' id='word_1_423' title='bbox 1237 5184 1549 5238; x_wconf 88' lang='lat' dir='ltr'><strong>deauratum</strong></span> <span class='ocrx_word' id='word_1_424' title='bbox 1598 5197 1694 5236; x_wconf 86' lang='lat' dir='ltr'><strong>vas</strong></span> <span class='ocrx_word' id='word_1_425' title='bbox 1735 5182 1908 5236; x_wconf 86' lang='lat' dir='ltr'><strong>videri</strong></span> 
     </span>
    </p>
   </div>
   <div class='ocr_carea' id='block_1_57' title="bbox 312 5275 1906 5350">
    <p class='ocr_par' dir='ltr' id='par_1_57' title="bbox 312 5275 1906 5350">
     <span class='ocr_line' id='line_1_57' title="bbox 312 5275 1906 5350; baseline -0.001 -19"><span class='ocrx_word' id='word_1_426' title='bbox 312 5288 531 5350; x_wconf 78' lang='lat' dir='ltr'><strong>potest;</strong></span> <span class='ocrx_word' id='word_1_427' title='bbox 578 5288 630 5333; x_wconf 89' lang='lat' dir='ltr'><strong>ct</strong></span> <span class='ocrx_word' id='word_1_428' title='bbox 674 5278 728 5332; x_wconf 89' lang='lat' dir='ltr'><strong>in</strong></span> <span class='ocrx_word' id='word_1_429' title='bbox 758 5278 975 5333; x_wconf 91' lang='lat' dir='ltr'><strong>homine</strong></span> <span class='ocrx_word' id='word_1_430' title='bbox 1000 5276 1171 5346; x_wconf 86' lang='lat' dir='ltr'><strong>gratia</strong></span> <span class='ocrx_word' id='word_1_431' title='bbox 1203 5284 1305 5341; x_wconf 88' lang='lat' dir='ltr'><strong>est,</strong></span> <span class='ocrx_word' id='word_1_432' title='bbox 1335 5275 1476 5344; x_wconf 85' lang='lat' dir='ltr'><strong>quod</strong></span> <span class='ocrx_word' id='word_1_433' title='bbox 1500 5275 1553 5329; x_wconf 93' lang='lat' dir='ltr'><strong>in</strong></span> <span class='ocrx_word' id='word_1_434' title='bbox 1584 5275 1695 5329; x_wconf 85' lang='lat' dir='ltr'><strong>Deo</strong></span> <span class='ocrx_word' id='word_1_435' title='bbox 1719 5284 1906 5329; x_wconf 79' lang='lat' dir='ltr'><strong>natura</strong></span> 
     </span>
    </p>
   </div>
   <div class='ocr_carea' id='block_1_58' title="bbox 311 5367 1912 5439">
    <p class='ocr_par' dir='ltr' id='par_1_58' title="bbox 311 5367 1912 5439">
     <span class='ocr_line' id='line_1_58' title="bbox 311 5367 1912 5439; baseline -0.002 -15"><span class='ocrx_word' id='word_1_436' title='bbox 311 5380 435 5435; x_wconf 82' lang='lat' dir='ltr'><strong>est;</strong></span> <span class='ocrx_word' id='word_1_437' title='bbox 495 5378 553 5425; x_wconf 90' lang='lat' dir='ltr'><strong>ct</strong></span> <span class='ocrx_word' id='word_1_438' title='bbox 600 5370 654 5424; x_wconf 91' lang='lat' dir='ltr'><strong>in</strong></span> <span class='ocrx_word' id='word_1_439' title='bbox 689 5371 790 5425; x_wconf 91' lang='lat' dir='ltr'><strong>hoc</strong></span> <span class='ocrx_word' id='word_1_440' title='bbox 820 5380 1058 5426; x_wconf 88' lang='lat' dir='ltr'><strong>creatum</strong></span> <span class='ocrx_word' id='word_1_441' title='bbox 1090 5378 1192 5436; x_wconf 90' lang='lat' dir='ltr'><strong>est,</strong></span> <span class='ocrx_word' id='word_1_442' title='bbox 1245 5368 1387 5439; x_wconf 88' lang='lat' dir='ltr'><strong>quod</strong></span> <span class='ocrx_word' id='word_1_443' title='bbox 1430 5369 1480 5421; x_wconf 93' lang='lat' dir='ltr'><strong>in</strong></span> <span class='ocrx_word' id='word_1_444' title='bbox 1523 5367 1618 5421; x_wconf 85' lang='lat' dir='ltr'><strong>illo</strong></span> <span class='ocrx_word' id='word_1_445' title='bbox 1656 5368 1912 5436; x_wconf 82' lang='lat' dir='ltr'><strong>probatur</strong></span> 
     </span>
    </p>
   </div>
   <div class='ocr_carea' id='block_1_59' title="bbox 1930 4488 1983 4549">
    <p class='ocr_par' dir='ltr' id='par_1_59' title="bbox 1930 4488 1983 4549">
     <span class='ocr_line' id='line_1_59' title="bbox 1930 4488 1983 4549; baseline 0 0"><span class='ocrx_word' id='word_1_446' title='bbox 1930 4488 1983 4549; x_wconf 90' lang='lat' dir='ltr'><strong>D</strong></span> 
     </span>
    </p>
   </div>
   <div class='ocr_carea' id='block_1_60' title="bbox 1990 483 3567 555">
    <p class='ocr_par' dir='ltr' id='par_1_60' title="bbox 1990 483 3567 555">
     <span class='ocr_line' id='line_1_60' title="bbox 1990 483 3567 555; baseline 0.004 -22"><span class='ocrx_word' id='word_1_447' title='bbox 1990 489 2176 534; x_wconf 81' lang='lat' dir='ltr'><strong>natura</strong></span> <span class='ocrx_word' id='word_1_448' title='bbox 2207 494 2304 536; x_wconf 87' lang='lat' dir='ltr'><strong>sua</strong></span> <span class='ocrx_word' id='word_1_449' title='bbox 2331 483 2511 551; x_wconf 88' lang='lat' dir='ltr'><strong>vigore</strong></span> <span class='ocrx_word' id='word_1_450' title='bbox 2536 483 2852 549; x_wconf 76' lang='lat' dir='ltr'><strong>subsistere,</strong></span> <span class='ocrx_word' id='word_1_451' title='bbox 2878 485 2993 539; x_wconf 90' lang='lat' dir='ltr'><strong>sine</strong></span> <span class='ocrx_word' id='word_1_452' title='bbox 3016 484 3207 555; x_wconf 90' lang='lat' dir='ltr'><strong>quibus</strong></span> <span class='ocrx_word' id='word_1_453' title='bbox 3242 497 3290 540; x_wconf 89' lang='lat' dir='ltr'><strong>et</strong></span> <span class='ocrx_word' id='word_1_454' title='bbox 3321 486 3567 541; x_wconf 89' lang='lat' dir='ltr'><strong>diabolus</strong></span> 
     </span>
    </p>
   </div>
   <div class='ocr_carea' id='block_1_61' title="bbox 1991 573 3568 645">
    <p class='ocr_par' dir='ltr' id='par_1_61' title="bbox 1991 573 3568 645">
     <span class='ocr_line' id='line_1_61' title="bbox 1991 573 3568 645; baseline 0.006 -20"><span class='ocrx_word' id='word_1_455' title='bbox 1991 573 2043 626; x_wconf 92' lang='lat' dir='ltr'><strong>in</strong></span> <span class='ocrx_word' id='word_1_456' title='bbox 2072 580 2258 627; x_wconf 91' lang='lat' dir='ltr'><strong>natura</strong></span> <span class='ocrx_word' id='word_1_457' title='bbox 2301 590 2397 629; x_wconf 91' lang='lat' dir='ltr'><strong>sua</strong></span> <span class='ocrx_word' id='word_1_458' title='bbox 2439 591 2657 630; x_wconf 89' lang='lat' dir='ltr'><strong>manere</strong></span> <span class='ocrx_word' id='word_1_459' title='bbox 2700 575 3048 645; x_wconf 88' lang='lat' dir='ltr'><strong>dignoscitur.</strong></span> <span class='ocrx_word' id='word_1_460' title='bbox 3098 579 3382 635; x_wconf 58' lang='lat' dir='ltr'><strong>Manifeye</strong></span> <span class='ocrx_word' id='word_1_461' title='bbox 3424 582 3568 634; x_wconf 79' lang='lat' dir='ltr'><strong>enim</strong></span> 
     </span>
    </p>
   </div>
   <div class='ocr_carea' id='block_1_62' title="bbox 1992 663 3571 740">
    <p class='ocr_par' dir='ltr' id='par_1_62' title="bbox 1992 663 3571 740">
     <span class='ocr_line' id='line_1_62' title="bbox 1992 663 3571 740; baseline 0.006 -20"><span class='ocrx_word' id='word_1_462' title='bbox 1992 663 2333 723; x_wconf 84' lang='lat' dir='ltr'><strong>inveniun&#39;ur</strong></span> <span class='ocrx_word' id='word_1_463' title='bbox 2361 670 2627 738; x_wconf 85' lang='lat' dir='ltr'><strong>apposita,</strong></span> <span class='ocrx_word' id='word_1_464' title='bbox 2668 666 2793 725; x_wconf 90' lang='lat' dir='ltr'><strong>dum</strong></span> <span class='ocrx_word' id='word_1_465' title='bbox 2824 672 2994 740; x_wconf 91' lang='lat' dir='ltr'><strong>culpis</strong></span> <span class='ocrx_word' id='word_1_466' title='bbox 3024 672 3417 729; x_wconf 62' lang='lat' dir='ltr'><strong>invenientibus</strong></span> <span class='ocrx_word' id='word_1_467' title='bbox 3441 690 3571 728; x_wconf 83' lang='lat' dir='ltr'><strong>exu-</strong></span> 
     </span>
    </p>
   </div>
   <div class='ocr_carea' id='block_1_63' title="bbox 1992 756 3571 836">
    <p class='ocr_par' dir='ltr' id='par_1_63' title="bbox 1992 756 3571 836">
     <span class='ocr_line' id='line_1_63' title="bbox 1992 756 3571 836; baseline 0.006 -25"><span class='ocrx_word' id='word_1_468' title='bbox 1992 768 2171 811; x_wconf 72' lang='lat' dir='ltr'><strong>uittttr.</strong></span> <span class='ocrx_word' id='word_1_469' title='bbox 2225 756 2409 813; x_wconf 86' lang='lat' dir='ltr'><strong>Solum</strong></span> <span class='ocrx_word' id='word_1_470' title='bbox 2457 777 2583 815; x_wconf 80' lang='lat' dir='ltr'><strong>vt-ro</strong></span> <span class='ocrx_word' id='word_1_471' title='bbox 2610 762 2891 816; x_wconf 88' lang='lat' dir='ltr'><strong>arbitrium</strong></span> <span class='ocrx_word' id='word_1_472' title='bbox 2923 775 2977 817; x_wconf 92' lang='lat' dir='ltr'><strong>et</strong></span> <span class='ocrx_word' id='word_1_473' title='bbox 3006 763 3402 831; x_wconf 52' lang='lat' dir='ltr'><strong>immortalitas,</strong></span> <span class='ocrx_word' id='word_1_474' title='bbox 3452 781 3571 836; x_wconf 74' lang='lat' dir='ltr'><strong>qua:</strong></span> 
     </span>
    </p>
   </div>
   <div class='ocr_carea' id='block_1_64' title="bbox 1991 850 3574 925">
    <p class='ocr_par' dir='ltr' id='par_1_64' title="bbox 1991 850 3574 925">
     <span class='ocr_line' id='line_1_64' title="bbox 1991 850 3574 925; baseline 0.006 -21"><span class='ocrx_word' id='word_1_475' title='bbox 1991 854 2152 904; x_wconf 90' lang='lat' dir='ltr'><strong>etiam</strong></span> <span class='ocrx_word' id='word_1_476' title='bbox 2185 851 2338 905; x_wconf 81' lang='lat' dir='ltr'><strong>malis</strong></span> <span class='ocrx_word' id='word_1_477' title='bbox 2369 850 2525 905; x_wconf 88' lang='lat' dir='ltr'><strong>insita</strong></span> <span class='ocrx_word' id='word_1_478' title='bbox 2562 862 2663 919; x_wconf 91' lang='lat' dir='ltr'><strong>est,</strong></span> <span class='ocrx_word' id='word_1_479' title='bbox 2696 871 2801 908; x_wconf 90' lang='lat' dir='ltr'><strong>non</strong></span> <span class='ocrx_word' id='word_1_480' title='bbox 2828 856 3086 917; x_wconf 80' lang='lat' dir='ltr'><strong>aufertur,</strong></span> <span class='ocrx_word' id='word_1_481' title='bbox 3118 857 3242 911; x_wconf 84' lang='lat' dir='ltr'><strong>lit-et</strong></span> <span class='ocrx_word' id='word_1_482' title='bbox 3269 857 3500 925; x_wconf 83' lang='lat' dir='ltr'><strong>dignitas</strong></span> <span class='ocrx_word' id='word_1_483' title='bbox 3519 867 3574 913; x_wconf 88' lang='lat' dir='ltr'><strong>et</strong></span> 
     </span>
    </p>
   </div>
   <div class='ocr_carea' id='block_1_65' title="bbox 1993 941 3572 1015">
    <p class='ocr_par' dir='ltr' id='par_1_65' title="bbox 1993 941 3572 1015">
     <span class='ocr_line' id='line_1_65' title="bbox 1993 941 3572 1015; baseline 0.004 -19"><span class='ocrx_word' id='word_1_484' title='bbox 1993 941 2265 998; x_wconf 83' lang='lat' dir='ltr'><strong>beatitudo</strong></span> <span class='ocrx_word' id='word_1_485' title='bbox 2317 942 2733 1001; x_wconf 77' lang='lat' dir='ltr'><strong>immortalitatis</strong></span> <span class='ocrx_word' id='word_1_486' title='bbox 2788 950 2959 1015; x_wconf 76' lang='lat' dir='ltr'><strong>possit</strong></span> <span class='ocrx_word' id='word_1_487' title='bbox 3010 947 3231 1004; x_wconf 83' lang='lat' dir='ltr'><strong>auferri.</strong></span> <span class='ocrx_word' id='word_1_488' title='bbox 3304 948 3572 1014; x_wconf 86' lang='lat' dir='ltr'><strong>Quantum</strong></span> 
     </span>
    </p>
   </div>
   <div class='ocr_carea' id='block_1_66' title="bbox 1992 1037 3572 1109">
    <p class='ocr_par' dir='ltr' id='par_1_66' title="bbox 1992 1037 3572 1109">
     <span class='ocr_line' id='line_1_66' title="bbox 1992 1037 3572 1109; baseline 0.003 -20"><span class='ocrx_word' id='word_1_489' title='bbox 1992 1050 2120 1106; x_wconf 87' lang='lat' dir='ltr'><strong>ergo</strong></span> <span class='ocrx_word' id='word_1_490' title='bbox 2148 1037 2213 1089; x_wconf 90' lang='lat' dir='ltr'><strong>ad</strong></span> <span class='ocrx_word' id='word_1_491' title='bbox 2246 1037 2545 1091; x_wconf 87' lang='lat' dir='ltr'><strong>libertatem</strong></span> <span class='ocrx_word' id='word_1_492' title='bbox 2599 1040 2802 1093; x_wconf 87' lang='lat' dir='ltr'><strong>arbitrii</strong></span> <span class='ocrx_word' id='word_1_493' title='bbox 2843 1049 2897 1094; x_wconf 88' lang='lat' dir='ltr'><strong>et</strong></span> <span class='ocrx_word' id='word_1_494' title='bbox 2929 1040 3381 1095; x_wconf 81' lang='lat' dir='ltr'><strong>immortalitatem</strong></span> <span class='ocrx_word' id='word_1_495' title='bbox 3408 1044 3572 1109; x_wconf 85' lang='lat' dir='ltr'><strong>perti-</strong></span> 
     </span>
    </p>
   </div>
   <div class='ocr_carea' id='block_1_67' title="bbox 1993 1128 3569 1197">
    <p class='ocr_par' dir='ltr' id='par_1_67' title="bbox 1993 1128 3569 1197">
     <span class='ocr_line' id='line_1_67' title="bbox 1993 1128 3569 1197; baseline 0.003 -16"><span class='ocrx_word' id='word_1_496' title='bbox 1993 1137 2104 1191; x_wconf 89' lang='lat' dir='ltr'><strong>net,</strong></span> <span class='ocrx_word' id='word_1_497' title='bbox 2137 1128 2274 1197; x_wconf 86' lang='lat' dir='ltr'><strong>imag</strong></span> <span class='ocrx_word' id='word_1_498' title='bbox 2299 1144 2419 1182; x_wconf 91' lang='lat' dir='ltr'><strong>nem</strong></span> <span class='ocrx_word' id='word_1_499' title='bbox 2463 1130 2572 1194; x_wconf 84' lang='lat' dir='ltr'><strong>Dei,</strong></span> <span class='ocrx_word' id='word_1_500' title='bbox 2625 1130 2746 1185; x_wconf 88' lang='lat' dir='ltr'><strong>licet</strong></span> <span class='ocrx_word' id='word_1_501' title='bbox 2766 1144 2885 1185; x_wconf 82' lang='lat' dir='ltr'><strong>esse</strong></span> <span class='ocrx_word' id='word_1_502' title='bbox 2911 1142 2965 1185; x_wconf 90' lang='lat' dir='ltr'><strong>ct</strong></span> <span class='ocrx_word' id='word_1_503' title='bbox 2996 1132 3046 1184; x_wconf 91' lang='lat' dir='ltr'><strong>in</strong></span> <span class='ocrx_word' id='word_1_504' title='bbox 3090 1147 3147 1184; x_wconf 87' lang='lat' dir='ltr'><strong>se</strong></span> <span class='ocrx_word' id='word_1_505' title='bbox 3187 1134 3569 1195; x_wconf 80' lang='lat' dir='ltr'><strong>det-oloratam,</strong></span> 
     </span>
    </p>
   </div>
   <div class='ocr_carea' id='block_1_68' title="bbox 1992 1220 3575 1291">
    <p class='ocr_par' dir='ltr' id='par_1_68' title="bbox 1992 1220 3575 1291">
     <span class='ocr_line' id='line_1_68' title="bbox 1992 1220 3575 1291; baseline 0.003 -16"><span class='ocrx_word' id='word_1_506' title='bbox 1992 1220 2152 1275; x_wconf 89' lang='lat' dir='ltr'><strong>etiam</strong></span> <span class='ocrx_word' id='word_1_507' title='bbox 2186 1221 2307 1275; x_wconf 90' lang='lat' dir='ltr'><strong>mali</strong></span> <span class='ocrx_word' id='word_1_508' title='bbox 2340 1222 2535 1276; x_wconf 80' lang='lat' dir='ltr'><strong>habere</strong></span> <span class='ocrx_word' id='word_1_509' title='bbox 2580 1232 2823 1291; x_wconf 89' lang='lat' dir='ltr'><strong>possunt,</strong></span> <span class='ocrx_word' id='word_1_510' title='bbox 2867 1222 3270 1277; x_wconf 83' lang='lat' dir='ltr'><strong>similitudinem</strong></span> <span class='ocrx_word' id='word_1_511' title='bbox 3319 1226 3418 1279; x_wconf 80' lang='lat' dir='ltr'><strong>nisi</strong></span> <span class='ocrx_word' id='word_1_512' title='bbox 3449 1225 3575 1279; x_wconf 90' lang='lat' dir='ltr'><strong>boni</strong></span> 
     </span>
    </p>
   </div>
   <div class='ocr_carea' id='block_1_69' title="bbox 1996 1314 3575 1384">
    <p class='ocr_par' dir='ltr' id='par_1_69' title="bbox 1996 1314 3575 1384">
     <span class='ocr_line' id='line_1_69' title="bbox 1996 1314 3575 1384; baseline 0.005 -19"><span class='ocrx_word' id='word_1_513' title='bbox 1996 1314 2191 1369; x_wconf 88' lang='lat' dir='ltr'><strong>habere</strong></span> <span class='ocrx_word' id='word_1_514' title='bbox 2214 1330 2318 1368; x_wconf 82' lang='lat' dir='ltr'><strong>non</strong></span> <span class='ocrx_word' id='word_1_515' title='bbox 2345 1325 2586 1384; x_wconf 80' lang='lat' dir='ltr'><strong>possunt.</strong></span> <span class='ocrx_word' id='word_1_516' title='bbox 2620 1315 2750 1383; x_wconf 70' lang='lat' dir='ltr'><strong>Qum</strong></span> <span class='ocrx_word' id='word_1_517' title='bbox 2776 1331 2898 1370; x_wconf 92' lang='lat' dir='ltr'><strong>cum</strong></span> <span class='ocrx_word' id='word_1_518' title='bbox 2928 1317 2998 1370; x_wconf 85' lang='lat' dir='ltr'><strong>ita</strong></span> <span class='ocrx_word' id='word_1_519' title='bbox 3029 1320 3159 1384; x_wconf 89' lang='lat' dir='ltr'><strong>sint,</strong></span> <span class='ocrx_word' id='word_1_520' title='bbox 3201 1333 3297 1372; x_wconf 90' lang='lat' dir='ltr'><strong>cur</strong></span> <span class='ocrx_word' id='word_1_521' title='bbox 3327 1318 3575 1373; x_wconf 82' lang='lat' dir='ltr'><strong>homines</strong></span> 
     </span>
    </p>
   </div>
   <div class='ocr_carea' id='block_1_70' title="bbox 1993 1405 3574 1479">
    <p class='ocr_par' dir='ltr' id='par_1_70' title="bbox 1993 1405 3574 1479">
     <span class='ocr_line' id='line_1_70' title="bbox 1993 1405 3574 1479; baseline 0.004 -20"><span class='ocrx_word' id='word_1_522' title='bbox 1993 1405 2221 1475; x_wconf 86' lang='lat' dir='ltr'><strong>imagine</strong></span> <span class='ocrx_word' id='word_1_523' title='bbox 2247 1416 2300 1461; x_wconf 92' lang='lat' dir='ltr'><strong>et</strong></span> <span class='ocrx_word' id='word_1_524' title='bbox 2324 1407 2669 1462; x_wconf 79' lang='lat' dir='ltr'><strong>similitudine</strong></span> <span class='ocrx_word' id='word_1_525' title='bbox 2712 1408 2801 1462; x_wconf 90' lang='lat' dir='ltr'><strong>Dei</strong></span> <span class='ocrx_word' id='word_1_526' title='bbox 2836 1411 3093 1469; x_wconf 72' lang='lat' dir='ltr'><strong>dectirati.</strong></span> <span class='ocrx_word' id='word_1_527' title='bbox 3137 1411 3309 1479; x_wconf 85' lang='lat' dir='ltr'><strong>angeli</strong></span> <span class='ocrx_word' id='word_1_528' title='bbox 3354 1427 3449 1464; x_wconf 89' lang='lat' dir='ltr'><strong>seu</strong></span> <span class='ocrx_word' id='word_1_529' title='bbox 3482 1411 3574 1465; x_wconf 89' lang='lat' dir='ltr'><strong>filii</strong></span> 
     </span>
    </p>
   </div>
   <div class='ocr_carea' id='block_1_71' title="bbox 1996 1497 3576 1569">
    <p class='ocr_par' dir='ltr' id='par_1_71' title="bbox 1996 1497 3576 1569">
     <span class='ocr_line' id='line_1_71' title="bbox 1996 1497 3576 1569; baseline 0.003 -19"><span class='ocrx_word' id='word_1_530' title='bbox 1996 1497 2087 1552; x_wconf 90' lang='lat' dir='ltr'><strong>Dei</strong></span> <span class='ocrx_word' id='word_1_531' title='bbox 2110 1499 2403 1552; x_wconf 89' lang='lat' dir='ltr'><strong>meruerint</strong></span> <span class='ocrx_word' id='word_1_532' title='bbox 2430 1500 2746 1567; x_wconf 81' lang='lat' dir='ltr'><strong>nuneupari,</strong></span> <span class='ocrx_word' id='word_1_533' title='bbox 2792 1499 2874 1553; x_wconf 91' lang='lat' dir='ltr'><strong>vel</strong></span> <span class='ocrx_word' id='word_1_534' title='bbox 2906 1501 3087 1569; x_wconf 81' lang='lat' dir='ltr'><strong>paucis</strong></span> <span class='ocrx_word' id='word_1_535' title='bbox 3116 1501 3289 1554; x_wconf 86' lang='lat' dir='ltr'><strong>adhue</strong></span> <span class='ocrx_word' id='word_1_536' title='bbox 3314 1503 3576 1568; x_wconf 76' lang='lat' dir='ltr'><strong>exemplis</strong></span> 
     </span>
    </p>
   </div>
   <div class='ocr_carea' id='block_1_72' title="bbox 1996 1595 3573 1662">
    <p class='ocr_par' dir='ltr' id='par_1_72' title="bbox 1996 1595 3573 1662">
     <span class='ocr_line' id='line_1_72' title="bbox 1996 1595 3573 1662; baseline 0.003 -19"><span class='ocrx_word' id='word_1_537' title='bbox 1996 1596 2368 1660; x_wconf 67' lang='lat' dir='ltr'><strong>prmstriugerc</strong></span> <span class='ocrx_word' id='word_1_538' title='bbox 2399 1606 2497 1645; x_wconf 91' lang='lat' dir='ltr'><strong>nos</strong></span> <span class='ocrx_word' id='word_1_539' title='bbox 2528 1601 2759 1661; x_wconf 89' lang='lat' dir='ltr'><strong>oportet,</strong></span> <span class='ocrx_word' id='word_1_540' title='bbox 2791 1595 2975 1662; x_wconf 83' lang='lat' dir='ltr'><strong>quanti</strong></span> <span class='ocrx_word' id='word_1_541' title='bbox 3007 1604 3130 1647; x_wconf 87' lang='lat' dir='ltr'><strong>ante</strong></span> <span class='ocrx_word' id='word_1_542' title='bbox 3160 1595 3329 1662; x_wconf 73' lang='lat' dir='ltr'><strong>legem</strong></span> <span class='ocrx_word' id='word_1_543' title='bbox 3358 1596 3573 1660; x_wconf 60' lang='lat' dir='ltr'><strong>litterae,</strong></span> 
     </span>
    </p>
   </div>
   <div class='ocr_carea' id='block_1_73' title="bbox 1996 1680 3575 1754">
    <p class='ocr_par' dir='ltr' id='par_1_73' title="bbox 1996 1680 3575 1754">
     <span class='ocr_line' id='line_1_73' title="bbox 1996 1680 3575 1754; baseline 0.003 -20"><span class='ocrx_word' id='word_1_544' title='bbox 1996 1680 2271 1737; x_wconf 88' lang='lat' dir='ltr'><strong>erudiente</strong></span> <span class='ocrx_word' id='word_1_545' title='bbox 2319 1682 2437 1751; x_wconf 86' lang='lat' dir='ltr'><strong>lege</strong></span> <span class='ocrx_word' id='word_1_546' title='bbox 2464 1692 2689 1748; x_wconf 74' lang='lat' dir='ltr'><strong>naturae,</strong></span> <span class='ocrx_word' id='word_1_547' title='bbox 2731 1698 2850 1753; x_wconf 70' lang='lat' dir='ltr'><strong>qua!</strong></span> <span class='ocrx_word' id='word_1_548' title='bbox 2887 1685 3052 1750; x_wconf 88' lang='lat' dir='ltr'><strong>prima</strong></span> <span class='ocrx_word' id='word_1_549' title='bbox 3088 1690 3165 1753; x_wconf 86' lang='lat' dir='ltr'><strong>(ut</strong></span> <span class='ocrx_word' id='word_1_550' title='bbox 3195 1684 3453 1754; x_wconf 83' lang='lat' dir='ltr'><strong>diximus)</strong></span> <span class='ocrx_word' id='word_1_551' title='bbox 3484 1686 3575 1738; x_wconf 75' lang='lat' dir='ltr'><strong>Dei</strong></span> 
     </span>
    </p>
   </div>
   <div class='ocr_carea' id='block_1_74' title="bbox 1994 1773 3573 1846">
    <p class='ocr_par' dir='ltr' id='par_1_74' title="bbox 1994 1773 3573 1846">
     <span class='ocr_line' id='line_1_74' title="bbox 1994 1773 3573 1846; baseline 0.003 -22"><span class='ocrx_word' id='word_1_552' title='bbox 1994 1773 2161 1841; x_wconf 88' lang='lat' dir='ltr'><strong>gratia</strong></span> <span class='ocrx_word' id='word_1_553' title='bbox 2194 1783 2295 1836; x_wconf 86' lang='lat' dir='ltr'><strong>est,</strong></span> <span class='ocrx_word' id='word_1_554' title='bbox 2315 1774 2574 1828; x_wconf 76' lang='lat' dir='ltr'><strong>Vt&#39;Siibllia</strong></span> <span class='ocrx_word' id='word_1_555' title='bbox 2604 1774 2793 1829; x_wconf 91' lang='lat' dir='ltr'><strong>salutis</strong></span> <span class='ocrx_word' id='word_1_556' title='bbox 2822 1775 3161 1846; x_wconf 78' lang='lat' dir='ltr'><strong>intraverint,</strong></span> <span class='ocrx_word' id='word_1_557' title='bbox 3189 1792 3281 1843; x_wconf 88' lang='lat' dir='ltr'><strong>per</strong></span> <span class='ocrx_word' id='word_1_558' title='bbox 3298 1775 3573 1829; x_wconf 75' lang='lat' dir='ltr'><strong>Christum</strong></span> 
     </span>
    </p>
   </div>
   <div class='ocr_carea' id='block_1_75' title="bbox 1992 1866 3576 1938">
    <p class='ocr_par' dir='ltr' id='par_1_75' title="bbox 1992 1866 3576 1938">
     <span class='ocr_line' id='line_1_75' title="bbox 1992 1866 3576 1938; baseline 0.003 -21"><span class='ocrx_word' id='word_1_559' title='bbox 1992 1866 2059 1917; x_wconf 87' lang='lat' dir='ltr'><strong>ad</strong></span> <span class='ocrx_word' id='word_1_560' title='bbox 2088 1866 2195 1933; x_wconf 72' lang='lat' dir='ltr'><strong>ipsi</strong></span> <span class='ocrx_word' id='word_1_561' title='bbox 2232 1869 2352 1919; x_wconf 70' lang='lat' dir='ltr'><strong>vita:</strong></span> <span class='ocrx_word' id='word_1_562' title='bbox 2379 1869 2673 1935; x_wconf 88' lang='lat' dir='ltr'><strong>penetralia</strong></span> <span class='ocrx_word' id='word_1_563' title='bbox 2703 1868 3054 1936; x_wconf 88' lang='lat' dir='ltr'><strong>perducendi.</strong></span> <span class='ocrx_word' id='word_1_564' title='bbox 3088 1868 3192 1923; x_wconf 90' lang='lat' dir='ltr'><strong>Sed</strong></span> <span class='ocrx_word' id='word_1_565' title='bbox 3236 1869 3337 1923; x_wconf 90' lang='lat' dir='ltr'><strong>hoc</strong></span> <span class='ocrx_word' id='word_1_566' title='bbox 3366 1885 3576 1938; x_wconf 86' lang='lat' dir='ltr'><strong>quoque</strong></span> 
     </span>
    </p>
   </div>
   <div class='ocr_carea' id='block_1_76' title="bbox 1993 1958 3577 2015">
    <p class='ocr_par' dir='ltr' id='par_1_76' title="bbox 1993 1958 3577 2015">
     <span class='ocr_line' id='line_1_76' title="bbox 1993 1958 3577 2015; baseline 0.001 -2"><span class='ocrx_word' id='word_1_567' title='bbox 1993 1959 2045 2013; x_wconf 90' lang='lat' dir='ltr'><strong>in</strong></span> <span class='ocrx_word' id='word_1_568' title='bbox 2080 1960 2197 2013; x_wconf 90' lang='lat' dir='ltr'><strong>loco</strong></span> <span class='ocrx_word' id='word_1_569' title='bbox 2222 1959 2353 2012; x_wconf 69' lang='lat' dir='ltr'><strong>Abel</strong></span> <span class='ocrx_word' id='word_1_570' title='bbox 2384 1975 2593 2012; x_wconf 82' lang='lat' dir='ltr'><strong>morum</strong></span> <span class='ocrx_word' id='word_1_571' title='bbox 2620 1975 2684 2012; x_wconf 87' lang='lat' dir='ltr'><strong>ac</strong></span> <span class='ocrx_word' id='word_1_572' title='bbox 2721 1958 3031 2013; x_wconf 87' lang='lat' dir='ltr'><strong>meritorum</strong></span> <span class='ocrx_word' id='word_1_573' title='bbox 3060 1960 3411 2015; x_wconf 63' lang='lat' dir='ltr'><strong>similitudine</strong></span> <span class='ocrx_word' id='word_1_574' title='bbox 3449 1961 3577 2015; x_wconf 88' lang='lat' dir='ltr'><strong>sub-</strong></span> 
     </span>
    </p>
   </div>
   <div class='ocr_carea' id='block_1_77' title="bbox 1993 2049 3575 2121">
    <p class='ocr_par' dir='ltr' id='par_1_77' title="bbox 1993 2049 3575 2121">
     <span class='ocr_line' id='line_1_77' title="bbox 1993 2049 3575 2121; baseline 0.001 -16"><span class='ocrx_word' id='word_1_575' title='bbox 1993 2052 2231 2114; x_wconf 88' lang='lat' dir='ltr'><strong>stitutus,</strong></span> <span class='ocrx_word' id='word_1_576' title='bbox 2286 2051 2425 2105; x_wconf 84' lang='lat' dir='ltr'><strong>unde</strong></span> <span class='ocrx_word' id='word_1_577' title='bbox 2482 2049 2703 2119; x_wconf 82' lang='lat' dir='ltr'><strong>profana</strong></span> <span class='ocrx_word' id='word_1_578' title='bbox 2754 2050 2935 2104; x_wconf 90' lang='lat' dir='ltr'><strong>fratris</strong></span> <span class='ocrx_word' id='word_1_579' title='bbox 2988 2050 3228 2105; x_wconf 82' lang='lat' dir='ltr'><strong>instituta</strong></span> <span class='ocrx_word' id='word_1_580' title='bbox 3274 2062 3575 2121; x_wconf 79' lang='lat' dir='ltr'><strong>reSpueret,</strong></span> 
     </span>
    </p>
   </div>
   <div class='ocr_carea' id='block_1_78' title="bbox 1994 2143 3576 2213">
    <p class='ocr_par' dir='ltr' id='par_1_78' title="bbox 1994 2143 3576 2213">
     <span class='ocr_line' id='line_1_78' title="bbox 1994 2143 3576 2213; baseline 0.002 -15"><span class='ocrx_word' id='word_1_581' title='bbox 1994 2145 2118 2198; x_wconf 89' lang='lat' dir='ltr'><strong>inde</strong></span> <span class='ocrx_word' id='word_1_582' title='bbox 2165 2143 2385 2198; x_wconf 88' lang='lat' dir='ltr'><strong>meliora</strong></span> <span class='ocrx_word' id='word_1_583' title='bbox 2422 2144 2683 2213; x_wconf 76' lang='lat' dir='ltr'><strong>potuisset</strong></span> <span class='ocrx_word' id='word_1_584' title='bbox 2732 2144 2952 2212; x_wconf 86' lang='lat' dir='ltr'><strong>eligere,</strong></span> <span class='ocrx_word' id='word_1_585' title='bbox 3009 2144 3111 2199; x_wconf 71' lang='lat' dir='ltr'><strong>nisi</strong></span> <span class='ocrx_word' id='word_1_586' title='bbox 3160 2160 3281 2199; x_wconf 89' lang='lat' dir='ltr'><strong>eum</strong></span> <span class='ocrx_word' id='word_1_587' title='bbox 3332 2145 3383 2200; x_wconf 89' lang='lat' dir='ltr'><strong>in</strong></span> <span class='ocrx_word' id='word_1_588' title='bbox 3435 2145 3576 2201; x_wconf 81' lang='lat' dir='ltr'><strong>viam</strong></span> 
     </span>
    </p>
   </div>
   <div class='ocr_carea' id='block_1_79' title="bbox 1994 2236 3577 2306">
    <p class='ocr_par' dir='ltr' id='par_1_79' title="bbox 1994 2236 3577 2306">
     <span class='ocr_line' id='line_1_79' title="bbox 1994 2236 3577 2306; baseline 0.001 -16"><span class='ocrx_word' id='word_1_589' title='bbox 1994 2248 2193 2290; x_wconf 75' lang='lat' dir='ltr'><strong>rectam</strong></span> <span class='ocrx_word' id='word_1_590' title='bbox 2227 2236 2529 2290; x_wconf 81' lang='lat' dir='ltr'><strong>intellectus</strong></span> <span class='ocrx_word' id='word_1_591' title='bbox 2559 2246 2611 2289; x_wconf 92' lang='lat' dir='ltr'><strong>et</strong></span> <span class='ocrx_word' id='word_1_592' title='bbox 2644 2236 2780 2289; x_wconf 89' lang='lat' dir='ltr'><strong>ratio</strong></span> <span class='ocrx_word' id='word_1_593' title='bbox 2811 2236 3117 2303; x_wconf 80' lang='lat' dir='ltr'><strong>direxisset,</strong></span> <span class='ocrx_word' id='word_1_594' title='bbox 3159 2252 3261 2306; x_wconf 84' lang='lat' dir='ltr'><strong>qua</strong></span> <span class='ocrx_word' id='word_1_595' title='bbox 3294 2238 3430 2291; x_wconf 87' lang='lat' dir='ltr'><strong>duce</strong></span> <span class='ocrx_word' id='word_1_596' title='bbox 3454 2253 3577 2291; x_wconf 87' lang='lat' dir='ltr'><strong>san-</strong></span> 
     </span>
    </p>
   </div>
   <div class='ocr_carea' id='block_1_80' title="bbox 1992 2329 3577 2398">
    <p class='ocr_par' dir='ltr' id='par_1_80' title="bbox 1992 2329 3577 2398">
     <span class='ocr_line' id='line_1_80' title="bbox 1992 2329 3577 2398; baseline 0.001 -15"><span class='ocrx_word' id='word_1_597' title='bbox 1992 2341 2108 2392; x_wconf 83' lang='lat' dir='ltr'><strong>ctas</strong></span> <span class='ocrx_word' id='word_1_598' title='bbox 2136 2329 2451 2383; x_wconf 81' lang='lat' dir='ltr'><strong>traditiones</strong></span> <span class='ocrx_word' id='word_1_599' title='bbox 2482 2340 2535 2382; x_wconf 84' lang='lat' dir='ltr'><strong>et</strong></span> <span class='ocrx_word' id='word_1_600' title='bbox 2567 2330 2936 2398; x_wconf 73' lang='lat' dir='ltr'><strong>prmdicahiles</strong></span> <span class='ocrx_word' id='word_1_601' title='bbox 2963 2330 3275 2398; x_wconf 90' lang='lat' dir='ltr'><strong>disciplinas</strong></span> <span class='ocrx_word' id='word_1_602' title='bbox 3302 2332 3444 2383; x_wconf 85' lang='lat' dir='ltr'><strong>velut</strong></span> <span class='ocrx_word' id='word_1_603' title='bbox 3472 2331 3577 2384; x_wconf 67' lang='lat' dir='ltr'><strong>itte-</strong></span> 
     </span>
    </p>
   </div>
   <div class='ocr_carea' id='block_1_81' title="bbox 1993 2421 3574 2491">
    <p class='ocr_par' dir='ltr' id='par_1_81' title="bbox 1993 2421 3574 2491">
     <span class='ocr_line' id='line_1_81' title="bbox 1993 2421 3574 2491; baseline 0 -15"><span class='ocrx_word' id='word_1_604' title='bbox 1993 2423 2302 2477; x_wconf 91' lang='lat' dir='ltr'><strong>reditarium</strong></span> <span class='ocrx_word' id='word_1_605' title='bbox 2348 2437 2540 2475; x_wconf 84' lang='lat' dir='ltr'><strong>munus</strong></span> <span class='ocrx_word' id='word_1_606' title='bbox 2581 2422 2877 2476; x_wconf 84' lang='lat' dir='ltr'><strong>transmisit</strong></span> <span class='ocrx_word' id='word_1_607' title='bbox 2905 2421 2972 2476; x_wconf 87' lang='lat' dir='ltr'><strong>ad</strong></span> <span class='ocrx_word' id='word_1_608' title='bbox 3003 2433 3266 2491; x_wconf 88' lang='lat' dir='ltr'><strong>posteros,</strong></span> <span class='ocrx_word' id='word_1_609' title='bbox 3321 2433 3376 2474; x_wconf 91' lang='lat' dir='ltr'><strong>ut</strong></span> <span class='ocrx_word' id='word_1_610' title='bbox 3408 2438 3574 2490; x_wconf 76' lang='lat' dir='ltr'><strong>ange-</strong></span> 
     </span>
    </p>
   </div>
   <div class='ocr_carea' id='block_1_82' title="bbox 1994 2511 3577 2579">
    <p class='ocr_par' dir='ltr' id='par_1_82' title="bbox 1994 2511 3577 2579">
     <span class='ocr_line' id='line_1_82' title="bbox 1994 2511 3577 2579; baseline -0.001 -12"><span class='ocrx_word' id='word_1_611' title='bbox 1994 2514 2166 2567; x_wconf 71' lang='lat' dir='ltr'><strong>lorum</strong></span> <span class='ocrx_word' id='word_1_612' title='bbox 2194 2513 2280 2566; x_wconf 90' lang='lat' dir='ltr'><strong>vel</strong></span> <span class='ocrx_word' id='word_1_613' title='bbox 2311 2514 2539 2565; x_wconf 83' lang='lat' dir='ltr'><strong>ﬁliorum</strong></span> <span class='ocrx_word' id='word_1_614' title='bbox 2564 2512 2657 2565; x_wconf 89' lang='lat' dir='ltr'><strong>Dei</strong></span> <span class='ocrx_word' id='word_1_615' title='bbox 2696 2511 2911 2565; x_wconf 90' lang='lat' dir='ltr'><strong>nomine</strong></span> <span class='ocrx_word' id='word_1_616' title='bbox 2942 2525 3036 2579; x_wconf 86' lang='lat' dir='ltr'><strong>per</strong></span> <span class='ocrx_word' id='word_1_617' title='bbox 3064 2512 3260 2565; x_wconf 89' lang='lat' dir='ltr'><strong>multas</strong></span> <span class='ocrx_word' id='word_1_618' title='bbox 3290 2525 3577 2566; x_wconf 84' lang='lat' dir='ltr'><strong>censeren—</strong></span> 
     </span>
    </p>
   </div>
   <div class='ocr_carea' id='block_1_83' title="bbox 1994 2604 3577 2672">
    <p class='ocr_par' dir='ltr' id='par_1_83' title="bbox 1994 2604 3577 2672">
     <span class='ocr_line' id='line_1_83' title="bbox 1994 2604 3577 2672; baseline 0.001 -13"><span class='ocrx_word' id='word_1_619' title='bbox 1994 2615 2081 2659; x_wconf 92' lang='lat' dir='ltr'><strong>tur</strong></span> <span class='ocrx_word' id='word_1_620' title='bbox 2111 2605 2328 2659; x_wconf 83' lang='lat' dir='ltr'><strong>actates?</strong></span> <span class='ocrx_word' id='word_1_621' title='bbox 2349 2605 2476 2671; x_wconf 89' lang='lat' dir='ltr'><strong>Quis</strong></span> <span class='ocrx_word' id='word_1_622' title='bbox 2498 2604 2705 2659; x_wconf 87' lang='lat' dir='ltr'><strong>dubitet</strong></span> <span class='ocrx_word' id='word_1_623' title='bbox 2735 2606 3043 2659; x_wconf 88' lang='lat' dir='ltr'><strong>innumeras</strong></span> <span class='ocrx_word' id='word_1_624' title='bbox 3069 2604 3185 2672; x_wconf 89' lang='lat' dir='ltr'><strong>ejus</strong></span> <span class='ocrx_word' id='word_1_625' title='bbox 3215 2604 3443 2659; x_wconf 88' lang='lat' dir='ltr'><strong>familias</strong></span> <span class='ocrx_word' id='word_1_626' title='bbox 3465 2605 3577 2660; x_wconf 88' lang='lat' dir='ltr'><strong>Deo</strong></span> 
     </span>
    </p>
   </div>
   <div class='ocr_carea' id='block_1_84' title="bbox 1992 2696 3578 2769">
    <p class='ocr_par' dir='ltr' id='par_1_84' title="bbox 1992 2696 3578 2769">
     <span class='ocr_line' id='line_1_84' title="bbox 1992 2696 3578 2769; baseline 0.001 -18"><span class='ocrx_word' id='word_1_627' title='bbox 1992 2699 2238 2769; x_wconf 79' lang='lat' dir='ltr'><strong>placitas,</strong></span> <span class='ocrx_word' id='word_1_628' title='bbox 2288 2697 2535 2751; x_wconf 85' lang='lat' dir='ltr'><strong>libertate</strong></span> <span class='ocrx_word' id='word_1_629' title='bbox 2574 2696 2780 2750; x_wconf 85' lang='lat' dir='ltr'><strong>atbitrii</strong></span> <span class='ocrx_word' id='word_1_630' title='bbox 2821 2696 3091 2765; x_wconf 65' lang='lat' dir='ltr'><strong>praeditas,</strong></span> <span class='ocrx_word' id='word_1_631' title='bbox 3124 2705 3178 2751; x_wconf 85' lang='lat' dir='ltr'><strong>et</strong></span> <span class='ocrx_word' id='word_1_632' title='bbox 3225 2712 3289 2751; x_wconf 85' lang='lat' dir='ltr'><strong>ex</strong></span> <span class='ocrx_word' id='word_1_633' title='bbox 3329 2698 3578 2767; x_wconf 84' lang='lat' dir='ltr'><strong>gentibus</strong></span> 
     </span>
    </p>
   </div>
   <div class='ocr_carea' id='block_1_85' title="bbox 1995 2788 3577 2858">
    <p class='ocr_par' dir='ltr' id='par_1_85' title="bbox 1995 2788 3577 2858">
     <span class='ocr_line' id='line_1_85' title="bbox 1995 2788 3577 2858; baseline -0.001 -13"><span class='ocrx_word' id='word_1_634' title='bbox 1995 2792 2160 2845; x_wconf 72' lang='lat' dir='ltr'><strong>fuis~e</strong></span> <span class='ocrx_word' id='word_1_635' title='bbox 2188 2791 2439 2853; x_wconf 69' lang='lat' dir='ltr'><strong>salvatus,</strong></span> <span class='ocrx_word' id='word_1_636' title='bbox 2470 2791 2538 2845; x_wconf 88' lang='lat' dir='ltr'><strong>de</strong></span> <span class='ocrx_word' id='word_1_637' title='bbox 2562 2789 2754 2858; x_wconf 83' lang='lat' dir='ltr'><strong>quibus</strong></span> <span class='ocrx_word' id='word_1_638' title='bbox 2780 2790 2929 2857; x_wconf 90' lang='lat' dir='ltr'><strong>pauci</strong></span> <span class='ocrx_word' id='word_1_639' title='bbox 2957 2788 3267 2851; x_wconf 84' lang='lat' dir='ltr'><strong>admodum,</strong></span> <span class='ocrx_word' id='word_1_640' title='bbox 3312 2789 3406 2844; x_wconf 79' lang='lat' dir='ltr'><strong>sed</strong></span> <span class='ocrx_word' id='word_1_641' title='bbox 3444 2792 3577 2845; x_wconf 87' lang='lat' dir='ltr'><strong>clari</strong></span> 
     </span>
    </p>
   </div>
   <div class='ocr_carea' id='block_1_86' title="bbox 1992 2880 3574 2951">
    <p class='ocr_par' dir='ltr' id='par_1_86' title="bbox 1992 2880 3574 2951">
     <span class='ocr_line' id='line_1_86' title="bbox 1992 2880 3574 2951; baseline 0.001 -17"><span class='ocrx_word' id='word_1_642' title='bbox 1992 2895 2152 2950; x_wconf 86' lang='lat' dir='ltr'><strong>atque</strong></span> <span class='ocrx_word' id='word_1_643' title='bbox 2181 2882 2398 2951; x_wconf 80' lang='lat' dir='ltr'><strong>p.-riceti</strong></span> <span class='ocrx_word' id='word_1_644' title='bbox 2429 2881 2492 2932; x_wconf 90' lang='lat' dir='ltr'><strong>ad</strong></span> <span class='ocrx_word' id='word_1_645' title='bbox 2531 2880 2977 2934; x_wconf 83' lang='lat' dir='ltr'><strong>illutninutionem</strong></span> <span class='ocrx_word' id='word_1_646' title='bbox 3020 2880 3200 2935; x_wconf 65' lang='lat' dir='ltr'><strong>saeculi</strong></span> <span class='ocrx_word' id='word_1_647' title='bbox 3247 2881 3411 2935; x_wconf 82' lang='lat' dir='ltr'><strong>sacris</strong></span> <span class='ocrx_word' id='word_1_648' title='bbox 3448 2896 3574 2950; x_wconf 87' lang='lat' dir='ltr'><strong>pro-</strong></span> 
     </span>
    </p>
   </div>
   <div class='ocr_carea' id='block_1_87' title="bbox 1993 2972 3578 3042">
    <p class='ocr_par' dir='ltr' id='par_1_87' title="bbox 1993 2972 3578 3042">
     <span class='ocr_line' id='line_1_87' title="bbox 1993 2972 3578 3042; baseline -0.001 -12"><span class='ocrx_word' id='word_1_649' title='bbox 1993 2977 2190 3030; x_wconf 71' lang='lat' dir='ltr'><strong>d..ntur</strong></span> <span class='ocrx_word' id='word_1_650' title='bbox 2215 2975 2477 3042; x_wconf 87' lang='lat' dir='ltr'><strong>eloquiis?</strong></span> <span class='ocrx_word' id='word_1_651' title='bbox 2525 2972 2672 3028; x_wconf 86' lang='lat' dir='ltr'><strong>Unde</strong></span> <span class='ocrx_word' id='word_1_652' title='bbox 2711 2974 2854 3027; x_wconf 90' lang='lat' dir='ltr'><strong>enim</strong></span> <span class='ocrx_word' id='word_1_653' title='bbox 2888 2973 3069 3028; x_wconf 85' lang='lat' dir='ltr'><strong>Euoch</strong></span> <span class='ocrx_word' id='word_1_654' title='bbox 3100 2988 3223 3027; x_wconf 82' lang='lat' dir='ltr'><strong>cum</strong></span> <span class='ocrx_word' id='word_1_655' title='bbox 3254 2973 3363 3027; x_wconf 87' lang='lat' dir='ltr'><strong>Deo</strong></span> <span class='ocrx_word' id='word_1_656' title='bbox 3389 2974 3578 3028; x_wconf 83' lang='lat' dir='ltr'><strong>ambu-</strong></span> 
     </span>
    </p>
   </div>
   <div class='ocr_carea' id='block_1_88' title="bbox 1995 3062 3578 3132">
    <p class='ocr_par' dir='ltr' id='par_1_88' title="bbox 1995 3062 3578 3132">
     <span class='ocr_line' id='line_1_88' title="bbox 1995 3062 3578 3132; baseline -0.001 -12"><span class='ocrx_word' id='word_1_657' title='bbox 1995 3067 2128 3130; x_wconf 86' lang='lat' dir='ltr'><strong>lare,</strong></span> <span class='ocrx_word' id='word_1_658' title='bbox 2157 3067 2240 3119; x_wconf 86' lang='lat' dir='ltr'><strong>vel</strong></span> <span class='ocrx_word' id='word_1_659' title='bbox 2275 3063 2387 3119; x_wconf 87' lang='lat' dir='ltr'><strong>Deo</strong></span> <span class='ocrx_word' id='word_1_660' title='bbox 2416 3064 2629 3132; x_wconf 86' lang='lat' dir='ltr'><strong>placere</strong></span> <span class='ocrx_word' id='word_1_661' title='bbox 2656 3064 2936 3131; x_wconf 90' lang='lat' dir='ltr'><strong>potuisset,</strong></span> <span class='ocrx_word' id='word_1_662' title='bbox 2967 3062 3069 3116; x_wconf 91' lang='lat' dir='ltr'><strong>nisi</strong></span> <span class='ocrx_word' id='word_1_663' title='bbox 3100 3079 3221 3117; x_wconf 89' lang='lat' dir='ltr'><strong>eum</strong></span> <span class='ocrx_word' id='word_1_664' title='bbox 3249 3065 3336 3118; x_wconf 87' lang='lat' dir='ltr'><strong>lex</strong></span> <span class='ocrx_word' id='word_1_665' title='bbox 3361 3064 3578 3118; x_wconf 83' lang='lat' dir='ltr'><strong>visceri~</strong></span> 
     </span>
    </p>
   </div>
   <div class='ocr_carea' id='block_1_89' title="bbox 1998 3155 3579 3223">
    <p class='ocr_par' dir='ltr' id='par_1_89' title="bbox 1998 3155 3579 3223">
     <span class='ocr_line' id='line_1_89' title="bbox 1998 3155 3579 3223; baseline -0.001 -12"><span class='ocrx_word' id='word_1_666' title='bbox 1998 3158 2097 3212; x_wconf 90' lang='lat' dir='ltr'><strong>bus</strong></span> <span class='ocrx_word' id='word_1_667' title='bbox 2127 3156 2299 3211; x_wconf 84' lang='lat' dir='ltr'><strong>inlusa</strong></span> <span class='ocrx_word' id='word_1_668' title='bbox 2342 3165 2550 3210; x_wconf 86' lang='lat' dir='ltr'><strong>secreto</strong></span> <span class='ocrx_word' id='word_1_669' title='bbox 2589 3155 2897 3223; x_wconf 82' lang='lat' dir='ltr'><strong>magisterio</strong></span> <span class='ocrx_word' id='word_1_670' title='bbox 2938 3155 3312 3220; x_wconf 54' lang='lat' dir='ltr'><strong>illuminasset,</strong></span> <span class='ocrx_word' id='word_1_671' title='bbox 3358 3155 3412 3210; x_wconf 90' lang='lat' dir='ltr'><strong>in</strong></span> <span class='ocrx_word' id='word_1_672' title='bbox 3459 3165 3579 3210; x_wconf 87' lang='lat' dir='ltr'><strong>tan-</strong></span> 
     </span>
    </p>
   </div>
   <div class='ocr_carea' id='block_1_90' title="bbox 1999 3247 3579 3316">
    <p class='ocr_par' dir='ltr' id='par_1_90' title="bbox 1999 3247 3579 3316">
     <span class='ocr_line' id='line_1_90' title="bbox 1999 3247 3579 3316; baseline 0 -13"><span class='ocrx_word' id='word_1_673' title='bbox 1999 3260 2134 3314; x_wconf 90' lang='lat' dir='ltr'><strong>tum,</strong></span> <span class='ocrx_word' id='word_1_674' title='bbox 2182 3258 2240 3303; x_wconf 91' lang='lat' dir='ltr'><strong>ut</strong></span> <span class='ocrx_word' id='word_1_675' title='bbox 2288 3247 2417 3302; x_wconf 88' lang='lat' dir='ltr'><strong>nihil</strong></span> <span class='ocrx_word' id='word_1_676' title='bbox 2452 3259 2729 3302; x_wconf 81' lang='lat' dir='ltr'><strong>terrenum</strong></span> <span class='ocrx_word' id='word_1_677' title='bbox 2770 3247 2989 3316; x_wconf 87' lang='lat' dir='ltr'><strong>sapiens</strong></span> <span class='ocrx_word' id='word_1_678' title='bbox 3030 3248 3348 3302; x_wconf 88' lang='lat' dir='ltr'><strong>mirabiliter</strong></span> <span class='ocrx_word' id='word_1_679' title='bbox 3374 3262 3402 3301; x_wconf 88' lang='lat' dir='ltr'><strong>a</strong></span> <span class='ocrx_word' id='word_1_680' title='bbox 3431 3256 3579 3303; x_wconf 78' lang='lat' dir='ltr'><strong>terra</strong></span> 
     </span>
    </p>
   </div>
   <div class='ocr_carea' id='block_1_91' title="bbox 2001 3338 3577 3407">
    <p class='ocr_par' dir='ltr' id='par_1_91' title="bbox 2001 3338 3577 3407">
     <span class='ocr_line' id='line_1_91' title="bbox 2001 3338 3577 3407; baseline 0 -12"><span class='ocrx_word' id='word_1_681' title='bbox 2001 3343 2110 3396; x_wconf 90' lang='lat' dir='ltr'><strong>Deo</strong></span> <span class='ocrx_word' id='word_1_682' title='bbox 2141 3352 2449 3395; x_wconf 87' lang='lat' dir='ltr'><strong>assumenlc</strong></span> <span class='ocrx_word' id='word_1_683' title='bbox 2489 3340 2803 3407; x_wconf 82' lang='lat' dir='ltr'><strong>raperetur?</strong></span> <span class='ocrx_word' id='word_1_684' title='bbox 2846 3340 2944 3406; x_wconf 83' lang='lat' dir='ltr'><strong>Qui</strong></span> <span class='ocrx_word' id='word_1_685' title='bbox 2975 3338 3101 3392; x_wconf 88' lang='lat' dir='ltr'><strong>dum</strong></span> <span class='ocrx_word' id='word_1_686' title='bbox 3154 3339 3273 3395; x_wconf 87' lang='lat' dir='ltr'><strong>fidei</strong></span> <span class='ocrx_word' id='word_1_687' title='bbox 3307 3340 3495 3394; x_wconf 84' lang='lat' dir='ltr'><strong>merito</strong></span> <span class='ocrx_word' id='word_1_688' title='bbox 3524 3341 3577 3395; x_wconf 91' lang='lat' dir='ltr'><strong>in</strong></span> 
     </span>
    </p>
   </div>
   <div class='ocr_carea' id='block_1_92' title="bbox 1999 3431 3577 3503">
    <p class='ocr_par' dir='ltr' id='par_1_92' title="bbox 1999 3431 3577 3503">
     <span class='ocr_line' id='line_1_92' title="bbox 1999 3431 3577 3503; baseline -0.001 -15"><span class='ocrx_word' id='word_1_689' title='bbox 1999 3436 2165 3503; x_wconf 91' lang='lat' dir='ltr'><strong>prima</strong></span> <span class='ocrx_word' id='word_1_690' title='bbox 2220 3435 2402 3487; x_wconf 75' lang='lat' dir='ltr'><strong>stnculi</strong></span> <span class='ocrx_word' id='word_1_691' title='bbox 2451 3433 2593 3486; x_wconf 84' lang='lat' dir='ltr'><strong>illius</strong></span> <span class='ocrx_word' id='word_1_692' title='bbox 2636 3442 2795 3486; x_wconf 70' lang='lat' dir='ltr'><strong>aetate</strong></span> <span class='ocrx_word' id='word_1_693' title='bbox 2832 3441 3059 3483; x_wconf 65' lang='lat' dir='ltr'><strong>caeteros</strong></span> <span class='ocrx_word' id='word_1_694' title='bbox 3087 3432 3379 3494; x_wconf 87' lang='lat' dir='ltr'><strong>antecellit,</strong></span> <span class='ocrx_word' id='word_1_695' title='bbox 3418 3431 3577 3487; x_wconf 84' lang='lat' dir='ltr'><strong>fidem</strong></span> 
     </span>
    </p>
   </div>
   <div class='ocr_carea' id='block_1_93' title="bbox 2000 3522 3573 3595">
    <p class='ocr_par' dir='ltr' id='par_1_93' title="bbox 2000 3522 3573 3595">
     <span class='ocr_line' id='line_1_93' title="bbox 2000 3522 3573 3595; baseline -0.001 -16"><span class='ocrx_word' id='word_1_696' title='bbox 2000 3529 2167 3595; x_wconf 72' lang='lat' dir='ltr'><strong>ipsum</strong></span> <span class='ocrx_word' id='word_1_697' title='bbox 2190 3540 2308 3578; x_wconf 85' lang='lat' dir='ltr'><strong>cum</strong></span> <span class='ocrx_word' id='word_1_698' title='bbox 2338 3526 2369 3577; x_wconf 75' lang='lat' dir='ltr'><strong>lo</strong></span> <span class='ocrx_word' id='word_1_699' title='bbox 2388 3540 2452 3593; x_wconf 85' lang='lat' dir='ltr'><strong>ge</strong></span> <span class='ocrx_word' id='word_1_700' title='bbox 2480 3536 2682 3575; x_wconf 83' lang='lat' dir='ltr'><strong>natura:</strong></span> <span class='ocrx_word' id='word_1_701' title='bbox 2713 3522 2811 3576; x_wconf 87' lang='lat' dir='ltr'><strong>sibi</strong></span> <span class='ocrx_word' id='word_1_702' title='bbox 2842 3522 3088 3575; x_wconf 85' lang='lat' dir='ltr'><strong>traditam</strong></span> <span class='ocrx_word' id='word_1_703' title='bbox 3117 3522 3280 3577; x_wconf 80' lang='lat' dir='ltr'><strong>fuisse</strong></span> <span class='ocrx_word' id='word_1_704' title='bbox 3300 3522 3573 3590; x_wconf 88' lang='lat' dir='ltr'><strong>perdocet.</strong></span> 
     </span>
    </p>
   </div>
   <div class='ocr_carea' id='block_1_94' title="bbox 1999 3612 3577 3686">
    <p class='ocr_par' dir='ltr' id='par_1_94' title="bbox 1999 3612 3577 3686">
     <span class='ocr_line' id='line_1_94' title="bbox 1999 3612 3577 3686; baseline -0.004 -12"><span class='ocrx_word' id='word_1_705' title='bbox 1999 3620 2148 3674; x_wconf 85' lang='lat' dir='ltr'><strong>Sient</strong></span> <span class='ocrx_word' id='word_1_706' title='bbox 2177 3618 2434 3686; x_wconf 80' lang='lat' dir='ltr'><strong>legimus:</strong></span> <span class='ocrx_word' id='word_1_707' title='bbox 2468 3613 2601 3669; x_wconf 81' lang='lat' dir='ltr'><strong>Fide</strong></span> <span class='ocrx_word' id='word_1_708' title='bbox 2632 3612 2807 3666; x_wconf 82' lang='lat' dir='ltr'><strong>Enoch</strong></span> <span class='ocrx_word' id='word_1_709' title='bbox 2839 3613 3116 3668; x_wconf 82' lang='lat' dir='ltr'><strong>translatus</strong></span> <span class='ocrx_word' id='word_1_710' title='bbox 3142 3622 3237 3680; x_wconf 84' lang='lat' dir='ltr'><strong>est,</strong></span> <span class='ocrx_word' id='word_1_711' title='bbox 3277 3622 3333 3667; x_wconf 87' lang='lat' dir='ltr'><strong>ut</strong></span> <span class='ocrx_word' id='word_1_712' title='bbox 3375 3630 3475 3666; x_wconf 89' lang='lat' dir='ltr'><strong>non</strong></span> <span class='ocrx_word' id='word_1_713' title='bbox 3504 3616 3577 3667; x_wconf 81' lang='lat' dir='ltr'><strong>vi-</strong></span> 
     </span>
    </p>
   </div>
   <div class='ocr_carea' id='block_1_95' title="bbox 2000 3704 3580 3764">
    <p class='ocr_par' dir='ltr' id='par_1_95' title="bbox 2000 3704 3580 3764">
     <span class='ocr_line' id='line_1_95' title="bbox 2000 3704 3580 3764; baseline -0.001 -3"><span class='ocrx_word' id='word_1_714' title='bbox 2000 3709 2140 3764; x_wconf 84' lang='lat' dir='ltr'><strong>deret</strong></span> <span class='ocrx_word' id='word_1_715' title='bbox 2181 3718 2413 3763; x_wconf 82' lang='lat' dir='ltr'><strong>mortem.</strong></span> <span class='ocrx_word' id='word_1_716' title='bbox 2475 3709 2603 3759; x_wconf 80' lang='lat' dir='ltr'><strong>Ante</strong></span> <span class='ocrx_word' id='word_1_717' title='bbox 2638 3704 3023 3759; x_wconf 86' lang='lat' dir='ltr'><strong>translationem</strong></span> <span class='ocrx_word' id='word_1_718' title='bbox 3062 3706 3196 3759; x_wconf 87' lang='lat' dir='ltr'><strong>enim</strong></span> <span class='ocrx_word' id='word_1_719' title='bbox 3236 3706 3580 3760; x_wconf 78' lang='lat' dir='ltr'><strong>testimonium</strong></span> 
     </span>
    </p>
   </div>
   <div class='ocr_carea' id='block_1_96' title="bbox 2003 3798 3581 3871">
    <p class='ocr_par' dir='ltr' id='par_1_96' title="bbox 2003 3798 3581 3871">
     <span class='ocr_line' id='line_1_96' title="bbox 2003 3798 3581 3871; baseline -0.002 -17"><span class='ocrx_word' id='word_1_720' title='bbox 2003 3801 2179 3854; x_wconf 82' lang='lat' dir='ltr'><strong>habuit</strong></span> <span class='ocrx_word' id='word_1_721' title='bbox 2208 3801 2380 3871; x_wconf 79' lang='lat' dir='ltr'><strong>placui</strong></span> <span class='ocrx_word' id='word_1_722' title='bbox 2409 3816 2461 3852; x_wconf 75' lang='lat' dir='ltr'><strong>se</strong></span> <span class='ocrx_word' id='word_1_723' title='bbox 2487 3798 2609 3851; x_wconf 86' lang='lat' dir='ltr'><strong>Deo.</strong></span> <span class='ocrx_word' id='word_1_724' title='bbox 2663 3798 2787 3853; x_wconf 87' lang='lat' dir='ltr'><strong>Sine</strong></span> <span class='ocrx_word' id='word_1_725' title='bbox 2827 3798 2930 3865; x_wconf 85' lang='lat' dir='ltr'><strong>ﬁde</strong></span> <span class='ocrx_word' id='word_1_726' title='bbox 2960 3805 3131 3849; x_wconf 87' lang='lat' dir='ltr'><strong>autem</strong></span> <span class='ocrx_word' id='word_1_727' title='bbox 3171 3798 3481 3865; x_wconf 78' lang='lat' dir='ltr'><strong>impossibile</strong></span> <span class='ocrx_word' id='word_1_728' title='bbox 3507 3807 3581 3852; x_wconf 79' lang='lat' dir='ltr'><strong>est</strong></span> 
     </span>
    </p>
   </div>
   <div class='ocr_carea' id='block_1_97' title="bbox 2001 3888 3582 3965">
    <p class='ocr_par' dir='ltr' id='par_1_97' title="bbox 2001 3888 3582 3965">
     <span class='ocr_line' id='line_1_97' title="bbox 2001 3888 3582 3965; baseline -0.003 -19"><span class='ocrx_word' id='word_1_729' title='bbox 2001 3894 2201 3965; x_wconf 84' lang='lat' dir='ltr'><strong>placere</strong></span> <span class='ocrx_word' id='word_1_730' title='bbox 2247 3892 2373 3944; x_wconf 77' lang='lat' dir='ltr'><strong>Deo.</strong></span> <span class='ocrx_word' id='word_1_731' title='bbox 2427 3888 2644 3944; x_wconf 78' lang='lat' dir='ltr'><strong>Credere</strong></span> <span class='ocrx_word' id='word_1_732' title='bbox 2687 3897 2858 3941; x_wconf 87' lang='lat' dir='ltr'><strong>autem</strong></span> <span class='ocrx_word' id='word_1_733' title='bbox 2908 3896 3104 3957; x_wconf 83' lang='lat' dir='ltr'><strong>oportet</strong></span> <span class='ocrx_word' id='word_1_734' title='bbox 3152 3888 3470 3941; x_wconf 80' lang='lat' dir='ltr'><strong>accedentem</strong></span> <span class='ocrx_word' id='word_1_735' title='bbox 3514 3888 3582 3941; x_wconf 83' lang='lat' dir='ltr'><strong>ad</strong></span> 
     </span>
    </p>
   </div>
   <div class='ocr_carea' id='block_1_98' title="bbox 2006 3980 3585 4054">
    <p class='ocr_par' dir='ltr' id='par_1_98' title="bbox 2006 3980 3585 4054">
     <span class='ocr_line' id='line_1_98' title="bbox 2006 3980 3585 4054; baseline -0.004 -13"><span class='ocrx_word' id='word_1_736' title='bbox 2006 3989 2191 4051; x_wconf 86' lang='lat' dir='ltr'><strong>Deum,</strong></span> <span class='ocrx_word' id='word_1_737' title='bbox 2240 3987 2360 4054; x_wconf 85' lang='lat' dir='ltr'><strong>quia</strong></span> <span class='ocrx_word' id='word_1_738' title='bbox 2405 3992 2498 4047; x_wconf 85' lang='lat' dir='ltr'><strong>est,</strong></span> <span class='ocrx_word' id='word_1_739' title='bbox 2548 3992 2592 4036; x_wconf 86' lang='lat' dir='ltr'><strong>et</strong></span> <span class='ocrx_word' id='word_1_740' title='bbox 2636 3980 3007 4049; x_wconf 83' lang='lat' dir='ltr'><strong>inquirentibus</strong></span> <span class='ocrx_word' id='word_1_741' title='bbox 3043 3997 3096 4034; x_wconf 87' lang='lat' dir='ltr'><strong>se</strong></span> <span class='ocrx_word' id='word_1_742' title='bbox 3138 3982 3203 4033; x_wconf 85' lang='lat' dir='ltr'><strong>sit</strong></span> <span class='ocrx_word' id='word_1_743' title='bbox 3239 3993 3585 4035; x_wconf 74' lang='lat' dir='ltr'><strong>remuneratur</strong></span> 
     </span>
    </p>
   </div>
   <div class='ocr_carea' id='block_1_99' title="bbox 2004 4071 3578 4149">
    <p class='ocr_par' dir='ltr' id='par_1_99' title="bbox 2004 4071 3578 4149">
     <span class='ocr_line' id='line_1_99' title="bbox 2004 4071 3578 4149; baseline -0.005 -16"><span class='ocrx_word' id='word_1_744' title='bbox 2004 4079 2187 4149; x_wconf 87' lang='lat' dir='ltr'><strong>(Hebr.</strong></span> <span class='ocrx_word' id='word_1_745' title='bbox 2223 4076 2321 4141; x_wconf 77' lang='lat' dir='ltr'><strong>XI).</strong></span> <span class='ocrx_word' id='word_1_746' title='bbox 2367 4075 2476 4129; x_wconf 73' lang='lat' dir='ltr'><strong>Nisi</strong></span> <span class='ocrx_word' id='word_1_747' title='bbox 2524 4072 2880 4136; x_wconf 74' lang='lat' dir='ltr'><strong>voluntariam</strong></span> <span class='ocrx_word' id='word_1_748' title='bbox 2912 4071 3255 4125; x_wconf 89' lang='lat' dir='ltr'><strong>devotionem</strong></span> <span class='ocrx_word' id='word_1_749' title='bbox 3305 4081 3358 4124; x_wconf 90' lang='lat' dir='ltr'><strong>et</strong></span> <span class='ocrx_word' id='word_1_750' title='bbox 3400 4072 3578 4125; x_wconf 63' lang='lat' dir='ltr'><strong>inteno</strong></span> 
     </span>
    </p>
   </div>
   <div class='ocr_carea' id='block_1_100' title="bbox 2006 4162 3584 4241">
    <p class='ocr_par' dir='ltr' id='par_1_100' title="bbox 2006 4162 3584 4241">
     <span class='ocr_line' id='line_1_100' title="bbox 2006 4162 3584 4241; baseline -0.007 -13"><span class='ocrx_word' id='word_1_751' title='bbox 2006 4175 2206 4228; x_wconf 88' lang='lat' dir='ltr'><strong>tionem</strong></span> <span class='ocrx_word' id='word_1_752' title='bbox 2237 4178 2522 4241; x_wconf 75' lang='lat' dir='ltr'><strong>quaereret,</strong></span> <span class='ocrx_word' id='word_1_753' title='bbox 2553 4167 3043 4221; x_wconf 88' lang='lat' dir='ltr'><strong>remunerationem</strong></span> <span class='ocrx_word' id='word_1_754' title='bbox 3095 4162 3299 4217; x_wconf 84' lang='lat' dir='ltr'><strong>homini</strong></span> <span class='ocrx_word' id='word_1_755' title='bbox 3343 4178 3447 4217; x_wconf 90' lang='lat' dir='ltr'><strong>non</strong></span> <span class='ocrx_word' id='word_1_756' title='bbox 3489 4162 3584 4217; x_wconf 89' lang='lat' dir='ltr'><strong>de-</strong></span> 
     </span>
    </p>
   </div>
   <div class='ocr_carea' id='block_1_101' title="bbox 2007 4255 3584 4328">
    <p class='ocr_par' dir='ltr' id='par_1_101' title="bbox 2007 4255 3584 4328">
     <span class='ocr_line' id='line_1_101' title="bbox 2007 4255 3584 4328; baseline -0.007 -7"><span class='ocrx_word' id='word_1_757' title='bbox 2007 4266 2192 4327; x_wconf 86' lang='lat' dir='ltr'><strong>ferret,</strong></span> <span class='ocrx_word' id='word_1_758' title='bbox 2231 4271 2286 4319; x_wconf 90' lang='lat' dir='ltr'><strong>et</strong></span> <span class='ocrx_word' id='word_1_759' title='bbox 2330 4263 2433 4316; x_wconf 89' lang='lat' dir='ltr'><strong>nisi</strong></span> <span class='ocrx_word' id='word_1_760' title='bbox 2462 4262 2509 4316; x_wconf 91' lang='lat' dir='ltr'><strong>ei</strong></span> <span class='ocrx_word' id='word_1_761' title='bbox 2551 4257 2751 4328; x_wconf 86' lang='lat' dir='ltr'><strong>aliquid</strong></span> <span class='ocrx_word' id='word_1_762' title='bbox 2783 4259 2927 4327; x_wconf 83' lang='lat' dir='ltr'><strong>prius</strong></span> <span class='ocrx_word' id='word_1_763' title='bbox 2974 4256 3113 4311; x_wconf 90' lang='lat' dir='ltr'><strong>unde</strong></span> <span class='ocrx_word' id='word_1_764' title='bbox 3156 4255 3325 4325; x_wconf 84' lang='lat' dir='ltr'><strong>possit</strong></span> <span class='ocrx_word' id='word_1_765' title='bbox 3374 4256 3584 4324; x_wconf 83' lang='lat' dir='ltr'><strong>placere</strong></span> 
     </span>
    </p>
   </div>
   <div class='ocr_carea' id='block_1_102' title="bbox 2007 4347 3587 4416">
    <p class='ocr_par' dir='ltr' id='par_1_102' title="bbox 2007 4347 3587 4416">
     <span class='ocr_line' id='line_1_102' title="bbox 2007 4347 3587 4416; baseline -0.009 0"><span class='ocrx_word' id='word_1_766' title='bbox 2007 4361 2298 4416; x_wconf 74' lang='lat' dir='ltr'><strong>tribuisset.</strong></span> <span class='ocrx_word' id='word_1_767' title='bbox 2336 4356 2469 4411; x_wconf 92' lang='lat' dir='ltr'><strong>Dum</strong></span> <span class='ocrx_word' id='word_1_768' title='bbox 2502 4365 2677 4409; x_wconf 90' lang='lat' dir='ltr'><strong>autem</strong></span> <span class='ocrx_word' id='word_1_769' title='bbox 2704 4352 2850 4415; x_wconf 89' lang='lat' dir='ltr'><strong>dicit,</strong></span> <span class='ocrx_word' id='word_1_770' title='bbox 2898 4359 3017 4404; x_wconf 84' lang='lat' dir='ltr'><strong>ante</strong></span> <span class='ocrx_word' id='word_1_771' title='bbox 3040 4349 3427 4403; x_wconf 81' lang='lat' dir='ltr'><strong>translationem</strong></span> <span class='ocrx_word' id='word_1_772' title='bbox 3452 4347 3587 4401; x_wconf 83' lang='lat' dir='ltr'><strong>enim</strong></span> 
     </span>
    </p>
   </div>
   <div class='ocr_carea' id='block_1_103' title="bbox 2009 4439 3588 4513">
    <p class='ocr_par' dir='ltr' id='par_1_103' title="bbox 2009 4439 3588 4513">
     <span class='ocr_line' id='line_1_103' title="bbox 2009 4439 3588 4513; baseline -0.009 -6"><span class='ocrx_word' id='word_1_773' title='bbox 2009 4451 2347 4507; x_wconf 81' lang='lat' dir='ltr'><strong>testimonium</strong></span> <span class='ocrx_word' id='word_1_774' title='bbox 2383 4447 2575 4511; x_wconf 78' lang='lat' dir='ltr'><strong>habuit,</strong></span> <span class='ocrx_word' id='word_1_775' title='bbox 2625 4446 2882 4513; x_wconf 77' lang='lat' dir='ltr'><strong>placuisse</strong></span> <span class='ocrx_word' id='word_1_776' title='bbox 2917 4442 3048 4506; x_wconf 85' lang='lat' dir='ltr'><strong>Deo,</strong></span> <span class='ocrx_word' id='word_1_777' title='bbox 3092 4439 3313 4494; x_wconf 85' lang='lat' dir='ltr'><strong>dubium</strong></span> <span class='ocrx_word' id='word_1_778' title='bbox 3356 4454 3463 4492; x_wconf 89' lang='lat' dir='ltr'><strong>non</strong></span> <span class='ocrx_word' id='word_1_779' title='bbox 3503 4447 3588 4493; x_wconf 86' lang='lat' dir='ltr'><strong>est</strong></span> 
     </span>
    </p>
   </div>
   <div class='ocr_carea' id='block_1_104' title="bbox 2006 4530 3589 4613">
    <p class='ocr_par' dir='ltr' id='par_1_104' title="bbox 2006 4530 3589 4613">
     <span class='ocr_line' id='line_1_104' title="bbox 2006 4530 3589 4613; baseline -0.008 -20"><span class='ocrx_word' id='word_1_780' title='bbox 2006 4542 2149 4613; x_wconf 84' lang='lat' dir='ltr'><strong>quod</strong></span> <span class='ocrx_word' id='word_1_781' title='bbox 2182 4540 2327 4609; x_wconf 87' lang='lat' dir='ltr'><strong>prius</strong></span> <span class='ocrx_word' id='word_1_782' title='bbox 2359 4538 2465 4591; x_wconf 86' lang='lat' dir='ltr'><strong>vita</strong></span> <span class='ocrx_word' id='word_1_783' title='bbox 2492 4537 2849 4598; x_wconf 90' lang='lat' dir='ltr'><strong>examinetur,</strong></span> <span class='ocrx_word' id='word_1_784' title='bbox 2875 4542 2931 4586; x_wconf 84' lang='lat' dir='ltr'><strong>et</strong></span> <span class='ocrx_word' id='word_1_785' title='bbox 2963 4534 3041 4586; x_wconf 90' lang='lat' dir='ltr'><strong>sic</strong></span> <span class='ocrx_word' id='word_1_786' title='bbox 3078 4530 3272 4586; x_wconf 89' lang='lat' dir='ltr'><strong>electio</strong></span> <span class='ocrx_word' id='word_1_787' title='bbox 3297 4530 3589 4598; x_wconf 66' lang='lat' dir='ltr'><strong>subsequao</strong></span> 
     </span>
    </p>
   </div>
   <div class='ocr_carea' id='block_1_105' title="bbox 2009 4620 3591 4701">
    <p class='ocr_par' dir='ltr' id='par_1_105' title="bbox 2009 4620 3591 4701">
     <span class='ocr_line' id='line_1_105' title="bbox 2009 4620 3591 4701; baseline -0.008 -13"><span class='ocrx_word' id='word_1_788' title='bbox 2009 4646 2113 4688; x_wconf 89' lang='lat' dir='ltr'><strong>tur.</strong></span> <span class='ocrx_word' id='word_1_789' title='bbox 2139 4634 2194 4687; x_wconf 87' lang='grc' dir='ltr'><strong>ιιι</strong></span> <span class='ocrx_word' id='word_1_790' title='bbox 2223 4628 2571 4701; x_wconf 88' lang='lat' dir='ltr'><strong>persuasione</strong></span> <span class='ocrx_word' id='word_1_791' title='bbox 2599 4623 3084 4695; x_wconf 83' lang='lat' dir='ltr'><strong>praedestinationis</strong></span> <span class='ocrx_word' id='word_1_792' title='bbox 3114 4622 3268 4677; x_wconf 74' lang='lat' dir='ltr'><strong>facile</strong></span> <span class='ocrx_word' id='word_1_793' title='bbox 3296 4620 3591 4677; x_wconf 83' lang='lat' dir='ltr'><strong>declinabi-</strong></span> 
     </span>
    </p>
   </div>
   <div class='ocr_carea' id='block_1_106' title="bbox 2009 4713 3586 4787">
    <p class='ocr_par' dir='ltr' id='par_1_106' title="bbox 2009 4713 3586 4787">
     <span class='ocr_line' id='line_1_106' title="bbox 2009 4713 3586 4787; baseline -0.01 -6"><span class='ocrx_word' id='word_1_794' title='bbox 2009 4735 2096 4781; x_wconf 89' lang='lat' dir='ltr'><strong>tur</strong></span> <span class='ocrx_word' id='word_1_795' title='bbox 2117 4738 2268 4781; x_wconf 88' lang='lat' dir='ltr'><strong>error</strong></span> <span class='ocrx_word' id='word_1_796' title='bbox 2290 4720 2573 4786; x_wconf 87' lang='lat' dir='ltr'><strong>accedens,</strong></span> <span class='ocrx_word' id='word_1_797' title='bbox 2611 4720 2653 4773; x_wconf 87' lang='lat' dir='ltr'><strong>si</strong></span> <span class='ocrx_word' id='word_1_798' title='bbox 2682 4718 3043 4787; x_wconf 81' lang='lat' dir='ltr'><strong>interrogetur</strong></span> <span class='ocrx_word' id='word_1_799' title='bbox 3069 4728 3229 4770; x_wconf 90' lang='lat' dir='ltr'><strong>causa</strong></span> <span class='ocrx_word' id='word_1_800' title='bbox 3260 4713 3586 4781; x_wconf 71' lang='lat' dir='ltr'><strong>prtecedeus.</strong></span> 
     </span>
    </p>
   </div>
   <div class='ocr_carea' id='block_1_107' title="bbox 2010 4808 3591 4885">
    <p class='ocr_par' dir='ltr' id='par_1_107' title="bbox 2010 4808 3591 4885">
     <span class='ocr_line' id='line_1_107' title="bbox 2010 4808 3591 4885; baseline -0.008 -13"><span class='ocrx_word' id='word_1_801' title='bbox 2010 4815 2392 4885; x_wconf 76' lang='lat' dir='ltr'><strong>Inquirentith</strong></span> <span class='ocrx_word' id='word_1_802' title='bbox 2438 4828 2493 4867; x_wconf 76' lang='lat' dir='ltr'><strong>se</strong></span> <span class='ocrx_word' id='word_1_803' title='bbox 2537 4817 2885 4865; x_wconf 83' lang='lat' dir='ltr'><strong>remunerator</strong></span> <span class='ocrx_word' id='word_1_804' title='bbox 2935 4808 3023 4874; x_wconf 79' lang='lat' dir='ltr'><strong>sit,</strong></span> <span class='ocrx_word' id='word_1_805' title='bbox 3073 4823 3194 4862; x_wconf 90' lang='lat' dir='ltr'><strong>cum</strong></span> <span class='ocrx_word' id='word_1_806' title='bbox 3242 4819 3436 4875; x_wconf 72' lang='lat' dir='ltr'><strong>magno</strong></span> <span class='ocrx_word' id='word_1_807' title='bbox 3484 4818 3591 4859; x_wconf 92' lang='lat' dir='ltr'><strong>non</strong></span> 
     </span>
    </p>
   </div>
   <div class='ocr_carea' id='block_1_108' title="bbox 2011 4896 3592 4971">
    <p class='ocr_par' dir='ltr' id='par_1_108' title="bbox 2011 4896 3592 4971">
     <span class='ocr_line' id='line_1_108' title="bbox 2011 4896 3592 4971; baseline -0.009 -7"><span class='ocrx_word' id='word_1_808' title='bbox 2011 4909 2164 4965; x_wconf 88' lang='lat' dir='ltr'><strong>deest</strong></span> <span class='ocrx_word' id='word_1_809' title='bbox 2190 4906 2416 4960; x_wconf 89' lang='lat' dir='ltr'><strong>crimine</strong></span> <span class='ocrx_word' id='word_1_810' title='bbox 2466 4919 2572 4957; x_wconf 92' lang='lat' dir='ltr'><strong>non</strong></span> <span class='ocrx_word' id='word_1_811' title='bbox 2610 4900 2893 4971; x_wconf 64' lang='lat' dir='ltr'><strong>querenti,</strong></span> <span class='ocrx_word' id='word_1_812' title='bbox 2940 4898 3060 4970; x_wconf 87' lang='lat' dir='ltr'><strong>quia</strong></span> <span class='ocrx_word' id='word_1_813' title='bbox 3104 4896 3251 4953; x_wconf 90' lang='lat' dir='ltr'><strong>dedit</strong></span> <span class='ocrx_word' id='word_1_814' title='bbox 3299 4897 3439 4951; x_wconf 90' lang='lat' dir='ltr'><strong>unde</strong></span> <span class='ocrx_word' id='word_1_815' title='bbox 3482 4910 3592 4950; x_wconf 88' lang='lat' dir='ltr'><strong>non</strong></span> 
     </span>
    </p>
   </div>
   <div class='ocr_carea' id='block_1_109' title="bbox 2012 4987 3595 5069">
    <p class='ocr_par' dir='ltr' id='par_1_109' title="bbox 2012 4987 3595 5069">
     <span class='ocr_line' id='line_1_109' title="bbox 2012 4987 3595 5069; baseline -0.006 -18"><span class='ocrx_word' id='word_1_816' title='bbox 2012 4999 2176 5069; x_wconf 84' lang='lat' dir='ltr'><strong>possit</strong></span> <span class='ocrx_word' id='word_1_817' title='bbox 2201 4996 2416 5067; x_wconf 90' lang='lat' dir='ltr'><strong>inquiri.</strong></span> <span class='ocrx_word' id='word_1_818' title='bbox 2467 4994 2689 5060; x_wconf 82' lang='lat' dir='ltr'><strong>Qualem</strong></span> <span class='ocrx_word' id='word_1_819' title='bbox 2734 5001 3093 5060; x_wconf 85' lang='lat' dir='ltr'><strong>quantamque</strong></span> <span class='ocrx_word' id='word_1_820' title='bbox 3124 4989 3284 5044; x_wconf 84' lang='lat' dir='ltr'><strong>homo</strong></span> <span class='ocrx_word' id='word_1_821' title='bbox 3318 5001 3349 5042; x_wconf 89' lang='lat' dir='ltr'><strong>a</strong></span> <span class='ocrx_word' id='word_1_822' title='bbox 3381 4987 3490 5042; x_wconf 86' lang='lat' dir='ltr'><strong>Deo</strong></span> <span class='ocrx_word' id='word_1_823' title='bbox 3516 4987 3595 5042; x_wconf 80' lang='lat' dir='ltr'><strong>le-</strong></span> 
     </span>
    </p>
   </div>
   <div class='ocr_carea' id='block_1_110' title="bbox 2010 5079 3593 5164">
    <p class='ocr_par' dir='ltr' id='par_1_110' title="bbox 2010 5079 3593 5164">
     <span class='ocr_line' id='line_1_110' title="bbox 2010 5079 3593 5164; baseline -0.008 -17"><span class='ocrx_word' id='word_1_824' title='bbox 2010 5108 2130 5164; x_wconf 80' lang='lat' dir='ltr'><strong>gem</strong></span> <span class='ocrx_word' id='word_1_825' title='bbox 2160 5091 2330 5161; x_wconf 85' lang='lat' dir='ltr'><strong>prima</strong></span> <span class='ocrx_word' id='word_1_826' title='bbox 2356 5086 2661 5143; x_wconf 88' lang='lat' dir='ltr'><strong>conditione</strong></span> <span class='ocrx_word' id='word_1_827' title='bbox 2688 5084 3004 5153; x_wconf 79' lang='lat' dir='ltr'><strong>susceperit,</strong></span> <span class='ocrx_word' id='word_1_828' title='bbox 3040 5081 3272 5151; x_wconf 90' lang='lat' dir='ltr'><strong>perfecta</strong></span> <span class='ocrx_word' id='word_1_829' title='bbox 3295 5080 3457 5135; x_wconf 87' lang='lat' dir='ltr'><strong>etiam</strong></span> <span class='ocrx_word' id='word_1_830' title='bbox 3480 5079 3593 5134; x_wconf 77' lang='lat' dir='ltr'><strong>Noe</strong></span> 
     </span>
    </p>
   </div>
   <div class='ocr_carea' id='block_1_111' title="bbox 2011 5173 3593 5257">
    <p class='ocr_par' dir='ltr' id='par_1_111' title="bbox 2011 5173 3593 5257">
     <span class='ocr_line' id='line_1_111' title="bbox 2011 5173 3593 5257; baseline -0.01 -17"><span class='ocrx_word' id='word_1_831' title='bbox 2011 5184 2217 5257; x_wconf 85' lang='lat' dir='ltr'><strong>justitia</strong></span> <span class='ocrx_word' id='word_1_832' title='bbox 2242 5180 2556 5245; x_wconf 84' lang='lat' dir='ltr'><strong>declaravit,</strong></span> <span class='ocrx_word' id='word_1_833' title='bbox 2587 5178 2706 5250; x_wconf 83' lang='lat' dir='ltr'><strong>quia</strong></span> <span class='ocrx_word' id='word_1_834' title='bbox 2739 5177 3006 5247; x_wconf 79' lang='lat' dir='ltr'><strong>generalia</strong></span> <span class='ocrx_word' id='word_1_835' title='bbox 3040 5175 3160 5229; x_wconf 89' lang='lat' dir='ltr'><strong>fidei</strong></span> <span class='ocrx_word' id='word_1_836' title='bbox 3196 5174 3333 5229; x_wconf 87' lang='lat' dir='ltr'><strong>dona</strong></span> <span class='ocrx_word' id='word_1_837' title='bbox 3373 5173 3593 5243; x_wconf 87' lang='lat' dir='ltr'><strong>speciali</strong></span> 
     </span>
    </p>
   </div>
   <div class='ocr_carea' id='block_1_112' title="bbox 2015 5266 3592 5335">
    <p class='ocr_par' dir='ltr' id='par_1_112' title="bbox 2015 5266 3592 5335">
     <span class='ocr_line' id='line_1_112' title="bbox 2015 5266 3592 5335; baseline -0.011 -3"><span class='ocrx_word' id='word_1_838' title='bbox 2015 5278 2069 5332; x_wconf 86' lang='lat' dir='ltr'><strong>in</strong></span> <span class='ocrx_word' id='word_1_839' title='bbox 2099 5292 2158 5331; x_wconf 87' lang='lat' dir='ltr'><strong>se</strong></span> <span class='ocrx_word' id='word_1_840' title='bbox 2187 5274 2365 5330; x_wconf 88' lang='lat' dir='ltr'><strong>studio</strong></span> <span class='ocrx_word' id='word_1_841' title='bbox 2392 5273 2644 5328; x_wconf 83' lang='lat' dir='ltr'><strong>virtutum</strong></span> <span class='ocrx_word' id='word_1_842' title='bbox 2694 5279 2928 5325; x_wconf 88' lang='lat' dir='ltr'><strong>sectator</strong></span> <span class='ocrx_word' id='word_1_843' title='bbox 2958 5267 3211 5323; x_wconf 81' lang='lat' dir='ltr'><strong>excoluit.</strong></span> <span class='ocrx_word' id='word_1_844' title='bbox 3262 5266 3426 5335; x_wconf 87' lang='lat' dir='ltr'><strong>Cujus</strong></span> <span class='ocrx_word' id='word_1_845' title='bbox 3457 5273 3592 5316; x_wconf 69' lang='lat' dir='ltr'><strong>tetn~</strong></span> 
     </span>
    </p>
   </div>
   <div class='ocr_carea' id='block_1_113' title="bbox 2017 5358 3595 5438">
    <p class='ocr_par' dir='ltr' id='par_1_113' title="bbox 2017 5358 3595 5438">
     <span class='ocr_line' id='line_1_113' title="bbox 2017 5358 3595 5438; baseline -0.012 -16"><span class='ocrx_word' id='word_1_846' title='bbox 2017 5381 2297 5438; x_wconf 76' lang='lat' dir='ltr'><strong>porecum</strong></span> <span class='ocrx_word' id='word_1_847' title='bbox 2336 5363 2665 5433; x_wconf 87' lang='lat' dir='ltr'><strong>corrupisset</strong></span> <span class='ocrx_word' id='word_1_848' title='bbox 2694 5361 2873 5415; x_wconf 87' lang='lat' dir='ltr'><strong>outnis</strong></span> <span class='ocrx_word' id='word_1_849' title='bbox 2919 5373 3044 5414; x_wconf 83' lang='lat' dir='ltr'><strong>caro</strong></span> <span class='ocrx_word' id='word_1_850' title='bbox 3069 5358 3207 5411; x_wconf 82' lang='lat' dir='ltr'><strong>viam</strong></span> <span class='ocrx_word' id='word_1_851' title='bbox 3250 5370 3400 5410; x_wconf 78' lang='lat' dir='ltr'><strong>suam</strong></span> <span class='ocrx_word' id='word_1_852' title='bbox 3431 5366 3595 5421; x_wconf 82' lang='lat' dir='ltr'><strong>super</strong></span> 
     </span>
    </p>
   </div>
   <div class='ocr_carea' id='block_1_114' title="bbox 311 5443 3595 5532">
    <p class='ocr_par' dir='ltr' id='par_1_114' title="bbox 311 5443 3595 5532">
     <span class='ocr_line' id='line_1_114' title="bbox 311 5443 3595 5532; baseline -0.005 -17"><span class='ocrx_word' id='word_1_853' title='bbox 311 5464 638 5532; x_wconf 89' lang='lat' dir='ltr'><strong>ingenitutn.</strong></span> <span class='ocrx_word' id='word_1_854' title='bbox 695 5464 766 5518; x_wconf 86' lang='lat' dir='ltr'><strong>Et</strong></span> <span class='ocrx_word' id='word_1_855' title='bbox 806 5465 927 5518; x_wconf 89' lang='lat' dir='ltr'><strong>ideo</strong></span> <span class='ocrx_word' id='word_1_856' title='bbox 961 5463 1117 5532; x_wconf 84' lang='lat' dir='ltr'><strong>juxta</strong></span> <span class='ocrx_word' id='word_1_857' title='bbox 1150 5464 1287 5517; x_wconf 89' lang='lat' dir='ltr'><strong>hanc</strong></span> <span class='ocrx_word' id='word_1_858' title='bbox 1324 5463 1587 5516; x_wconf 87' lang='lat' dir='ltr'><strong>rationem</strong></span> <span class='ocrx_word' id='word_1_859' title='bbox 1616 5460 1785 5529; x_wconf 82' lang='lat' dir='ltr'><strong>magis</strong></span> <span class='ocrx_word' id='word_1_860' title='bbox 1815 5460 1915 5515; x_wconf 86' lang='lat' dir='ltr'><strong>du-</strong></span> <span class='ocrx_word' id='word_1_861' title='bbox 1967 5496 1980 5512; x_wconf 92' lang='lat'><strong>.</strong></span> <span class='ocrx_word' id='word_1_862' title='bbox 2017 5472 2241 5527; x_wconf 85' lang='lat' dir='ltr'><strong>terram,</strong></span> <span class='ocrx_word' id='word_1_863' title='bbox 2279 5458 2551 5513; x_wconf 86' lang='lat' dir='ltr'><strong>damnatio</strong></span> <span class='ocrx_word' id='word_1_864' title='bbox 2589 5463 2771 5511; x_wconf 81' lang='lat' dir='ltr'><strong>secuta</strong></span> <span class='ocrx_word' id='word_1_865' title='bbox 2818 5469 2923 5508; x_wconf 87' lang='lat' dir='ltr'><strong>non</strong></span> <span class='ocrx_word' id='word_1_866' title='bbox 2972 5456 3137 5515; x_wconf 83' lang='lat' dir='ltr'><strong>esset,</strong></span> <span class='ocrx_word' id='word_1_867' title='bbox 3196 5448 3296 5502; x_wconf 89' lang='lat' dir='ltr'><strong>nisi</strong></span> <span class='ocrx_word' id='word_1_868' title='bbox 3341 5443 3595 5517; x_wconf 41' lang='lat' dir='ltr'><strong>primaria</strong></span> 
     </span>
    </p>
   </div>
   <div class='ocr_carea' id='block_1_115' title="bbox 312 5554 1910 5627">
    <p class='ocr_par' dir='ltr' id='par_1_115' title="bbox 312 5554 1910 5627">
     <span class='ocr_line' id='line_1_115' title="bbox 312 5554 1910 5627; baseline 0 -20"><span class='ocrx_word' id='word_1_869' title='bbox 312 5557 442 5626; x_wconf 79' lang='lat' dir='ltr'><strong>plex</strong></span> <span class='ocrx_word' id='word_1_870' title='bbox 469 5567 640 5611; x_wconf 78' lang='lat' dir='ltr'><strong>status</strong></span> <span class='ocrx_word' id='word_1_871' title='bbox 666 5556 901 5611; x_wconf 88' lang='lat' dir='ltr'><strong>hominis</strong></span> <span class='ocrx_word' id='word_1_872' title='bbox 926 5565 1170 5627; x_wconf 86' lang='lat' dir='ltr'><strong>apparet,</strong></span> <span class='ocrx_word' id='word_1_873' title='bbox 1210 5558 1294 5610; x_wconf 91' lang='lat' dir='ltr'><strong>cui</strong></span> <span class='ocrx_word' id='word_1_874' title='bbox 1335 5555 1451 5610; x_wconf 88' lang='lat' dir='ltr'><strong>haec</strong></span> <span class='ocrx_word' id='word_1_875' title='bbox 1480 5556 1549 5609; x_wconf 91' lang='lat' dir='ltr'><strong>ita</strong></span> <span class='ocrx_word' id='word_1_876' title='bbox 1578 5554 1910 5621; x_wconf 88' lang='lat' dir='ltr'><strong>inseruntur,</strong></span> 
     </span>
    </p>
   </div>
   <div class='ocr_carea' id='block_1_116' title="bbox 314 5648 1911 5718">
    <p class='ocr_par' dir='ltr' id='par_1_116' title="bbox 314 5648 1911 5718">
     <span class='ocr_line' id='line_1_116' title="bbox 314 5648 1911 5718; baseline 0.001 -18"><span class='ocrx_word' id='word_1_877' title='bbox 314 5656 383 5701; x_wconf 89' lang='lat' dir='ltr'><strong>ut</strong></span> <span class='ocrx_word' id='word_1_878' title='bbox 408 5661 727 5715; x_wconf 87' lang='lat' dir='ltr'><strong>separentur</strong></span> <span class='ocrx_word' id='word_1_879' title='bbox 756 5650 950 5718; x_wconf 63' lang='lat' dir='ltr'><strong>saepius</strong></span> <span class='ocrx_word' id='word_1_880' title='bbox 975 5660 1030 5705; x_wconf 91' lang='lat' dir='ltr'><strong>et</strong></span> <span class='ocrx_word' id='word_1_881' title='bbox 1060 5649 1390 5703; x_wconf 84' lang='lat' dir='ltr'><strong>auferantur.</strong></span> <span class='ocrx_word' id='word_1_882' title='bbox 1432 5648 1627 5703; x_wconf 87' lang='lat' dir='ltr'><strong>Errant</strong></span> <span class='ocrx_word' id='word_1_883' title='bbox 1666 5662 1794 5715; x_wconf 78' lang='lat' dir='ltr'><strong>ergo</strong></span> <span class='ocrx_word' id='word_1_884' title='bbox 1820 5648 1911 5716; x_wconf 80' lang='lat' dir='ltr'><strong>qui</strong></span> 
     </span>
    </p>
   </div>
   <div class='ocr_carea' id='block_1_117' title="bbox 307 5740 1909 5811">
    <p class='ocr_par' dir='ltr' id='par_1_117' title="bbox 307 5740 1909 5811">
     <span class='ocr_line' id='line_1_117' title="bbox 307 5740 1909 5811; baseline 0.001 -18"><span class='ocrx_word' id='word_1_885' title='bbox 307 5740 583 5810; x_wconf 72' lang='lat' dir='ltr'><strong>justiteatn</strong></span> <span class='ocrx_word' id='word_1_886' title='bbox 644 5740 983 5811; x_wconf 77' lang='lat' dir='ltr'><strong>reliquasque</strong></span> <span class='ocrx_word' id='word_1_887' title='bbox 1033 5741 1257 5796; x_wconf 86' lang='lat' dir='ltr'><strong>virtutes</strong></span> <span class='ocrx_word' id='word_1_888' title='bbox 1306 5741 1498 5797; x_wconf 75' lang='lat' dir='ltr'><strong>anima:</strong></span> <span class='ocrx_word' id='word_1_889' title='bbox 1556 5748 1742 5811; x_wconf 88' lang='lat' dir='ltr'><strong>putant</strong></span> <span class='ocrx_word' id='word_1_890' title='bbox 1788 5754 1909 5796; x_wconf 80' lang='lat' dir='ltr'><strong>esse</strong></span> 
     </span>
    </p>
   </div>
   <div class='ocr_carea' id='block_1_118' title="bbox 2013 5536 3595 5615">
    <p class='ocr_par' dir='ltr' id='par_1_118' title="bbox 2013 5536 3595 5615">
     <span class='ocr_line' id='line_1_118' title="bbox 2013 5536 3595 5615; baseline -0.012 -7"><span class='ocrx_word' id='word_1_891' title='bbox 2013 5553 2155 5608; x_wconf 86' lang='lat' dir='ltr'><strong>catio</strong></span> <span class='ocrx_word' id='word_1_892' title='bbox 2199 5566 2267 5606; x_wconf 82' lang='lat' dir='ltr'><strong>ex</strong></span> <span class='ocrx_word' id='word_1_893' title='bbox 2312 5549 2534 5605; x_wconf 85' lang='lat' dir='ltr'><strong>arbitrio</strong></span> <span class='ocrx_word' id='word_1_894' title='bbox 2577 5547 2813 5602; x_wconf 85' lang='lat' dir='ltr'><strong>hominis</strong></span> <span class='ocrx_word' id='word_1_895' title='bbox 2854 5543 3237 5615; x_wconf 84' lang='lat' dir='ltr'><strong>prarcessissct.</strong></span> <span class='ocrx_word' id='word_1_896' title='bbox 3290 5536 3437 5593; x_wconf 80' lang='lat' dir='ltr'><strong>Sicut</strong></span> <span class='ocrx_word' id='word_1_897' title='bbox 3464 5550 3595 5605; x_wconf 78' lang='lat' dir='ltr'><strong>ergo</strong></span> 
     </span>
    </p>
   </div>
   <div class='ocr_carea' id='block_1_119' title="bbox 1989 5618 3587 5714">
    <p class='ocr_par' dir='ltr' id='par_1_119' title="bbox 1989 5618 3587 5714">
     <span class='ocr_line' id='line_1_119' title="bbox 1989 5618 3587 5714; baseline -0.012 -14"><span class='ocrx_word' id='word_1_898' title='bbox 1989 5618 2170 5714; x_wconf 55' lang='lat' dir='ltr'><strong>(culpa</strong></span> <span class='ocrx_word' id='word_1_899' title='bbox 2200 5656 2412 5712; x_wconf 66' lang='lat' dir='ltr'><strong>poenam</strong></span> <span class='ocrx_word' id='word_1_900' title='bbox 2459 5648 2717 5705; x_wconf 82' lang='lat' dir='ltr'><strong>meretur,</strong></span> <span class='ocrx_word' id='word_1_901' title='bbox 2766 5638 2833 5692; x_wconf 91' lang='lat' dir='ltr'><strong>ita</strong></span> <span class='ocrx_word' id='word_1_902' title='bbox 2879 5635 3035 5704; x_wconf 79' lang='lat' dir='ltr'><strong>culpa</strong></span> <span class='ocrx_word' id='word_1_903' title='bbox 3081 5646 3294 5703; x_wconf 75' lang='lat' dir='ltr'><strong>poenam</strong></span> <span class='ocrx_word' id='word_1_904' title='bbox 3344 5638 3587 5693; x_wconf 83' lang='lat' dir='ltr'><strong>testatur,</strong></span> 
     </span>
    </p>
   </div>
   <div class='ocr_carea' id='block_1_120' title="bbox 2015 5726 3590 5812">
    <p class='ocr_par' dir='ltr' id='par_1_120' title="bbox 2015 5726 3590 5812">
     <span class='ocr_line' id='line_1_120' title="bbox 2015 5726 3590 5812; baseline -0.009 -18"><span class='ocrx_word' id='word_1_905' title='bbox 2015 5755 2131 5810; x_wconf 70' lang='lat' dir='ltr'><strong>qux</strong></span> <span class='ocrx_word' id='word_1_906' title='bbox 2165 5753 2261 5812; x_wconf 87' lang='lat' dir='ltr'><strong>pro</strong></span> <span class='ocrx_word' id='word_1_907' title='bbox 2288 5735 2539 5807; x_wconf 67' lang='lat' dir='ltr'><strong>(equitate</strong></span> <span class='ocrx_word' id='word_1_908' title='bbox 2564 5730 2915 5791; x_wconf 78' lang='lat' dir='ltr'><strong>moderatoris</strong></span> <span class='ocrx_word' id='word_1_909' title='bbox 2953 5728 3199 5785; x_wconf 87' lang='lat' dir='ltr'><strong>infertur.</strong></span> <span class='ocrx_word' id='word_1_910' title='bbox 3244 5726 3379 5784; x_wconf 86' lang='lat' dir='ltr'><strong>Dum</strong></span> <span class='ocrx_word' id='word_1_911' title='bbox 3409 5735 3590 5781; x_wconf 87' lang='lat' dir='ltr'><strong>autem</strong></span> 
     </span>
    </p>
   </div>
  </div>
