4002 6188
439 292 540 347 827

1660 274 1718 329 S.
1760 266 2007 327 FAUS'I'I
2047 264 2448 322 RIlEGlENSIS

3596 253 3693 309 8'18

438 374 565 459 dicit
609 414 788 456 sermo
830 397 1039 451 divinus
1097 411 1109 445 :
1157 391 1337 444 Omnis
1377 406 1495 442 raro
1540 393 1838 455 corruperat
1879 384 2010 436 viam
2041 386 2088 442 Α
2121 382 2405 435 hilominus
2428 374 2667 446 potuisse
2691 383 2787 441 per
2817 365 3072 425 studium.
3119 367 3282 437 Certe
3309 362 3507 417 nullum
3534 363 3589 417 in
3612 364 3697 419 illa

441 498 584 537 suam
609 480 762 551 (Gen.
795 477 891 544 vi),
933 472 1235 542 iniquitates
1266 470 1405 523 illius
1432 466 1687 535 temporis
1717 480 1822 518 non
1851 465 2022 531 impo-

443 576 558 625 sitze
599 567 924 631 delinitioni,
974 564 1067 617 sed
1114 561 1428 616 voluntariae
1478 559 1704 626 imputat
1752 555 2016 623 pravitati.

448 665 641 731 Legem
672 661 849 727 itaque
896 658 1086 710 littera:
1114 656 1316 721 absque
1342 650 1505 705 dubio
1548 648 1781 703 crelestis
1810 647 2024 714 dispen-

448 753 584 806 satio
613 768 715 805 non
748 748 1002 811 dedisset,
1038 745 1139 798 nisi
1189 744 1355 813 legem
1389 750 1591 795 natura:
1635 736 2026 806 interpellasset

447 858 616 913 usque
644 844 707 896 ad
738 842 869 895 iram
897 839 1080 893 diluvii
1110 835 1360 906 perducta
1388 832 1766 902 transgressio.
1796 829 2025 896 Ideoque

451 937 564 988 haec
607 933 689 987 lex
723 931 916 1001 Moysi,
963 942 1083 999 qua).
1126 926 1291 995 prima
1339 923 1594 987 creditur,
1639 922 1748 991 jam
1794 916 2024 975 secunda

449 1040 547 1085 est.
578 1029 723 1097 Opus
755 1029 929 1095 itaque
961 1020 1215 1078 naturalis
1242 1019 1372 1089 lrgis
1395 1019 1445 1071 in
1477 1016 1727 1072 cordibus
1754 1013 2026 1069 hominum

453 1122 507 1177 fu
532 1136 620 1175 sse
641 1135 742 1173 con
775 1120 1027 1185 crip'um,
1047 1113 1207 1167 etiam
1232 1110 1571 1165 beatissimus
1586 1105 1827 1177 pontifex
1842 1106 2029 1173 Angu-

453 1212 627 1266 stinus
653 1207 967 1263 doctissimo
1006 1216 1254 1257 sermone
1298 1199 1652 1269 prosequitur,
1696 1196 1766 1251 ita
1803 1194 2025 1249 dicens:

457 1301 756 1369 Utrumque
782 1297 942 1352 sitnul
981 1295 1148 1348 currit
1187 1293 1239 1345 in
1272 1292 1372 1344 isto
1410 1290 1565 1343 alveo
1602 1297 1763 1354 atque
1797 1292 2031 1339 torrente

455 1392 669 1461 generis
706 1388 943 1451 humani,
992 1387 1187 1438 malum
1231 1381 1372 1451 quod
1402 1395 1431 1433 a
1456 1386 1674 1447 parente
1704 1375 1953 1436 trahitur,
1981 1382 2035 1426 et

462 1486 656 1537 bonum
686 1480 828 1550 quod
859 1495 885 1530 a
917 1485 1133 1532 creante
1156 1474 1423 1527 tribuitur.
1457 1472 1585 1524 Item
1617 1467 1814 1521 nullius
1835 1467 2033 1535 quippe

460 1578 641 1628 vitium
688 1574 759 1625 ita
805 1579 990 1624 contra
1041 1576 1283 1621 naturam
1334 1571 1444 1628 est,
1510 1569 1567 1615 ut
1614 1569 1815 1613 natura:
1861 1557 2039 1610 deleat

458 1669 618 1721 etiam
670 1668 907 1718 extrema
959 1658 1203 1728 vestigia.
1259 1654 1390 1709 Nam
1440 1654 1563 1707 hinc
1596 1661 1651 1705 et
1692 1649 1833 1718 quod
1874 1648 2033 1702 etiam

2124 483 2278 527 astate
2306 470 2479 524 fatalis
2507 466 2821 523 constitutio
2846 465 3020 520 locum
3050 463 3257 518 habuit.
3288 460 3418 516 Nam
3441 460 3561 529 quia
3585 462 3701 514 uni-

2125 563 2343 617 versalis
2370 560 2542 615 fuerat
2571 559 2845 628 praemissa
2876 554 3251 624 transgressio,
3283 550 3601 605 un'versalis
3623 555 3699 605 est

2126 661 2305 706 secuta
2353 650 2645 704 damnatio.
2699 647 2979 715 Quomodo
3022 644 3158 698 dicis
3205 641 3346 711 quod
3401 650 3701 695 assumatur

2127 758 2261 798 unus
2294 750 2346 797 et
2375 741 2509 795 alius
2554 738 2924 807 relinquatur?
2975 736 3106 790 Vide
3135 730 3584 804 quemadmodum
3618 746 3704 783 cx-

2128 843 2281 901 cepta
2326 832 2455 901 justi
2505 830 2723 897 familia,
2772 838 2915 882 totus
2964 826 3109 882 orbis
3158 834 3382 893 cegente
3427 822 3707 891 iniquitate

2129 923 2355 977 deletur.
2410 920 2542 974 Illud
2573 934 2703 989 ergo
2736 918 2875 987 quod
2907 917 3107 971 asseris
3147 915 3377 984 speciale
3409 914 3705 975 decretura,

2130 1012 2429 1068 excluditur
2463 1025 2556 1080 per
2583 1009 2834 1080 generale
2861 1007 3141 1077 judicium.
3169 1005 3235 1059 Et
3260 1004 3350 1074 qui
3386 1018 3482 1072 pro
3512 1004 3710 1071 impro-

2132 1105 2297 1160 bitate
2324 1103 2630 1167 damnatur,
2662 1101 2856 1156 bonum
2890 1099 3065 1154 facere
3095 1098 3328 1167 potuisse
3356 1094 3707 1150 convincitur.

2714 1236 2943 1292 CAPUT
2981 1236 3115 1289 Vill.

2138 1333 2213 1385 De
2240 1348 2299 1385 eo
2327 1333 2462 1397 quod
2490 1341 2688 1385 natura:
2735 1331 2893 1399 legem
2934 1330 2986 1381 in
3038 1329 3199 1394 primo
3238 1328 3440 1381 homine
3480 1334 3712 1399 asjerunt

2206 1396 2474 1464 interiisse,
2499 1418 2586 1453 nec
2610 1418 2699 1470 per
2722 1396 2947 1468 posteros
2976 1399 3215 1469 viguisse,
3241 1414 3392 1466 usque
3424 1399 3492 1449 ad
3527 1396 3712 1451 Salta-

2210 1474 2331 1525 toris
2358 1473 2647 1524 adventum.

2211 1562 2315 1619 Sed
2343 1562 2476 1616 dicis
2505 1560 2763 1614 naturalia
2789 1559 2923 1613 bona
2947 1557 3414 1612 commemoranda
3440 1572 3545 1611 non
3573 1571 3712 1619 esse,

2139 1656 2259 1723 quia
2288 1663 2411 1708 ante
2454 1652 2739 1706 adventum
2785 1648 2982 1704 Christi
3034 1664 3366 1718 nequaquam
3418 1659 3608 1716 gentes
3648 1648 3713 1701 ad

462 1758 605 1827 impii
633 1756 865 1823 cogitant
892 1765 1113 1813 aazerna,
1159 1764 1221 1803 ac
1250 1744 1591 1817 prmdicanda
1618 1743 1780 1799 etiam
1828 1742 1879 1793 in
1908 1755 2037 1809 prte-
2069 1748 2112 1807 Β
2142 1744 2366 1799 salutem
2402 1742 2721 1813 pertinuisse
2752 1740 3089 1794 manifestum
3117 1749 3218 1794 est.
3266 1739 3364 1805 Qui
3394 1749 3637 1791 naturam
3666 1736 3715 1788 in

461 1822 595 1901 senti
623 1822 821 1899 saeculo
856 1843 976 1911 jura
1002 1838 1352 1900 constituunt,
1396 1845 1449 1892 et
1478 1836 1643 1890 multa
1684 1842 1829 1888 recte
1858 1843 2038 1899 repre-
2076 1822 2079 1823 ⁷

471 1935 745 1997 hendunt,
792 1944 1044 2000 recteque
1088 1928 1305 1982 laudant
1352 1927 1404 1980 in
1452 1926 1728 1978 hominum
1776 1921 2037 1976 moribus.

463 2026 668 2092 Quibus
695 2039 755 2076 ea
786 2020 1001 2075 tandem
1034 2018 1234 2088 regulis
1261 2016 1520 2084 iudicant,
1560 2015 1659 2069 nisi
1688 2011 2038 2078 naturalibus,

466 2116 518 2169 in
551 2114 741 2183 quibus
770 2112 951 2165 vident
996 2106 1447 2179 quemadmodum
1492 2105 1717 2173 quisque
1748 2106 1925 2158 vivere
1950 2103 2042 2157 de-

467 2209 610 2272 beat,
640 2206 799 2259 etiam
830 2202 874 2258 si
902 2217 999 2257 nec
1029 2202 1127 2270 ipsi
1159 2199 1350 2255 eodem
1378 2198 1536 2252 modo
1562 2196 1779 2251 vivant?
1810 2194 1959 2262 Quod
1991 2202 2047 2248 et

468 2297 753 2367 Apostolus
774 2295 840 2349 ad
867 2294 1133 2347 Romanos
1152 2290 1450 2345 evidentius
1483 2296 1803 2357 protesratur
1824 2286 2043 2339 dicens:

473 2386 741 2443 Revelatur
770 2386 901 2439 enim
941 2385 1019 2437 ira
1053 2383 1149 2436 Dei
1177 2384 1238 2436 de
1259 2382 1383 2435 caelo
1412 2397 1561 2451 super
1590 2394 1787 2432 onmem
1815 2379 2049 2448 impieta-

468 2492 566 2534 tem
596 2490 640 2533 et
667 2479 969 2545 iniustitiam
1002 2475 1261 2528 hominum
1281 2488 1457 2527 eorum
1489 2472 1569 2540 qui
1599 2471 1857 2523 veritatem
1880 2469 1934 2521 in
1961 2469 2046 2521 in-

469 2570 669 2643 justitia
684 2569 927 2631 deinent,
946 2566 1069 2636 quia
1088 2565 1221 2634 quod
1238 2576 1410 2617 notum
1426 2573 1501 2616 est
1520 2563 1614 2615 Dei
1636 2563 1771 2614 mani
1776 2561 1959 2628 festum
1975 2567 2049 2612 est

469 2663 591 2715 illis.
640 2660 774 2714 Deus
820 2660 951 2713 enim
999 2657 1103 2711 illis
1150 2658 1492 2727 manifestavit
1530 2672 1547 2708 :
1590 2656 1865 2709 invisibilia
1916 2655 2049 2707 enim

470 2758 630 2825 ipsius
652 2771 684 2807 a
710 2763 944 2807 creatura
974 2752 1149 2804 mundi
1198 2767 1286 2819 per
1312 2768 1369 2803 ea
1399 2766 1511 2821 qua
1542 2753 1679 2819 facta
1708 2756 1828 2802 sunt
1853 2748 2052 2802 intelle-

472 2858 555 2899 cta
598 2845 1003 2914 conspiciuntur.
1057 2842 1374 2911 Sentpilerna
1414 2856 1609 2910 quoque
1651 2841 1761 2908 ejus
1799 2841 1958 2892 virtus
2003 2850 2052 2892 et

473 2937 730 2999 divinitas,
760 2942 815 2986 ut
853 2935 956 2986 sint
987 2929 1371 2985 inexcusabiles.
1410 2930 1543 2993 Quia
1571 2946 1682 2982 cum
1711 2929 2053 2999 cognovissent

475 3028 660 3089 Deum,
686 3042 785 3078 non
813 3024 937 3077 sicut
963 3022 1123 3074 Deum
1151 3022 1582 3091 gloriﬁcaverunt,
1600 3029 1687 3071 aut
1718 3019 1911 3088 gratias
1940 3033 2051 3087 ege-

2144 1838 2294 1892 bonis
2322 1836 2433 1891 suis
2469 1844 2626 1904 negat
2675 1832 2950 1901 praedica'i
2992 1831 3211 1895 debere,
3262 1830 3433 1884 nescit
3482 1828 3720 1895 profecto

2144 1930 2312 1998 ipsum
2346 1937 2545 1981 natura:
2572 1935 2842 1980 auctorem
2867 1937 2987 1977 esse
3014 1922 3101 1991 qui
3127 1922 3312 1991 gratia:
3342 1930 3445 1974 est.
3490 1920 3607 1973 Hoc
3632 1919 3718 1987 qui

2145 2018 2638 2088 imprudentissimo
2670 2024 2845 2086 negat,
2896 2023 3053 2084 negat
3099 2022 3298 2066 natura!
3345 2012 3543 2065 bonum
3577 2019 3720 2066 extra

2148 2112 2236 2167 Dei
2266 2112 2556 2182 epitieium,
2581 2120 2633 2166 et
2662 2119 2751 2164 ant
2782 2124 2974 2164 numen
3006 2108 3145 2177 quod
3177 2124 3294 2162 esse
3316 2108 3718 2172 arbitratur_aut

2147 2202 2334 2257 fatum.
2377 2202 2510 2256 Cum
2562 2217 2690 2255 vero
2738 2203 2850 2269 ipse
2893 2201 2961 2254 sit
3002 2200 3246 2255 conditor
3290 2199 3380 2267 qui
3426 2209 3722 2266 reparator,

2146 2309 2284 2347 unus
2312 2292 2559 2358 idemque
2586 2295 2635 2344 in
2661 2292 2938 2359 utriusque
2980 2291 3159 2360 operis
3193 2291 3457 2359 praeconio
3486 2290 3725 2343 celebra-

2149 2392 2252 2437 tur.
2275 2381 2402 2436 .lure
2431 2383 2606 2451 itaque
2631 2382 2911 2449 utrinSque
2937 2382 3011 2435 rei
3040 2396 3231 2434 munus
3259 2394 3465 2442 assero,
3493 2377 3620 2447 quia
3645 2392 3725 2429 me

2147 2474 2260 2528 scio
2291 2474 2363 2526 illi
2395 2473 2593 2527 debere
2620 2474 2758 2543 quod
2789 2482 2942 2527 natus
2970 2487 3107 2537 Sum,
3153 2474 3236 2526 cui
3267 2472 3437 2525 debeo
3466 2472 3611 2540 quod
3644 2485 3725 2523 re-

2150 2575 2304 2619 natus
2334 2579 2472 2619 sum.
2508 2565 2572 2617 Et
2608 2574 2886 2633 propterea
2920 2580 3023 2617 non
3055 2564 3176 2617 ideo
3204 2563 3408 2631 negabo
3435 2562 3728 2615 conditoris

2149 2655 2287 2708 dona
2317 2657 2436 2724 quia
2472 2654 2699 2725 perdidi,
2734 2656 2824 2709 sed
2858 2655 3032 2717 t-riora
3080 2654 3198 2709 ideo
3242 2653 3593 2722 sequentibus
3628 2670 3726 2705 non

2149 2749 2461 2818 exsequabo,
2504 2749 2627 2814 quia
2660 2748 3019 2817 multipliciter
3050 2747 3100 2801 in
3131 2748 3319 2801 melius
3351 2757 3595 2815 reparata
3640 2762 3727 2798 su-

2151 2841 2318 2902 scepi.
2349 2839 2610 2895 Extollam
2640 2840 2896 2895 beneficia
2920 2840 3170 2904 creantis,
3200 2840 3293 2893 sed
3325 2840 3375 2891 in
3408 2838 3729 2891 inttttensum

2154 2936 2433 3003 praeferam
2474 2932 2805 2988 redimi-ritis.
2853 2932 2961 2987 Nec
3004 2931 3102 2985 hoc
3142 2931 3353 2999 quidem
3386 2930 3606 2984 videbor
3658 2930 3731 2983 in-

2154 3036 2361 3086 cautus.
2394 3025 2437 3079 si
2468 3024 2742 3094 profitear,
2789 3023 2929 3093 an-d
2962 3023 3245 3089 aliquoties
3291 3023 3344 3075 in
3369 3021 3734 3089 dispositioni-

474 3125 616 3180 runt,
648 3133 672 3168 s
704 3116 737 3166 ά
762 3122 1072 3167 evanuerunt
1103 3113 1156 3165 in
1184 3111 1571 3181 cogitationibus
1597 3112 1722 3173 suis,
1746 3120 1792 3163 tt
1816 3110 2052 3162 obscura—
2079 3105 2122 3165 C
2158 3116 2257 3173 [m3
2286 3118 2503 3182 nostris,
2553 3132 2655 3169 non
2688 3115 2903 3185 quidem
2935 3115 2985 3169 in
3030 3116 3152 3168 vim;
3184 3123 3377 3167 nostra:
3407 3111 3731 3183 ρτίιηυηιίίς,

476 3220 583 3260 tum
613 3214 685 3258 est
715 3204 957 3271 insipiens
981 3219 1069 3255 cor
1095 3218 1291 3255 eorum.
1325 3201 1560 3254 Dicentes
1588 3202 1721 3255 enim
1750 3218 1803 3254 se
1829 3218 1939 3255 esse
1965 3217 2053 3254 sa-

478 3302 689 3365 pientes.
721 3295 863 3348 stulti
894 3295 1015 3365 facti
1044 3303 1181 3358 sunt,
1213 3301 1260 3346 et
1290 3300 1607 3345 mutaverunt
1644 3289 1859 3362 gloriizm
1884 3292 2053 3344 incor-

479 3388 730 3456 ruptibilis
772 3384 866 3440 Dei
911 3386 963 3438 in
1017 3383 1402 3438 similitudinem
1444 3382 1681 3453 imaginis
1716 3382 2054 3452 corruptibilis

480 3481 703 3536 hominis
733 3478 907 3547 (liam.
939 3480 1000 3548 t’).
1036 3476 1143 3531 Nisi
1193 3476 1333 3531 enim
1370 3491 1399 3529 a
1446 3476 1562 3545 lege
1603 3475 1698 3530 Dei
1750 3475 2056 3530 recessis~et

482 3574 748 3635 voluntas,
782 3571 913 3624 iram
947 3571 1035 3624 Dei
1080 3585 1185 3622 non
1216 3569 1472 3624 sensisset
1514 3568 1779 3638 impietas.
1826 3568 1891 3622 Et
1934 3584 2051 3621 cum

480 3666 656 3720 diCat:
692 3665 825 3730 Quia
861 3664 998 3731 quod
1036 3670 1209 3714 notum
1246 3672 1317 3715 est
1351 3658 1465 3724 Dei,
1515 3660 1839 3728 manifestum
1884 3668 1957 3711 est
2002 3658 2056 3710 in

481 3759 620 3822 illis;
654 3756 787 3810 Deus
817 3756 945 3807 enim
975 3754 1078 3806 illis
1106 3752 1464 3821 manifestavit,
1495 3749 1769 3804 evidenter
1798 3747 1900 3802 hoc
1944 3747 2057 3802 d's-

482 3849 630 3912 serit,
660 3863 751 3915 per
780 3847 1041 3899 internam
1072 3844 1365 3898 doctrinam
1397 3842 1601 3912 paginis
1631 3842 1826 3896 mentis
1869 3839 2057 3894 inscri-

484 3949 651 4009 ptam,
682 3936 1013 3991 manifestam
1046 3936 1147 3989 illis
1176 3950 1294 3989 esse
1324 3934 1571 3989 debuisse
1596 3934 1836 3988 notitiam
1864 3932 1979 3997 Dei,
2007 3941 2059 3985 et

487 4048 582 4101 per
630 4042 888 4086 creatura:
954 4028 1397 4099 magnificentiam
1464 4038 1761 4082 creatorem
1827 4026 2060 4094 potuisse

485 4122 754 4194 cognosci.
805 4121 1200 4177 lnexeusabiles
1228 4120 1423 4189 quippe
1467 4118 1606 4187 apud
1637 4118 1804 4172 Deum
1838 4132 1942 4170 non
1971 4131 2059 4170 es-

486 4230 627 4278 sent,
669 4212 771 4268 nisi
813 4223 865 4268 et
892 4212 1227 4267 extrinsecus
1255 4220 1309 4264 et
1338 4210 1657 4263 intrinsecus
1685 4208 1894 4275 copiam
1943 4221 2057 4275 per-

486 4305 744 4374 cipiendae
788 4303 1024 4357 veritatis
1054 4300 1386 4364 habuissent,
1434 4299 1721 4367 adjiciente
1766 4296 2059 4365 Apostolo:

491 4397 648 4463 Quia,
679 4394 867 4464 inquit,
896 4408 1011 4445 cum
1037 4391 1381 4461 cognovissent
1409 4388 1591 4453 Deum,
1619 4405 1717 4441 non
1747 4389 1875 4443 sicut
1901 4387 2061 4440 Deunt

2158 3208 2250 3264 sed
2281 3208 2535 3263 duntaxat
2565 3208 2615 3262 in
2646 3206 2856 3275 mediis,
2893 3206 3090 3277 gratias
3116 3204 3375 3275 speciales
3413 3214 3466 3257 et
3492 3206 3556 3257 ex
3581 3218 3733 3257 acce-

2157 3300 2302 3354 denti
2332 3300 2572 3367 largitate
2614 3299 2911 3367 venientes,
2963 3298 3208 3351 voluntas
3255 3305 3455 3360 nostra,
3505 3296 3611 3349 Deo
3666 3295 3734 3348 ita

2158 3389 2458 3453 ordinante,
2495 3389 2779 3457 praecedat.
2816 3388 2998 3444 Utrum
3029 3387 3099 3442 ita
3129 3386 3217 3451 sit,
3262 3401 3409 3440 sacra
3438 3386 3733 3456 interroge-

2161 3495 2278 3535 mus
2304 3479 2539 3551 eloquia.
2572 3480 2816 3549 Legimus
2857 3479 2907 3532 in
2940 3477 3226 3547 Evangelio
3252 3476 3513 3532 dicentem
3556 3477 3734 3530 Domi-

2160 3589 2283 3627 num
2312 3573 2478 3638 :Quid
2507 3571 2593 3623 tibi
2621 3572 2691 3624 vis
2713 3570 2936 3639 faciam?
2965 3578 3019 3623 et
3046 3570 3268 3623 iterum:
3297 3567 3381 3621 Vis
3403 3568 3515 3637 ﬁeri
3541 3567 3733 3620 sanus?

2163 3663 2320 3718 'v’ides
2365 3663 2486 3733 quia
2531 3677 2633 3715 non
2686 3660 2934 3713 tribuitur
2965 3674 3156 3714 munus
3202 3660 3409 3726 salutis,
3459 3658 3558 3712 nisi
3590 3659 3733 3725 prius

2162 3756 2520 3822 interrogetur
2551 3751 2879 3807 desiderium
2910 3750 3220 3803 voluntatis.
3271 3748 3376 3803 Sed
3424 3757 3479 3802 et
3502 3764 3620 3801 cum
3651 3763 3736 3801 ve-

2163 3849 2306 3900 nitur
2335 3845 2399 3898 ad
2428 3845 2772 3914 baptismum,
2807 3844 2952 3912 prius
2973 3843 3275 3898 aceedentis
3298 3842 3542 3896 voluntas
3567 3842 3736 3911 inqvi-

2163 3937 2317 4001 ritur,
2351 3944 2406 3990 ut
2427 3937 2794 4003 regenerantis
2822 3934 2992 4004 gratia
3020 3934 3393 4002 subsequatur.
3446 3932 3509 3986 Et
3532 3933 3584 3985 in
3613 3947 3736 3987 cen—

2165 4028 2375 4081 turione
2416 4025 2689 4095 Cornelio,
2739 4027 2860 4095 quia
2894 4025 3163 4094 praecessit
3205 4024 3451 4078 voluntas
3492 4023 3733 4092 gratiam,

2164 4120 2282 4174 ideo
2313 4118 2567 4189 praevenit
2588 4127 2641 4173 et
2666 4118 2835 4188 gratia
2864 4117 3344 4181 regenerationem.
3377 4115 3519 4169 Nihil
3549 4116 3654 4180 hic,
3683 4123 3738 4169 ut

2165 4212 2375 4280 Opinor,
2415 4209 2623 4264 redolet
2675 4208 3124 4277 praesumptionis,
3169 4221 3290 4262 cum
3326 4214 3381 4260 et
3420 4206 3519 4259 hoc
3570 4206 3736 4273 ipsum

2166 4304 2558 4360 incessabiliter
2590 4320 2849 4370 asseram,
2882 4303 3025 4374 quod
3058 4303 3170 4357 Deo
3202 4304 3368 4370 ipsam
3402 4303 3622 4356 debeam
3653 4314 3740 4352 vo-

2168 4400 2445 4461 luntatem,
2500 4398 2795 4465 praesertim
2840 4412 2963 4451 cum
3003 4398 3053 4450 in
3084 4396 3331 4450 omnibus
3370 4395 3486 4463 ejus
3516 4394 3739 4448 motibus

487 4486 922 4557 gloriﬁcaverunt.
954 4482 1147 4551 lmpios
1167 4495 1297 4549 ergo
1318 4488 1373 4533 et
1391 4479 1457 4533 de
1488 4478 1757 4532 intellectu
1780 4494 1884 4546 quo
1910 4476 2049 4530 abiis

2167 4489 2233 4543 ad
2263 4504 2398 4558 opus
2424 4490 2609 4558 gratiae
2637 4490 2885 4555 referam,
2940 4489 3025 4542 vel
3058 4487 3414 4541 inchoationis
3444 4486 3610 4551 initia,
3661 4483 3739 4536 vel

489 4584 611 4630 sunt
658 4575 909 4640 damnat,
958 4587 1185 4643 quorum
1236 4570 1545 4638 injustitiam
1594 4570 1649 4622 in
1699 4578 2060 4636 contemptum

492 4665 788 4719 Divinitatis
830 4675 1060 4719 accusat.
1104 4663 1314 4718 Famosi
1359 4673 1537 4717 autem
1583 4661 1870 4716 exundatio
1916 4669 2062 4715 vasta

489 4757 693 4821 diluvii,
724 4757 848 4827 quid
874 4757 1013 4809 aliud
1045 4757 1146 4810 nisi
1179 4756 1455 4811 arbitrium
1485 4755 1699 4809 humani
1728 4756 1939 4826 generis
1970 4768 2065 4822 per

490 4862 695 4909 reatum
727 4850 959 4905 damnati
990 4851 1134 4904 orbis
1159 4850 1429 4905 asseruit?
1476 4855 1549 4903 Ac
1579 4851 1657 4904 sic.
1686 4848 1799 4904 Noe
1829 4848 2061 4918 perfecta

489 4945 687 5016 justitia
733 4951 1058 5015 spontaneos
1099 4942 1279 4995 sreculi
1322 4942 1462 4995 illius
1498 4952 1552 4995 et
1582 4939 1815 4995 ostendit
1848 4948 1901 4994 et
1937 4955 2067 4994 con-

491 5039 760 5093 demnavit
785 5050 1014 5101 errores,
1059 5034 1198 5089 sicut
1231 5033 1492 5102 legimus:
1527 5031 1663 5088 Fide
1692 5033 1805 5086 Noe
1825 5049 2066 5102 responso

491 5138 697 5200 accepto
736 5129 798 5181 de
839 5126 919 5180 his
959 5142 1073 5196 qua:
1096 5126 1264 5179 adhuc
1313 5142 1415 5178 non
1445 5124 1765 5188 videbantur,
1812 5132 2064 5187 metuens,

491 5218 679 5289 aptavit
702 5232 876 5270 arcam
904 5216 958 5269 in
978 5214 1193 5269 salutem
1222 5216 1403 5270 domus
1434 5230 1542 5269 sua:
1568 5230 1588 5269 :
1617 5231 1707 5286 per
1727 5230 1880 5283 quam
1922 5214 2069 5266 dam-

493 5311 630 5366 navit
657 5310 920 5376 mundum,
967 5319 1015 5363 et
1031 5310 1271 5382 justitiar,
1319 5327 1431 5379 qua:
1469 5328 1557 5381 per
1587 5311 1739 5379 ﬁdem
1764 5320 1861 5375 est,
1908 5311 2067 5364 Intres

494 5416 567 5459 est
613 5406 873 5458 institutus
920 5402 1104 5475 (Hebr.
1146 5405 1241 5472 xl).
1283 5405 1460 5471 Quare
1504 5404 1879 5459 condenmavit
1918 5421 2072 5459 mun-

496 5494 658 5549 dum?
687 5495 808 5563 quia
839 5494 987 5563 sequi
1017 5493 1204 5547 mundi
1238 5494 1548 5562 improbitas
1574 5494 1797 5562 justitia:
1826 5498 2071 5564 neglexe-

498 5587 566 5639 rit
588 5586 912 5654 exemplum.
958 5584 1035 5640 Ac
1072 5586 1149 5640 sic
1181 5585 1534 5641 inobedientis
1576 5597 1797 5641 accusat
1839 5596 2067 5653 reatum,

495 5683 553 5730 et
577 5674 773 5743 placuit
802 5692 895 5746 per
922 5678 1256 5751 obsequium,
1304 5686 1359 5733 et
1388 5678 1557 5747 arguit
1588 5677 1693 5733 alio
1747 5678 1957 5748 placere
1986 5678 2068 5734 ni-

2171 4581 2646 4634 consummationis
2673 4568 2932 4634 extrema.
2961 4579 3224 4633 Abraham
3244 4592 3455 4647 quoque
3481 4592 3546 4631 ex
3574 4578 3741 4630 media

2170 4670 2465 4740 gentilitate
2492 4670 2856 4740 progrediens,
2888 4685 2994 4724 non
3024 4669 3194 4723 solum
3223 4683 3343 4723 cum
3373 4669 3519 4721 omni
3552 4668 3741 4721 familia

2171 4778 2263 4821 sua
2291 4762 2355 4816 ad
2387 4763 2608 4815 salutem
2644 4770 2879 4825 vocatur,
2933 4761 3026 4816 sed
3074 4761 3233 4816 etiam
3276 4771 3420 4830 pater
3468 4758 3743 4812 multarum

2171 4852 2394 4920 gentium
2419 4852 2722 4906 testimonio
2770 4852 2933 4918 ipsius
2974 4851 3214 4905 veritatis
3248 4850 3498 4911 efficitur.
3548 4851 3621 4905 De
3654 4849 3741 4903 Dei

2173 4942 2410 4997 bonitate
2436 4950 2520 4996 est
2548 4941 2689 5012 quod
2721 4950 2962 5007 vocatur,
2985 4941 3053 4995 de
3082 4941 3293 5009 pr0pria
3314 4940 3586 5009 voluntate
3608 4938 3740 5009 quod

2175 5042 2450 5105 promptus
2475 5034 2802 5102 obequitur.
2825 5032 2926 5087 Job
2948 5032 3295 5102 quoquesine
3315 5030 3479 5084 animi
3510 5030 3743 5085 libertate

2176 5126 2500 5181 incumbenti
2544 5126 2594 5178 in
2643 5139 2701 5179 se
2734 5126 2869 5179 hosti
2913 5140 3017 5178 non
3052 5125 3287 5192 potuisse
3334 5123 3618 5188 obsistere,
3658 5122 3744 5177 sed

2172 5216 2347 5286 jungit
2389 5219 2731 5286 magnitatem
2778 5218 2955 5271 cordis
3002 5232 3122 5271 cum
3172 5216 3368 5270 auxilio
3414 5217 3741 5284 protectoris.

2179 5313 2256 5364 Ac
2294 5310 2370 5364 sic
2404 5310 2606 5379 justitia
2648 5312 3040 5364 remunerantis
3086 5307 3431 5363 devotionem
3472 5308 3746 5376 pugnantis

2179 5403 2428 5457 ostendit.
2464 5402 2518 5456 ln
2565 5402 2788 5470 spiritali
2831 5401 2988 5466 bello,
3038 5401 3111 5455 iia
3158 5400 3223 5453 ad
3258 5398 3488 5452 hominis
3518 5399 3746 5452 laborem

2179 5496 2392 5550 videtur
2419 5497 2684 5565 pertinere
2712 5494 3011 5557 conﬂictus,
3054 5492 3194 5547 sicut
3222 5491 3285 5545 ad
3321 5491 3487 5545 Deum
3528 5490 3746 5544 refertur

2179 5597 2422 5643 eventus.
2476 5586 2690 5640 Amicos
2739 5601 2951 5656 quoque
2993 5583 3094 5638 Job
3141 5599 3209 5638 ex
3248 5583 3498 5652 gentibus
3545 5582 3746 5634 venisse

2180 5675 2411 5732 nondum
2442 5675 2786 5746 promulgata:
2816 5676 2945 5742 legis
2971 5672 3224 5735 ostendit,
3276 5681 3329 5726 et
3372 5669 3498 5725 dum
3523 5684 3618 5738 pro
3646 5669 3745 5723 sis-
