4002 6188
252 313 351 372 329

1344 308 1429 363 DE
1468 308 1721 365 GliA'l‘lA
1762 306 1901 371 DEI,
1941 305 2116 375 ETC.,
2158 306 2282 362 LlB.
2324 306 2388 360 ll.

3392 303 3495 361 830

252 426 369 481 dem
395 423 496 478 Job
521 419 862 492 praecipiente
893 418 1119 473 Domino
1148 418 1496 488 supplicasse,
1527 430 1583 475 et
1606 419 1824 476 exaudi-
1851 423 1906 481 Α
1931 419 1982 473 in
2006 420 2193 475 eadem
2224 417 2456 489 Epistola
2485 417 2614 473 dicit
2643 433 2658 472 :
2690 417 2816 471 Cum
2842 420 2974 473 enim
3002 427 3168 489 gentes
3197 431 3310 487 quin
3338 416 3497 488 legem

256 529 337 573 tus
365 531 487 572 esse
513 522 859 575 memoratur,
893 511 976 565 bis
1000 526 1212 581 quoque
1240 511 1412 566 adhuc
1439 513 1490 567 in
1531 513 1827 581 gentilitate

256 608 555 664 viventibus
580 605 726 661 salus
756 603 1048 659 indubitata
1074 603 1376 657 confertur.
1407 603 1592 658 Rabab
1618 618 1829 673 quoque

256 704 306 756 in
339 707 545 755 tantum
595 695 824 751 nationis
877 693 1151 763 gentilitize
1195 694 1313 758 lttit,
1370 704 1426 748 ut
1471 709 1536 748 ex
1586 695 1831 764 gentibus

259 789 644 861 congreganda:
672 796 852 856 typum
878 784 1151 852 praeferret
1182 784 1458 839 Ecclesiae.
1504 785 1629 838 Haec
1668 786 1830 839 etiam

259 885 311 937 in
339 883 564 935 salutem
595 892 715 931 cum
748 875 891 928 omni
919 874 1078 928 domo
1110 888 1204 927 sua
1237 874 1339 928 fide
1362 884 1618 943 operante
1658 874 1831 930 susci-

262 973 424 1039 pitur.
460 970 531 1022 De
552 982 652 1036 qua
683 965 941 1033 legimus;
974 960 1107 1015 Fide
1133 962 1312 1016 Rahab
1341 965 1585 1017 meretrix
1612 980 1711 1016 non
1747 979 1834 1031 pe-

262 1065 347 1117 riit
376 1080 487 1115 cum
517 1058 815 1113 incredulis.
840 1056 991 1113 Unde
1017 1058 1102 1111 hic
1121 1065 1270 1112 extra
1298 1058 1468 1126 legem
1500 1055 1657 1126 positi
1678 1070 1837 1110 accu-

264 1162 452 1209 santur
481 1149 868 1205 incredulitatis
902 1166 915 1200 :
947 1148 1050 1202 nisi
1093 1147 1216 1215 quia
1257 1147 1427 1217 legem
1474 1156 1700 1211 natura',
1750 1144 1838 1200 cui

267 1243 399 1296 fides
423 1243 605 1310 juncta
636 1249 741 1303 est,
781 1252 1001 1293 scrvare
1030 1238 1350 1294 noluerunt?
1395 1236 1548 1293 Unde
1590 1235 1839 1305 obiicitur

267 1333 637 1401 incredulitas,
687 1331 787 1385 nisi
827 1330 947 1399 quia
988 1330 1039 1384 in
1084 1341 1327 1399 promptu
1359 1330 1453 1384 fuit
1478 1329 1729 1386 credendi
1759 1329 1839 1384 fa-

267 1424 477 1481 cultas?
515 1421 692 1477 Liberi
720 1421 896 1491 itaque
921 1421 1124 1475 arbitrii
1158 1422 1294 1475 ratio
1334 1420 1461 1475 facit
1497 1433 1552 1475 ut
1593 1437 1843 1476 remune-

269 1526 418 1572 retur
446 1516 669 1568 credens
713 1522 769 1568 et
808 1513 1090 1567 damnetur
1122 1512 1446 1567 incredulus.
1496 1512 1744 1580 Legimus
1784 1511 1838 1566 in

273 1608 409 1661 libro
438 1606 710 1661 Geneseos
735 1622 747 1657 :
781 1601 1027 1656 Nondum
1055 1602 1188 1657 enim
1213 1604 1467 1669 completa
1495 1612 1609 1656 sunt
1642 1612 1846 1671 peccata

282 1699 684 1751 Aman/raeorum
706 1711 723 1746 :
745 1694 987 1764 prcedicit
1006 1693 1258 1749 Dominus
1289 1693 1425 1747 filios
1453 1693 1611 1747 Israel
1629 1692 1679 1747 in
1704 1702 1843 1747 terra

1931 531 2033 568 non
2062 515 2244 568 habent
2273 512 2571 567 naturaliter
2599 526 2713 581 qua:
2732 512 2854 582 legis
2877 518 2991 565 sunt
3020 512 3393 582 [aciunt(Rom.
3411 510 3496 581 lt).

1930 603 2046 658 Non
2082 618 2212 673 ergo
2258 603 2457 658 recenti
2491 600 2801 670 magisterio
2845 602 2908 655 ad
2940 601 3496 671 comprehendendam

1934 698 2104 766 legem
2139 697 2229 750 Dei
2269 696 2519 750 credatur
2547 694 2803 760 imbutus,
2829 694 2917 762 qui
2946 694 2996 747 id
3020 696 3157 762 quod
3187 694 3500 748 naturaliter

1936 788 2093 842 habet
2124 790 2176 843 in
2211 788 2365 855 primi
2409 788 2591 856 utique
2640 786 2870 839 hominis
2901 785 3207 839 conditione
3240 784 3496 854 percepit.

1938 878 2363 945 Immutarerunt,
2408 877 2577 947 inquit
2611 878 2919 945 Apostolus,
2950 878 3167 946 gloriam
3199 878 3505 946 incorrupti—

1939 972 2051 1026 bilis
2086 971 2177 1025 Dei
2218 973 2272 1025 in
2309 970 2696 1025 similitudinem
2745 969 3003 1036 imaginis,
3050 977 3097 1020 et
3145 967 3424 1031 volucrum,
3459 975 3506 1018 et

1938 1065 2347 1132 quadrupedum,
2379 1071 2427 1116 et
2458 1062 2767 1128 serpentium
2795 1059 2983 1130 (Rom.
3016 1057 3087 1128 ι).
3123 1058 3254 1111 Dum
3304 1058 3507 1124 impru-

1941 1156 2072 1209 dens
2096 1153 2304 1223 abjecta
2326 1161 2383 1207 et
2403 1152 2615 1221 indigna
2640 1159 2943 1215 veneratur,
2963 1149 3217 1204 debuisse
3246 1163 3306 1203 se
3331 1146 3509 1201 omni-

1944 1245 2115 1300 modis
2136 1246 2333 1298 cultum
2361 1242 2688 1313 dignioribus
2716 1243 3015 1312 profitetur.
3049 1241 3288 1309 Dumque
3310 1240 3511 1309 lignum

1942 1337 2131 1390 adorat
2167 1347 2220 1390 et
2268 1335 2528 1402 lapidem,
2576 1334 2629 1387 in
2679 1344 2928 1402 promptu
2972 1331 3155 1386 habuit
3194 1341 3253 1385 ut
3298 1339 3513 1402 saperet

1944 1425 2169 1479 adorare
2208 1424 2539 1478 terrestrium
2571 1434 2621 1476 et
2657 1423 2951 1476 caelestium
2997 1408 3348 1476 cOnditorem.
3380 1421 3512 1474 Nam

1947 1514 2071 1569 dum
2099 1513 2258 1566 homo
2288 1513 2568 1567 colendum
2599 1527 2719 1566 esse
2748 1512 2945 1581 aliquid
2978 1511 3184 1580 probat,
3215 1512 3329 1580 ipse
3359 1512 3516 1565 intel-

1947 1607 2116 1671 lectus
2136 1604 2347 1661 colendi
2377 1605 2579 1659 crimen
2612 1603 2905 1658 conditoris
2951 1602 3204 1657 ostendit.
3237 1602 3519 1670 Quomodo

1949 1696 2090 1750 enim
2116 1694 2385 1763 religionis
2430 1695 2615 1749 habuit
2667 1695 2922 1749 censum?
2973 1694 3264 1749 invenisset
3316 1693 3519 1761 absque

277 1786 487 1856 IEgypti
518 1782 892 1846 humiliandos,
915 1790 1073 1850 atque
1104 1784 1225 1837 inde
1246 1782 1310 1837 ad
1335 1781 1629 1851 perdendas
1652 1782 1840 1850 impias
1871 1787 1918 1846 Β
1944 1789 2104 1843 dubio
2140 1790 2328 1855 Deum,
2361 1788 2406 1842 si
2437 1788 2738 1856 inquirendi
2767 1802 3035 1856 apponere
3085 1787 3339 1840 voluisset
3390 1784 3521 1840 at'fe-

277 1879 518 1931 nationes
563 1884 614 1928 et
662 1873 1028 1943 percipiendas
1071 1873 1357 1940 promissas
1392 1874 1547 1927 sedes
1594 1872 1647 1925 in
1675 1873 1842 1942 signis

278 1981 321 2023 et
346 1965 616 2021 miraculis
638 1963 962 2029 educendos,
987 1963 1082 2018 sed
1111 1963 1213 2019 hoc
1242 1965 1388 2033 prius
1417 1963 1531 2018 fieri
1556 1979 1660 2016 non
1687 1977 1846 2031 posse

279 2068 528 2125 testatur,
558 2072 714 2127 quam
740 2064 925 2125 gentes
954 2071 1085 2124 quas
1115 2057 1195 2111 eis
1235 2055 1522 2110 traditurus
1547 2065 1684 2121 erat,
1727 2069 1849 2123 pec-

279 2161 516 2207 catorum
546 2150 966 2204 rxrresccntium
998 2148 1384 2214 magnitudine,
1411 2146 1631 2217 ﬂagellis
1657 2146 1850 2201 debitis

283 2248 455 2300 locum
496 2242 716 2306 faciant,
764 2254 815 2296 et
843 2239 1059 2297 extendi
1094 2240 1145 2294 in
1185 2253 1245 2295 se
1286 2254 1505 2294 manuni
1543 2238 1851 2293 afflictiouis

280 2346 538 2391 extvemte
562 2342 943 2390 consummatae
991 2331 1282 2402 iniquitatis
1328 2332 1848 2401 molecompellant.

285 2429 385 2485 Ubi
431 2435 769 2495 exspectatur
807 2425 1172 2493 multiplicatio
1214 2435 1576 2494 peccatorum,
1620 2423 1853 2492 pravitas

282 2519 518 2587 arguitur
539 2518 899 2572 voluntatum.
922 2515 1022 2582 Qui
1049 2516 1235 2586 gentili
1260 2516 1503 2570 absoluto
1525 2530 1554 2568 a
1580 2518 1692 2584 lege
1721 2530 1853 2584 pra:-

284 2610 419 2680 cepti
453 2608 678 2677 imponit
706 2622 800 2675 pro
839 2606 1089 2675 aequitate
1133 2606 1474 2670 sententiam,
1509 2605 1677 2674 legem
1704 2612 1853 2658 natu-

286 2718 359 2757 ra:
400 2701 574 2769 arguit
619 2699 781 2754 fuisse
840 2699 1130 2764 calcatam;
1176 2700 1439 2769 simulque
1486 2698 1856 2769 longanimitas

286 2793 597 2848 sustinentis
628 2791 890 2860 justitiam
933 2790 1187 2860 probatur
1225 2791 1569 2847 manifestare
1598 2792 1855 2845 damnan-

287 2887 377 2940 tis.
426 2884 595 2940 Nemo
639 2885 779 2938 enim
823 2898 1027 2937 moram
1068 2897 1133 2936 ex
1161 2882 1529 2937 moderatione
1556 2884 1854 2953 prmmittit,

288 2976 378 3046 qui
425 2992 490 3029 ex
543 2974 1005 3043 prmdcsunatione
1062 2971 1251 3041 punire
1291 2972 1546 3040 diSponit.
1614 2972 1859 3026 Nondum

291 3066 505 3137 (inquit)
542 3067 747 3136 impleta
798 3072 911 3118 sunt
948 3074 1155 3133 peccata
1184 3064 1615 3120 Amorrhteorunt.
1651 3065 1779 3118 Dum
1808 3065 1858 3118 in

1950 1893 2115 1945 ctum,
2144 1880 2353 1934 dicente
2398 1880 2661 1934 Domino:
2696 1878 2915 1944 Quaerite
2959 1888 3007 1931 et
3058 1878 3337 1931 invenietis.
3388 1875 3522 1931 Cum

1950 1972 2093 2027 enim
2127 1986 2276 2026 mens
2308 1971 2537 2024 humana
2569 1969 2635 2023 ad
2667 1968 2952 2023 videndum
2996 1970 3181 2023 ocu'os
3225 1969 3517 2034 aperuerit,

1950 2064 2127 2119 statim
2178 2077 2236 2116 se
2287 2060 2613 2116 desideranti
2661 2060 2881 2131 quaesita
2916 2060 3001 2113 lux
3054 2059 3264 2129 ingerit.
3296 2058 3525 2127 Ideoque

1952 2156 2037 2210 lex
2068 2156 2213 2208 intus
2246 2155 2445 2208 incerta
2476 2153 2658 2208 docuit
2682 2152 3107 2216 venerationem,
3134 2150 3228 2206 sed
3253 2150 3525 2220 negligen-

1953 2251 2022 2304 tia
2049 2261 2100 2304 et
2130 2248 2461 2304 contumacia
2505 2247 2743 2301 invenire
2772 2261 2874 2299 non
2903 2245 3095 2299 meruit
3126 2242 3428 2298 veritatem.
3463 2242 3526 2295 Et

1954 2352 2235 2410 propterea
2266 2341 2392 2393 dum
2436 2353 2495 2394 se
2537 2338 2760 2392 mortuis
2789 2336 3088 2390 simulacris
3130 2344 3185 2389 et
3234 2335 3416 2404 figuris
3444 2334 3526 2387 in-

1954 2433 2295 2489 sensibilibus
2322 2434 2626 2498 figmentum
2658 2429 2879 2483 caeleste
2924 2427 3235 2495 prosternit,
3271 2425 3520 2492 injuriam

1956 2539 2062 2576 non
2088 2523 2258 2576 solum
2281 2521 2593 2587 factori,sed
2625 2528 2678 2574 et
2703 2520 2753 2573 in
2785 2534 2843 2573 se
2866 2519 3080 2572 factura:
3110 2532 3219 2570 suae
3246 2516 3442 2578 intulit,
3471 2525 3525 2569 et

1956 2614 2334 2670 erubescendis
2378 2612 2720 2681 semetipsum
2772 2610 3133 2669 contumeliis,
3166 2610 3395 2678 propriae
3422 2608 3521 2660 im-

1958 2720 2162 2760 memor
2191 2703 2563 2774 generositatis
2612 2701 2808 2770 affecit,
2853 2710 3010 2767 atque
3052 2716 3118 2753 ex
3170 2716 3355 2754 errore
3404 2700 3521 2769 ipso

1960 2810 2168 2866 prauam
2191 2795 2392 2864 recepit
2424 2792 2643 2855 erroris,
2668 2792 2806 2845 sicut
2832 2791 2903 2846 ait
2932 2791 3214 2859 Apostolus
3242 2809 3253 2841 :
3290 2789 3357 2842 Et
3387 2806 3522 2842 mer-

1961 2888 2128 2943 cedem
2155 2904 2302 2952 quam
2324 2888 2548 2954 oportuit
2571 2887 2757 2939 entoris
2786 2890 2865 2939 sui
2894 2886 2946 2939 in
2968 2886 3248 2955 semetipsis
3270 2886 3523 2953 recipien-

1963 2992 2051 3035 tcs.
2075 2981 2140 3034 Et
2161 2982 2287 3033 sicut
2320 2996 2417 3033 non
2442 2979 2777 3047 probaverunt
2798 2979 2957 3031 Deum
2979 2978 3158 3031 habere
3194 2979 3245 3030 in
3272 2978 3525 3042 notitiam,

1965 3075 2177 3126 tradidit
2202 3088 2286 3126 eos
2319 3071 2455 3124 Deus
2479 3073 2531 3125 in
2559 3072 2830 3138 reprobunt
2860 3087 3062 3124 sensum
3098 3071 3116 3142 (
3141 3069 3288 3124 Rom.
3322 3072 3409 3137 v).
3435 3069 3529 3123 llic

291 3156 621 3229 plenitudine
661 3164 1000 3225 peccatorum
1045 3165 1501 3209 commemoratur
1546 3154 1854 3224 perditionis

1964 3167 2174 3222 rebell;s
2200 3179 2388 3220 sensus
2417 3174 2606 3232 sponte
2636 3176 2941 3232 corruptus,
2974 3179 3076 3216 non
3105 3162 3365 3217 violenter
3384 3161 3531 3215 abla-

292 3263 471 3313 causa,
502 3246 740 3301 aufertur
768 3247 995 3315 praefixae
1026 3245 1357 3300 necessitatis
1387 3246 1604 3300 invidia.
1651 3246 1856 3301 Divina:

294 3339 394 3393 hoc
423 3338 542 3392 loco
570 3338 836 3407 patientiae
875 3350 1104 3406 agnosce
1139 3339 1410 3391 virtutem.
1451 3337 1781 3393 Liberandus
1804 3345 1860 3392 et

295 3431 648 3483 subversurus
678 3427 865 3497 impias
890 3438 1096 3496 gentes,
1130 3427 1355 3496 populus
1386 3428 1543 3481 Israel
1575 3430 1781 3483 interim
1806 3429 1857 3482 in

297 3521 555 3575 servitute
577 3519 853 3583 retinetur,
873 3518 1042 3572 donec
1068 3518 1316 3588 iniquitas
1342 3518 1577 3586 gentium
1594 3519 1861 3588 complea-

300 3625 402 3669 tur.
434 3613 639 3668 Tandiu
664 3613 916 3667 ultionem
947 3610 1100 3665 all‘ert
1138 3612 1213 3666 ira
1240 3610 1449 3679 judicii,
1480 3610 1711 3681 quandiu
1741 3626 1859 3666 cre-

299 3715 413 3760 scat
452 3705 502 3759 in
534 3703 804 3758 cumulum
854 3716 1100 3756 mensura
1134 3702 1358 3769 peccati.
1408 3701 1475 3755 Ut
1511 3707 1862 3755 concurrente

302 3796 398 3850 sibi
430 3794 665 3848 bonitate
708 3801 764 3848 et
791 3794 1074 3847 severitate
1106 3792 1207 3846 sub
1243 3808 1349 3846 uno
1386 3795 1681 3859 eodemque
1724 3802 1864 3847 tem-

305 3901 452 3956 pore,
495 3885 618 3939 hinc
657 3883 920 3940 absolutio
950 3882 1068 3952 ﬁlii,
1110 3883 1232 3938 inde
1257 3884 1508 3939 contritio
1549 3897 1863 3939 exerceatur

306 3980 524 4034 initnici.

896 4067 1119 4123 CAPUT
1178 4065 1265 4121 IX.

302 4158 489 4213 Contra
517 4156 613 4210 hoc
638 4157 774 4227 quod
787 4157 993 4229 dicunt,
1020 4158 1140 4229 quia
1166 4166 1283 4210 ante
1307 4158 1486 4226 gratia:
1508 4164 1705 4225 tempus
1726 4159 1869 4229 agni—

500 4229 570 4281 tio
593 4229 744 4282 unius
775 4227 870 4281 Dei
897 4227 1130 4300 gentibus
1155 4244 1387 4281 concessa
1411 4244 1511 4281 non
1537 4229 1709 4298 fuerit.

375 4339 431 4392 In
448 4339 631 4409 grandi
648 4338 909 4407 profundo
926 4338 1238 4408 ignorantia:
1259 4339 1562 4394 volutantur
1581 4341 1670 4409 qui
1689 4339 1871 4396 dicunt

303 4429 447 4499 quod
476 4430 632 4483 unius
654 4428 748 4483 Dei
778 4429 1018 4483 notitiam
1047 4429 1244 4483 habere
1267 4444 1371 4483 n0u
1394 4431 1663 4498 potuerint
1684 4440 1872 4500 gentes

1963 3268 2047 3312 tus
2074 3264 2178 3311 est.
2210 3255 2354 3311 Sicut
2380 3254 2594 3326 (inquit)
2641 3270 2739 3306 non
2772 3254 3104 3321 probaverunt
3149 3251 3308 3305 Deum
3346 3250 3532 3305 habere

1961 3350 2013 3401 in
2064 3348 2318 3411 notitiam,
2352 3346 2561 3398 tradidit
2590 3360 2675 3397 eos
2707 3342 2846 3396 Deus
2893 3344 2944 3396 in
2984 3343 3253 3412 reprobum
3305 3358 3527 3395 sensum.

1961 3438 2057 3505 Qui
2084 3451 2178 3506 pro
2205 3437 2379 3490 causis
2412 3434 2827 3499 przccedentibus
2859 3433 3263 3501 derelinquitur,
3285 3448 3389 3485 non
3422 3433 3529 3485 fato

1964 3528 2247 3596 premitur,
2277 3525 2371 3579 ενι]
2393 3523 2595 3593 judicio
2621 3523 2955 3591 reprobatur.
2990 3522 3139 3587 Quod
3179 3522 3223 3574 si
3266 3521 3527 3587 requiras,

1963 3619 2103 3675 unde
2149 3618 2376 3673 indoctis
2426 3614 2729 3670 nationibus
2788 3615 2840 3667 in
2890 3614 2985 3675 illa
3034 3615 3264 3680 ingenita
3322 3612 3532 3665 feritate

1963 3709 2276 3781 peccatum?
2307 3706 2456 3762 Unde
2487 3704 2587 3759 nisi
2618 3720 2712 3775 per
2759 3705 2922 3758 animi
2976 3714 3179 3757 motum
3234 3703 3533 3771 mentisque

1964 3798 2321 3855 consensum?
2353 3796 2589 3862 Denique
2632 3795 2861 3863 pecudes
2902 3801 2955 3848 et
2997 3792 3148 3846 bruta
3181 3792 3467 3847 animantia
3503 3808 3533 3847 a

1964 3902 2186 3964 peccato
2212 3887 2532 3945 omnimodis
2556 3888 2718 3942 libera
2744 3896 2888 3951 sunt,
2919 3887 3037 3955 quia
3077 3885 3411 3941 discretionis
3444 3900 3536 3940 ne-

1965 3984 2095 4049 scia,
2125 3992 2180 4036 et
2206 3980 2426 4034 rationis
2451 3980 2629 4047 ignara
2674 3988 2817 4033 sunt.
2858 3978 2936 4031 Tu
2967 3977 3284 4031 deteriorem
3334 3976 3536 4042 pecude

1968 4075 2234 4128 hominem
2261 4070 2411 4125 facis.
2432 4068 2540 4124 Cur
2566 4070 2707 4124 enim
2736 4069 2783 4122 ei
2818 4068 3072 4135 relinquis
3102 4073 3375 4136 peccatutn
3403 4108 3415 4131 ,
3448 4064 3534 4117 cui

1969 4166 2113 4220 tollis
2132 4162 2443 4227 arbitrium;
2468 4171 2561 4215 aut
2587 4159 2631 4214 si
2659 4174 2780 4213 cum
2820 4157 3001 4211 subdis
3033 4164 3269 4225 peccato,
3294 4155 3401 4207 noli
3430 4153 3539 4223 pri-

1969 4272 2096 4312 vare
2122 4254 2344 4323 judicio.
2365 4251 2486 4306 Non
2513 4265 2637 4321 ergo
2661 4248 2947 4303 mentiatur
2967 4246 3214 4316 iniquitas
3239 4243 3362 4309 sibi,
3395 4243 3541 4296 novit

1970 4349 2095 4420 quid
2125 4351 2174 4401 in
2206 4345 2417 4401 occulto
2446 4342 2649 4398 homini
2682 4342 2890 4397 dederit
2915 4341 3158 4420 cognitor
3185 4337 3537 4393 occultorum.

1976 4415 2041 4494 Et
2070 4438 2189 4492 ideo
2225 4434 2437 4507 quando
2462 4434 2529 4489 ab
2557 4449 2623 4488 eo
2651 4434 2879 4503 quisque
2924 4415 3190 4497 pro’malo
3219 4442 3381 4496 Opere
3422 4442 3542 4482 cor—

305 4530 428 4572 ante
450 4517 740 4573 Salvatoris
773 4518 1080 4585 adventum,
1105 4534 1225 4573 cum
1251 4520 1538 4588 Apostolus
1561 4530 1767 4576 asserat
1797 4522 1854 4575 fa-

1978 4530 2170 4598 ripitur
2199 4506 2253 4581 et
2280 4525 2688 4588 condemnatur,
2719 4524 2914 4576 bonum
2948 4521 3124 4576 facere
3153 4520 3387 4589 potuisse
3412 4533 3543 4573 con-

303 4617 504 4664 ctorem
520 4608 703 4662 mundi
720 4624 809 4678 per
822 4610 1037 4664 facturae
1053 4624 1162 4664 suae
1177 4610 1619 4679 magnificentiam
1638 4612 1873 4681 potuisse

303 4703 659 4771 cognosci,ita
698 4702 926 4757 dicendo
954 4719 969 4756 :
1005 4703 1153 4769 Quod
1184 4711 1358 4757 nolunt
1392 4713 1465 4758 est
1501 4702 1616 4769 Dei,
1650 4705 1864 4773 manife-

300 4806 432 4847 stum
462 4805 536 4848 est
558 4797 608 4848 in
629 4794 767 4861 illis;
795 4795 1067 4871 invisibilia
1090 4798 1222 4849 enim
1248 4799 1357 4867 ejus
1378 4812 1409 4849 a
1428 4805 1665 4851 creatura
1692 4798 1871 4851 mundi

304 4903 391 4955 per
426 4902 485 4939 ea
514 4903 626 4955 quae
654 4892 791 4957 facta
818 4896 936 4941 sunt
966 4887 1218 4940 intellecta
1248 4889 1649 4959 conspiciuntur,
1676 4889 1869 4958 sempi-

303 4985 447 5031 terna
485 4993 685 5048 quoque
723 4979 881 5031 uirtus
920 4980 1031 5049 ejus
1060 4987 1105 5031 et
1144 4979 1404 5043 divinitus,
1445 4990 1499 5032 ut
1538 4980 1637 5033 sint
1665 4980 1873 5034 inexcu-

301 5069 482 5122 sabiles
513 5068 533 5138 (
558 5068 707 5122 Rern.
733 5067 802 5137 ι).
833 5067 1111 5134 Quomodo
1143 5079 1196 5121 tu
1228 5068 1562 5123 excusabiles
1602 5068 1736 5124 dicis
1760 5109 1779 5138 ,
1805 5084 1872 5126 eo

301 5158 442 5229 quod
468 5157 629 5213 alieni
658 5158 856 5213 fuerint
883 5173 913 5212 a
944 5159 1251 5213 coelestibus
1271 5157 1447 5225 donis,
1473 5174 1608 5229 quos
1634 5159 1774 5217 Deus
1801 5176 1873 5217 ex

305 5250 404 5307 hoc
424 5250 819 5307 inexcusabiles
848 5260 1197 5320 protestetur,
1220 5250 1359 5320 quod
1388 5251 1544 5306 abusi
1576 5254 1874 5323 probantur

302 5342 557 5413 acceptis,
604 5352 660 5398 et
709 5342 914 5411 opificis
964 5342 1344 5396 sublimitatem
1393 5344 1513 5398 sine
1561 5342 1874 5401 difficultate

306 5436 440 5491 st-ire
471 5434 787 5505 potuissent,
827 5435 871 5488 si
897 5449 1031 5504 Opus
1062 5434 1488 5502 interrogassent
1514 5433 1537 5487 ‘l
1564 5434 1746 5506 Longe
1793 5444 1876 5491 est

304 5541 404 5580 noc
422 5525 493 5580 ab
518 5526 663 5579 omni
695 5526 900 5580 ratione
923 5536 1082 5593 atque
1104 5524 1318 5591 pietate,
1344 5532 1400 5577 ut
1441 5523 1601 5578 homo
1637 5524 1703 5579 ad
1745 5539 1876 5594 cog-

303 5619 631 5672 noscendum
665 5618 830 5672 Deum
880 5633 1050 5688 nuper
1081 5625 1290 5686 putetur
1319 5616 1583 5683 eruditus,
1613 5618 1700 5673 cui
1746 5619 1871 5673 uni-

306 5728 487 5773 versus
527 5714 594 5770 ab
626 5713 844 5770 exordio
889 5727 1065 5768 rerum
1113 5711 1262 5766 testis
1296 5719 1378 5766 est
1408 5711 1653 5780 mundus,
1681 5720 1734 5767 et
1754 5712 1873 5769 idco

1975 4620 2220 4675 vincitur.
2252 4618 2434 4684 Magna
2462 4626 2544 4670 est
2572 4628 2701 4682 ergo
2730 4614 2807 4667 vis
2836 4611 2998 4665 animi
3031 4612 3082 4665 in
3113 4620 3395 4677 utramque
3426 4625 3547 4678 par-

1980 4722 2110 4776 tem,
2151 4710 2274 4763 dum
2307 4717 2360 4762 et
2408 4721 2567 4774 super
2598 4705 2950 4771 honestatem,
2983 4703 3253 4768 fundatur,
3305 4710 3358 4757 et
3387 4717 3549 4771 super

1979 4800 2315 4855 inbonestate
2339 4795 2700 4851 confunditur.
2731 4794 2795 4849 Et
2822 4796 2943 4849 ideo
2970 4794 3165 4848 dicitur
3193 4809 3286 4863 per
3313 4794 3548 4861 prophe-

1982 4903 2086 4947 tam
2119 4908 2132 4944 :
2162 4890 2433 4959 Palpebrae
2459 4891 2571 4961 ejus
2596 4888 2908 4955 interrogant
2954 4887 3087 4954 ﬁlios
3125 4884 3407 4947 hominum,
3443 4884 3548 4936 Do-

1981 4982 2149 5035 minus
2173 4981 2449 5049 interrogat
2490 4980 2692 5050 justum
2739 4986 2784 5031 et
2834 4977 3043 5044 impium
3074 4974 3254 5047 (Psal.
3288 4991 3317 5028 ι
3338 4974 3379 5045 ).
3411 4973 3549 5041 Quid

1983 5085 2070 5126 me
2090 5069 2286 5140 judicis
2314 5076 2472 5123 natus
2516 5066 2811 5136 interrogat
2843 5066 2911 5121 de
2939 5076 3181 5135 peccato,
3212 5067 3256 5119 si
3282 5079 3394 5120 suae
3421 5064 3551 5119 deli-

1980 5164 2198 5219 nitionis
2232 5171 2316 5219 est
2342 5162 2486 5233 quod
2512 5161 2787 5230 delinquo.
2811 5160 2994 5229 Itaque
3022 5160 3110 5228 qui
3140 5155 3550 5227 ﬁnxitsingilla-

1982 5255 2074 5310 tim
2103 5252 2266 5310 corda
2293 5253 2592 5319 hominum,
2618 5252 2733 5306 vias
2755 5250 3028 5305 hominum
3069 5258 3124 5304 et
3160 5249 3381 5304 emerita
3422 5260 3547 5301 con-
3590 5250 3598 5272 ‘

1980 5345 2324 5401 scientiarum
2364 5350 2603 5398 secretus
2644 5341 2918 5396 discussor
2948 5341 3259 5406 interrogat.
3290 5334 3393 5389 Sed
3424 5332 3467 5385 si
3497 5340 3549 5385 te
3612 5377 3617 5383 .

1980 5445 2035 5493 et
2074 5438 2189 5506 ipse
2229 5435 2504 5499 discutias,
2534 5433 2581 5489 si
2630 5433 2847 5501 quando
2879 5431 2930 5486 in
2962 5430 3232 5485 sinistram
3278 5424 3547 5479 declinare

1985 5531 2219 5596 voluisti,
2246 5542 2423 5583 nonne
2452 5526 2659 5598 trepida
2696 5523 3019 5581 conscientia
3051 5535 3117 5575 ne
3160 5530 3408 5588 peccares
3450 5514 3547 5568 ad-

1986 5620 2220 5676 monuit?
2239 5618 2427 5675 Nonnc
2457 5627 2530 5687 te,
2568 5617 2714 5674 velut
2743 5629 2929 5672 censor
2957 5610 3221 5673 occultus,
3254 5606 3420 5661 tristis
3453 5620 3549 5659 co-

1984 5714 2166 5785 gitatio
2197 5712 2504 5782 castigavit?
2531 5711 2605 5767 Ac
2635 5711 2712 5766 sic
2744 5710 2983 5764 homines
3010 5707 3212 5771 seipsos
3246 5704 3414 5759 latere
3442 5716 3550 5755 non
