4002 6188
459 316 554 373 851

1693 304 1745 361 3.
1788 302 2027 359 FAUSTI
2068 302 2491 359 RliEGlENSlS.
3613 306 3718 365 832

458 436 700 499 possunt,
730 426 1071 481 testimonium
1093 422 1331 478 reddente
1354 420 1459 473 illis
1480 416 1812 482 conscientia,
1836 422 1881 470 et
1900 416 2031 469 inter
2059 419 2108 476 Λ
2140 415 2352 469 Darium
2376 416 2495 483 quis
2528 415 2598 468 ita
2620 415 2688 470 de
2716 415 2824 470 Deo
2851 415 3058 471 sentire
3087 422 3139 469 ct
3169 414 3347 484 eloqui
3379 413 3581 480 docuit,
3618 420 3718 473 nisi

458 536 510 573 se
536 517 921 588 cogitationibus
951 511 1302 567 accusantibus
1329 518 1416 563 aut
1450 508 1600 560 etiam
1621 505 2033 575 defendentibus.

461 611 600 663 Inter
631 610 743 661 inec
774 608 816 660 si
845 606 1089 675 requiras
1132 603 1220 657 ubi
1262 608 1332 656 sit
1356 600 1575 653 libertas
1602 597 1808 651 arbitrii
1843 597 2033 664 po-ita,

459 700 549 753 ubi
595 699 665 753 sit
711 699 956 751 voluntas
1000 695 1229 749 hominis
1273 692 1585 757 constituta,
1614 697 1669 744 et
1712 689 1801 743 ubi
1836 689 1935 743 nisi
1982 689 2036 741 in

462 790 757 852 intellectu,
786 789 837 841 in
872 788 1078 840 ratione
1121 796 1280 853 atque
1310 780 1609 849 sapientia?
1644 780 1772 846 Qua:
1814 793 1934 833 cum
1963 778 2034 831 ita

462 886 592 945 sint,
624 881 769 948 prius
808 892 1029 931 necesse
1075 874 1295 929 habebis
1330 871 1531 925 homini
1573 884 1773 938 negaro
1819 869 2032 938 sapiena

466 974 616 1033 tiam,
650 975 859 1024 auterre
899 969 1183 1031 rationem,
1210 975 1269 1019 ut
1317 963 1556 1018 adimere
1603 962 1825 1016 liberam
1858 959 2038 1013 valeas

463 1062 810 1116 voluntatem.
832 1057 1193 1124 Quamobrem
1225 1055 1269 1110 si
1298 1055 1510 1124 quando
1540 1054 1793 1108 delictum
1822 1052 2037 1121 aliquod

463 1153 637 1207 anima
669 1151 804 1204 intra
828 1149 1160 1203 domicilium
1182 1161 1338 1200 suum
1357 1146 1573 1215 captiva
1602 1144 1917 1209 meditatur,
1943 1158 2033 1197 re.

464 1245 697 1297 clamant
720 1240 775 1297 ei
817 1241 1194 1310 cogitationum
1235 1248 1464 1305 secreta,
1510 1237 1836 1292 interdicunt
1865 1237 1913 1290 ei
1958 1236 2038 1290 in-

466 1334 727 1387 trinsecus
761 1330 932 1385 oiﬁcia
974 1345 1104 1395 sua.
1135 1329 1229 1385 sed
1270 1328 1412 1383 vires
1441 1328 1708 1382 subtrahit
1754 1326 2037 1382 resistendi

464 1423 792 1479 consuetudo
824 1421 1104 1490 peccandi.
1156 1420 1262 1476 Sed
1317 1419 1568 1482 rcvolvis,
1619 1426 1673 1474 et
1719 1418 1853 1473 dicis
1896 1417 2038 1487 quod

467 1514 593 1569 mali
632 1524 686 1567 et
729 1513 819 1582 qui
862 1514 927 1566 ad
969 1510 1322 1580 perditionem
1357 1509 1638 1564 trahuntur
1674 1523 1782 1563 non
1820 1523 2041 1577 accepe-

466 1606 573 1660 rint
603 1604 808 1659 arbitrii
841 1604 1162 1658 libertatem.
1188 1602 1422 1656 Primum
1470 1602 1609 1656 scire
1634 1601 1891 1656 debemus
1919 1600 2038 1670 quia

468 1696 685 1750 libertas
705 1694 937 1762 arbitrii,
964 1694 1159 1763 duplici
1190 1693 1485 1748 ministerio
1517 1693 1735 1763 praedita
1764 1702 1870 1758 est,
1900 1706 2040 1746 nunc

2141 508 2220 560 vis
2251 506 2474 560 rationis
2504 521 2554 561 et
2588 505 2741 575 legis,
2778 520 2899 560 cum
2930 505 3118 560 Daniel
3169 506 3333 558 Deum
3366 508 3716 564 conversione

2139 611 2298 666 posse
2347 596 2543 665 placari
2596 596 2843 651 edocuit?
2868 596 3022 652 Unde
3063 597 3160 650 fuit
3210 595 3354 666 quod
3401 597 3568 652 Deum
3598 615 3719 655 cum

2136 688 2444 743 conditione
2472 689 2725 757 cognovit
2756 689 2933 742 irasci.
2966 688 3081 741 Non
3113 690 3257 741 enim
3290 700 3482 759 magna
3520 692 3608 743 illa
3639 693 3718 745 ei-

2138 779 2274 833 vitas
2299 778 2449 833 donat
2474 779 2775 835 eruditione
2816 778 3060 847 resipitit,
3087 790 3186 833 nec
3227 778 3344 847 ejus
3390 782 3609 833 monitis
3640 782 3719 834 in-

2140 869 2407 923 tellecmm
2435 869 2873 938 petendas-ululis
2896 870 3236 936 accepit,nec
3264 868 3444 922 docuit
3468 871 3721 938 populum

2141 960 2426 1030 propheta,
2458 960 2551 1016 sed
2584 962 2766 1016 terruit
2795 979 2807 1013 :
2843 970 2940 1014 nec
2978 959 3397 1014 misericordiam
3449 963 3718 1031 promisit,

2139 1053 2233 1108 sed
2286 1054 2667 1108 immutabilem
2714 1055 3037 1107 sententiam
3089 1055 3385 1120 nuntiavit,
3437 1068 3492 1111 et
3546 1063 3725 1112 tamen

2141 1143 2267 1196 urbs
2298 1143 2385 1197 illa
2421 1143 2600 1213 (sicut
2652 1144 2908 1211 scriptum
2937 1142 3053 1211 est)
3101 1155 3282 1197 contra
3331 1160 3473 1214 spem
3502 1146 3557 1197 in
3586 1160 3727 1215 spem

2139 1237 2352 1289 credidit
2370 1236 2544 1305 (Rom.
2572 1233 2669 1306 tv),
2684 1235 2965 1305 atquelpsa
2986 1236 3197 1291 sibimet
3215 1237 3446 1291 remedia
3461 1235 3728 1306 quodam-

2142 1328 2301 1381 modo
2363 1328 2645 1383 interdicta
2697 1329 2942 1395 promisit
2986 1329 3211 1383 multum
3257 1329 3519 1398 placitura
3576 1330 3724 1395 Deo,

2141 1420 2347 1473 etiamsi
2368 1420 2627 1489 promissa
2643 1420 3078 1487 quaesissenQua:
3096 1420 3309 1490 quidem
3327 1420 3587 1489 remedia,
3606 1421 3731 1477 ideo

2143 1513 2407 1568 interdum
2439 1528 2467 1567 a
2500 1514 2727 1571 Domino
2757 1513 3179 1583 supprimuntur,
3213 1520 3271 1566 ut
3303 1512 3593 1567 violentius
3635 1528 3725 1567 ac-

2143 1607 2336 1673 quisita
2382 1612 2685 1663 serventur.
2732 1606 3011 1675 Simulque
3068 1605 3381 1674 interposita
3443 1605 3726 1660 obtinendi

2144 1698 2477 1764 difﬁcultate,
2504 1692 2630 1752 dum
2663 1697 3027 1751 munificentia
3050 1695 3420 1759 absconditur,
3447 1696 3579 1750 fides
3604 1710 3728 1765 pro-

468 1788 534 1841 ad
566 1788 815 1849 salutem.
868 1802 1007 1842 nunc
1052 1785 1117 1840 ad
1150 1785 1501 1855 perditionem
1554 1786 1633 1839 sui
1666 1794 1905 1854 prompta
1933 1796 2035 1839 est.
2074 1781 2116 1840 Β
2148 1789 2319 1854 batur,
2366 1793 2648 1843 exercetur
2676 1786 2927 1849 ambitm,
2962 1785 3328 1840 manifestatur
3357 1786 3606 1851 affectus,
3645 1790 3728 1840 to-

472 1884 576 1938 Sed
610 1885 838 1952 opponis
870 1883 1011 1952 quod
1039 1883 1326 1938 voluntatis
1354 1884 1572 1938 libertas
1600 1883 1729 1938 solis
1756 1883 2045 1938 liherandis

472 1992 613 2039 comi
634 1983 743 2028 etot
764 2008 780 2039 ,
812 1981 869 2027 et
913 1973 966 2026 in
1013 1973 1397 2042 redemptionis
1428 1972 1686 2027 beneﬁcio
1717 1974 2041 2027 constitutis.

473 2063 589 2117 Non
620 2063 693 2115 ita
740 2071 844 2116 est.
884 2062 1153 2116 Liberatio
1193 2061 1259 2115 ad
1298 2062 1492 2116 donum
1532 2062 1716 2131 gratim
1747 2072 1799 2116 et
1826 2063 1893 2116 ad
1924 2079 2045 2131 pro«

477 2154 714 2222 positum
768 2150 1154 2207 consentientis
1202 2154 1432 2220 pertinet
1457 2152 1577 2205 vita:
1608 2170 1621 2204 :
1651 2152 1869 2206 libertas
1917 2167 2044 2207 vero

470 2246 674 2299 arbitrii
706 2259 812 2298 non
844 2254 923 2300 est
954 2260 1040 2297 res
1070 2243 1373 2298 accedentia
1405 2243 1803 2309 munificentia),
1832 2244 1924 2299 sed
1954 2262 2046 2299 ηιμ

472 2346 623 2389 ειη-ξιξ.
654 2334 1032 2402 Quaerentibus
1080 2336 1242 2399 illam,
1274 2336 1355 2389 vel
1393 2335 1667 2403 tribuitur,
1697 2337 1780 2391 Vel
1823 2351 2040 2392 conser-

470 2437 643 2493 vatur,
683 2427 843 2481 etiam
891 2443 995 2479 non
1044 2426 1437 2495 requirentibus
1477 2428 1575 2481 ista
1629 2428 1924 2483 confertur.
1954 2430 2045 2484 llla

470 2515 876 2570 renascentibus
919 2516 1275 2582 ministratur,
1304 2517 1374 2571 ita
1406 2516 1766 2571 nascentibus.
1800 2517 2045 2572 Libertas

472 2605 541 2658 ad
571 2606 740 2659 solam
776 2606 865 2658 Dei
897 2606 1132 2673 pertinet
1171 2607 1561 2674 operationem,
1608 2607 1854 2662 liberatio
1881 2618 1936 2663 et
1978 2609 2043 2663 ad

471 2695 671 2749 subditi
728 2694 960 2749 hominis
1006 2695 1348 2751 servitutem.
1385 2698 1472 2751 llla
1520 2698 1673 2752 bonis
1712 2698 2041 2766 conﬁrmata,

470 2786 568 2838 ista
595 2794 649 2841 et
674 2786 828 2839 malis
855 2786 1011 2838 insita
1042 2794 1145 2840 est.
1173 2785 1264 2839 [ila
1308 2785 1581 2856 acquisitis
1611 2795 1665 2843 et
1694 2802 2044 2857 perseveran-

472 2877 610 2932 tibus
652 2878 929 2947 competit,
951 2878 1049 2933 ista
1071 2886 1125 2933 et
1156 2877 1377 2946 perditis
1398 2880 1654 2948 suppetit.
1685 2879 1777 2933 illa
1804 2879 2045 2934 conden-

470 2966 559 3033 tis,
591 2967 688 3021 ista
721 2976 777 3023 et
798 2969 1104 3024 obedientis
1134 2978 1236 3025 est.
1282 2969 1373 3023 illa
1405 2972 1681 3039 potentiae,
1704 2970 1803 3024 ista
1828 2980 1911 3025 est
1940 2972 2045 3024 mi-

470 3058 796 3113 sericordim.
833 3059 924 3113 Illa
956 3058 1177 3130 originis
1212 3069 1266 3114 et
1300 3063 1533 3130 generis.
1562 3060 1659 3115 ista
1690 3069 1773 3115 est
1812 3061 2046 3117 muneris

469 3161 522 3202 ct
550 3149 781 3202 virtutis.

1121 3214 1347 3272 CAPUT
1386 3216 1455 3271 X.

748 3300 933 3359 Gentes
974 3304 1133 3360 Deum
1172 3307 1473 3360 naturaliter
1502 3308 1755 3376 sapuisse.

542 3424 739 3479 Pltnus
792 3423 993 3493 Spiritu
1047 3435 1234 3478 sancto
1286 3424 1542 3494 pr0plteta
1608 3425 1813 3490 Daniel,
1868 3426 2045 3481 sciens

474 3517 640 3572 Deum
679 3517 732 3571 in
775 3532 935 3571 sensu
979 3517 1210 3571 hominis
1246 3517 1538 3586 appetitum
1568 3517 1688 3570 boni
1734 3518 1927 3571 malive
1952 3532 2045 3586 po-

468 3611 661 3675 suisse,
681 3610 749 3662 ita
768 3608 1261 3663 Nabuchodonosor
1280 3608 1569 3677 alloquitur
1590 3608 1776 3662 dicens
1803 3625 1815 3661 :
1843 3608 2042 3674 Quam-

470 3703 639 3757 obrem
686 3702 956 3756 consilium
1005 3718 1169 3755 meum
1198 3702 1391 3770 placeat
1437 3702 1547 3768 tibi,
1576 3718 1606 3754 ο
1626 3714 1736 3762 rex,
1766 3711 1812 3754 et
1839 3710 2046 3770 peccata

469 3805 559 3846 tua
586 3794 915 3862 eleemosynis
939 3792 1150 3857 redime,
1177 3802 1223 3846 et
1251 3793 1540 3860 iniquitates
1566 3802 1678 3845 tuas
1701 3793 2045 3845 miserationi-

468 3884 559 3936 bus
587 3899 866 3951 pauperum
890 3882 1061 3953 (Dan.
1086 3898 1124 3935 ιι
1150 3882 1193 3953 ).
1230 3881 1293 3935 Et
1314 3892 1540 3951 peccata,
1572 3882 1757 3952 inquit,
1784 3892 1873 3936 tua
1916 3883 2043 3937 eice.

470 3973 695 4041 mosynis
722 3971 934 4026 redime.
966 3973 1247 4027 l’racﬁsum
1279 3971 1444 4027 videri
1467 3988 1571 4027 nou
1598 3982 1771 4043 potest
1790 3974 2044 4044 quidquid

470 4063 658 4117 redimi
686 4071 878 4127 potest.
910 4070 947 4116 Α
981 4064 1208 4119 sanitate
1252 4064 1431 4134 itaque
1462 4080 1567 4121 non
1609 4065 1931 4128 excluditur,
1960 4065 2044 4119 cui

472 4155 769 4211 remedium
823 4156 1194 4226 persuadetur.
1227 4157 1506 4227 Simulque
1536 4158 1586 4212 ei
1612 4157 1890 4212 arbitrium
1936 4169 2042 4213 non

471 4256 696 4317 negatur
723 4248 875 4315 cujus
912 4262 1207 4303 consensus
1248 4248 1496 4316 exigitur.
1529 4249 1704 4303 Liberi
1735 4249 1895 4303 animi
1925 4248 2047 4304 ofii~

470 4336 611 4391 cium
636 4353 742 4391 non
763 4338 960 4403 amisit,
979 4338 1065 4405 qui
1090 4338 1343 4407 probatur
1366 4343 1639 4407 suscipere
1661 4341 1897 4409 potuisse
1918 4354 2047 4395 con-

470 4428 670 4485 silium.
699 4433 738 4483 Α
769 4432 939 4482 salute
991 4429 1199 4484 alienus
1230 4443 1339 4482 non
1370 4430 1658 4499 invenitur,
1686 4429 1771 4485 cui
1819 4431 2040 4486 materia

2146 1886 2365 1948 tumque
2394 1879 2494 1933 hoc
2540 1879 2595 1932 in
2630 1878 2845 1932 homine
2876 1878 3011 1947 ignis
3042 1876 3262 1931 interior
3285 1890 3316 1930 a
3348 1878 3457 1931 Deo
3510 1877 3726 1943 insitus,

2147 1980 2203 2025 et
2226 1970 2292 2023 ab
2325 1968 2540 2023 homine
2578 1983 2698 2022 cum
2740 1969 2832 2022 Dei
2874 1967 3040 2037 gratia
3069 1969 3299 2020 nutritus
3325 1976 3604 2036 operator.
3631 1968 3731 2019 Os-

2151 2061 2318 2114 tendit
2346 2060 2520 2129 itaqne
2548 2069 2679 2128 gens
2712 2060 2797 2112 illa
2830 2073 2891 2112 ea
2918 2072 3035 2125 quae
3063 2057 3219 2111 saluti
3249 2057 3481 2110 hominis
3510 2070 3731 2121 compe-

2149 2160 2286 2219 tunt,
2312 2150 2419 2221 ipsa
2453 2152 2803 2203 ordinatione
2826 2150 3041 2203 facturae
3085 2150 3250 2202 Deum
3282 2148 3418 2201 intra
3452 2147 3733 2201 hominem

2147 2247 2463 2307 collocasse,
2492 2252 2545 2299 et
2570 2252 2693 2299 ante
2718 2254 2934 2296 munera
2968 2238 3359 2308 Redemptoris,
3382 2241 3527 2294 circa
3563 2242 3729 2293 ratio-

2150 2336 2377 2391 nabilem
2405 2344 2702 2389 creaturam
2759 2345 2971 2402 semper
3000 2332 3232 2386 auctoris
3270 2331 3407 2385 dona
3449 2331 3727 2399 viguisse;

2148 2438 2176 2481 a
2219 2426 2493 2480 conditore
2532 2426 2744 2493 quidem
2781 2436 2993 2478 summo
3025 2423 3266 2492 prmscita
3310 2436 3403 2489 per
3448 2428 3725 2486 naturam,

2149 2517 2243 2573 sed
2273 2516 2633 2571 conﬁrmanda
2666 2529 2757 2585 per
2793 2515 3037 2584 gratiam.
3073 2514 3173 2568 Per
3200 2514 3451 2581 gratiam,
3486 2514 3730 2581 inquam,

2148 2609 2200 2665 in
2238 2609 2389 2678 cujus
2422 2616 2662 2677 tempore
2687 2608 3073 2676 praxteritornm
3113 2605 3256 2658 salus
3303 2612 3419 2657 erat
3465 2618 3729 2657 consum-

2152 2703 2343 2758 mantia
2375 2701 2711 2764 saeculorum,
2744 2700 2865 2768 quia
2897 2699 3026 2752 nihil
3067 2698 3131 2751 ad
3182 2698 3477 2767 perfectum
3506 2695 3732 2749 adduxit

2150 2796 2232 2850 lex
2264 2793 2348 2848 vel
2377 2790 2588 2857 littcrte,
2628 2791 2711 2845 vel
2742 2798 2963 2845 uatum.
2997 2788 3244 2843 Ninivitis
3288 2799 3417 2857 ergo
3448 2788 3731 2840 evidenter

2151 2884 2485 2940 manifestata
2517 2891 2595 2938 est
2633 2881 2931 2937 clementia)
2956 2890 3008 2936 et
3027 2880 3275 2934 bonitatis
3304 2880 3457 2947 plena
3485 2890 3584 2931 vox
3616 2878 3726 2931 Do-

2153 2977 2278 3029 mini
2310 2977 2378 3029 ita
2402 2975 2629 3029 dicentis
2650 2988 2664 3028 :
2689 2975 2907 3042 Repente
2927 2975 3110 3042 loquar
3125 2972 3192 3024 ad
3207 2982 3399 3042 gentem
3417 2978 3460 3023 et
3488 2985 3734 3037 regnum:

2152 3076 2207 3119 ut
2235 3066 2462 3132 evellam,
2493 3079 2539 3119 et
2569 3068 2846 3129 destruant,
2880 3076 2925 3118 et
2956 3065 3208 3117 eradicent
3263 3064 3323 3119 Si
3348 3076 3468 3133 gem
3502 3062 3593 3116 illa
3624 3082 3735 3133 ptr-

2072 3139 2120 3201 c
2152 3159 2413 3213 nitentium
2442 3161 2597 3229 egerit
2646 3174 2739 3228 pro
2779 3164 2981 3229 peccato
3022 3173 3135 3227 suo,
3171 3164 3215 3210 et
3262 3172 3351 3227 ego
3381 3159 3735 3227 pten'Jentiam

2147 3267 2294 3322 agam
2338 3262 2489 3320 super
2532 3251 2667 3302 malo
2711 3248 2849 3318 quod
2901 3250 3098 3303 locutus
3140 3265 3253 3301 sum
3299 3256 3354 3299 ut
3401 3248 3625 3317 facerem
3681 3248 3729 3300 ei

2149 3340 2297 3413 (λον.
2348 3340 2523 3408 XVIII).
2580 3339 2741 3409 Optat
2784 3340 2942 3408 jndex
2995 3340 3300 3394 misericors
3344 3338 3576 3393 scelestis
3627 3339 3728 3393 de-

2148 3441 2293 3485 creta
2322 3432 2529 3486 C0ﬂ:illl
2555 3434 2641 3501 pio
2671 3432 2949 3486 immutare
2990 3430 3290 3495 mendacio,
3314 3429 3357 3483 si
3398 3445 3518 3484 reus
3555 3429 3706 3485 medi

2146 3525 2318 3577 rinam
2335 3523 2545 3578 festinet
2565 3523 2820 3577 adhibere
2836 3528 3077 3593 peccato,
3095 3524 3289 3576 invitus
3305 3522 3501 3576 homini
3521 3521 3733 3591 pondus

2147 3612 2505 3668 damnationis
2527 3613 2773 3682 imponit,
2798 3616 2885 3682 qui
2917 3613 3211 3667 remedium
3238 3610 3617 3666 satisfactionis
3644 3627 3732 3665 os-

2150 3708 2337 3775 tendit,
2365 3717 2421 3765 et
2463 3704 2662 3764 sedulae
2687 3708 3001 3777 obsequium
3033 3706 3301 3761 servitutis
3327 3712 3621 3775 exspectat.
3662 3706 3729 3760 Et

2149 3803 2270 3856 ideo
2313 3800 2543 3870 perlaeta
2591 3800 2679 3854 illa
2723 3798 3077 3869 providentia,
3119 3812 3237 3867 qua:
3277 3799 3331 3853 in
3380 3798 3482 3853 hoc
3524 3799 3729 3854 seculo

2148 3894 2400 3949 virtutum
2425 3894 2696 3948 exercitiis
2723 3892 3041 3957 delectatur,
3071 3891 3526 3946 ordinatissitnum
3562 3898 3615 3945 et
3635 3904 3724 3943 sa-

2148 3986 2345 4055 pientia
2375 3999 2469 4037 sua
2511 3984 2878 4052 ἀίειιίμείιιιιιιη
2905 3983 3164 4053 judicavit
3195 3992 3254 4035 ut
3292 3982 3564 4036 hominem
3592 3995 3726 4035 con-

2149 4076 2317 4129 ditum
2354 4074 2421 4129 ad
2467 4088 2635 4129 sacrae
2674 4075 2919 4144 imaginis
2948 4074 3263 4144 dignitatem
3297 4075 3385 4129 hic
3426 4075 3570 4145 prius
3599 4090 3726 4143 ago-

2150 4168 2305 4221 nibus
2328 4172 2382 4221 ct
2410 4164 2806 4220 conditionibus
2836 4164 3164 4235 exploraret,
3196 4162 3308 4220 illic
3336 4177 3463 4218 vero
3487 4165 3640 4219 donis
3674 4172 3726 4219 et

2152 4259 2587 4314 retribuliOnibus
2635 4258 2951 4325 adimpleret
2984 4277 2995 4310 :
3032 4267 3087 4311 ut
3134 4275 3254 4312 cum
3308 4254 3539 4312 famulus
3578 4259 3727 4312 exhi-

2154 4351 2355 4405 buisset
2382 4350 2431 4404 in
2453 4350 2633 4404 labore
2660 4349 3040 4413 obedientiam,
3066 4348 3317 4403 Dominus
3348 4349 3655 4404 ostenderet
3675 4349 3725 4403 in

2154 4441 2585 4496 remuneratione
2607 4440 2904 4511 justitiam;
2939 4451 2994 4494 ut
3030 4455 3150 4495 cum
3183 4439 3464 4495 inﬁrmitas
3497 4441 3724 4493 humana

472 4521 661 4574 salutis
693 4522 968 4589 ingeritur.
1002 4520 1067 4576 Et
1096 4522 1181 4576 cui
1208 4521 1366 4577 olfert
1389 4522 1647 4592 propheta
1676 4525 2042 4593 comparanda
2077 4510 2123 4569 Π
2153 4534 2429 4589 obtulisset
2477 4510 2733 4587 humilem
2786 4530 3145 4596 devotionem,
3180 4529 3499 4587 ineﬁ'a‘bilem
3549 4532 3721 4598 divina

475 4613 817 4683 indulgentia:
844 4616 1206 4683 occasionem,
1240 4617 1421 4672 inesse
1460 4619 1509 4673 ei
1540 4619 1828 4675 voluntatis
1854 4620 2046 4676 assevit

476 4714 810 4775 potestatem.
842 4708 946 4762 Sed
972 4720 1023 4763 et
1053 4711 1153 4764 hoc
1181 4711 1321 4781 quod
1357 4711 1599 4766 Baltasar
1625 4712 1843 4782 gentilis
1867 4715 2044 4783 argui-

479 4806 581 4859 tur,
621 4794 833 4849 dicente
881 4800 1136 4866 propheta
1168 4816 1181 4853 :
1220 4800 1473 4854 Laudasti
1514 4802 1634 4856 deos
1681 4813 1963 4872 argenteos,
2000 4814 2046 4857 et

473 4903 674 4953 aureos,
706 4896 751 4938 et
774 4887 987 4957 ligneos,
1018 4899 1065 4941 et
1093 4891 1338 4959 lapideos,
1370 4904 1417 4945 et
1445 4892 1603 4946 Deum
1631 4896 1682 4947 in
1706 4899 1853 4966 cujus
1890 4910 2049 4949 manu

473 4981 630 5049 ﬂatus
661 4988 777 5032 tuus
811 4988 880 5032 est
902 4993 1001 5032 ttcn
1032 4982 1256 5034 laudasti
1285 4983 1458 5052 (Dan.
1488 4984 1575 5054 v).
1608 4985 1774 5040 Vides
1806 4988 1928 5056 quia
1962 4988 2049 5041 hic

474 5071 769 5141 alienigena
799 5073 959 5128 Deum
997 5084 1051 5127 et
1080 5075 1219 5131 scire
1248 5079 1433 5146 potuit
1460 5089 1515 5133 et
1544 5079 1782 5148 laudare,
1828 5081 1920 5135 sed
1952 5094 2044 5136 no-

475 5163 605 5217 luit?
646 5163 822 5220 lnesse
865 5165 1065 5221 homini
1094 5166 1428 5224 intellectum
1474 5170 1567 5226 Dei
1610 5174 1809 5242 pariter
1833 5184 1890 5230 et
1930 5175 2045 5230 cui.

479 5265 589 5309 tum
632 5255 752 5311 ideo
797 5256 1053 5325 propheta
1098 5262 1435 5331 memoravit,
1467 5264 1589 5331 quia
1627 5264 1796 5334 legem
1844 5274 2047 5322 noturm

476 5349 762 5405 indiscrete
782 5350 920 5405 intra
943 5351 1114 5407 omnis
1143 5354 1375 5410 hominis
1399 5370 1615 5411 sensum
1646 5360 1824 5428 vigere
1850 5372 2046 5431 cogno-

476 5447 571 5501 vit.
598 5448 665 5501 Ει
690 5456 968 5517 propterea
1010 5462 1131 5502 cum
1168 5450 1389 5516 praefato
1422 5453 1910 5509 NabuchodonOsor
1939 5458 2043 5524 regi

474 5538 657 5601 Daniel
688 5540 794 5594 vim
820 5540 1013 5595 somnii
1038 5538 1353 5605 revelasset,
1379 5543 1546 5598 Deum
1579 5556 1637 5600 se
1665 5558 1769 5599 non
1803 5546 2047 5615 ignorare

474 5632 762 5702 qualislibet
794 5634 1043 5701 profanus
1083 5634 1341 5701 ostendit,
1374 5636 1444 5689 ita
1495 5636 1719 5692 dicens:
1750 5632 1881 5691 Vere
1911 5636 2048 5691 Deus

475 5734 632 5781 t'cstcr
674 5723 812 5780 Deus
846 5728 1055 5778 deorum
1101 5736 1189 5789 est,
1237 5736 1282 5789 ct
1337 5727 1580 5784 Dominus
1633 5746 1825 5802 regum.
1862 5731 1967 5788 Sed
1998 5739 2049 5785 ct

2153 4626 2382 4694 potentia
2406 4628 2682 4680 exerceret
2730 4625 3049 4693 largitatem.
3079 4622 3282 4693 iugiter
3324 4636 3455 4693 ergo
3482 4624 3713 4678 laboran-

2150 4720 2295 4785 dum,
2325 4718 2416 4772 sed
2452 4733 2480 4770 a
2521 4720 2690 4787 gratia
2724 4728 2827 4771 non
2881 4716 3260 4781 recedendum,
3293 4726 3343 4770 ct
3392 4714 3675 4770 dicendum
3704 4734 3717 4769 :

2150 4802 2309 4873 Dens,
2328 4808 2381 4862 in
2399 4808 2717 4877 adiutorium
2739 4820 2903 4860 meum
2922 4807 3125 4860 intende
3144 4806 3161 4876 (
3180 4802 3324 4859 Psel.
3349 4817 3466 4859 Lstx
3484 4806 3525 4875 ).
3547 4804 3721 4874 Ipsum

2148 4909 2275 4968 ergo
2327 4898 2568 4965 adjutorii
2622 4897 2938 4951 voralndum
2984 4896 3269 4951 laborantis
3324 4896 3552 4966 requirit
3601 4897 3717 4951 ofli-

2149 4991 2308 5045 ciutn.
2340 4989 2617 5064 Adjutorii
2654 4990 2831 5058 itaque
2870 5002 3049 5043 sermo
3078 4988 3214 5043 duos
3246 4982 3462 5054 indicat,
3496 5002 3721 5058 operan-

2150 5092 2255 5137 tem
2284 5088 2340 5136 et
2367 5088 2767 5149 cooperantem,
2788 5088 3051 5149 petentem
3082 5087 3135 5133 et
3164 5081 3584 5149 promittentem,
3601 5078 3716 5148 pul-

2149 5182 2355 5229 santem
2368 5182 2423 5228 et
2439 5172 2791 5242 aperientem,
2806 5181 3128 5242 quaerentem
3145 5173 3343 5242 pariter
3355 5180 3408 5227 et
3425 5172 3719 5228 retribuen-

2152 5278 2277 5324 tem.
2312 5266 2421 5322 tloc
2450 5266 2620 5321 solum
2671 5273 2911 5321 nostrum
2954 5270 3057 5330 est,
3092 5275 3146 5319 ut
3172 5266 3260 5335 qui
3310 5276 3406 5335 pro
3439 5263 3721 5333 fragilitate

2148 5359 2324 5415 idonei
2358 5372 2461 5413 non
2492 5368 2695 5422 sumus,
2738 5356 2924 5411 saltem
2967 5357 3239 5425 φιλεταιάί
3272 5365 3325 5411 et
3356 5356 3600 5425 pulsandi
3628 5356 3720 5408 im-

2152 5453 2475 5523 portunitate
2508 5453 2830 5521 placeamus.
2864 5444 2966 5505 Ubi
2997 5452 3105 5503 erit
3130 5450 3389 5504 sedulitas
3422 5448 3719 5505 misetentis

2153 5543 2265 5606 Dei,
2314 5536 2358 5596 si
2391 5552 2510 5595 cum
2562 5552 2787 5610 persima
2830 5536 2962 5593 nihil
3006 5548 3274 5597 mereatur
3324 5538 3546 5608 indigni,
3579 5546 3630 5592 et
3658 5536 3719 5589 ad

2152 5634 2253 5688 hoc
2296 5630 2559 5687 desideria
2613 5628 2863 5685 accedant
2909 5630 3103 5684 otiosi?
3149 5630 3213 5684 Et
3254 5630 3375 5687 ideo
3424 5630 3523 5685 nisi
3564 5629 3718 5685 obse-

2152 5724 2345 5797 quendi
2371 5719 2604 5780 studium
2638 5720 2939 5779 obedientia
2985 5719 3249 5778 indechsa
3285 5722 3601 5792 prtctnlcrit,
3639 5719 3717 5774 lo-
