4002 6188
458 299 560 354 835

1690 282 1743 335 S.
1788 278 2028 335 FAUSTI
2068 274 2468 331 iillEClENSlS

3612 266 3714 327 836

460 412 612 467 fuerit
643 406 921 465 tribuentis
939 408 1078 475 iusta
1106 399 1417 467 liberalitas,
1453 411 1555 451 non
1579 395 1680 450 crit
1717 391 2030 462 accipientis
2060 397 2101 451 Λ
2134 405 2256 445 cum
2287 389 2356 443 ita
2381 388 2509 450 sint,
2535 400 2639 441 non
2669 383 2860 439 audeat
2890 392 3136 437 creatura
3164 380 3232 436 de
3252 378 3528 435 Creatoris
3553 398 3715 449 opere

463 503 692 573 perfecta
732 498 997 560 felicitas;
1041 502 1095 549 et
1123 490 1223 547 nisi
1254 490 1399 560 prius
1428 486 1706 555 explorata
1758 482 1920 536 fuerit
1948 482 2029 533 iu-

465 572 720 664 quirentis
757 588 981 642 aviditas
1007 625 1023 650 ,
1052 584 1104 637 in
1154 598 1259 651 qtto
1304 576 1676 648 iocundabitnr
1722 572 2024 642 benignitas

464 681 772 754 largientis?
801 679 973 733 adhuc
1015 689 1135 729 cum
1163 672 1366 740 iustitia
1415 668 1573 723 verba
1603 666 1840 721 conserit
1897 678 2035 732 pra:-

466 774 708 835 scientia,
740 780 792 825 et
814 771 922 837 ipsa
953 769 1021 821 ita
1041 764 1170 818 dicit
1195 781 1206 815 :
1232 761 1418 816 Melius
1437 767 1592 813 estut
1620 771 1726 810 non
1754 755 1840 809 ﬁat
1864 768 2033 822 genus

469 869 777 926 humanum,
803 876 957 928 quam
978 861 1045 911 ita
1070 855 1181 909 ﬁeri
1211 854 1451 906 videatur
1475 860 1531 903 ut
1559 856 1763 918 pereat.
1794 845 2038 914 Responr

469 958 556 1008 dct
597 954 803 1006 bonitas
833 960 987 1016 atque
1012 944 1250 1015 iustitia:
1300 940 1414 995 Non
1448 941 1514 992 ita
1547 946 1649 992 est.
1685 936 1911 1004 Propter
1940 934 2030 987 im-

472 1049 613 1119 pium
643 1044 773 1099 Cain
797 1041 927 1096 Abel
951 1040 1066 1108 pius
1094 1051 1217 1090 reus
1247 1050 1347 1087 non
1372 1048 1401 1085 e.
1435 1032 1514 1084 ti?
1542 1031 1765 1098 Propter
1785 1041 2033 1081 crescen-

476 1117 579 1198 tem
633 1136 886 1191 malitiam
940 1128 1166 1183 mundus
1214 1126 1324 1181 Noe
1362 1124 1618 1193 justitiam
1662 1136 1766 1174 non
1801 1117 2039 1172 videbit?

473 1236 699 1300 Propter
723 1227 910 1281 ludam
947 1237 1051 1275 non
1077 1218 1388 1273 habebimus
1416 1212 1670 1268 Petrum?
1700 1211 1920 1278 Propter
1949 1222 2043 1262 eos

474 1328 563 1398 qui
596 1325 721 1377 vitio
746 1317 1052 1376 blandiente
1086 1310 1332 1366 vincendi
1363 1316 1507 1373 sunt,
1540 1307 1591 1359 in
1621 1306 1782 1358 vitam
1815 1316 1921 1355 non
1952 1315 2044 1354 ve-

475 1394 626 1474 nient
662 1416 751 1485 qui
801 1428 896 1482 per
933 1408 1155 1478 rigidam
1188 1401 1674 1472 magnanimitatem
1707 1394 1913 1450 virtutis
1951 1410 2045 1448 au-

477 1523 634 1567 stera:
666 1509 807 1576 justo
834 1500 1036 1573 iudicio
1060 1494 1351 1552 coronandi
1398 1490 1561 1545 sunt?
1591 1490 1815 1556 Propter
1842 1499 2046 1554 praeva-

479 1607 760 1659 ricatorem
791 1593 1205 1653 multitudinem,
1238 1582 1713 1657 praetermittentur
1741 1581 1793 1633 in
1820 1577 2044 1631 nihilum

480 1699 738 1766 iustorum
771 1687 987 1749 saecula,
1031 1682 1192 1737 millia
1226 1687 1538 1748 martyrum,
1574 1684 1898 1742 regnumque
1924 1683 2047 1722 san-

481 1763 684 1845 ctorum
710 1787 730 1838 ?
762 1785 985 1850 Propter
1015 1791 1107 1831 eos
1135 1787 1268 1843 quos
1292 1788 1389 1825 suo
1415 1768 1637 1824 crimine
1666 1763 2046 1833 prtenoscimns

481 1890 807 1951 peceatores,
839 1890 942 1926 non
972 1869 1225 1924 faciemus
1253 1878 1345 1919 eos
1375 1876 1507 1931 quos
1545 1858 1857 1929 przeseimus
1886 1854 2045 1909 etiam

482 1948 580 2027 suo
611 1970 800 2025 merito
832 1961 1155 2035 placituros?
1201 1958 1257 2011 Si
1290 1957 1358 2010 ita
1388 1963 1488 2017 est,
1523 1954 1639 2021 plus
1668 1948 1929 2003 fraudabit
1956 1963 2048 2014 pn-

484 2064 661 2119 teutiae
684 2067 881 2113 nostrae
905 2050 1221 2123 prazcognita
1242 2060 1395 2114 quam
1427 2052 1791 2099 consummata
1824 2038 2045 2091 malitia.

484 2152 707 2210 Nocebit
736 2146 991 2216 siquidem
1018 2141 1170 2196 bonis
1198 2137 1457 2191 malorum
1480 2131 1720 2201 prmscita
1742 2138 1960 2199 generat
1984 2126 2049 2180 o?

487 2241 700 2298 nocebit
728 2238 898 2300 bonis,
926 2234 1013 2302 qui
1046 2238 1323 2300 propterea
1350 2222 1567 2278 creandi
1597 2236 1701 2275 non
1728 2230 1904 2281 erunt,
1930 2218 2052 2289 quia

489 2344 666 2390 creata
694 2326 1012 2399 quandoque
1042 2321 1138 2376 soli
1172 2319 1271 2372 sibi
1303 2328 1497 2370 nocere
1529 2311 1819 2381 potuisset?
1843 2309 1949 2364 Sed
1979 2308 2057 2362 di-

490 2437 573 2481 cat
601 2424 808 2478 bonitas
847 2437 861 2472 :
896 2419 967 2471 lta
1001 2414 1250 2468 faciamus
1302 2409 1589 2461 humanum
1626 2417 1813 2473 genus,
1849 2410 1907 2455 ut
1933 2415 2059 2469 pec-

496 2530 621 2573 care
640 2530 743 2569 non
770 2512 956 2581 possit.
979 2505 1075 2560 Cui
1104 2500 1425 2573 respondeat
1445 2514 1475 2553 e
1493 2506 1677 2552 contra
1699 2496 2061 2560 circonspecta

492 2607 693 2675 iustitia
720 2622 731 2655 :
765 2598 1043 2669 Quomodo
1072 2593 1417 2650 terrestribus
1431 2590 1696 2649 dabimus,
1729 2585 1870 2657 quod
1901 2586 2062 2639 male-

493 2697 663 2752 stibus
694 2690 1049 2749 indulsimus?
1081 2683 1359 2754 Quomodo
1408 2680 1623 2734 habebit
1675 2677 1929 2746 fragilitas
1960 2675 2063 2729 ho-

496 2788 697 2842 minum
727 2782 866 2852 quod
913 2790 1098 2835 natura
1150 2789 1255 2830 non
1287 2767 1898 2854 obtinuit-angelorum?
1933 2765 2063 2830 Quae

502 2917 3451 2961 ___________________.___________———————

2135 481 2427 550 disputare.
2475 477 2737 534 Potentia:
2776 478 2951 544 itaque
2998 476 3095 529 fuit
3143 483 3201 529 ut
3248 473 3612 528 immortalem
3649 491 3711 529 ex

2136 571 2303 625 nihilo
2339 569 2609 624 hominem
2634 566 2925 631 conderet;
2956 565 3253 634 sapientiae,
3278 572 3613 632 utcapacem
3642 580 3717 618 ra-

2138 663 2299 716 tiirnis
2321 660 2592 723 efﬁceret;
2621 657 2892 721 bonitatis,
2925 667 2981 709 ut
3013 655 3077 709 ad
3103 654 3487 709 beatitudinem
3513 668 3717 723 prtepa-

2150 760 2323 813 rarct;
2351 750 2593 819 justitire,
2617 757 2803 802 utnon
2836 756 2959 800 ante
2985 747 3211 815 eligeret
3253 760 3412 815 quam
3446 747 3714 814 probaret.

2153 841 2257 896 Sed
2288 840 2423 895 inter
2448 839 2559 893 haec
2593 838 2783 907 aliquis
2825 838 3093 905 persistit,
3131 844 3185 889 et
3213 835 3381 888 dicit:
3414 834 3470 888 Si
3513 845 3722 886 constat

2147 940 2456 1001 peccatores
2501 931 2550 982 in
2596 929 2690 982 illo
2726 929 2922 981 saeculo
2984 925 3260 995 suppliciis
3304 923 3635 978 addicendos
3671 936 3722 971 et

2147 1024 2364 1076 teternis
2394 1019 2600 1089 ignibus
2648 1018 3050 1087 mancipandos,
3085 1018 3161 1070 sic
3193 1017 3307 1070 ﬁeri
3350 1016 3511 1069 homo
3542 1014 3724 1068 debuit

2152 1123 2210 1166 ut
2243 1114 2284 1165 is
2307 1111 2523 1164 omnino
2556 1125 2779 1179 peccare
2811 1125 2858 1161 ni
2884 1126 2916 1161 n
2969 1115 3172 1178 posset.
3213 1106 3347 1172 Quid
3402 1106 3723 1174 prmeurris,

2145 1220 2178 1256 ο
2214 1204 2409 1267 homo,
2446 1201 2679 1255 auctoris
2728 1199 2805 1255 tui
2853 1199 3313 1268 dispensationes?
3349 1197 3476 1267 quid
3527 1195 3726 1265 quaeris

2144 1313 2257 1351 rem
2287 1295 2705 1349 immortalitatis
2747 1296 2800 1347 in
2847 1295 3067 1365 regione
3115 1293 3346 1347 mortis?
3372 1292 3499 1362 quid
3528 1291 3727 1359 quaeris

2146 1388 2197 1440 in
2230 1387 2428 1440 malitia
2457 1385 2594 1455 quod
2625 1396 2840 1454 paretur
2866 1385 2918 1438 in
2965 1385 3174 1453 gloria?
3201 1383 3328 1453 quid
3358 1392 3485 1436 ante
3526 1381 3727 1434 emeri-

2148 1488 2258 1532 tum
2289 1477 2525 1532 laborem
2574 1477 2753 1544 poscis
2794 1491 2914 1546 quae
2957 1484 3250 1544 pra~parata
3278 1484 3401 1528 sunt
3426 1482 3551 1542 post
3580 1472 3727 1526 labm

2150 1586 2266 1626 rem
2291 1571 2313 1624 ?
2342 1570 2563 1625 Dabitur
2589 1569 2710 1631 hoc.
2756 1568 2853 1624 sed
2896 1567 3005 1637 iam
3032 1570 3082 1621 in
3111 1578 3369 1622 aeternum
3398 1568 3725 1636 iustiﬁcato,

2149 1660 2365 1731 quando
2396 1661 2446 1715 id
2494 1661 2633 1731 quod
2680 1660 2929 1715 collatum
2964 1660 3121 1713 fuerit
3174 1660 3347 1730 perire
3394 1676 3497 1714 non
3532 1660 3725 1730 possit.

2159 1752 2377 1806 Dabitur
2396 1752 2531 1818 hoc,
2557 1751 2651 1807 sed
2680 1752 2733 1806 in
2781 1760 3022 1821 tempore
3073 1751 3443 1814 beatitudinis,
3489 1752 3578 1805 ubi
3617 1752 3731 1821 iam

2158 1853 2434 1914 peccatum
2475 1859 2573 1899 nec
2600 1845 2816 1898 vincere
2840 1844 2909 1897 sit
2935 1858 3154 1897 necesse
3173 1883 3188 1907 ,
3214 1858 3312 1897 nec
3346 1843 3519 1906 scire;
3552 1844 3638 1898 ubi
3664 1843 3732 1894 ad

2153 1936 2479 2006 peccandum
2513 1952 2616 1991 non
2650 1938 2921 2003 voluntas,
2948 1951 3054 1990 non
3108 1937 3434 2005 possibilitas
3466 1939 3599 2001 erit;
3640 1937 3731 1995 ubi

2149 2039 2364 2095 sancte,
2394 2031 2597 2097 integre
2621 2069 2639 2096 ,
2689 2029 2776 2099 pie
2802 2032 2982 2085 vivere
3022 2045 3125 2083 non
3153 2030 3252 2084 erit
3277 2029 3578 2098 diligentia,
3622 2045 3730 2082 non

2153 2119 2433 2187 industria,
2467 2119 2561 2174 sed
2586 2130 2774 2173 natura
2810 2137 2823 2172 :
2852 2118 3193 2188 dispensante
3216 2120 3282 2172 ita
3307 2120 3483 2173 divina
3516 2120 3734 2173 miseri-

2154 2214 2338 2268 cordia
2364 2222 2521 2283 atque
2542 2213 2771 2282 iustitia,
2813 2220 2871 2266 ut
2898 2212 2989 2282 qui
3017 2212 3103 2267 hic
3128 2211 3391 2266 studuerit
3412 2212 3736 2281 integritati,

2161 2305 2300 2357 nulla
2333 2304 2440 2358 illic
2468 2306 2601 2358 ultra
2647 2305 2817 2373 possit
2844 2304 2962 2359 labe
2993 2304 3283 2373 corrumpi.
3322 2304 3549 2372 Dignum
3592 2303 3737 2355 enim

2160 2410 2281 2452 esse
2309 2396 2583 2465 iudicavit,
2614 2407 2673 2450 ut
2700 2397 2860 2451 homo
2901 2411 3125 2466 peccare
3153 2397 3241 2465 qui
3272 2396 3439 2450 noluit
3470 2396 3737 2459 inﬁrmus,

2165 2504 2269 2543 non
2302 2489 2472 2559 possit
2501 2498 2751 2544 aeternus.
2778 2489 2881 2544 Sed
2920 2498 2978 2543 ut
3006 2488 3302 2543 labentibus
3330 2488 3383 2541 in
3415 2488 3739 2541 immensum

2164 2580 2378 2635 saeculis
2408 2580 2524 2635 sine
2553 2587 2696 2634 metu
2740 2580 3009 2648 gaudium,
3058 2581 3175 2636 sine
3205 2580 3387 2634 invido
3427 2580 3740 2650 pra-mium,

2165 2673 2281 2726 sine
2310 2672 2462 2726 hoste
2491 2671 2563 2726 sit
2581 2685 2821 2742 regnum.

1098 3064 1241 3175 S.
1304 3057 1970 3173 PAUSTI
2032 3056 3131 3170 BHEGIENSIS

1648 3261 2615 3394 EPISTOL/E.

993 3585 1317 3646 EPISTULA
1356 3583 1567 3641 PRIMA

854 3700 969 3739 SIVE
1007 3695 1194 3736 FAUSTI
1231 3689 1510 3731 PROFESSIO
1547 3688 1685 3727 FIDE!

513 3818 720 3860 CONTRA
774 3812 867 3849 EOS
912 3809 997 3856 QUI
1047 3807 1152 3844 DUM
1212 3804 1312 3842 PER
1364 3800 1531 3840 SOLAI
1580 3798 1665 3837 DEI
1715 3796 2072 3838 VOLUNTATEI

578 3887 725 3927 ALIttS
765 3881 949 3919 MCUNT
992 3879 1055 3915 AD
1094 3874 1255 3913 VITAII
1295 3870 1547 3917 ATTBAHI,
1580 3868 1728 3907 Αιιοε
1766 3868 1817 3906 IN
1856 3868 2074 3907 ΙΙΟΒΤΕΙ

578 3954 817 3999 Dl-ZPllllil,
873 3948 993 3986 HINC
1059 3945 1233 3982 FATUI
1273 3943 1375 3982 ουκ
1422 3938 1728 3981 δεκτιιιιιυε
1778 3938 2075 3987 Αςεεῐιυωτ,

578 4026 698 4066 INDE
739 4018 957 4060 ιιυωιωι
997 4014 1277 4055 ΛΗΒΙΤΒΝΜ
1316 4012 1421 4051 CUM
1460 4008 1754 4049 IlANlCH/EIS
1791 4008 2017 4047 NEGANT.

588 4141 812 4199 Domino
870 4134 1179 4193 beatissimo
1233 4146 1296 4187 ac
1353 4126 1800 4187 revereudissimo
1856 4125 2078 4180 Leontio

512 4254 683 4313 paptr,
713 4236 959 4290 Faustus.

581 4310 732 4401 Quod
757 4343 849 4398 pro
870 4321 1224 4381 sollicitudine
1245 4315 1520 4387 pastorali,
1541 4314 1697 4370 beate
1719 4325 1853 4383 papa
1871 4310 2079 4371 Leonti,

513 4427 568 4482 in
611 4416 1004 4479 contemnendo
1048 4408 1532 4485 praedestinationis
1573 4419 1758 4460 errore
1798 4403 2082 4459 concilium

514 4530 843 4576 summorum
870 4509 1162 4565 antistitum
1184 4499 1569 4574 congregastis,
1595 4496 1864 4554 universis
1884 4496 2082 4552 Gallia-

515 4621 633 4661 rum
661 4601 915 4658 Ecclesiis
941 4594 1289 4670 praestitistis.
1334 4591 1487 4659 Quod
1515 4605 1644 4646 vero
1680 4587 1745 4644 ad
1787 4586 2084 4643 ordinanda

516 4709 580 4749 ea
636 4705 756 4760 quae
804 4690 1088 4744 collatione
1150 4683 1359 4755 publica
1404 4680 1711 4735 doctissime
1756 4677 2082 4749 protulistis,

517 4798 733 4853 operam
779 4778 1003 4833 inﬁrmis
1043 4776 1278 4831 humeris
1321 4788 1610 4842 curamque
1645 4770 1958 4831 mandastis,
1991 4784 2084 4835 pa-

518 4889 659 4939 rum,
705 4879 761 4925 ut
801 4884 944 4931 reor,
992 4875 1140 4921 tanto
1178 4866 1411 4935 negotio,
1445 4877 1627 4932 parum
1669 4870 1865 4914 sanctae
1903 4859 2087 4914 existi-

520 4961 736 5019 mationi
766 4968 957 5013 vestrae
987 4955 1351 5018 consuluistis,
1381 4963 1434 5008 et
1461 4969 1546 5008 me
1584 4952 1786 5022 judicio
1823 4950 2082 5014 caritatis,

2100 3580 2146 3642 C
2178 3578 2295 3633 sine
2322 3580 2491 3634 altero
2515 3579 2634 3643 erit,
2657 3589 2747 3633 aut
2772 3579 3065 3635 inhonorus
3093 3579 3292 3650 absque
3316 3593 3471 3635 servo
3503 3580 3761 3639 dominus

2174 3669 2480 3741 apparebit,
2533 3679 2624 3724 aut
2672 3685 2862 3726 servus
2911 3670 3113 3726 domini
3171 3670 3379 3737 locum,
3429 3672 3763 3727 conditionis

2177 3765 2475 3829 immemor,
2517 3765 2816 3833 occupabit.
2866 3763 3032 3820 Recte
3071 3779 3198 3834 ergo
3238 3764 3377 3818 inter
3412 3765 3763 3833 adiuvantem

2180 3857 2379 3927 pariter
2420 3865 2475 3913 et
2510 3857 2836 3912 adnitentem
2880 3858 3015 3911 ordo
3059 3858 3157 3911 iste
3194 3857 3515 3917 servabitur,
3565 3868 3622 3911 ut
3674 3859 3765 3913 h'c

2181 3957 2360 4002 teneat
2400 3948 2558 4017 pleno
2604 3948 2719 4017 iure
2762 3948 3123 4012 dominatum,
3171 3957 3225 4002 et
3274 3948 3362 4002 ille
3411 3960 3519 4003 tota
3570 3950 3768 4003 reddat

2180 4037 2508 4105 subiectione
2562 4037 2859 4091 servitium.
2941 4036 3236 4107 Augebitur
3290 4050 3464 4091 autem
3528 4040 3769 4109 dgnitas

2183 4128 2515 4197 imperantis,
2550 4130 2595 4183 si
2632 4129 2681 4183 ei
2717 4143 2933 4198 semper
2975 4138 3167 4197 prtesto
3202 4129 3273 4182 sit
3312 4130 3569 4183 sedulitas
3603 4131 3765 4186 obse-

2183 4218 2417 4288 quentis.
2443 4219 2726 4275 Socientur
2756 4220 2859 4273 ima
2888 4220 3134 4286 summis,
3170 4221 3352 4289 sicque
3380 4220 3683 4288 socientur,
3711 4232 3770 4278 ut

2186 4311 2534 4378 subiiciantur
2570 4314 2775 4381 utique,
2808 4327 2913 4366 non
2951 4320 3248 4383 aequentur.
3277 4312 3381 4368 Sed
3411 4313 3549 4367 sicut
3575 4314 3771 4369 deesse

2187 4416 2291 4457 non
2331 4403 2578 4458 convenit
2603 4404 2945 4473 gubernatori
2984 4404 3238 4473 remigem
3286 4418 3464 4465 suum,
3498 4404 3770 4457 sacerdoti

2190 4495 2486 4549 ministrum
2534 4508 2725 4558 suum,
2777 4493 3087 4564 imperatori
3142 4494 3363 4548 militem
3416 4510 3573 4548 suum
3628 4512 3644 4550 :
3700 4496 3771 4549 ita

2191 4595 2404 4654 oportet
2437 4586 2604 4657 gratia
2643 4586 2873 4640 alumnae
2906 4584 3229 4641 obedientite
3269 4585 3614 4652 inseparaliili
3656 4600 3773 4639 ser-

2194 4678 2360 4732 vitute
2397 4692 2641 4732 connexa
2678 4677 2763 4731 sit.
2796 4677 2992 4731 Verum
3029 4678 3150 4747 quia
3180 4676 3422 4745 Pelagius
3461 4676 3667 4730 nudum
3702 4677 3775 4729 la-

2194 4776 2378 4831 borem
2422 4774 2776 4843 importunius
2816 4774 3086 4838 exaltans,
3128 4783 3183 4828 et
3224 4773 3509 4825 humanam
3550 4771 3777 4827 demens

2195 4867 2552 4919 inﬁrmitatem
2609 4866 2725 4918 sine
2774 4864 2939 4933 gratia
2980 4863 3077 4917 sibi
3120 4878 3276 4929 posse
3317 4862 3564 4917 sufﬁcere
3611 4865 3776 4916 stu'te

2193 4957 2438 5022 credidit,
2462 4956 2623 5023 impie
2650 4955 2974 5024 praedicavit,
3009 4954 3256 5008 elationis
3285 4956 3471 5007 turrim
3504 4954 3553 5005 in
3578 4954 3777 5007 cretum

519 5070 613 5109 vos
632 5050 865 5122 periculo
887 5046 1160 5102 eleet'Ouis
1182 5045 1461 5100 onerastis.
1482 5044 1612 5111 Quia
1636 5057 1765 5111 ergo
1785 5051 1837 5096 et
1857 5050 2085 5095 vestram
2116 5038 2165 5096 D
2190 5059 2409 5103 conatur
2455 5047 2694 5117 erigere,
2749 5046 3108 5116 blasphemas
3151 5048 3267 5115 ejus
3318 5047 3471 5100 brevi
3520 5061 3780 5101 εετηιοηε

526 5145 769 5199 laborare
811 5153 1089 5209 personam
1119 5136 1218 5190 Sttb
1258 5135 1503 5205 imposito
1534 5133 1688 5188 nobis
1718 5134 1859 5186 fasce
1893 5144 2089 5200 cogno-

521 5236 689 5300 scitis,
716 5246 1049 5288 communem
1079 5244 1291 5285 cansam
1315 5229 1413 5282 hoc
1434 5229 1551 5282 loco
1579 5226 1755 5295 agitis,
1783 5225 1828 5279 si
1855 5226 1901 5279 ei
1932 5239 2088 5293 quem

523 5306 765 5399 Opinioni
797 5333 991 5379 vestite
1031 5324 1282 5391 imparem
1324 5319 1562 5384 cernitis,
1603 5332 1817 5371 manum
1857 5314 2093 5384 suffragii

526 5419 832 5492 porrigatis,
876 5414 1108 5472 studium
1155 5412 1459 5466 asserenda:
1502 5411 1684 5480 gratim
1726 5417 2093 5483 competenter

528 5528 579 5569 et
614 5514 896 5568 salubriter
930 5507 1151 5576 suscipit
1180 5505 1269 5573 qui
1298 5503 1649 5557 obedientiam
1681 5500 1864 5555 famuli
1898 5500 2094 5554 laboris

529 5608 781 5677 adiungit,
814 5613 1064 5674 tanquam
1104 5600 1150 5656 si
1191 5608 1412 5668 patrono
1448 5598 1529 5652 vel
1565 5595 1783 5650 domino
1822 5594 2093 5663 insepara-

536 5696 705 5751 biliter
726 5695 1074 5761 ncdissequus
1103 5690 1344 5748 minister
1369 5688 1643 5744 inhaereat.
1674 5686 1826 5753 Quod
1855 5686 1902 5742 si
1929 5701 2092 5742 unum

2193 5141 2563 5211 praestringere
2600 5148 2653 5195 et
2690 5140 2962 5195 confutare
3002 5139 3357 5194 necessarium
3394 5138 3779 5207 indicavimus.

2195 5236 2271 5291 Ne
2314 5235 2447 5289 forte
2484 5234 2529 5287 is
2567 5234 2656 5304 qui
2698 5235 2896 5288 donum
2938 5233 3154 5293 laboris.
3197 5232 3247 5285 id
3296 5240 3405 5295 est,
3446 5242 3779 5298 prmceptum

2190 5326 2424 5397 iubentis
2453 5324 2709 5390 excludit,
2737 5322 3096 5379 asscrentibns
3123 5322 3277 5375 nobis
3307 5320 3447 5391 quod
3484 5320 3574 5374 Dei
3607 5320 3780 5372 mise-

2199 5416 2426 5470 ricordia
2456 5415 2560 5469 ﬁde
2588 5425 2641 5469 et
2669 5414 2922 5483 operibus
2950 5410 3298 5480 promerenda
3326 5421 3429 5473 est,
3454 5409 3780 5464 catholicam

2200 5520 2382 5560 vocem
2427 5505 2492 5559 ad
2524 5504 2720 5575 Pelagii
2759 5518 2998 5569 sensum,
3031 5500 3366 5556 discretionis
3409 5500 3643 5562 nescius,
3684 5513 3781 5563 ap-

2200 5595 2443 5665 plicaret,
2475 5606 2528 5651 et
2557 5598 2753 5650 omissa
2784 5596 2864 5649 via
2899 5593 3044 5664 regia
3081 5594 3133 5648 in
3164 5592 3438 5647 dexteram
3469 5590 3689 5657 cadens,
3727 5590 3781 5643 in

2202 5687 2473 5742 sinistram
2502 5686 2767 5742 declinare
2798 5702 2895 5742 nos
2936 5684 3201 5750 crederet,
3251 5692 3305 5740 et
3353 5682 3480 5738 dum
3502 5682 3569 5738 de
3595 5680 3782 5736 laboro
