4002 6188
325 294 426 348 857

1770 279 2143 336 EI‘ISTOLE.

3481 285 3585 342 858

313 413 472 454 servo
496 395 679 466 gratia:
708 394 996 463 loquimur,
1024 391 1401 446 olfendiculnm
1431 400 1556 445 ante
1585 390 1749 460 pedes
1777 390 1905 443 caeci
1935 390 1983 448 Δ
2013 388 2172 442 modo
2198 387 2412 442 Arianis
2448 389 2880 457 respondendum
2911 392 3000 455 sit,
3034 393 3122 461 qui
3155 394 3464 462 blaspheme
3487 413 3583 453 ore

314 488 629 559 opposuisse
678 487 1005 541 videremur.
1063 484 1195 539 Cum
1241 493 1419 538 autem
1464 483 1791 537 mentionem
1833 483 1900 537 de

313 594 478 646 opere
538 592 601 631 ac
648 576 834 630 labore
885 575 1205 639 fecerimus,
1264 575 1583 643 prophetae,
1634 573 1897 643 apostoli,

310 669 652 739 evangelista:
678 677 730 720 et
755 666 933 720 verbis
966 675 1176 719 utemur
1212 675 1265 719 et
1304 665 1575 720 sensibus.
1621 664 1827 732 Quibus
1853 664 1899 719 si

311 762 432 831 quis
469 759 739 813 contrarie
784 755 1231 826 praesumpserit,
1282 770 1389 810 non
1451 764 1631 810 nostra
1683 755 1898 809 inventa

310 851 610 912 destruere,
639 847 731 901 Sed
764 847 1002 901 coelestia
1042 845 1158 900 sine
1190 846 1351 901 dubio
1373 846 1495 914 jure
1522 844 1816 899 dissolvere
1846 854 1900 899 et

312 943 432 997 ﬁdei
459 941 717 995 subruere
745 938 1079 991 fundamenta
1111 937 1357 991 tentabit.
1412 937 1591 992 Latius
1618 945 1891 1005 utcunque

311 1050 613 1089 sermonem
640 1032 709 1085 de
739 1030 1072 1099 praescientia
1100 1041 1154 1085 et
1185 1030 1660 1099 prtedestinatione
1702 1028 1898 1098 produ-

310 1127 508 1191 ximus,
556 1134 612 1179 ut
649 1140 766 1193 qua:
797 1123 1117 1192 putabantur
1149 1121 1405 1187 obscura,
1438 1121 1758 1175 absolutiora
1790 1131 1897 1174 tar-

310 1218 547 1273 dioribus
576 1214 950 1270 redderentur.
980 1212 1095 1267 Non
1127 1224 1303 1266 autem
1334 1214 1540 1282 aliquos
1583 1214 1670 1281 qui
1704 1213 1895 1267 verbo-

309 1327 425 1365 rum
469 1308 700 1379 phaleris
731 1308 1065 1361 delectantur
1111 1307 1345 1361 oiiezidat
1377 1307 1517 1375 quod
1564 1307 1894 1361 testimonio—

308 1419 426 1457 rum
471 1403 667 1455 virtute
708 1400 967 1463 contenti,
997 1402 1195 1468 alisque
1238 1400 1564 1455 sublimitate
1607 1402 1890 1468 sermonis,

308 1492 483 1547 lucem
516 1491 827 1560 protulimus
856 1491 1113 1544 veritatis.
1148 1490 1202 1543 ln
1233 1506 1340 1560 quo
1371 1492 1585 1559 quidem
1614 1494 1886 1562 opusculo.

309 1593 432 1652 post
480 1584 805 1638 Arelatensis
878 1583 1089 1637 concilii
1166 1584 1661 1651 subscriptionem,
1738 1587 1890 1641 novis

308 1677 584 1730 erroribus
613 1675 985 1743 deprehensis,
1011 1673 1167 1743 adjici
1195 1675 1373 1743 aliqua
1403 1675 1637 1747 synodus
1675 1676 1887 1749 Lugdu-

309 1766 491 1822 nensis
530 1766 725 1834 exegit.

887 1855 1214 1911 EPISTOLA
1258 1855 1321 1910 II.

471 1962 696 2002 EJUSDEI
737 1962 924 2001 PAUSTI
962 1963 1028 2001 AD
1068 1961 1292 2001 ιυειυωι
1333 1961 1729 2003 PRESBYTERUM.

378 2060 554 2128 (Ilanc
582 2060 858 2128 epistolam
884 2058 1060 2126 legere
1080 2066 1162 2112 e~t
1185 2067 1313 2111 tom.
1342 2058 1475 2124 LIII,
1508 2060 1609 2114 col.
1644 2061 1769 2124 681,
1798 2061 1887 2114 ubi

308 2153 360 2206 in
387 2151 619 2204 Historia
658 2150 1105 2219 prwdestinatiana
1134 2149 1315 2204 Jacobi
1362 2150 1631 2206 Sirntondi
1667 2152 1889 2221 jampri-

308 2244 428 2299 dem
462 2256 645 2297 recusa
675 2242 803 2311 est.)

525 2351 799 2388 EXEHPLAR
840 2349 1101 2387 EPISTOL£
1143 2348 1313 2387 LUCIDI
1353 2349 1694 2389 PRESBYTERI.

382 2447 436 2498 Dx
463 2446 601 2499 mnis
640 2444 958 2498 beatissitnis
1006 2454 1059 2497 et
1094 2446 1144 2497 in
1176 2444 1389 2498 Christo
1429 2446 1887 2500 reverendissimis

306 2540 556 2594 Patribns
589 2537 861 2598 Eufronio.
915 2537 1154 2601 Leontio,
1192 2538 1434 2602 Fonteio,
1470 2537 1735 2602 Viventio,
1772 2539 1884 2591 Ma-

306 2641 501 2693 merto,
544 2629 786 2694 Patienti,
835 2628 1083 2693 Veriauo,
1119 2630 1379 2694 Anxanio,
1429 2628 1643 2693 Fausto,
1694 2630 1879 2696 Paulo,

303 2724 589 2792 Megethio,
623 2721 828 2782 Graeco,
864 2720 1146 2789 Eutropio,
1195 2720 1437 2784 Leoutio,
1468 2721 1710 2787 Claudio,
1750 2724 1885 2777 Mar-

303 2816 464 2879 cello,
493 2813 683 2878 Croco,
720 2813 947 2877 Baselio,
973 2811 1215 2874 Claudio.
1242 2811 1509 2880 Ursicino,
1544 2815 1883 2885 Praetextato,

302 2908 632 2977 Pragmatio,
666 2906 1005 2975 Theoplasto,
1043 2905 1326 2970 Leucadio,
1364 2907 1625 2971 Viventio,
1652 2908 1883 2974 Juliano,

300 3000 550 3065 Amicali,
600 2998 810 3063 .loanni,
840 2998 1067 3065 Opilioni
1117 3007 1171 3053 et
1198 2998 1415 3068 Lyciuio
1458 3002 1623 3068 episc.
1653 3000 1882 3055 Lucidus

300 3091 605 3162 presbyter.
1402 3150 1405 3151 ν

328 3185 502 3254 (lianc
535 3184 674 3254 epist
698 3183 814 3237 :lam
843 3183 1032 3253 legesis
1063 3183 1222 3237 etiam
1257 3190 1386 3238 tom.
1414 3183 1545 3249 LIII,
1577 3186 1681 3240 col.
1709 3185 1857 3255 685.)

564 3332 856 3371 \DNOTATIO
896 3333 945 3371 IN
983 3332 1287 3379 εερυιξκτειί
1328 3332 1638 3372 εριδτοιη.

370 3426 683 3481 Gennadius
712 3427 778 3481 de
810 3428 908 3481 hac
935 3426 1434 3500 epistola_l_oquitur,
1470 3428 1596 3481 dum
1623 3429 1694 3482 ait
1720 3446 1733 3482 :
1762 3430 1882 3500 Legi

297 3501 412 3565 ejus
442 3508 487 3549 et
508 3500 774 3551 adversum
811 3500 1029 3551 Arianos
1069 3505 1115 3550 et
1151 3497 1549 3550 Macedonianos
1576 3516 1790 3568 parvum
1819 3497 1880 3553 li-

296 3567 508 3631 bellum,
558 3571 608 3620 in
636 3584 733 3635 quo
771 3570 1143 3621 coessentialem
1172 3569 1418 3638 pracdicat
1457 3568 1777 3623 Trinitatem.
1814 3570 1879 3625 Et

294 3638 459 3710 alium
489 3638 731 3691 adversus
747 3655 835 3710 eos
859 3642 943 3705 qui
980 3639 1153 3690 dicunt
1190 3654 1296 3692 esse
1335 3640 1387 3691 in
1412 3640 1657 3693 creaturis
1682 3642 1874 3710 aliquid

294 3709 678 3779 incorporeum.
736 3707 799 3761 ln
842 3725 943 3779 quo
991 3709 1177 3761 divinis
1213 3709 1512 3763 testimoniis
1560 3720 1607 3763 et
1656 3707 1876 3764 Patrum

293 3778 566 3851 confirmat
582 3781 841 3851 sententh
857 3778 863 3779 ⁷
881 3779 1010 3833 nihil
1040 3780 1345 3851 credendam
1368 3780 1721 3851 incorporeum
1742 3800 1871 3851 prir-

293 3856 368 3900 ter
405 3848 588 3919 Deum.
623 3850 742 3903 Ilu'c
775 3849 1099 3913 Gennadius,
1130 3850 1217 3919 qui
1248 3850 1384 3903 duos
1410 3848 1689 3907 distinctos
1721 3848 1875 3907 libel-

294 3918 374 3971 los
402 3917 533 3972 facit
557 3936 625 3973 ex
648 3920 745 3973 hac
769 3936 867 3973 una
897 3920 1076 3973 Fausti
1103 3917 1349 3988 epistola,
1378 3921 1530 3992 cujus
1554 3923 1722 3990 prima
1750 3939 1874 3992 pars

290 3998 376 4043 est
408 4001 596 4042 contra
630 3993 887 4054 Arianoa;
922 3991 1021 4043 alia
1057 4000 1243 4044 contra
1274 4005 1369 4043 eos
1412 3991 1500 4060 qui
1530 3993 1716 4048 dicunt
1754 3991 1875 4049 esse

290 4060 341 4111 in
377 4060 645 4132 creaturis
665 4061 861 4132 aliquid
894 4064 1285 4132 incorporeum.
1311 4060 1495 4132 Neque
1518 4065 1708 4117 mirum
1730 4064 1871 4132 quod

290 4132 590 4197 sejuuxerit
614 4130 940 4185 Gennadius.
974 4130 1103 4183 Nam
1136 4140 1191 4185 et
1219 4132 1271 4184 in
1305 4131 1631 4187 Bibliotheca
1660 4130 1869 4190 Patrum

288 4200 520 4277 Margar.
642 4202 795 4267 cdit.,
832 4210 956 4277 tom.
1001 4201 1104 4277 IV,‘
1133 4202 1220 4277 l_'o_|_.
1247 4200 1505 4277 759,_gilla
1548 4220 1668 4270 pars
1715 4206 1870 4277 hujus

287 4272 534 4338 epistola:
564 4272 630 4324 de
653 4273 933 4334 creaturis,
965 4272 1106 4340 quod
1139 4272 1242 4324 illis
1283 4272 1411 4324 nihil
1454 4275 1754 4340 incorporei
1788 4272 1872 4330 itt-

288 4351 378 4403 tut,
424 4341 607 4394 avulta
640 4350 720 4394 est
758 4356 786 4393 a
817 4343 1098 4407 prioribus,
1148 4351 1201 4395 et
1230 4344 1514 4409 separatim
1542 4345 1706 4408 edita,
1740 4362 1859 4399 cum

289 4416 472 4472 priora
514 4411 705 4474 lucem,
741 4412 879 4479 quod
920 4429 1018 4478 ego
1058 4414 1247 4474 sciam,
1298 4428 1564 4479 nunquam
1613 4415 1861 4468 vidi-rint.

2008 491 2270 535 ecitantur
2293 494 2555 535 asserere.
2580 480 2694 535 Non
2732 493 2925 552 potest.
2953 486 3217 553 inquiunt,
3244 488 3378 555 lieri,
3406 490 3504 542 nisi
3527 499 3586 546 ut

2001 569 2183 638 junior
2217 570 2286 624 sit
2315 572 2531 639 genitus
2571 573 2638 626 ab
2683 574 2936 641 ingenito.
2968 576 3121 630 Juxta
3154 593 3272 646 qua:
3304 589 3470 633 totum
3514 582 3590 635 si-

2004 659 2235 715 lentium
2267 662 2416 730 quasi
2439 662 2622 730 jussus
2657 663 2956 730 absolvere,
2988 680 3096 721 non
3139 677 3242 721 tam
3269 684 3366 738 pro
3395 670 3470 724 rei
3498 670 3582 723 in—

2001 753 2297 806 structione
2318 768 2475 818 quam
2503 768 2599 821 pro
2628 753 2747 807 ﬁdei
2779 756 3114 811 confessione
3147 772 3487 826 pra-sumam.
3526 763 3579 815 Id

2004 843 2251 911 primitus
2301 844 2620 914 observans,
2663 860 2729 899 ne
2773 861 2860 901 res
2892 862 2986 915 per
3025 862 3083 901 se
3109 848 3366 905 obscuras
3405 852 3583 907 studio

2000 933 2282 1002 compositi
2312 935 2579 988 sermonis
2608 935 2896 1001 involvam,
2932 936 3024 991 sed
3051 938 3292 1005 quaadam
3325 944 3578 1009 pauperis

2000 1036 2192 1077 sensus
2223 1023 2436 1087 indicia,
2477 1040 2595 1092 qua:
2632 1040 2736 1079 non
2771 1034 2876 1079 tam
2924 1028 3136 1081 ornatui
3173 1045 3332 1095 quam
3363 1029 3573 1087 intelle-

1998 1113 2103 1166 ctui
2136 1112 2413 1166 videantur
2449 1115 2671 1179 servire,
2716 1116 3050 1184 depromam.

2070 1202 2385 1271 ltespondeo
2431 1218 2558 1272 eigo
2597 1205 2732 1258 sicut
2764 1207 3089 1273 respondere
3114 1208 3359 1278 discipuli
3400 1212 3566 1279 magi-

1998 1293 2127 1347 stris
2177 1295 2624 1364 interrogantibus
2671 1297 2865 1350 solent.
2919 1297 3098 1367 Itaque
3139 1299 3205 1353 ad
3250 1310 3574 1370 przeccptum

1998 1382 2339 1437 beatitudinis
2382 1395 2575 1439 vestrae
2609 1386 2815 1453 loquor,
2849 1398 2907 1441 ut
2944 1388 3198 1443 discutias
3230 1391 3569 1459 imperitiam.

1993 1474 2301 1545 Conteslor,
2324 1489 2380 1529 ut
2404 1477 2619 1530 doceas.
2646 1478 2773 1531 Nam
2802 1482 2937 1548 apud
2966 1482 3384 1538 eruditissimum
3413 1484 3458 1538 si
3489 1500 3573 1539 re-

1996 1565 2207 1631 ticeam,
2242 1570 2327 1619 vix
2357 1583 2576 1635 po-sum
2610 1569 2747 1623 scire
2772 1570 2899 1638 quid
2925 1573 3181 1626 nesciam.

2067 1657 2139 1711 De
2179 1658 2413 1725 ingenito
2443 1660 2690 1720 lrcuturi,
2724 1660 2861 1715 scire
2882 1661 3140 1716 debemus
3164 1663 3307 1717 aliud
3336 1679 3454 1720 esse
3482 1679 3571 1722 re-

1917 1747 1963 1806 B
1992 1761 2107 1799 rum
2153 1747 2504 1814 substantias,
2540 1748 2681 1802 aliud
2722 1766 2899 1804 rerum
2940 1753 3179 1816 nomina,
3220 1754 3381 1819 sicut,
3418 1759 3566 1810 versi

1991 1838 2187 1905 gratia,
2216 1853 2336 1892 cum
2360 1854 2547 1893 aurum
2576 1850 2735 1910 atque
2766 1851 3041 1910 argentum
3070 1843 3294 1907 dixeris,
3327 1862 3431 1899 non
3461 1856 3569 1901 sta-

1993 1928 2085 1981 tim
2132 1930 2405 1983 metallum
2449 1932 2641 1998 ipsum,
2683 1931 2776 1985 sed
2819 1933 3017 1986 metalli
3055 1934 3310 1988 vocabula
3348 1936 3571 2004 protuli-

1990 2018 2083 2071 sti.
2116 2018 2322 2072 Etenim
2363 2034 2553 2073 aurum
2596 2021 2738 2075 aliud
2776 2030 2859 2076 est
2888 2022 2940 2076 in
2982 2025 3304 2092 proprietate
3330 2027 3566 2095 generis,

1990 2107 2134 2161 aliud
2167 2108 2219 2161 in
2250 2109 2608 2177 appellatione
2643 2112 2930 2168 sermonis.
2960 2112 3119 2167 Aliud
3150 2126 3253 2181 est,
3286 2131 3403 2170 cum
3438 2116 3565 2171 illud

1990 2199 2349 2266 nominamus,
2382 2200 2523 2255 aliud
2547 2217 2665 2255 cum
2699 2212 2962 2258 tenemus.

2063 2289 2286 2346 Genitus
2324 2302 2379 2347 et
2426 2295 2691 2362 ingenitus
2724 2295 3042 2364 signiﬁcatio
3072 2304 3155 2351 est
3184 2298 3427 2362 Deitatis,
3462 2316 3567 2352 non

1990 2380 2101 2450 ipsa
2136 2382 2331 2436 Deitas.
2364 2382 2555 2438 Natura
2580 2394 2660 2437 est
2707 2385 3015 2453 appellatio,
3060 2402 3164 2440 non
3207 2400 3391 2441 natura
3423 2388 3569 2456 inge-

1991 2474 2108 2536 niti,
2144 2484 2195 2527 et
2229 2476 2390 2543 geniti
2425 2476 2820 2544 nuncupatio...
2861 2476 2933 2530 Ad
2971 2477 3071 2533 hoc
3098 2478 3237 2532 valet
3269 2490 3323 2531 ut
3355 2480 3472 2543 quis
3498 2495 3566 2533 ex

1989 2581 2100 2634 quo
2129 2566 2384 2620 subsistat
2409 2566 2693 2636 intelligas,
2732 2576 2785 2619 et
2808 2582 2911 2621 non
2946 2569 3154 2622 Patrem
3183 2584 3243 2623 ex
3277 2570 3431 2635 Filio,
3472 2568 3567 2626 sed

1990 2657 2181 2711 Filium
2205 2673 2273 2712 ex
2304 2659 2460 2714 Patre
2481 2663 2601 2714 esSe
2623 2674 2915 2727 cognoscas
2940 2662 3253 2729 principium
3281 2679 3344 2717 ex
3372 2664 3566 2729 princi-

1991 2749 2101 2817 pio,
2136 2757 2190 2805 et
2221 2765 2379 2803 unum
2408 2758 2512 2815 est,
2544 2758 2596 2804 et
2625 2750 2772 2804 initio
2803 2760 2967 2805 caret.
3002 2752 3278 2819 Quomodo
3308 2755 3352 2808 si
3380 2753 3562 2807 dicas:

1992 2840 2129 2893 Deus
2156 2855 2219 2893 ex
2255 2840 2384 2904 Deo,
2422 2856 2525 2895 non
2568 2850 2742 2896 tamen
2785 2843 2890 2896 duo
2920 2841 3025 2909 Dii,
3057 2844 3148 2898 sed
3182 2858 3319 2898 unus
3350 2846 3563 2899 dicitur.

1987 2929 2213 2985 Genitus
2256 2946 2407 3001 ergo,
2452 2943 2471 2970 ο
2498 2941 2551 2985 et
2578 2932 2846 3001 ingenitus
2874 2947 2941 2988 ex
2990 2943 3212 3005 utraque
3245 2938 3560 3004 procedens,

1990 3038 2249 3090 personas
2282 3024 2544 3093 indigitat,
2576 3039 2680 3078 non
2710 3034 2951 3079 naturas.
2983 3026 3231 3093 Majesuis
3259 3028 3421 3095 enim,
3446 3044 3564 3097 qn'e

1914 3120 1959 3182 C
1993 3116 2136 3169 Patri
2156 3126 2238 3170 est
2264 3116 2550 3171 indiscreta
2574 3130 2694 3170 cum
2723 3116 2880 3181 Filio,
2911 3126 2965 3171 et
2994 3116 3196 3186 Spiritu
3222 3130 3429 3184 sancto,
3458 3120 3565 3175 dis-

1989 3208 2153 3278 tingui
2214 3208 2518 3264 nominibus
2582 3215 2787 3277 potest;
2845 3208 3076 3263 ordinari
3138 3210 3392 3279 gradibus
3458 3227 3562 3266 non

1988 3307 2180 3367 potest.

2057 3390 2167 3445 Hoc
2198 3391 2315 3444 loco
2348 3392 2601 3460 praescius
2630 3402 2844 3461 Oportet
2869 3392 3216 3448 intentionem
3247 3397 3442 3450 mentis
3462 3398 3557 3451 ad-

1983 3494 2220 3535 moveas.

2053 3572 2195 3627 Dicis
2235 3573 2455 3627 forsitan
2482 3589 2496 3626 :
2529 3571 2658 3640 Quia
2690 3589 2753 3629 ex
2783 3574 2874 3628 illo
2900 3585 3014 3641 est,
3037 3575 3301 3644 p05terior
3329 3576 3418 3629 illo
3443 3587 3545 3631 est.

1980 3665 2091 3735 Age
2111 3664 2176 3719 ad
2203 3664 2317 3719 b.ec
2347 3663 2673 3719 intellectum
2701 3674 2941 3720 nostrum
2973 3665 3233 3735 aliquibus
3264 3680 3538 3734 compara-

1978 3756 2212 3810 tionib’us
2251 3749 2569 3811 nut'riamns.
2603 3756 2887 3810 Videamus
2930 3756 2974 3811 si
3015 3758 3188 3826 aliqua
3227 3772 3312 3812 res
3350 3773 3413 3813 ex
3445 3760 3550 3813 alia

1981 3849 2196 3911 existat,
2224 3863 2343 3918 quae
2370 3857 2544 3902 tamen
2574 3847 2661 3901 illa
2700 3863 2766 3902 ex
2794 3863 2896 3918 qua
2924 3848 3105 3903 existit
3143 3863 3249 3902 non
3293 3850 3361 3902 sit
3396 3860 3553 3905 aetate

1977 3939 2267 4009 poSterior;
2314 3938 2464 3992 verbi
2512 3940 2703 4007 gratia,
2747 3938 2848 3993 hoc
2879 3940 3054 4008 ipsum
3105 3939 3195 3994 ﬁlii
3249 3956 3440 3995 nomen
3488 3956 3551 3997 ex

1978 4037 2142 4105 patris
2186 4034 2419 4089 derivari
2461 4036 2677 4089 nomine
2720 4035 2978 4103 creditur,
3030 4050 3127 4089 uec
3160 4044 3334 4089 tamen
3380 4046 3555 4104 poste-

1979 4126 2090 4180 rius
2128 4125 2430 4189 invenitur;
2476 4125 2596 4192 quia
2639 4125 2737 4178 nisi
2780 4126 2877 4178 iste
2909 4134 3243 4187 nasceretur,
3276 4135 3426 4193 pater
3464 4126 3554 4180 ille

1973 4231 2080 4269 non
2109 4216 2393 4269 diceretur.
2428 4215 2566 4269 Ecce
2593 4230 2809 4281 nomen,
2854 4216 2996 4285 quo‘d
3035 4215 3278 4269 absolute
3305 4230 3547 4270 coaevum

1982 4309 2055 4363 illi
2085 4318 2167 4363 est
2208 4326 2236 4363 a
2267 4324 2373 4376 quo
2421 4316 2522 4369 est,
2556 4318 2756 4363 etcum
2790 4309 2927 4362 lilius
2971 4325 3035 4363 ex
3078 4318 3227 4378 patre
3272 4310 3364 4373 sit,
3415 4320 3549 4377 patr.

1972 4417 2167 4456 nomen
2198 4403 2335 4455 Illius
2368 4402 2521 4465 facit;
2559 4403 2784 4469 acquirit
2825 4400 3057 4471 genitori
3089 4400 3406 4455 vocabulum
3438 4403 3552 4470 pie-

286 4480 397 4534 Nos
426 4481 685 4560 integram
715 4476 851 4534 hanc
878 4476 1159 4549 epistolam
1191 4476 1538 4544 damnsphac
1566 4495 1740 4562 tamen
1774 4487 1864 4538 ad-
1901 4476 1948 4535 D
1979 4493 2100 4548 mis
2132 4508 2375 4562 personam,
2424 4496 2719 4559 nascentis;
2760 4509 2882 4547 cum
2932 4493 3035 4548 hoc
3075 4508 3139 4548 ex
3184 4493 3278 4548 illo
3325 4495 3416 4559 sit,
3454 4508 3555 4550 nec

286 4551 628 4607 monitiOne:
676 4564 882 4620 turpem
932 4564 985 4606 et
1024 4567 1240 4619 gravem
1279 4568 1514 4605 errorem
1566 4569 1685 4609 esse
1724 4560 1866 4612 hunc

285 4620 825 4694 Fausti,_eorumque
855 4624 957 4694 qui
1002 4622 1199 4677 FauSto
1251 4622 1491 4676 faverunt
1530 4624 1611 4694 (ut
1662 4627 1867 4681 videtur

284 4695 455 4744 etiam
503 4690 809 4745 Gennadius
842 4693 1081 4762 fecisse),
1129 4694 1433 4759 negantium
1478 4690 1678 4749 nullam
1718 4713 1869 4751 crea-

286 4770 466 4835 turam
498 4776 623 4835 esse
661 4765 1053 4831 iucorpoream.
1098 4763 1357 4817 ltetutavii
1413 4764 1552 4818 hunc
1599 4781 1864 4835 errorem,

284 4833 399 4903 imo
432 4832 569 4885 hanc
612 4832 778 4900 ipsam
814 4847 1014 4903 partem
1072 4834 1226 4903 Itnjns
1255 4834 1515 4901 epistolae,
1546 4832 1865 4893 Claudianus

283 4902 583 4956 Mamertus
610 4904 826 4957 Viennae
855 4902 1149 4957 Galliarum
1179 4905 1481 4973 episcopus,
1518 4907 1686 4963 tribus
1719 4909 1869 4963 libris

284 4973 353 5047 de
382 4975 541 5025 Statu
589 4974 803 5047 animus,
837 4975 1064 5047 Patricio
1091 4984 1145 5029 et
1196 4976 1416 5047 Sidonio
1454 4979 1739 5047 inscriptis,
1777 4981 1867 5047 qui

286 5042 411 5096 lit-ri
443 5053 674 5097 exstant.
710 5043 838 5118 Vide
869 5046 926 5099 S.
950 5044 1052 5118 _Th.
1090 5050 1136 5099 1.
1161 5062 1213 5114 q.
1247 5046 1309 5118 51
1346 5062 1395 5109 a,
1437 5049 1480 5098 Ι.
1510 5065 1563 5113 q.
1591 5042 1644 5117 δ’,
1678 5051 1743 5102 de
1774 5042 1869 5118 po-

286 5117 483 5191 tentia,
510 5131 561 5167 a.
595 5122 656 5178 ti;
687 5125 745 5191 e_t_
774 5115 1218 5191 llaiouimntom.
1270 5117 1331 5170 Vl
1366 5118 1587 5185 Annal.,
1616 5115 1671 5175 et
1700 5121 1752 5175 in
1775 5115 1869 5191 ap-

285 5185 521 5253 peudice
548 5193 676 5238 tom.
704 5185 753 5239 X
784 5184 849 5239 ad
880 5195 1010 5239 tom.
1046 5185 1131 5239 Vl.

840 5299 1167 5355 EPISTOLA
1207 5299 1271 5355 III
1298 5310 1345 5355 α.

524 5407 713 5448 ISCIPIT
747 5410 995 5448 EPISTOLA
1036 5410 1218 5448 SANCTI
1261 5393 1512 5448 FAL‘Sle.

360 5490 575 5557 Qumris
619 5504 647 5541 a
691 5502 797 5553 me,
850 5486 1299 5542 reverendissiute
1346 5487 1707 5556 sacerdotum,
1741 5504 1873 5559 quo-

365 5658 394 5684 ιι
422 5647 544 5699 itare
562 5644 783 5712 epistola
801 5643 937 5712 apud
955 5642 1226 5697 Canisium
1247 5644 1407 5700 habet
1427 5661 1708 5700 numerum
1726 5647 1765 5701 Χ
1783 5648 1867 5704 Π.

368 5718 394 5756 δ
422 5719 493 5771 Ita
525 5730 651 5785 ms.,
677 5717 769 5770 sed
802 5715 920 5770 vide
954 5715 1299 5783 appendicem
1333 5726 1464 5773 tom.
1492 5718 1536 5771 Χ
1564 5720 1774 5775 Barooii
1797 5721 1865 5775 ad

1977 4587 2079 4642 hoc
2102 4588 2387 4655 posterius,
2420 4601 2518 4640 nec
2550 4586 2693 4639 aliud
2733 4586 2985 4655 probatur
3011 4585 3301 4652 antiquius.
3339 4585 3552 4642 Etcum

1982 4679 2184 4735 brachii
2223 4676 2437 4732 nomine
2469 4677 2607 4730 Iizius
2633 4691 2696 4731 ex
2725 4691 2945 4745 operum
2978 4676 3264 4732 virtutibus
3288 4693 3554 4746 nuncupe-

1983 4778 2086 4832 tur,
2132 4784 2259 4825 ecce
2307 4768 2579 4824 brachium
2620 4767 2858 4836 procedit
2892 4783 2956 4821 ex
2996 4782 3245 4835 corpore,
3294 4779 3349 4822 et
3378 4777 3554 4823 tamen

1981 4860 2184 4914 brachii
2211 4870 2340 4913 actas
2366 4873 2561 4928 corpus
2601 4873 2706 4912 non
2753 4857 3025 4926 prazcedit.
3052 4857 3284 4912 Verbum
3313 4874 3376 4912 ex
3418 4874 3549 4913 voce

1982 4952 2270 5021 profertur,
2302 4958 2356 5004 et
2377 4960 2552 5002 tamen
2584 4964 2703 5002 cum
2747 4963 2811 5002 cx
2852 4962 2946 5003 ore
2976 4948 3238 5012 nascitur,
3267 4963 3396 5001 voce
3434 4963 3554 5003 esse

1983 5042 2251 5113 posterius
2280 5056 2385 5095 non
2416 5041 2694 5111 probatur.
2741 5039 2880 5109 Ignis
2925 5049 2979 5095 et
3024 5041 3170 5094 calor
3199 5040 3423 5095 indivisa
3469 5056 3554 5095 so-

1982 5133 2178 5197 cietas;
2204 5131 2297 5186 sed
2325 5146 2442 5185 cum
2477 5131 2658 5185 calore
2690 5129 3052 5184 indubitanter
3085 5146 3154 5182 ex
3186 5130 3306 5197 igne
3330 5145 3449 5184 esse
3476 5132 3553 5182 in-

1985 5226 2272 5294 telligatur.
2323 5235 2498 5277 tamen
2541 5224 2678 5291 ignis
2721 5238 3056 5291 nequaquam
3099 5223 3248 5277 calor
3283 5238 3382 5276 suo
3413 5224 3553 5290 prior

1988 5331 2110 5370 esse
2141 5315 2487 5384 dignoscitur.
2523 5314 2663 5367 Ecce
2692 5329 2821 5377 rem,
2852 5329 2970 5383 qua:
3000 5315 3228 5367 existere
3252 5312 3458 5365 videtur
3487 5328 3549 5363 er

1982 5408 2093 5473 illa,
2136 5417 2190 5461 et
2232 5415 2405 5460 tamen
2451 5406 2499 5460 ei
2543 5404 2608 5460 de
2650 5420 2752 5474 qua
2795 5405 2973 5461 existit
2998 5405 3112 5460 sine
3153 5405 3257 5457 ulla
3298 5402 3553 5470 temporis

1982 5498 2367 5553 intercessione
2387 5496 2669 5566 conjuncta
2696 5504 2798 5552 est.

1982 5650 2275 5791 magiae,
2305 5730 2348 5775 et
2366 5721 2617 5792 ingenitus
2642 5729 2688 5775 et
2725 5735 2788 5797 ex
2813 5728 3023 5782 utroque
3043 5716 3345 5788 procedens.
