4002 6188
416 276 517 333 839

1656 268 1713 325 S.
1758 266 2004 325 FAUSTI
2046 264 2450 322 RIIEGIENSIS

3586 267 3733 324 8ιο’

484 390 617 443 Cum
661 398 835 442 autem
878 387 943 440 ad
989 386 1152 440 Deum
1193 383 1467 449 venimus,
1511 385 1612 441 inec
1656 393 1738 438 est
1781 383 1989 453 genitus
2020 379 2070 440 Α
2097 380 2374 446 dilexisse,
2418 389 2472 436 et
2503 379 2642 435 Esau
2673 379 2795 435 odio
2826 377 3073 434 nalmisse
3105 377 3447 433 describitur.
3475 380 3689 435 Contri-

417 480 556 550 quod
580 481 761 534 Justus
790 488 846 532 et.
866 478 1100 537 Justitia,
1146 476 1360 545 Sapiens
1386 487 1439 530 et
1461 476 1745 542 sapientia,
1792 473 1995 527 miseri-

417 587 538 625 cors
588 581 639 625 et
681 570 1072 636 misericordia,
1114 568 1364 621 abSolute
1403 582 1467 620 ex
1520 566 1627 621 Deo
1654 566 1799 634 justo
1841 574 2001 633 atque

417 662 661 728 sapiente
703 658 998 713 secundum
1044 658 1353 726 Apostolum
1387 656 1513 710 oriri
1546 654 1894 724 intelligimus
1913 654 2001 722 ju-

417 751 615 806 stitiam
658 758 819 817 atque
848 751 1187 817 Sapientiam.
1244 747 1310 801 Et.
1352 747 1488 799 sicut
1518 760 1785 817 nunquam
1829 744 2001 812 iusms

416 842 533 895 sine
553 840 783 909 justitia,
808 854 1076 909 nunquam
1107 839 1322 904 sapiens
1346 840 1463 891 sine
1488 837 1749 904 sapientia
1780 834 1902 898 fuit;
1930 835 1943 887 i
1969 849 1998 888 a

419 931 589 985 Filius
617 947 680 985 ex
719 931 894 996 Patre,
938 930 1030 985 sed
1057 945 1324 998 nunquam
1351 931 1521 997 putuit
1550 943 1669 981 esse
1698 928 1813 980 sine
1843 925 1997 978 Filio.

492 1023 714 1092 Absque
753 1022 915 1075 dubio
955 1020 1137 1075 Ariani
1164 1020 1493 1074 Salvatorem
1536 1029 1774 1073 nostrum
1808 1029 2002 1085 negare

426 1131 535 1168 non
576 1115 793 1168 audent.
829 1113 933 1168 Sed
965 1114 1089 1167 dum
1123 1114 1382 1166 minorem
1413 1112 1617 1178 dicunt,
1652 1111 1815 1164 Deum
1858 1124 2002 1163 asse-

422 1222 545 1261 rerc
580 1221 683 1260 non
716 1212 957 1274 possunt.
985 1205 1123 1258 Deus
1150 1203 1293 1258 enim
1318 1204 1629 1257 naturaliter
1655 1199 2003 1271 plenitudinis

423 1296 681 1366 dignitate
711 1296 975 1360 subsistit,
1007 1305 1062 1349 et
1084 1310 1267 1349 eorum
1293 1296 1535 1362 impietas
1565 1309 1727 1346 unum
1752 1308 1809 1347 se
1830 1292 1999 1346 Deum

424 1388 604 1441 colere
634 1386 805 1452 prima
830 1383 1168 1439 confessione
1195 1393 1443 1437 testatur.
1480 1383 1584 1437 Sed
1613 1382 1701 1452 qui
1736 1382 1999 1450 iuniorem

422 1492 517 1545 per
564 1493 685 1531 eum
724 1476 812 1545 qui
854 1484 1070 1544 putatur
1122 1476 1302 1528 senior
1328 1473 1462 1527 duos
1496 1474 1639 1540 'acit,
1669 1482 1722 1527 et
1756 1472 1890 1527 solid
1919 1482 2000 1525 ta-

422 1577 530 1622 tem
564 1569 784 1622 unitatis
826 1569 1131 1621 intersecat.
1164 1564 1295 1620 Nam
1324 1566 1499 1635 ipsum
1540 1579 1733 1618 nomen
1775 1562 2002 1621 minoris

425 1660 652 1712 alterum
695 1660 783 1727 qui
816 1657 908 1711 illo
954 1656 1019 1712 sit
1064 1657 1236 1725 major
1267 1655 1519 1709 ostendit.
1575 1654 1707 1719 Quis
1749 1653 1839 1707 illo
1865 1653 2002 1705 anti-

2106 472 2235 525 stari
2270 472 2320 526 in
2347 474 2579 540 peccatis
2601 474 2802 528 nostris
2833 481 2889 526 et
2919 473 3085 527 lartari
3132 473 3327 527 dicitur
3356 476 3409 527 in
3438 478 3689 544 operibus

2109 568 2240 632 suis,
2281 578 2341 621 et
2367 568 2643 622 affectibus
2673 568 2957 635 subjacens
2983 566 3052 621 de
3078 581 3137 621 se
3168 566 3281 635 ipse
3304 568 3437 621 dicit
3466 584 3481 623 :
3523 568 3684 622 Poeni-

2110 667 2177 713 tet
2224 675 2305 711 me
2344 660 2521 728 fecisse
2549 658 2802 712 hominem
2828 656 2984 727 (Gen.
3030 673 3102 723 vr,
3143 658 3223 727 7).
3258 660 3322 712 Et
3371 659 3438 712 de
3479 674 3691 715 summa

2108 752 2231 807 ρωιὶ
2275 752 2403 806 sede
2446 752 2756 821 pronuntiat
2796 767 2809 803 :
2861 748 3043 813 Saule,
3093 748 3217 817 quid
3258 766 3335 803 me
3375 752 3694 820 persequeris

2104 845 2243 914 (Act.
2272 860 2346 908 ιι,
2373 844 2465 911 4)·ι
2497 842 2627 896 Nam
2649 851 2704 895 et
2725 840 3099 909 compatientis
3129 844 3415 895 ostendere
3444 842 3692 895 aﬁ‘ectum

2101 934 2315 987 videtur
2343 949 2463 988 cum
2494 934 2665 988 dicit:
2702 931 2933 992 Esurivi,
2975 941 3023 984 et
3055 930 3269 984 dedistis
3308 933 3435 985 mihi
3477 934 3693 985 mandu-

2101 1039 2254 1087 care;
2283 1025 2439 1090 sitivi,
2472 1034 2517 1077 et
2543 1024 2755 1077 dedistis
2803 1020 2928 1074 mihi
2965 1021 3130 1073 bibere
3157 1018 3372 1091 (.llatth.
3406 1038 3530 1087 xxv,
3565 1021 3658 1089 55)
3679 1064 3693 1086 ,

2102 1123 2157 1170 et
2185 1116 2388 1183 reliqua
2428 1114 2735 1182 huiusmodi
2764 1128 2886 1180 qua:
2925 1112 3199 1165 memoria:
3230 1112 3571 1168 abundanter
3607 1127 3696 1167 oc-

2102 1220 2319 1263 Clll‘l‘lllll
2335 1247 2350 1262 ο

2173 1298 2451 1366 Quomodo
2493 1312 2657 1369 ergo,
2690 1297 2733 1351 si
2782 1297 3058 1365 quisquam
3108 1298 3359 1353 sacerdus
3405 1297 3513 1349 niui
3545 1298 3689 1364 iplici

2105 1391 2401 1467 linguarum
2432 1391 2651 1445 scientia
2685 1391 2957 1458 prteditus,
2980 1402 3033 1446 et
3058 1392 3108 1446 in
3144 1390 3320 1444 medio
3350 1391 3685 1443 diversarum

2112 1486 2348 1553 gentium
2398 1484 2714 1538 constitutus
2743 1524 2758 1547 ,
2807 1482 3090 1538 Hebraeum
3137 1484 3394 1551 Hebraeo,
3450 1481 3693 1537 Graecum

2112 1572 2344 1639 Graeco,
2394 1573 2694 1627 Romanum
2758 1573 2995 1627 Romano
3051 1575 3408 1629 instructurus
3463 1575 3696 1641 allnquio

2120 1667 2415 1721 secundum
2447 1666 2774 1734 singulorum
2815 1666 3146 1720 intellectum
3188 1665 3351 1719 verba
3394 1666 3693 1729 confirmet,

425 1751 583 1818 (ἶυῘΟΓ
612 1752 701 1818 (ιιιί
754 1750 820 1802 de
861 1751 1040 1817 εθὶρεο
1080 1748 1425 1815 ιιιοιιυηιὶειιε
1459 1745 1570 1816 E90
1612 1761 1725 1798 33m
1764 1746 1920 1815 a’P’m
1951 1755 1998 1797 ει
2034 1741 2076 1799 Β
2104 1758 2325 1824 etjuxta
2360 1756 2774 1824 uniuscujusque
2804 1770 3018 1809 sensum
3050 1757 3161 1809 oris
3186 1755 3265 1809 sui
3294 1765 3512 1823 coaptet
3556 1756 3692 1807 allo-

422 1857 618 1909 omcga,
647 1840 839 1907 primus
862 1848 909 1891 et
941 1839 1239 1891 nouissimus
1264 1836 1397 1907 (Isa.
1424 1852 1574 1902 xuv;
1608 1835 1765 1905 Apoc.
1804 1836 1878 1901 t)?
1899 1834 1999 1898 Qui

421 1943 560 1984 es~et
588 1934 962 1997 interrogatus,
1002 1930 1069 1981 ita
1101 1930 1411 1994 respondit:
1444 1926 1776 1991 Principium,
1802 1931 1937 1994 quod
1961 1933 2004 1977 et

423 2037 542 2073 cum
562 2020 752 2087 inda-is
768 2035 855 2088 qni
878 2020 1057 2087 loquor
1071 2021 1205 2071 vobis
1222 2016 1399 2087 (Joon.
1415 2014 1749 2084 Vitt,15).Qui
1767 2015 1998 2069 veridica

423 2127 521 2180 per
544 2112 856 2180 prophetam
886 2124 1015 2163 voce
1039 2111 1321 2160 conﬁrmat
1342 2127 1351 2159 :
1371 2111 1497 2160 Ante
1516 2123 1593 2159 me
1614 2106 1829 2173 nonfuit
1848 2104 2005 2169 Deus,

424 2214 469 2253 et
495 2218 605 2271 post
632 2218 711 2254 me
744 2218 841 2253 non
874 2202 967 2252 erit
991 2198 1143 2267 (lsai.
1169 2215 1318 2263 xuii,
1341 2197 1449 2267 iu).
1474 2198 1528 2253 Si
1560 2197 1833 2252 Paterhoc
1858 2197 2005 2261 dicit,

452 2293 680 2349 infcriori
704 2308 753 2345 ιιι
776 2302 890 2360 post
924 2305 983 2344 se
1017 2306 1119 2343 non
1147 2290 1375 2355 erupisse
1406 2289 1719 2352 conﬁrmat;
1745 2290 1790 2342 si
1821 2289 2005 2357 Filius,

435 2398 560 2439 anie
604 2401 661 2438 se
692 2388 901 2452 penitus
940 2398 1044 2437 non
1089 2383 1251 2436 fuisse
1282 2387 1605 2450 pronuntiat.
1651 2382 1724 2434 Dc
1756 2383 1855 2434 hoc
1890 2398 2008 2450 pro-

427 2479 670 2547 pheticus
700 2493 880 2531 sermo
905 2476 1185 2529 evidenter
1221 2476 1453 2528 insinuat
1480 2490 1495 2528 :
1527 2473 1627 2526 llic
1655 2485 1726 2526 est
1757 2474 1892 2527 Deus
1918 2491 2009 2527 no-

427 2582 548 2637 ster,
574 2580 618 2623 et
649 2588 749 2623 non
783 2570 1103 2639 reputabitur
1120 2568 1254 2620 alius
1284 2569 1351 2618 ad
1376 2584 1493 2620 cum
1515 2566 1662 2636 (Bar.
1690 2583 1767 2630 ιιι,
1802 2566 1913 2632 5n).
1948 2567 2011 2620 Et

429 2673 550 2732 post
574 2662 685 2715 haec
712 2678 726 2713 :
757 2663 887 2713 inter
928 2660 1157 2712 homines
1196 2658 1331 2711 visus
1365 2665 1459 2724 est,
1491 2666 1535 2709 et
1580 2673 1694 2709 cum
1726 2656 2011 2709 hominibus

429 2764 753 2808 courersatus
811 2763 883 2806 est
914 2749 1103 2823 (υἱώ,
1138 2750 1251 2822 5‘5).
1278 2750 1581 2805 Secundum
1625 2750 1739 2803 lucc
1777 2764 1904 2817 ergo
1931 2752 2011 2801 in«

433 2855 516 2899 ter
542 2846 776 2915 genitum
809 2853 863 2899 et
907 2845 1198 2913 ingenitum
1256 2856 1355 2896 nec
1399 2842 1531 2896 ordo
1576 2850 1677 2907 est,
1711 2841 1832 2910 quia
1874 2855 2011 2893 unus

432 2944 548 3000 est;
579 2952 674 2989 nec
700 2944 908 3003 tempus
933 2933 1178 2997 interest,
1213 2932 1332 3001 quia
1363 2931 1566 3000 primus
1597 2941 1676 2984 est
1699 2947 1713 2995 ;
1739 2946 1837 2983 nec
1868 2940 2009 2996 post-

433 3032 710 3099 ponendus
753 3038 857 3096 est,
902 3029 1021 3096 quia
1054 3027 1200 3080 solus
1238 3034 1353 3091 est;
1406 3042 1506 3081 nec
1546 3027 1720 3080 minor
1750 3025 2010 3080 dicendus

2108 1848 2309 1916 quium,
2343 1856 2397 1900 et
2424 1847 2654 1899 dissonis
2696 1847 2853 1899 unius
2884 1846 3065 1899 cordis
3094 1856 3430 1915 exspectatas
3464 1845 3697 1914 pectoris

2109 1953 2265 1991 voczs
2297 1937 2347 1990 in
2393 1938 2570 1990 varios
2618 1936 2893 2005 dispenSet
2931 1937 3164 2000 auditus,
3205 1935 3277 1989 ita
3316 1944 3370 1989 et
3403 1936 3543 1990 Deus
3577 1952 3695 1989 cum

2111 2027 2327 2081 homine
2357 2028 2656 2093 locuturus,
2704 2041 2981 2081 assumere
3028 2026 3280 2096 dignatur
3331 2027 3563 2081 hominis
3595 2029 3693 2082 ιιι.-

2121 2135 2301 2187 gnam,
2336 2118 2558 2171 formam
2589 2120 2747 2171 etiam
2779 2129 3128 2186 suscepturus
3175 2120 3458 2174 humanam
3492 2135 3590 2190 per
3618 2122 3688 2174 in-

2118 2211 2387 2263 tellectum
2446 2219 2688 2262 nostrum
2742 2224 2904 2264 sonos
2947 2210 3343 2266 ordinationum
3390 2221 3696 2264 nostrarum

2115 2308 2338 2354 testatur
2363 2297 2603 2355 affectus.
2632 2298 2761 2353 Nam
2782 2299 2907 2353 dum
2940 2300 3173 2369 quinque
3198 2298 3553 2355 humanorum
3578 2317 3685 2356 sen-

2113 2390 2459 2445 suumofﬁcia
2489 2391 2827 2458 describens,
2858 2392 2926 2444 ita
2949 2392 3112 2447 dicit:
3143 2392 3291 2447 Oculi
3320 2391 3526 2447 Domini
3548 2411 3699 2462 super

2104 2484 2295 2552 ju:tos,
2318 2493 2366 2537 et
2387 2499 2535 2537 aures
2559 2484 2667 2556 ejus
2687 2484 2753 2535 ad
2774 2498 2945 2551 preces
2968 2499 3140 2535 eorum
3165 2481 3341 2546 (Psal.
3370 2499 3558 2550 sunt,
3585 2485 3695 2552 ιυ).

2118 2576 2181 2628 Ει
2200 2576 2417 2630 iterum:
2439 2576 2509 2629 0s
2527 2575 2731 2629 Domini
2752 2577 2971 2629 locutum
3001 2574 3240 2645 est(lsai.
3260 2577 3427 2642 1,20).
3450 2577 3606 2632 ltetn:
3632 2576 3698 2630 Et

2113 2668 2358 2721 odoratus
2376 2676 2448 2719 est
2464 2668 2671 2721 odorem
2686 2668 2948 2721 suavitatis
2965 2666 3122 2734 (Cen.
3144 2682 3230 2721 vut
3243 2666 3385 2736 ,21).
3404 2667 3495 2721 Et:
3515 2666 3698 2723 Matuta

2114 2772 2225 2811 mea
2248 2758 2364 2825 fecit
2383 2758 2489 2811 hinc
2514 2759 2702 2811 omnia.
2730 2758 2919 2813 Caium
2946 2759 3070 2813 mihi
3098 2760 3313 2814 thronus
3332 2769 3423 2824 est,
3447 2770 3580 2814 terra
3609 2778 3698 2814 au-

2116 2858 2221 2903 tem
2240 2849 2513 2905 scabellum
2538 2851 2717 2920 pedum
2743 2866 2969 2906 meorum
2993 2850 3144 2923 (lsai.
3170 2867 3316 2918 str,
3336 2851 3411 2915 i).
3438 2852 3701 2909 Cordibus

2116 2941 2314 2997 nostris
2343 2941 2657 2999 efﬁcientias
2704 2940 2937 2997 insinuat
2967 2956 3143 2997 rerum
3181 2941 3282 2995 sub
3311 2942 3701 3009 signiﬁcatione

2115 3033 2497 3087 membrorum.
2536 3032 2684 3086 Unde
2717 3047 2811 3101 pro
2849 3032 3123 3087 efﬁciabili
3166 3032 3284 3101 ejus
3312 3032 3454 3089 circa
3505 3036 3696 3090 buma-

435 3129 541 3187 cst,
572 3122 693 3191 quia
724 3121 916 3190 plenus
944 3128 1047 3173 est.
1078 3117 1218 3185 Ergo
1252 3116 1445 3171 dicitur
1474 3116 1764 3185 perfectus,
1803 3115 2007 3183 simpli-
2036 3112 2080 3174 C
2118 3140 2242 3181 num
2270 3138 2438 3196 genus
2466 3124 2793 3194 dignatione,
2827 3138 3033 3190 servos,
3080 3124 3286 3181 amicos
3334 3138 3396 3180 ac
3426 3124 3564 3181 ﬁlios
3605 3140 3698 3179 no-

432 3214 615 3282 cisque
636 3221 860 3274 naturre,
892 3208 1277 3263 inaestimabilis
1298 3219 1349 3263 et
1376 3208 1742 3277 impassibilis,
1765 3208 1863 3261 etsi
1888 3224 2008 3262 eum

433 3304 723 3359 secundum
772 3319 987 3357 carnem
1033 3318 1248 3373 passum
1286 3315 1407 3357 esse
1438 3314 1534 3370 pro
1564 3301 1718 3356 nobs
1749 3303 2010 3356 veraciter

434 3405 488 3451 et
510 3395 797 3450 salubriter
825 3396 1162 3451 c0uﬁtemur.

505 3488 631 3542 Post
672 3487 787 3541 haec
832 3490 1072 3558 sequenti
1129 3489 1246 3542 loco
1297 3486 1495 3556 quaeris
1539 3502 1569 3542 a
1622 3503 1708 3542 rue
1742 3491 2011 3558 quomodo

434 3579 583 3645 quta
624 3578 973 3631 substantiam
1006 3579 1099 3633 Dei
1142 3578 1193 3631 in
1238 3579 1464 3649 epistola
1493 3578 1721 3647 quadam
1752 3585 2008 3651 scriptum

436 3672 504 3723 sit
533 3686 547 3723 :
577 3670 717 3723 Nihil
758 3670 927 3724 sensit
962 3670 1194 3741 patiente
1224 3684 1408 3735 sensu,
1441 3672 1535 3725 sed
1582 3674 1751 3729 sensit
1795 3688 2011 3744 compa~

436 3763 599 3816 tiente
636 3762 828 3814 affectu
859 3773 905 3815 κ.

509 3854 688 3906 Primo
738 3852 859 3914 hoc,
910 3853 1047 3920 quod
1099 3867 1199 3907 nec
1250 3854 1601 3925 philosophos
1650 3856 1826 3922 latuit,
1874 3858 2013 3913 scire

436 3942 914 4012 promptissimum.
966 3943 1021 3997 In
1070 3943 1289 3998 bomiue
1319 3944 1546 3999 diversa:
1592 3946 1919 4015 aliectiones,
1962 3948 2012 4003 id

435 4043 537 4090 est.
586 4032 811 4099 justitia,
863 4033 1253 4101 misericordia,
1301 4036 1576 4098 sanctitas.
1616 4038 2010 4105 benevolentia,

436 4127 628 4194 pietas,
658 4140 743 4179 res
778 4126 1099 4183 accedentes
1141 4136 1283 4193 sunt,
1313 4138 1367 4183 et
1407 4130 1528 4183 ideo
1573 4130 1796 4184 aﬁ'ectus
1820 4146 2014 4186 vocan-

398 4221 410 4234 ’
434 4228 538 4273 tur.
569 4218 706 4272 Deus
740 4233 865 4272 vero
896 4220 977 4272 Ιιίε
1018 4235 1123 4273 ηοιι
1163 4220 1493 4289 possibiliter
1522 4220 1773 4290 afﬁcitur,
1801 4228 1922 4292 quia
1964 4226 2015 4283 ei

438 4310 615 4364 inesse
634 4310 826 4379 iugiter
846 4316 903 4363 et
931 4309 1248 4363 naturaliter
1271 4310 1675 4379 dignoscantur.
1701 4312 1841 4383 Ergo
1870 4317 2011 4382 quod

439 4400 494 4452 in
521 4401 735 4455 homine
758 4401 979 4455 allectus
1009 4415 1074 4454 ex
1099 4401 1290 4469 gratia,
1312 4403 1361 4454 in
1392 4400 1499 4456 Deo
1522 4402 1688 4459 virtus
1709 4415 1792 4459 est
1820 4421 1885 4460 ex
1914 4422 2012 4466 na-

437 4501 572 4545 tura.
590 4492 718 4545 Nam
734 4494 871 4559 quod
888 4492 1086 4547 dictum
1100 4501 1180 4547 est
1200 4512 1211 4545 :
1228 4492 1364 4547 Nihil
1379 4495 1549 4549 sensit
1566 4497 1813 4563 patientis
1825 4512 2010 4569 sensu,
2045 4490 2095 4550 ι)

436 4582 529 4637 sed
546 4585 714 4637 sensit
729 4586 1104 4655 compatientis
1117 4584 1329 4649 affectu,
1344 4602 1440 4641 cur
1452 4590 1730 4657 quisquam
1749 4591 1838 4645 illo
1850 4607 2013 4647 sensu

432 4673 617 4728 dicere
636 4689 737 4727 non
754 4684 1061 4744 prmsumat,
1077 4677 1217 4746 quod
1234 4677 1393 4732 etiam
1410 4678 1775 4748 pr0pheticum
1790 4696 2019 4739 commeo

433 4774 607 4819 morat
632 4782 646 4817 :
675 4766 909 4830 Domine,
936 4783 999 4820 ne
1025 4770 1078 4821 in
1108 4771 1188 4821 ira
1212 4779 1302 4822 tua
1326 4787 1512 4840 arguas
1541 4788 1638 4834 nte,
1671 4791 1831 4843 neque
1860 4777 1910 4829 in
1936 4778 2019 4846 fu-

433 4874 548 4911 rore
575 4868 661 4911 tuo
684 4859 931 4929 corripias
955 4876 1033 4913 me
1055 4860 1228 4928 (Psal.
1258 4878 1331 4928 γι,
1354 4863 1418 4927 2;
1444 4881 1648 4932 xxxv-II,
1676 4867 1753 4938 i).
1778 4868 1846 4922 Et
1877 4885 1892 4922 :
1923 4868 2019 4923 Ju-

433 4953 564 5005 raoit
598 4952 869 5017 Dom‘nus,
903 4970 994 5006 nec
1015 4956 1268 5024 paenitebit
1296 4973 1409 5009 eum
1433 4957 1553 5025 (Ps.
1583 4974 1692 5025 (ιιι,
1715 4961 1794 5031 li).
1832 4963 1898 5017 Et
1926 4963 2025 5017 ite-

396 5100 399 5107 λ
440 5056 555 5095 rnm
578 5058 592 5095 :
620 5040 793 5096 Iratus
825 5052 895 5097 cst
920 5041 1170 5097 Dominus
1189 5048 1377 5117 populo
1411 5065 1524 5114 suo,
1548 5061 1592 5102 et
1614 5052 1932 5108 abominatus
1958 5065 2033 5109 est

388 5135 403 5153 ’
438 5134 785 5188 hereditatem
795 5152 943 5190 suam
959 5135 1075 5207 (Ps.
1089 5138 1196 5209 ον).
1217 5138 1281 5193 Ει
1295 5140 1420 5195 item
1434 5141 1647 5198 diverso
1660 5143 1851 5199 affectu
1866 5146 2029 5205 Jacob

509 5345 674 5417 fiioc
714 5347 909 5405 dictum
950 5355 1122 5405 exstat
1166 5345 1302 5403 infra
1355 5347 1408 5401 in
1451 5347 1608 5417 epist.
1666 5349 1732 5404 ad
1774 5348 2018 5407 Gratum.

508 5416 535 5455 δ
569 5416 727 5472 Forte
753 5436 837 5470 mu
860 5429 963 5470 ata.

512 5499 537 5561 ς
567 5488 648 5561 A_b
679 5489 780 5561 hoc
804 5491 962 5561 verbo
992 5505 1111 5561 quae
1137 5497 1457 5555 sequuntur,
1504 5488 1815 5561 in_modum
1868 5507 2024 5561 sepa-

437 5557 539 5613 rati
573 5558 729 5611 libelii
751 5573 851 5629 seu
881 5557 1143 5625 epistol-.e,
1173 5568 1384 5613 exstant
1412 5572 1540 5611 tom.
1569 5558 1633 5611 IV
1662 5561 1798 5615 Bibl.
1830 5557 1964 5629 PPI,
1989 5565 2025 5617 9.

439 5629 593 5705 edin,
628 5629 717 5705 liii.
747 5627 870 5705 759.
905 5630 1247 5705 Turpissaue
1277 5646 1427 5683 error
1457 5630 1543 5684 hic
1572 5630 1775 5701 Fauni,
1804 5634 1872 5689 de
1912 5627 2028 5705 quo

442 5696 564 5751 vide
593 5696 990 5754 adnotationem
1022 5702 1075 5753 iu
1103 5700 1238 5755 hanc
1264 5705 1419 5771 epist.

2119 3217 2324 3268 minare
2371 3222 2425 3267 et
2467 3214 2793 3280 compellare
2841 3228 2947 3269 non
2996 3213 3246 3285 despicit,
3272 3225 3329 3267 ut
3378 3214 3540 3272 homo
3580 3231 3695 3272 cum

2115 3322 2145 3360 e
2185 3306 2304 3359 dem
2336 3304 2566 3359 vicissim
2600 3306 2833 3359 humano
2863 3321 2957 3360 ore
2985 3314 3038 3358 et
3067 3320 3215 3361 more
3244 3306 3563 3361 collocutus.

2184 3397 2449 3452 Caeterum
2480 3397 2571 3452 Dei
2599 3399 2673 3451 ira
2699 3398 2903 3466 justitia
2935 3406 3036 3466 est,
3082 3399 3171 3453 Dei
3213 3400 3360 3455 furor
3398 3401 3696 3456 severitatis

2131 3491 2279 3557 vigor
2312 3498 2413 3555 est,
2445 3488 2535 3543 Dei
2575 3488 2788 3559 jurasse
2817 3490 2866 3543 dt
2889 3491 3067 3545 ﬁnisse
3095 3501 3193 3557 est,
3229 3493 3321 3547 Dei
3370 3494 3694 3562 ptenituisse,

2120 3583 2408 3645 sententia,
2428 3590 2605 3635 tamen
2633 3580 2815 3650 sacpcb
2838 3593 3014 3648 muta;
3043 3593 3097 3638 et
3121 3598 3244 3639 cum
3266 3598 3325 3639 se
3348 3598 3696 3655 persequente

2118 3672 2318 3741 aliquo,
2346 3673 2465 3727 laedi
2512 3673 2657 3739 dicit,
2692 3675 2899 3728 crimen
2944 3675 3187 3730 Iaedentis
3228 3679 3483 3732 ostendit.
3534 3678 3695 3733 Inter-

2119 3765 2354 3820 cluditur
2416 3766 2570 3820 nobis
2618 3767 3255 3824 omnimodisorationis
3322 3770 3691 3837 ministerium,

2118 3860 2399 3933 omnisque
2428 3860 2587 3926 ratio,
2611 3875 2715 3931 qua
2738 3860 2952 3926 dicitur,
2979 3861 3061 3917 vel
3091 3861 3432 3930 intelligitur,
3460 3863 3542 3916 vel
3568 3876 3696 3931 prte-

2118 3954 2326 4009 dlcatur
2346 3996 2359 4021 ,
2393 3954 2437 4007 si
2468 3953 2581 4008 hcec
2610 3953 2826 4008 humani
2852 3954 3115 4008 sermonis
3140 3957 3461 4008 commercia
3488 3956 3694 4009 subtra-

2121 4044 2339 4098 huntur.
2370 4044 2478 4097 Cur
2506 4058 2634 4114 ergo
2660 4045 2762 4101 dici
2793 4044 2933 4098 inter
2963 4044 3062 4099 ista
3120 4060 3222 4099 non
3258 4048 3447 4115 possit,
3478 4044 3567 4099 sed
3593 4062 3697 4099 sen-

2121 4137 2188 4193 sit
2219 4137 2570 4205 compatientis
2597 4136 2821 4203 a/fectu.’

2190 4228 2243 4284 Si
2272 4244 2399 4298 ergo
2434 4228 2738 4285 discutienti
2768 4229 3023 4298 magistro
3050 4228 3276 4296 simplex
3308 4238 3364 4283 et
3407 4224 3698 4298 aperta're-

2119 4324 2335 4393 sponsio
2356 4322 2633 4389 satisfecit,
2654 4334 2987 4377 transeamus
3006 4322 3073 4376 ad
3097 4325 3306 4377 tertiam
3331 4323 3695 4392 quaestionem,

2118 4434 2222 4488 qua
2253 4428 2275 4456 ο
2309 4427 2366 4472 ιιι
2395 4417 2744 4487 respondeam
2766 4414 2791 4453 ιι
2825 4417 3071 4485 praecipis
3102 4435 3114 4470 :
3150 4416 3281 4483 Qum
3309 4418 3361 4469 in
3402 4416 3568 4473 rebus
3609 4415 3699 4471 bu-

2123 4510 2297 4567 manis
2319 4524 2599 4578 corporea,
2632 4524 2818 4578 quaave
2848 4509 3163 4576 incorporea
3192 4506 3469 4561 sentienda
3496 4502 3635 4559 sint?

2199 4600 2279 4654 Ad
2311 4598 2424 4654 haec
2471 4600 2643 4668 aliqua
2679 4616 2784 4653 non
2818 4615 2913 4669 pro
2942 4614 3134 4655 sensus
3164 4602 3265 4653 mei
3295 4598 3703 4669 praesumptione

2131 4707 2410 4761 promam,
2463 4690 2555 4745 sed
2608 4706 2703 4759 pro
2751 4698 3054 4744 sanctorum
3104 4690 3356 4758 opinione
3407 4691 3700 4748 seniorum.

2132 4785 2433 4839 Praesertim
2462 4799 2582 4838 cum
2614 4784 2728 4837 hate
2766 4784 3002 4840 animum
3044 4783 3236 4837 laedere
3268 4799 3372 4837 non
3401 4784 3629 4851 possint,
3657 4793 3706 4838 ct

2131 4878 2198 4929 ad
2229 4877 2382 4931 ﬁdem
2412 4877 2619 4929 nutrire
2639 4874 2867 4943 possint,
2900 4884 2954 4928 et
2997 4891 3167 4945 usque
3195 4877 3259 4927 ad
3292 4876 3366 4940 id,
3395 4878 3536 4944 quod
3568 4876 3704 4931 Patri

2134 4967 2299 5022 Filius
2343 4966 2563 5037 mqttalis
2609 4976 2901 5036 appareat,
2974 4976 3158 5021 eontra
3218 4967 3444 5021 Arianas
3496 4983 3707 5024 armare

2138 5071 2161 5099 ο
2192 5070 2350 5131 atque
2395 5074 2581 5129 regere
2624 5061 2837 5115 valeant
2866 5061 3178 5129 pravitates.
3222 5061 3365 5131 Ergo
3391 5062 3607 5130 quando
3644 5063 3706 5114 de

2138 5162 2364 5205 tractatu
2390 5150 2565 5205 altiori
2596 5150 2809 5206 ccilatio
2848 5160 2951 5220 est,
2997 5151 3063 5206 ad
3109 5150 3444 5207 subtiliorem
3494 5152 3702 5208 intelle-

2196 5350 2220 5389 ἀ
2257 5354 2309 5406 1η
2334 5351 2572 5420 margine
2596 5367 2697 5407 ms.
2722 5351 2921 5406 codicis
2941 5350 3191 5417 adjuncta
3218 5358 3364 5405 erant
3393 5349 3569 5420 aliqua
3593 5360 3703 5419 quae

2128 5425 2272 5479 hunc
2300 5438 2515 5479 sensum
2544 5422 2793 5479 videntur
2835 5422 3060 5481 reddere
3095 5424 3292 5492 (neque
3322 5422 3468 5476 enim
3500 5423 3606 5476 alio
3635 5438 3707 5475 m-

2128 5499 2231 5549 seri
2263 5502 2505 5562 possunt,
2553 5494 2652 5547 nisi
2683 5493 2804 5557 huc,
2834 5501 2887 5548 et
2912 5493 3125 5561 quidem
3154 5493 3306 5556 signo
3336 5493 3626 5561 apposito),
3658 5501 3708 5543 ut

2126 5566 2485 5632 respondeam,
2517 5567 2754 5634 principis
2794 5566 3169 5621 uentilationem
3216 5564 3371 5633 hujus
3421 5564 3708 5631 qttwstionis

2130 5638 2372 5689 minume.
2406 5634 2554 5701 ραω,
2579 5642 2684 5688 ονε.

2208 5716 2230 5743 ⁸
2265 5706 2513 5776 Margar.,
2539 5713 2690 5774 atque
2712 5705 2898 5776 erigere
2925 5706 3058 5777 exigi
3084 5705 3280 5758 raleant
3302 5704 3591 5774 pravitates.
