4002 6188
274 297 341 350 Si
357 299 371 347 ε

1712 282 2085 336 ENSTOLA'J.

3418 281 3523 337 832

272 423 417 465 ctum
449 420 638 463 sensus
666 415 719 461 et
763 408 970 459 animus
1019 401 1395 472 praeparandus
1441 410 1540 455 est.
1591 400 1839 454 Nonnulli
1867 401 1916 457 Δ
1947 401 2198 469 motibus,
2227 408 2536 470 occupatur,
2564 410 2611 455 et
2644 402 2688 454 si
2716 401 2841 472 quid
2872 402 2885 451 l
2925 400 3053 457 illud
3084 412 3185 464 est,
3210 400 3350 469 quod
3379 403 3521 470 πενί-

271 496 623 554 eruditissimi
670 495 882 549 Patrum
930 493 1031 546 alia
1079 499 1327 546 asserunt
1372 504 1492 545 esse
1540 472 1847 553 invisibilia,

273 593 375 643 a'ia
408 602 536 643 vero
566 587 895 653 incorporea.
923 581 1189 651 Quidquid
1215 589 1453 636 creatum
1477 589 1559 635 est
1582 588 1607 615 ⁸
1630 579 1849 633 materia

273 681 462 743 videri,
495 689 549 732 et
580 677 760 732 l'actori
791 689 890 729 suo
937 673 1417 742 comprehensibile
1445 682 1498 726 et
1532 686 1846 741 corporeum

276 785 395 825 esse
425 770 706 823 deliniant.
738 766 868 819 Nam
898 774 951 818 et
982 765 1299 829 animarum,
1340 772 1393 817 et
1417 765 1721 831 angelorum
1754 777 1852 815 na-

279 875 452 916 turam
484 866 731 915 asserunt
772 873 891 913 esse
928 872 1267 925 corpoream,
1313 871 1410 925 pro
1436 871 1503 910 eo
1535 855 1673 923 quod
1704 855 1851 908 initio

275 952 787 1007 circumscribantur
837 959 888 1003 et
931 950 1125 1017 spatio.
1169 946 1302 1001 Nam
1349 945 1487 999 sicut
1529 945 1579 999 in
1621 945 1850 1014 quodam

277 1043 332 1099 S.
364 1042 672 1110 llieronyuti
704 1047 927 1094 tractatu
955 1038 1204 1107 legimus,
1230 1036 1437 1105 globos,
1475 1036 1665 1104 inquit,
1707 1034 1851 1093 side-

280 1149 396 1187 rum
426 1131 452 1168 ιι
482 1141 793 1200 corporales
822 1143 941 1183 esse
968 1128 1183 1196 spiritus
1212 1125 1560 1182 arbitrantur.
1593 1125 1660 1178 Et
1686 1124 1810 1179 item
1838 1142 1851 1177 :

280 1223 335 1277 Si
367 1222 563 1291 angeli.
598 1222 786 1289 inquit,
812 1217 1048 1273 crelestia
1069 1232 1291 1287 corpora
1314 1215 1379 1270 ad
1402 1215 1851 1284 comparationem

284 1314 377 1369 Dei
410 1314 676 1367 immunda
711 1326 829 1366 esse
861 1311 1131 1376 dicuntur,
1170 1304 1301 1378 quid
1343 1316 1495 1377 putas
1526 1308 1686 1361 homo
1715 1306 1854 1359 testi-

281 1404 554 1458 utandus?
586 1402 676 1456 sed
707 1402 847 1455 inter
876 1401 989 1453 hinc
1038 1410 1092 1452 tu
1123 1396 1352 1451 animam
1403 1411 1563 1464 negas
1590 1409 1707 1451 esse
1736 1410 1855 1448 cor-

283 1511 501 1565 poream
528 1496 647 1562 quia
676 1494 822 1563 juxta
854 1493 1153 1560 aliquorum
1199 1489 1504 1558 opinionem
1536 1503 1634 1541 nec
1675 1486 1855 1541 localis

283 1590 372 1648 sit,
406 1600 506 1639 nec
539 1595 559 1621 ο
594 1584 842 1650 qualitate
868 1581 1012 1635 credi
1039 1579 1233 1634 debere
1262 1577 1598 1632 manifestum
1629 1584 1730 1629 est.
1755 1575 1855 1630 Le-

282 1676 458 1744 gimus
479 1675 618 1727 enim
645 1675 692 1725 in
716 1672 944 1741 quodam
968 1669 1333 1739 rcceptissimo
1356 1669 1568 1721 Patrum
1594 1674 1849 1743 tractatu:

1955 510 2077 551 cere
2103 495 2338 559 videtur,
2369 491 2394 531 ¹π
2426 493 2593 561 magis
2623 490 2673 548 ei
2713 493 2766 547 in
2813 492 3135 548 cordatiouis
3162 493 3381 563 speculo
3426 493 3519 549 de-

1953 587 2239 641 scribatur.
2272 586 2402 640 Nam
2430 583 2644 653 quando
2670 584 2942 639 absentem
2985 600 3139 640 suum
3167 600 3347 640 carum
3377 587 3522 656 cogi-

1956 686 2050 744 tat,
2087 677 2320 742 nunquid
2348 675 2457 743 jam
2480 675 2625 730 velut.
2674 675 2790 744 ipso
2825 684 3110 742 conspectu
3141 675 3409 731 desiderio
3437 690 3523 732 sa-

1956 768 2189 822 tisfecit?
2226 771 2325 820 Aut
2357 782 2497 832 cum,
2530 766 2678 820 verbi
2708 765 2900 834 gratia,
2932 765 3072 820 Petri
3104 777 3193 819 aut
3220 766 3368 821 Pauli
3399 781 3522 834 sre-

1929 850 2091 912 'ciem
2130 860 2263 911 intra
2297 857 2488 910 mentis
2519 871 2709 909 arcana
2757 854 3014 924 depingit,
3066 856 3299 923 nmquid
3344 857 3521 909 statim

1957 950 2170 1002 intimas
2200 948 2424 1017 paradisi
2454 948 2627 1010 sedes,
2661 947 2745 1001 ubi
2787 961 2880 1000 eos
2920 961 3039 1002 esse
3067 947 3333 1009 novimus,
3367 962 3447 1015 pe'
3470 964 3525 1002 e-

1958 1040 2150 1094 travit?
2179 1044 2283 1095 Aut
2313 1056 2431 1094 cum
2480 1040 2579 1093 sibi
2612 1040 2661 1094 in
2693 1039 2854 1093 corde
2882 1038 3061 1108 divitis
3108 1040 3246 1094 illius
3286 1040 3525 1095 ﬂammas

1958 1147 2024 1187 ex
2052 1133 2276 1187 lectione
2310 1132 2606 1200 proposuit,
2637 1130 2872 1200 nunquid
2913 1131 3020 1199 jam
3046 1130 3112 1184 ad
3142 1131 3257 1199 ejus
3293 1140 3529 1186 tormen-

1958 1234 2132 1277 torum
2183 1226 2298 1277 loca
2343 1223 2511 1276 cuivis
2564 1222 2953 1276 inaccessibilia
3020 1221 3213 1275 inferni
3265 1220 3522 1289 profunda

1960 1315 2282 1370 descendit?
2314 1315 2439 1369 ΙΙωο
2463 1316 2636 1369 omnia
2672 1316 2850 1382 procul
2881 1315 3042 1370 dubio
3064 1324 3154 1368 aut
3176 1330 3354 1369 secum
3388 1315 3522 1369 intra

1958 1406 2189 1474 pectoris
2228 1419 2421 1460 arcana
2454 1421 2548 1474 per
2590 1406 2762 1459 varias
2800 1405 3173 1460 similitudines
3207 1405 3387 1475 tingit;
3433 1414 3521 1459 aut

1959 1508 2103 1552 certe
2149 1498 2192 1551 si
2238 1505 2385 1552 extra
2417 1497 2611 1551 animae
2640 1496 2819 1551 sedem
2866 1496 3129 1551 instabilis
3158 1497 3409 1566 cogitatio
3446 1498 3522 1551 lu-

1959 1589 2106 1642 ltrico
2166 1596 2311 1641 motu
2359 1588 2551 1657 agitata
2598 1586 2869 1653 discurrit,
2918 1584 3018 1640 hoc
3067 1587 3236 1654 ipsum
3288 1585 3521 1639 localiter

1960 1680 2084 1748 agit.
2114 1681 2179 1733 Et
2202 1680 2316 1734 sive
2344 1679 2555 1743 urbem,
2588 1680 2702 1732 sive
2730 1692 3098 1748 quamcunque
3130 1678 3394 1747 regionem
3437 1692 3525 1732 co-

287 1765 518 1833 lngredi,
552 1764 740 1832 inquit,
764 1772 817 1815 et
840 1762 1062 1829 implere
1092 1760 1292 1826 omnia,
1326 1759 1425 1813 soli
1482 1766 1561 1812 est
1607 1755 1857 1825 possibile

1964 1771 2109 1840 gitet,
2139 1768 2212 1823 ibi
2252 1778 2454 1823 tantum
2508 1784 2665 1823 sensu
2715 1777 3079 1823 rommorante
3124 1767 3387 1837 deligitur,
3420 1782 3524 1836 quo

283 1842 574 1911 Trinitati':
606 1869 723 1923 qua:
768 1856 905 1907 sicut
941 1854 1205 1906 universae
1234 1848 1602 1905 intellectualis
1648 1854 1851 1901 natura:

282 1946 512 1999 efﬁcitur
538 1943 879 2012 peuetratrix,
915 1954 970 1995 ut
998 1958 1101 1996 non
1135 1943 1305 1996 solum
1343 1940 1706 2007 circump'ecti
1735 1954 1848 1991 eam

281 2046 443 2105 atque
474 2035 695 2099 ambire,
724 2035 813 2088 sed
841 2034 1000 2087 etiam
1031 2033 1171 2086 illabi
1194 2032 1263 2099 ei,
1290 2039 1345 2083 et
1371 2031 1515 2083 velut
1541 2030 1850 2097 incorporea

284 2124 497 2194 corpori
551 2125 713 2191 possit
757 2123 980 2176 infundi.
1051 2122 1197 2175 Licet
1261 2120 1401 2174 enim
1452 2119 1852 2187 pronuntiemus

290 2216 581 2270 nonnullas
627 2214 929 2283 spirituales
977 2227 1096 2267 esse
1140 2221 1375 2278 naturas,
1408 2221 1464 2264 ut
1510 2219 1633 2264 sunt
1661 2211 1848 2278 angeli,

285 2306 614 2374 archangeli,
662 2316 974 2371 cmterzeque
1020 2302 1260 2366 virtutes,
1303 2301 1413 2369 ipsa
1445 2314 1653 2370 quoque
1679 2301 1851 2353 anima

284 2408 488 2461 nostra,
520 2398 599 2451 vel
631 2405 775 2450 certe
804 2412 895 2449 aer
922 2396 1021 2449 iste
1049 2394 1291 2458 subtilis;
1319 2403 1493 2448 tamen
1528 2396 1855 2462 incorporea:

285 2492 594 2545 nullatenus
622 2487 944 2543 aestimanda:
974 2496 1117 2541 sunt.
1165 2486 1370 2540 liabent
1395 2487 1535 2541 enim
1564 2487 1851 2540 secundum

283 2596 347 2636 se
375 2597 589 2649 corpus,
622 2594 726 2648 quo
755 2578 1069 2641 subsistunt,
1101 2576 1225 2631 licet
1252 2577 1415 2631 multo
1444 2587 1495 2630 et
1528 2577 1854 2643 incompara-

284 2674 467 2728 biliter
500 2672 897 2739 tenuius,quam
926 2676 1107 2722 nostra
1135 2677 1257 2722 sunt
1284 2682 1531 2736 corpora,
1564 2666 1860 2720 secundum

285 2764 532 2832 Apostoli
561 2761 899 2823 sententiam,
932 2758 1180 2823 dicentis,
1212 2767 1256 2811 et
1296 2773 1511 2829 corpora
1539 2757 1778 2820 cmlestia,
1808 2760 1854 2809 et

283 2873 504 2924 corpora
536 2855 787 2908 terrestria
821 2853 870 2923 (1
879 2853 905 2905 I
938 2852 1053 2907 Cor.
1084 2868 1170 2916 xv,
1201 2849 1311 2917 40).
1336 2849 1534 2917 Quibus
1563 2864 1658 2918 pro
1690 2864 1856 2901 tuant-

288 2949 429 3004 l’csto
473 2948 762 3017 colligitur,
796 2945 927 3000 nihil
971 2959 1090 2999 esse
1135 2945 1505 3011 incorporeum
1534 2942 1634 2995 nisi
1686 2942 1852 2994 solum

288 3037 484 3091 Deum.
517 3037 580 3089 Et
618 3037 818 3091 idcirco
849 3035 946 3103 ipsi
972 3032 995 3069 δ
1025 3032 1387 3086 tantummodo
1415 3046 1505 3100 per
1534 3046 1591 3085 se
1616 3041 1857 3099 penetra-

287 3128 426 3182 biles
473 3141 678 3194 omnes,
710 3134 867 3194 atque
916 3123 1304 3177 intellectuales
1349 3130 1467 3176 esSe
1512 3120 1852 3175 substantias.
1885 3106 1930 3168 C

288 3221 425 3286 Qure
452 3233 571 3272 cum
602 3221 668 3272 ita
698 3219 823 3285 sint,
848 3217 1031 3286 objicit
1055 3216 1198 3280 milti,
1228 3216 1347 3271 ideo
1366 3217 1593 3269 animam
1619 3230 1720 3268 non
1743 3230 1861 3269 esse

290 3314 687 3380 incorpoream,
715 3310 856 3378 quia,
890 3318 945 3360 ut
973 3309 1169 3362 dictum
1200 3304 1297 3371 est,
1325 3321 1423 3360 nec
1444 3306 1623 3359 localis
1650 3306 1742 3370 sit,
1764 3320 1862 3359 nec

289 3402 556 3471 qualitate
601 3411 691 3453 aut
734 3398 1022 3468 quantitate
1062 3399 1330 3451 subsistat.
1380 3394 1529 3463 Quod
1558 3406 1582 3433 ε
1614 3397 1763 3465 cujus
1795 3398 1863 3450 sit

291 3494 544 3561 periculi,
576 3494 644 3545 ita
675 3493 725 3544 in
760 3492 859 3545 hac
887 3500 1051 3544 status
1099 3492 1266 3544 nostri
1316 3491 1490 3544 habita
1536 3489 1865 3543 discussione

292 3582 569 3652 pendebit,
602 3590 657 3633 ttt
683 3579 727 3633 si
757 3596 856 3634 nec
884 3581 1062 3635 localis
1084 3582 1171 3643 sit,
1197 3593 1291 3632 nec
1314 3580 1551 3647 qualitati
1576 3579 1864 3646 suhjaceat,

293 3680 420 3727 esse
455 3687 573 3726 eam
622 3671 755 3723 haud
788 3671 947 3724 dubie
990 3672 1355 3739 incorpoream
1396 3669 1766 3723 concedamus.
1813 3668 1867 3722 Si

296 3779 429 3818 vero
467 3764 905 3818 demonstravero
932 3778 1050 3816 eam
1101 3762 1394 3831 quantitate
1423 3758 1762 3815 determinari
1791 3762 1868 3814 lo-

299 3873 436 3912 cove
464 3856 734 3922 concludi,
767 3864 1155 3923 consequenter
1179 3869 1293 3906 eam
1317 3856 1476 3907 etiam
1499 3868 1723 3920 corpore
1745 3866 1871 3905 coa-

312 3950 495 4013 tineri,
529 3962 625 4002 rec
663 3948 777 4016 ipse
816 3948 920 4016 jam
949 3947 1177 4000 dubites.
1208 3944 1225 3981 τ
1257 3945 1532 4011 Quomodo
1559 3960 1661 3999 non
1690 3945 1871 3998 locatis

298 4052 405 4107 ρει,
443 4056 561 4109 qua:
586 4040 784 4093 inserta
815 4038 1086 4101 membris,
1113 4046 1165 4091 et
1197 4037 1393 4105 illigata
1425 4036 1716 4091 visceribus
1747 4035 1874 4090 solis

298 4130 538 4183 motibus
563 4139 587 4175 8
614 4143 743 4197 vaga
790 4129 1091 4183 eoaditione
1126 4127 1433 4180 substantia:
1477 4135 1682 4180 tenetur
1711 4125 1877 4179 inclu-

300 4225 393 4275 sa?
422 4222 575 4288 Quod
620 4221 662 4274 si
704 4221 925 4275 localem
976 4235 1081 4273 non
1126 4235 1243 4274 esse
1287 4222 1538 4280 animam,
1574 4219 1690 4272 ideo
1732 4234 1878 4272 assu.

302 4314 562 4367 utendum
595 4322 764 4380 putes,
794 4312 933 4379 quod
967 4326 1061 4379 per
1088 4310 1297 4363 diversa
1328 4309 1577 4363 sensibus
1606 4321 1877 4376 evagetur,

302 4415 360 4459 et
413 4404 826 4473 cogitationibus
869 4403 1159 4467 deft-ratur,
1207 4401 1432 4467 primum
1479 4400 1879 4468 intelligendum

305 4505 414 4558 est,
446 4494 589 4561 quod
624 4492 765 4546 aliud
812 4493 882 4546 sit
921 4491 1112 4544 anima:
1152 4497 1338 4552 status,
1385 4489 1529 4542 aliud
1563 4491 1647 4542 hic
1682 4490 1770 4555 qui
1814 4489 1882 4543 de

274 4588 489 4638 -an':ma
538 4584 774 4638 nascitur
823 4578 1490 4651 cogitzttionishatl'ectus,
1540 4579 1883 4646 quamobrem

306 4686 368 4729 ut
395 4676 497 4729 hoc
528 4674 703 4743 potius
730 4670 745 4709 ί
772 4671 1142 4727 aestimandum
1171 4680 1272 4737 est,
1296 4669 1435 4737 quod
1464 4669 1506 4723 si
1537 4669 1749 4739 quando
1783 4671 1885 4726 sibi

307 4767 511 4836 aliquid
539 4766 875 4836 imaginatur,
906 4765 1075 4834 magis
1102 4778 1223 4818 cum
1252 4762 1363 4819 suis
1388 4762 1524 4819 intra
1545 4768 1883 4837 semetipsam

385 4932 411 4963 ⁸
445 4922 692 4991 Murgan,
724 4920 988 4973 materiam
1012 4918 1190 4972 videri.

382 4993 412 5031 δ
444 4994 667 5062 Margar.
696 4991 909 5054 vitiose,
936 4998 1270 5062 comparatos.

386 5073 411 5100 ο
449 5058 696 5132 Murgan,
719 5078 807 5113 nec
830 5060 1072 5132 qualitate
1083 5073 1180 5132 nec
1193 5058 1473 5132 quantitate
1491 5060 1727 5115 subsistat
1746 5065 1883 5130 quod

310 5133 379 5184 de
403 5135 515 5201 sola
546 5128 639 5183 Dei
670 5132 929 5201 majestate
956 5128 1091 5181 credi
1123 5129 1298 5181 debere
1327 5144 1421 5201 me.

388 5199 417 5238 ἀ
448 5203 696 5269 Mergum,
726 5199 1069 5253 tantummodo
1096 5199 1424 5267 penetrabiles
1469 5215 1639 5255 omnes
1688 5202 1885 5257 intelle-

311 5274 514 5327 ctuales
545 5287 651 5325 esse
676 5270 1003 5322 substantias.

402 5349 428 5376 ⁸
456 5344 703 5408 .llargar.,
744 5341 1030 5409 cajusmo..'i
1060 5338 1272 5409 periculi
1296 5339 1358 5391 sit
1379 5339 1446 5409 ita
1494 5340 1697 5409 credere
1734 5342 1788 5394 iu
1818 5359 1896 5396 se-

317 5413 589 5467 ntientibus
614 5408 1216 5472 demonstrabitur,uuuc
1246 5425 1360 5461 vero
1404 5408 1459 5461 in
1510 5408 1605 5463 hoc
1649 5419 1894 5465 tractatus

318 5481 486 5533 nostri
513 5490 647 5533 stum
675 5479 906 5544 pendebit
932 5490 985 5531 ut
1016 5480 1059 5532 si
1086 5496 1175 5533 nec
1213 5479 1388 5532 localis
1418 5480 1502 5536 sit.
1528 5495 1618 5533 nec
1659 5482 1896 5550 qualitati

320 5550 587 5658 subliaceat
615 5550 803 5602 anima.

461 5619 595 5658 Maro
607 5634 680 5658 nr,
744 5623 803 5658 Ην

459 5619 707 5687 Margar.,
744 5620 1008 5681 Quomodo
1038 5620 1212 5673 localis
1240 5631 1325 5678 est.

404 5697 431 5733 ε
464 5691 714 5751 Margar,
749 5704 954 5739 vacans.

616 5782 882 5838 PA'i'il‘tL.
922 5777 1114 5837 LVIII

1953 1862 2112 1915 animi
2143 1856 2478 1915 intentione1
2509 1866 2764 1927 raptatur.
2798 1858 3075 1927 lmaginari
3106 1857 3205 1911 sibi
3235 1857 3407 1925 aliqua
3431 1872 3524 1925 po-

1954 1961 2088 2017 test;
2123 1951 2404 2018 complecti
2435 1950 2612 2004 omnia
2639 1950 2793 2004 simul
2842 1965 2947 2003 non
2994 1958 3189 2018 potest.
3238 1949 3369 2001 Cum
3400 1963 3526 2018 ergo

1953 2046 2126 2098 anima
2174 2042 2549 2097 Alexandriam
2598 2042 2677 2096 vel
2748 2040 3170 2109 Hierosolymam
3235 2041 3523 2109 cogitavit,

1953 2144 1990 2171 ω
2014 2135 2130 2189 sive
2156 2134 2264 2188 illic
2292 2141 2401 2187 tota
2432 2133 2512 2187 sui
2545 2132 2849 2201 praesentia,
2873 2141 2927 2185 ut
2948 2132 3241 2195 arbitraris,
3268 2132 3526 2193 interfuit.

1953 2225 2149 2278 referat
2178 2224 2330 2279 nobis
2361 2226 2491 2279 situs
2521 2225 2779 2287 locorum,
2815 2223 2992 2276 vultus
3024 2223 3320 2287 hominum,
3355 2231 3528 2276 motus

1954 2325 2209 2383 actusque
2254 2314 2589 2383 pOpulorum.
2636 2314 2738 2368 Sed
2790 2313 2891 2366 hoc
2940 2313 3145 2382 ipsum,
3199 2312 3337 2382 qttod
3386 2328 3525 2366 nunc

1955 2405 2093 2459 inter
2140 2418 2236 2458 nos
2303 2404 2620 2458 commercia
2693 2417 2999 2456 sermonum
3066 2414 3247 2456 mutua
3312 2403 3527 2471 spiritus

1957 2499 2165 2552 actione
2192 2505 2218 2532 η
2247 2496 2465 2561 scimus,
2498 2495 2642 2562 loqui
2672 2510 2757 2550 me
2786 2495 3081 2559 vobiscum,
3113 2495 3205 2549 sed
3238 2494 3374 2562 apud
3401 2508 3527 2547 eon-

1954 2587 2230 2642 scientiam
2267 2601 2436 2641 meam
2468 2586 2671 2650 sentio;
2716 2586 2780 2640 ad
2830 2601 2924 2639 vos
2955 2600 3039 2639 me
3082 2585 3372 2638 accessisse
3422 2597 3525 2637 non

1956 2680 2146 2735 sentio.
2179 2678 2310 2732 Nam
2336 2678 2383 2733 si
2426 2693 2549 2732 vere
2581 2676 2754 2731 anima
2798 2692 2919 2731 cum
2950 2677 3060 2730 suis
3104 2675 3230 2731 l‘erri
3278 2674 3529 2730 sensibus

1955 2774 2207 2840 creditur,
2257 2783 2310 2828 et
2356 2773 2458 2839 his,
2510 2787 2732 2842 quorum
2786 2771 3146 2826 reminiscitur
3194 2770 3304 2838 ipsa
3338 2784 3430 2837 per
3463 2784 3524 2823 se

1958 2864 2067 2918 Suis
2095 2864 2502 2933 cogitationibus
2532 2868 2898 2929 prmsentatur.
2952 2860 3090 2914 Ecce
3130 2874 3223 2927 per
3250 2859 3364 2912 hmc
3393 2872 3529 2926 prte-

1958 2957 2123 3012 seutis
2146 2955 2401 3025 temporis
2428 2962 2693 3007 momenta
2728 2965 2825 3005 vos
2854 2954 3050 3019 cogito,
3075 2958 3127 3004 et
3157 2951 3331 3002 animo
3361 2947 3525 3001 remi-

1961 3048 2197 3099 uiscente
2225 3060 2319 3098 vos
2350 3043 2522 3107 video,
2556 3051 2610 3097 et
2638 3056 2861 3111 quorum
2887 3038 3207 3094 omnimodis
3229 3038 3353 3107 quid
3378 3050 3527 3107 gera-

1963 3137 2050 3200 tis,
2080 3146 2132 3189 et
2158 3145 2333 3189 utrum
2365 3135 2550 3202 quieti,
2580 3148 2643 3185 an
2677 3131 2911 3197 lectioni,
2940 3131 3027 3185 vel
3058 3129 3280 3184 orationi
3308 3128 3525 3196 vacetis,

1962 3226 2172 3296 ignoro.
2221 3224 2323 3279 Sed
2373 3224 2473 3278 hoc
2517 3222 2635 3276 ideo
2675 3220 2876 3287 evenit,
2926 3221 3046 3289 quia
3091 3218 3155 3273 ad
3207 3234 3302 3272 vos
3354 3218 3529 3272 cordis

1961 3317 2173 3381 allecto,
2204 3332 2307 3368 non
2340 3314 2450 3382 ipsa
2481 3313 2792 3367 substantia:
2827 3327 2959 3365 mea
2990 3311 3211 3364 veritate
3258 3310 3530 3377 pervenio.

1963 3409 2143 3475 Neque
2165 3408 2304 3460 enim
2333 3406 2382 3458 in
2409 3406 2519 3458 suis
2540 3405 2790 3469 molibus,
2810 3418 2943 3471 quos
2964 3416 3105 3456 nunc
3124 3403 3375 3472 optimos,
3394 3415 3533 3455 nunc

1968 3499 2237 3567 pessimos
2268 3511 2384 3549 esse
2411 3495 2691 3555 sentimus,
2723 3492 2912 3546 animae
2944 3502 3138 3545 nostra:
3187 3500 3370 3544 natura
3405 3505 3532 3545 con-

1967 3588 2121 3641 sistit.
2150 3586 2279 3640 Nam
2303 3585 2345 3637 si
2373 3600 2464 3649 iter
2486 3582 2830 3650 cogitationes
2851 3596 2976 3634 suas
2996 3590 3239 3635 constare
3266 3580 3528 3635 credenda

1968 3686 2068 3741 est,
2101 3690 2195 3730 cur
2234 3676 2309 3730 eis
2341 3673 2603 3728 interdum
2643 3672 3079 3727 evanescentibus
3121 3682 3278 3741 atque
3302 3686 3531 3740 pereun-

1972 3770 2111 3823 tibus
2140 3769 2251 3836 ipsa
2284 3766 2335 3819 in
2367 3767 2448 3818 sui
2494 3766 2675 3834 vigore
2718 3775 2877 3833 atque
2923 3762 3195 3816 alacritate
3243 3763 3536 3832 perdurat?

1972 3860 2191 3924 Quanta:
2221 3870 2346 3925 ergo
2377 3856 2426 3908 in
2460 3855 2611 3907 nobis
2643 3852 3083 3921 frequentissima:
3109 3853 3459 3923 cogitationes
3485 3862 3538 3908 et

1974 3965 2116 4003 cura:
2146 3952 2302 4004 etiam
2336 3946 2617 3999 salubriter
2647 3945 2964 4009 moriuntur,
2995 3953 3050 3999 et
3078 3944 3198 3999 vitae
3227 3947 3393 4014 magis
3424 3954 3452 3983 ο
3480 3946 3541 4001 li-

1977 4042 2163 4096 bertati
2196 4038 2464 4093 interimis
2494 4036 2810 4104 operantur!
2861 4034 2917 4089 Si
2964 4034 3096 4104 ipsis
3125 4035 3299 4088 anima
3331 4045 3540 4090 consta-

1979 4144 2079 4199 ret,
2113 4134 2310 4201 absque
2355 4130 2514 4184 dttbio
2541 4128 2669 4197 ipsis
2696 4138 2722 4176 ιι
2752 4126 3096 4196 pereuntibus
3130 4141 3409 4195 superesse
3437 4141 3540 4181 non

1980 4231 2177 4294 posset.
2206 4220 2352 4276 Unde
2380 4219 2480 4273 hoc
2507 4219 2672 4287 magis
2692 4217 2803 4286 ipsa
2829 4216 3169 4273 conscientiis
3191 4216 3389 4271 nostris
3411 4215 3544 4270 ratio

1984 4316 2236 4384 loquitur,
2266 4311 2403 4381 quod
2433 4325 2761 4379 unaquaeque
2786 4309 2960 4363 anima
2987 4316 3077 4363 aut
3106 4306 3413 4376 multiplicia
3449 4322 3545 4361 co-

1984 4408 2141 4475 gitata
2171 4418 2346 4458 rerum
2373 4400 2549 4455 rausis
2580 4401 2715 4454 intra
2745 4384 2856 4455 ses
2881 4407 3133 4467 concepta
3160 4397 3435 4475 parturiat,
3461 4404 3551 4451 aut

1988 4474 2176 4551 sensus
2205 4507 2329 4546 suos
2361 4490 2506 4545 velut
2535 4489 2773 4559 quaedam
2820 4488 2989 4542 ol‘ticia
3019 4497 3107 4541 aut
3141 4474 3428 4542 ministeria
3472 4487 3553 4541 di-

1988 4585 2159 4642 versis
2189 4580 2595 4638 necessitatibus
2640 4578 2946 4646 occupanda
2975 4578 3260 4648 dispergat,
3287 4580 3399 4647 ipsa
3426 4594 3553 4634 vero

1992 4678 2047 4732 in
2075 4660 2311 4731 conclavi
2337 4670 2578 4740 corporis
2604 4668 2685 4723 sui
2712 4668 2876 4722 semel
2905 4667 2973 4721 de
3000 4681 3064 4721 eo
3094 4669 3298 4722 exitura
3345 4666 3556 4738 requie-

1992 4777 2126 4826 scat.
2158 4762 2514 4833 Quamobrem
2545 4760 2763 4816 localem
2794 4770 2914 4815 esse
2938 4760 3130 4830 ipsam.
3159 4769 3217 4815 ut
3243 4760 3420 4815 denuo
3444 4759 3557 4815 sut-

2064 4922 2091 4960 ιι
2121 4922 2365 4989 Margar.,
2393 4918 2617 4986 e/fectus.

2074 4992 2085 5029 ί
2110 4988 2375 5061 ’Μαι-ειη,
2406 4988 2820 5061 existimandum.

2067 5064 2080 5111 l
2120 5058 2363 5127 Margar”
2396 5058 2557 5110 aliud.

2067 5130 2091 5200 ξι
2124 5126 2374 5200 Margar.,
2406 5129 2565 5200 magis
2589 5126 2970 5200 iucordalionis.

2072 5198 2087 5237 ¹
2126 5195 2373 5269 Margar.,
2398 5195 2552 5269 simul
2581 5197 2795 5269 rapitur.

2071 5280 2107 5307 αι
2141 5267 2389 5336 Margar.,
2424 5268 2466 5319 si
2486 5281 2601 5319 vero
2628 5267 2756 5319 illic.

2070 5349 2096 5376 ιι
2128 5340 2298 5409 Marga
2309 5355 2352 5391 r.
2364 5381 2377 5402 ,
2409 5336 2698 5409 miscemur.

2071 5420 2094 5445 °
2130 5405 2379 5476 Murgan,
2409 5405 2691 5458 libertatem
2716 5414 3002 5474 aperantur.

2072 5490 2095 5527 P
2129 5480 2352 5545 Margar.
2386 5476 2606 5536 vitiose,
2639 5491 2727 5537 per
2751 5492 2933 5527 (rvunt.

2074 5542 2369 5615 qMargar.,
2418 5548 2667 5616 conceptis
2705 5545 2973 5616 parturiat,
3004 5552 3090 5616 aut
3131 5543 3364 5612 quadam
3409 5542 3568 5616 officia

2006 5630 2091 5672 aut
2138 5614 2413 5670 ministeria
2476 5614 2712 5669 diversis
2748 5614 3123 5667 necessitatibus
3172 5622 3415 5680 occupatu
3463 5614 3570 5669 dis-

2008 5697 2197 5759 pergat.

3150 5775 3225 5817 τντ

3152 5812 3215 5832 ἀι
