4002 6188
456 335 556 389 διδ

1691 328 1746 382 S.
1792 326 2031 381 ινΑυδτι
2074 324 2474 380 ιιιιεαιιηλκεις

3604 334 3701 388 8M

455 445 636 500 ficiens
667 439 1343 531 proferamus/exemptum.
1379 436 1563 493 Nonne
1602 437 1776 490 anima
1809 435 2013 499 Lauri,
2045 440 2098 497 Α
2120 450 2313 505 corpus
2344 452 2448 490 nou
2501 438 2657 491 habet
2706 436 2789 491 ubi
2842 439 3106 495 in'aterere
3142 443 3437 506 concretio,
3472 443 3559 496 ubi
3590 445 3709 503 haec

455 542 703 593 manente
746 532 876 597 vita,
922 522 1060 586 intra
1109 542 1303 599 corpus
1346 522 1480 591 fuit;
1531 525 1813 581 secedente
1843 536 2019 579 autem

454 630 557 682 vita
588 624 654 681 de
684 622 984 679 habitaculo
1029 622 1267 691 corporis
1316 618 1597 683 exsulavit,
1628 627 1680 673 et
1710 630 1917 671 rursum
1968 616 2022 671 in

454 716 754 773 exanimum
797 714 971 769 refusa
1017 726 1234 781 corpus,
1268 710 1359 765 illo
1388 710 1525 764 unde
1570 721 1629 763 se
1656 709 2024 762 absentaverat

452 817 670 862 evocala
710 805 1001 861 remeavit?
1040 804 1190 857 Tunc
1235 814 1351 856 eam
1402 809 1649 868 tanquam
1691 812 1757 852 ex
1806 795 2021 866 hospitii

456 899 778 953 habitatione
795 895 1087 965 depulsam,
1105 902 1159 948 et
1181 904 1390 946 rursum
1410 891 1549 944 inter
1571 890 1859 958 hospitium
1886 886 2023 941 unde

454 992 824 1046 absentaverat
852 988 1147 1042 restitutam
1192 980 1370 1046 vides;
1401 989 1453 1036 et
1499 980 1721 1035 localem
1770 991 1874 1033 non
1904 992 2024 1034 esse

454 1085 765 1141 contendis?
795 1082 887 1138 sed
914 1082 1037 1151 quid
1064 1090 1162 1148 ego
1193 1080 1307 1133 bzec
1337 1079 1404 1133 de
1448 1074 1777 1145 corruptibili
1808 1072 2024 1128 homine

458 1179 683 1251 loquar?
721 1176 852 1233 Cum
904 1176 993 1230 ille
1038 1174 1189 1243 cujus
1230 1186 1357 1227 caro
1402 1186 1508 1226 non
1550 1168 1683 1224 vidit
1726 1165 2024 1235 corruptio.

456 1290 598 1341 nem,
632 1268 1021 1325 immaculatam
1052 1266 1263 1335 quidem
1292 1264 1521 1317 animam
1564 1258 1884 1330 possederit,
1929 1255 2021 1309 sed

456 1364 697 1427 localem,
726 1373 883 1431 quam
915 1357 1094 1426 utique
1122 1357 1257 1408 intra
1284 1368 1342 1408 se
1371 1351 1573 1416 habuit,
1600 1349 1811 1419 quando
1831 1346 2024 1401 affixus

455 1466 535 1511 est
565 1456 616 1509 in
650 1452 905 1524 patibulo,
939 1459 1088 1505 extra
1114 1463 1173 1503 se
1203 1447 1386 1517 procul
1409 1444 1568 1500 dubio
1590 1443 1789 1505 emisit,
1814 1437 2024 1510 quando

456 1548 614 1615 iacuit
644 1548 694 1599 in
719 1544 1001 1613 sepulcro:
1034 1536 1301 1610 quomodo
1350 1552 1454 1593 non
1485 1544 1569 1591 est
1611 1531 1814 1596 localis,
1865 1543 2022 1599 quam

456 1654 579 1693 caro
606 1635 861 1696 continet,
889 1631 1159 1701 conjungit
1180 1631 1308 1696 vita,
1338 1644 1480 1682 mors
1507 1635 1717 1696 separat
1736 1623 1761 1676 ?
1782 1622 1931 1689 Quod
1955 1621 2021 1686 si,

456 1739 511 1783 ut
538 1728 692 1791 dicis,
722 1723 944 1779 localcm
976 1722 1345 1777 necessitatem
1374 1719 1668 1773 animarum
1700 1720 1885 1767 natura
1916 1724 2020 1765 non

451 1831 478 1856 δι
502 1786 723 1885 recepit,
756 1829 861 1871 non
892 1814 1083 1868 desunt
1126 1821 1254 1881 ergo
1289 1818 1344 1865 et
1387 1808 1455 1863 de
1505 1807 1720 1875 regione
1764 1802 2017 1873 paradisi,
2053 1786 2096 1846 Β

454 1909 555 1962 illae
587 1919 708 1976 quae
738 1917 953 1959 carcere
979 1902 1297 1957 clauduntur
1327 1897 1563 1953 inferni?
1594 1896 1711 1961 Dic,
1743 1906 1942 1964 qua-so,
1976 1891 2020 1946 si

453 1999 648 2052 locales
670 2010 772 2049 non
804 2003 945 2057 sunt,
972 1992 1239 2063 quomodo
1267 1998 1572 2059 peccatore;
1594 2000 1623 2040 a
1650 1985 1874 2041 coetibus
1894 1999 2021 2039 con-

453 2090 740 2158 sortiisque
768 2088 1030 2155 iustorum
1058 2085 1259 2154 justum
1308 2081 1433 2135 illud
1480 2081 1646 2135 chaos
1677 2078 1811 2132 tristi
1856 2077 2022 2131 inter-

451 2183 679 2251 iectione
708 2178 1053 2243 discriminat,
1082 2184 1140 2231 ut
1179 2188 1350 2244 neque
1382 2172 1504 2227 hinc
1533 2172 1656 2226 illuc
1687 2171 1888 2238 possint
1929 2181 2019 2221 aco

453 2274 661 2341 cedere,
694 2285 866 2342 neque
915 2270 1037 2324 inde
1067 2268 1172 2323 huc
1214 2264 1578 2320 transmeare?
1605 2262 1721 2317 Jam
1754 2260 1880 2314 illud
1909 2272 2022 2312 ma-

454 2366 851 2420 nifestissimum
882 2372 987 2427 est,
1008 2360 1147 2431 quod
1178 2359 1470 2430 quantitate
1492 2354 2016 2419 circumscribantur,

451 2471 570 2527 qua:
598 2455 784 2525 spatiis
818 2454 1178 2507 continentur.
1227 2448 1284 2504 Si
1315 2448 1574 2519 agnovisti
1596 2446 1834 2500 'anitnam
1879 2444 2022 2498 loca-

452 2548 576 2608 lem,
607 2544 843 2599 concede
871 2554 1205 2610 corpoream.
1232 2540 1325 2593 Dic
1352 2537 1479 2593 mihi
1502 2550 1641 2591 anne
1670 2535 1778 2605 ipsa
1800 2532 2018 2605 gloriosi

452 2636 624 2689 anima
656 2632 1028 2699 Redemptoris
1058 2629 1223 2683 nostri
1256 2626 1468 2697 reliquit
1506 2625 1779 2691 mundum,
1806 2623 2020 2695 quando

451 2724 761 2782 conscendit
786 2724 851 2778 ad
878 2720 1111 2777 cmlum?

518 2818 629 2888 Ego
658 2827 833 2871 autem
865 2830 931 2869 ne
961 2814 1179 2883 angelos
1207 2811 1417 2883 quidem
1446 2811 1641 2867 locales
1668 2825 1787 2865 esse
1812 2810 2019 2865 dubita-

450 2910 635 2973 veritn,
664 2922 798 2978 quos
838 2913 1043 2961 certum
1092 2920 1233 2958 nunc
1278 2904 1331 2957 in
1378 2902 1685 2957 cmlestibus
1728 2902 2015 2967 contineri,

451 3015 590 3055 nunc
631 3015 725 3069 per
771 2998 909 3053 aeris
953 3008 1181 3051 Vacuum
1230 2995 1380 3061 ferri,
1408 3012 1548 3050 nunc
1591 2995 1656 3049 ad
1697 3005 1903 3050 terrena
1937 2994 2017 3048 di-

449 3091 617 3153 mitti;
647 3103 780 3159 quos
801 3103 981 3143 sermo
1003 3087 1217 3141 divinus
1239 3086 1584 3140 ascendentes
1605 3093 1657 3139 et
1684 3085 2014 3141 descenden-

449 3192 526 3235 tes
554 3180 605 3234 in
629 3174 943 3247 patriam-lite
972 3177 1177 3231 visione
1218 3174 1491 3242 describit,
1523 3175 1704 3244 utique
1743 3174 1789 3229 si
1820 3175 2016 3231 locales

447 3288 551 3326 non
582 3277 763 3325 essent
791 3276 844 3323 et
870 3266 1061 3337 ubique
1084 3277 1263 3321 essent
1305 3266 1495 3322 adesse
1538 3276 1699 3337 atque
1741 3266 2014 3323 discedere

448 3374 666 3415 ascensu
697 3358 1062 3427 descensuque
1093 3372 1197 3412 non
1250 3365 1484 3427 possent.
1518 3356 1635 3428 Ipse
1677 3357 2016 3416 beatissimus

449 3452 682 3519 Gabriel,
713 3452 799 3521 qui
832 3466 889 3506 se
926 3457 1050 3504 ante
1094 3449 1371 3504 Dominum
1410 3458 1587 3506 astare
1619 3457 1861 3516 testatur,
1893 3467 2012 3506 cum

447 3546 699 3601 cmlorum
746 3544 1025 3600 Dominum
1075 3542 1253 3598 Maria:
1300 3543 1680 3599 infundendum
1724 3546 2015 3601 visceribus

446 3639 732 3703 nuntiaret,
779 3652 1006 3705 cumque
1052 3635 1151 3690 sub
1195 3636 1485 3691 Dominiea‘.
1536 3636 1703 3691 oculis
1745 3637 2017 3707 genitricis

444 3730 736 3788 assisteret.
770 3728 887 3782 sine
912 3726 1073 3782 dubio
1101 3726 1238 3780 caelo
1259 3724 1286 3763 1³
1316 3734 1451 3791 erat,
1496 3727 1662 3781 maria
1698 3742 1803 3783 non
1832 3742 2016 3796 super-

444 3819 675 3885 volabat,
707 3832 870 3872 vacua
902 3826 1060 3887 atque
1104 3814 1300 3872 dill‘usa
1333 3816 1467 3873 vasti
1510 3819 1647 3874 aeris
1677 3835 1783 3874 non
1827 3820 2015 3889 imple-

446 3910 557 3974 bat,
590 3907 683 3962 sed
710 3907 859 3961 illum
889 3914 1091 3961 tantum
1119 3907 1292 3961 locum
1319 3906 1371 3960 in
1402 3923 1505 3976 quo
1529 3915 1664 3975 erat,
1695 3909 2006 3977 occupabat.

451 4011 470 4035 ο
504 4000 632 4062 Qua:
662 4011 781 4051 cum
814 3996 883 4050 ita
914 3995 1041 4059 sint,
1071 3994 1326 4065 quidquid
1357 3995 1529 4051 locum
1560 4007 1802 4067 occupat,
1821 4013 2014 4067 corpus

447 4104 547 4152 es',
582 4088 760 4142 nescio
788 4085 1056 4157 quomodo
1086 4085 1235 4140 locati
1273 4085 1388 4155 lege
1416 4103 1519 4142 non
1549 4096 1806 4153 teneatur,
1835 4089 1923 4159 qui
1949 4089 2016 4144 de

448 4181 560 4233 loco
593 4177 655 4231 ad
686 4178 859 4233 locum
892 4177 1132 4235 mittitur.
1164 4184 1216 4230 et
1246 4176 1385 4230 velut
1428 4191 1621 4243 corpus
1650 4186 1795 4232 motu
1836 4192 2015 4233 acces-

568 4286 611 4320 :e
645 4268 979 4331 transfertur,
1012 4266 1149 4320 mole
1178 4266 1475 4332 descendit,
1499 4268 1789 4323 mobilitate
1809 4268 2015 4326 discur-

580 4362 727 4423 adit,
755 4357 913 4423 redit,
938 4357 1202 4419 absentat,
1229 4354 1527 4411 descendit.
1554 4358 1649 4414 Vel
1690 4359 1797 4427 ille,
1827 4360 2010 4427 credo,

551 4454 629 4503 .lts
670 4459 773 4513 est,
809 4461 907 4501 nec
935 4461 993 4501 se
1024 4446 1195 4499 solum
1224 4446 1443 4500 localem
1474 4462 1503 4502 e
1533 4462 1592 4503 se
1637 4448 1889 4518 prodidit,
1921 4452 2010 4521 qui

2124 525 2237 596 ipsa
2264 529 2442 581 nescio
2463 544 2578 597 quan
2607 528 2859 598 colligere
2888 545 2948 586 se
2979 534 3149 598 potuit
3188 535 3509 600 crassi-udo,
3535 537 3580 590 si
3621 552 3708 595 se-

2124 634 2243 672 cum
2273 619 2467 689 aliqnid
2504 620 2784 689 corporale
2811 622 2876 676 de
2903 620 2989 676 illa
3034 622 3239 679 cmlesti
3271 642 3394 681 arce
3416 644 3522 682 non
3553 630 3707 687 dctu-

2124 708 2215 763 lit?
2242 709 2507 775 Alienum,
2538 718 2594 765 ut
2630 710 2807 779 video,
2839 728 3033 782 corpus
3060 710 3126 769 ad
3171 726 3492 771 tormentum
3529 732 3711 788 porta-

2123 801 2228 855 bis.
2258 802 2461 868 Corpus
2489 800 2667 871 itaque
2697 818 2818 857 esse
2842 805 3002 858 etiam
3025 820 3092 859 ex
3113 820 3208 861 sua
3234 809 3535 864 assertione
3558 827 3708 867 reco—

2122 908 2337 964 gnosce.
2370 895 2576 963 Corpus
2606 902 2686 949 est
2716 897 2855 966 quo]
2894 896 3147 963 inficitur,
3197 900 3337 969 quod
3382 903 3703 969 maculatur,

2124 984 2263 1052 quod
2294 1000 2606 1055 quacunque
2651 1001 2718 1041 ex
2761 987 3033 1042 accedenti
3067 988 3368 1059 adjectione
3394 989 3423 1030 δ
3455 993 3706 1050 vertitur.

2125 1068 2220 1128 llic
2240 1082 2368 1144 ergo
2398 1074 2594 1129 dudmn
2626 1077 3011 1147 primogenitus
3040 1080 3366 1149 angelorum,
3415 1098 3560 1138 nunc
3600 1081 3706 1154 pri-

2126 1181 2242 1220 mus
2265 1166 2433 1221 factus
2458 1177 2541 1221 est
2568 1176 2591 1205 °
2619 1169 2979 1236 tenebrarum,
3008 1179 3061 1224 et
3089 1174 3241 1241 quasi
3267 1188 3562 1244 corporeus
3590 1176 3705 1245 pul-

2125 1256 2254 1312 cher
2295 1268 2418 1312 ante
2448 1272 2586 1314 nunc
2614 1258 2879 1327 degener;
2926 1259 3126 1315 dudum
3169 1263 3374 1318 cmlesti
3414 1264 3704 1333 splendore

2125 1350 2461 1417 conspicuus,
2494 1365 2633 1405 nunc
2662 1360 2800 1405 tetro
2830 1346 3105 1406 infernalis
3130 1356 3326 1421 peccati
3358 1356 3582 1410 horrore
3606 1357 3701 1412 [tE-

2124 1439 2299 1493 datus.
2331 1438 2881 1509 Corpus,inquatn,est
2905 1441 3045 1511 quod
3080 1444 3257 1509 habet,
3285 1448 3493 1502 actione
3513 1446 3703 1517 depcl-

2128 1534 2273 1601 litur,
2304 1534 2597 1604 quantitate
2648 1535 3116 1600 circumscribitur,
3151 1540 3405 1606 qua'itate
3444 1551 3702 1608 mutatur,

2125 1623 2311 1677 dolore
2336 1624 2616 1678 coniicitur
2640 1642 2652 1676 :
2679 1640 2795 1694 qua!
2823 1641 2943 1680 cum
2973 1627 3043 1680 ita
3073 1628 3321 1693 habeant,
3351 1631 3480 1697 quin
3510 1645 3702 1701 corpo-

2127 1731 2274 1771 remn
2295 1717 2479 1770 dicunt
2506 1716 2784 1771 animum?
2816 1717 2946 1773 Vide
2978 1718 3030 1773 in
3078 1734 3235 1789 quam
3285 1720 3605 1788 profundum
3644 1737 3704 1776 se

2125 1808 2324 1863 crimen
2358 1809 2695 1878 immergant.
2724 1809 2839 1864 .lam
2869 1811 3099 1879 printum
3129 1825 3248 1865 cum
3276 1822 3462 1867 auctor
3489 1815 3703 1868 univer-

2124 1900 2298 1955 sitatis
2330 1902 2465 1955 Deus
2491 1902 2668 1955 omnia
2697 1902 2746 1955 in
2772 1917 2991 1956 numero
3012 1912 3063 1957 et
3087 1903 3321 1972 pondere
3350 1906 3539 1959 fecisse
3562 1905 3704 1961 rt-feo

2125 2002 2290 2045 ratur.
2325 1990 2459 2061 Ergo
2486 1991 2661 2046 anima
2693 2010 2720 2046 a
2752 1994 2971 2047 materia
3013 1996 3274 2049 universa:
3311 2009 3577 2051 creaturas
3602 2014 3698 2052 ev-

2123 2090 2272 2150 cepta
2302 2096 2422 2135 esse
2447 2081 2680 2135 creditur
2711 2101 2722 2134 :
2752 2098 2867 2151 qua!
2896 2098 3002 2137 non
3029 2094 3108 2138 est
3139 2098 3419 2153 corpOrea,
3448 2103 3546 2141 nec
3566 2088 3698 2143 loca-

2124 2171 2188 2226 lis
2217 2180 2316 2234 est.
2343 2172 2387 2225 si
2415 2172 2533 2226 loco
2560 2188 2667 2226 nun
2704 2174 3026 2237 continetur,
3058 2190 3187 2244 ergo
3216 2177 3409 2245 ubique
3449 2178 3698 2233 ditfundi-

2125 2270 2249 2317 tur:
2275 2264 2449 2316 omnia
2477 2262 2700 2327 intrare,
2731 2264 2953 2331 implere
2983 2273 3036 2317 ct
3075 2266 3269 2334 ubique
3310 2281 3547 2336 prmsens
3578 2284 3703 2325 esse

2123 2353 2334 2418 dicitur,
2380 2368 2441 2406 ac
2484 2354 2561 2407 sic
2604 2354 2834 2408 creatori
2875 2369 2972 2408 suo
3006 2368 3248 2410 creatura
3294 2359 3615 2425 sociaretur,
3646 2370 3701 2415 ct

2124 2443 2378 2513 fragilitas
2407 2443 2609 2498 auctori
2639 2458 2736 2498 suo
2766 2460 2872 2496 non
2905 2442 3013 2512 jam
3058 2460 3144 2499 res
3172 2445 3282 2512 Dei,
3311 2448 3404 2501 sed
3452 2464 3573 2516 pars
3604 2450 3698 2505 Dei

2122 2535 2433 2591 :rstimanda
2458 2535 2717 2605 jungitur.
2756 2536 2884 2590 Vide
2914 2553 3018 2605 quo
3047 2547 3342 2593 assertores
3370 2555 3495 2593 suos
3535 2541 3698 2595 ducat

2121 2628 2212 2682 alti
2244 2643 2337 2697 per
2365 2629 2544 2697 lapsus
2570 2628 2788 2683 erroris.
2824 2627 3078 2697 Equidem
3109 2631 3262 2684 nobis
3290 2645 3351 2683 ea
3379 2647 3499 2701 qua:
3535 2647 3696 2700 supra

2122 2736 2220 2776 nos
2252 2732 2391 2786 sunt,
2427 2720 2711 2775 invisibilia
2737 2730 2896 2786 sunt;
2927 2721 3020 2775 sed
3052 2722 3230 2776 omnia
3255 2722 3361 2789 illa,
3386 2724 3527 2778 sicut
3548 2740 3579 2777 c
3617 2741 3697 2778 m-

2120 2813 2516 2883 prehensibilia,
2545 2814 2613 2867 ita
2639 2822 2691 2869 et
2717 2828 2973 2881 corporea
3003 2821 3149 2875 sunt,
3176 2815 3262 2883 qui
3290 2830 3356 2870 ex
3386 2814 3556 2871 n‘hilo
3574 2816 3698 2872 fecit

2120 2906 2318 2969 omn‘a,
2348 2918 2466 2973 quae
2493 2902 2631 2958 sicut
2660 2919 2821 2972 apere
2850 2902 3096 2969 instituit.
3123 2906 3193 2959 ita
3225 2914 3280 2959 et
3326 2906 3546 2960 materia
3573 2923 3696 2963 cor-

2119 2995 2345 3063 poravit,
2377 3002 2430 3048 et
2456 2994 2616 3048 rebus
2646 2994 2915 3059 omnibus,
2946 2995 3085 3051 inter
3113 3012 3242 3065 quas
3270 3007 3324 3052 ot
3362 3000 3535 3052 anima
3566 3013 3695 3053 cen-

2117 3096 2286 3151 setur,
2317 3087 2451 3141 sicut
2481 3084 2754 3139 distribuit
2778 3086 2986 3156 pondus
3015 3096 3067 3140 et
3095 3103 3395 3152 numerum,
3428 3088 3497 3141 ita
3523 3096 3578 3143 et
3599 3104 3691 3159 po-

2119 3177 2225 3231 suit
2268 3175 2567 3246 qualitates.
2617 3175 2761 3230 Inter
2806 3176 2917 3229 haec
2966 3177 3009 3230 si
3060 3174 3220 3245 forte,
3252 3187 3311 3231 ut
3355 3178 3555 3232 dictum
3586 3190 3687 3243 est,

2118 3268 2462 3323 asserendum
2494 3269 2684 3337 aliquis
2716 3279 2880 3337 putet.
2914 3267 3054 3338 quod
3084 3268 3169 3323 illa
3198 3270 3454 3339 angelicae
3482 3269 3689 3325 subtilis

2119 3369 2200 3417 tas
2222 3370 2425 3416 natura;
2444 3361 2670 3430 quadam
2693 3360 3008 3431 contagione
3030 3363 3172 3416 aeris
3190 3360 3346 3430 hujus
3362 3362 3692 3419 admixtione

2118 3453 2362 3519 collecta,
2392 3452 2619 3507 ﬂammis
2669 3451 2973 3506 inveniatur
3017 3452 3270 3518 obnoxia,
3312 3468 3439 3523 ergo
3472 3454 3525 3508 in
3567 3468 3690 3509 aere

2118 3546 2257 3610 solo,
2283 3553 2442 3614 prout
2483 3544 2577 3610 ait,
2606 3542 2653 3598 si
2681 3558 2898 3599 aereum
2927 3552 3029 3610 est,
3057 3543 3197 3613 quod
3226 3543 3454 3611 ardebit,
3502 3561 3607 3599 non
3637 3546 3687 3599 in

2120 3636 2230 3701 illo,
2260 3634 2353 3691 sed
2384 3643 2533 3690 extra
2562 3634 2708 3687 illum
2738 3648 2892 3701 poena
2919 3633 3225 3700 desaeviret,
3253 3633 3346 3690 sed
3372 3635 3576 3704 absque
3596 3636 3691 3690 du-

2119 3727 2206 3782 bio
2233 3742 2337 3782 non
2365 3725 2505 3780 aliud
2536 3733 2617 3779 est
2640 3740 2800 3795 quam
2847 3723 3141 3778 substantia
3170 3725 3435 3793 corporis,
3464 3725 3550 3778 ubi
3595 3724 3690 3778 do~

2121 3817 2309 3873 minari
2340 3816 2538 3887 poterit
2565 3814 2645 3870 vis
2668 3813 2885 3870 doloris.
2903 3813 3036 3869 Vide
3057 3828 3161 3883 quo
3182 3813 3359 3868 tendat
3378 3813 3689 3883 imprudens

2117 3917 2171 3963 et
2198 3908 2445 3976 imperita
2477 3904 2777 3974 persuasio,
2809 3902 2899 3972 qui
2930 3903 3302 3972 incorporeum
3351 3902 3600 3973 loquitur,
3635 3912 3687 3958 ct

2114 3999 2220 4069 jam
2251 3995 2843 4066 incomprehensibilem
2888 3996 3173 4050 confitetur
3200 4011 3216 4050 :
3274 4007 3335 4049 ac
3364 3996 3442 4051 sic
3470 3995 3685 4051 condito

2117 4091 2331 4146 ascribit
2355 4091 2524 4158 operi,
2550 4088 2691 4158 quod
2720 4087 2819 4142 soli
2841 4088 3100 4155 competit
3121 4084 3419 4149 conditori;
3447 4100 3510 4140 ac
3530 4086 3685 4140 rebus

2116 4180 2305 4235 creatis
2332 4178 2688 4233 communicat
2714 4176 2987 4245 privilegia
3039 4176 3350 4244 majestatis,
3383 4185 3438 4230 et
3480 4175 3683 4230 indebi-

2117 4281 2221 4323 tam
2251 4277 2508 4323 creaturae
2538 4270 2826 4337 potentiam
2880 4281 3047 4336 usque
3077 4267 3142 4319 ad
3193 4265 3410 4320 factoris
3453 4266 3685 4321 extendit

2115 4359 2382 4427 injuriam.
2415 4356 2470 4412 Si
2517 4356 2653 4411 bene
2682 4354 3011 4426 requiramus
3048 4354 3114 4409 ad
3142 4368 3274 4424 quos
3304 4370 3483 4409 rerum
3513 4355 3683 4411 exitus

2116 4450 2350 4503 animum
2382 4446 2603 4513 referas,
2639 4446 2754 4501 tunc
2785 4448 2866 4502 vel
2899 4447 3129 4500 maxime
3157 4445 3425 4499 diabolum
3456 4446 3681 4501 crudeli-

442 4554 620 4593 secum
653 4539 858 4592 tertiam
890 4547 1090 4607 partem
1132 4537 1405 4592 stellarum
1436 4554 1496 4593 ex
1539 4539 1644 4594 alto
1676 4544 2012 4610 proturbatus
2042 4514 2089 4573 υ
2117 4551 2195 4595 tas
2222 4557 2284 4597 ex
2336 4541 2422 4596 illa
2474 4542 2643 4596 bella:
2672 4539 2814 4595 sedis
2858 4541 3088 4594 statione
3111 4538 3363 4603 devolvit,
3388 4550 3439 4594 et
3468 4552 3681 4611 propter

457 4629 722 4682 ibstraxit.
753 4628 846 4682 Dic
876 4628 1003 4682 mihi
1032 4632 1075 4682 si
1121 4642 1314 4697 corpus
1356 4644 1459 4682 non
1494 4627 1671 4697 habet,
1706 4633 1758 4686 in
1802 4632 1889 4687 illa
1920 4633 2014 4688 de-

463 4719 667 4772 ectione
695 4718 781 4786 qui
806 4718 1035 4772 decidit?
1060 4718 1186 4787 quid
1215 4718 1289 4772 illi
1315 4734 1477 4788 negas
1498 4722 1829 4789 corporalem
1861 4733 2011 4777 natu-

458 4824 577 4871 ‘am,
606 4806 754 4875 cujus
785 4822 982 4876 negare
1010 4823 1113 4862 non
1143 4808 1307 4861 audes
1329 4809 1574 4863 ruinam?
1607 4810 1669 4864 Et
1690 4810 1755 4875 si,
1782 4822 1836 4866 ut
1856 4814 2007 4879 dicis.

450 4912 632 4966 torpus
680 4912 787 4951 non
832 4897 1011 4962 habet,
1063 4913 1169 4951 non
1212 4898 1578 4967 ardebit;ubi
1622 4910 1796 4957 autem
1825 4905 1924 4958 nisi
1955 4905 2009 4959 in

472 5004 666 5058 crpore
694 4989 887 5044 sentiet
917 4988 1091 5056 ignem
1124 4988 1290 5053 illum,
1322 4990 1411 5059 qui
1444 5001 1658 5060 paratus
1689 5002 1769 5047 est
1794 4994 2007 5050 diabolo

460 5087 491 5132 ιι
514 5078 714 5147 angelis
740 5078 887 5147 ejus?
915 5077 1029 5133 Jam
1060 5077 1186 5132 illud
1218 5078 1319 5133 dici
1345 5079 1665 5148 superfluum
1692 5094 1837 5151 puto,
1863 5084 2005 5137 illum

475 5168 655 5225 iacris
677 5170 827 5225 istius
847 5171 1254 5226 conversatione
1284 5171 1567 5241 quamdam
1600 5175 2004 5230 crassitudinem

482 5278 510 5315 ε
553 5261 932 5317 cletnentorum
982 5261 1321 5315 concretione
1375 5264 1617 5317 traxisse.
1672 5264 1760 5317 Dic
1806 5266 1931 5318 mihi
1962 5266 2005 5319 si

510 5447 531 5473 ’ί
566 5439 810 5502 Μιςνίξεπη
834 5439 1059 5509 respicit.

596 5510 637 5561 ις»
678 5525 811 5572 mra,
843 5510 1033 5561 deerat.

748 5618 812 5642 η,
848 5578 972 5641 Qum
1001 5594 1114 5632 cum
1142 5580 1212 5631 ita
1248 5586 1364 5643 sint,
1389 5580 1474 5649 qui
1500 5580 1563 5633 de
1594 5580 1703 5635 loco
1732 5584 1799 5635 ad
1826 5585 1993 5635 locum

572 5662 649 5697 lli”
700 5658 803 5700 θίξ-

510 5731 534 5752 υ
566 5717 816 5782 Murgan,
849 5717 1069 5770 vitiatur.

2114 4631 2215 4687 hoc
2235 4632 2408 4701 angeli
2438 4630 2667 4701 perdidit
2710 4630 3044 4699 dignitatem,
3072 4628 3196 4683 dum
3247 4642 3307 4683 se
3343 4627 3438 4682 Dei
3483 4643 3677 4697 prmsu'

2112 4723 2208 4777 mit
2238 4722 2433 4776 habere
2465 4730 2726 4775 naturam.
2757 4718 2777 4758 τ
2805 4718 2951 4775 Unus
2993 4733 3119 4788 ergo
3146 4718 3282 4773 Deus
3309 4718 3675 4786 incorporeus,

2109 4815 2233 4886 quia
2276 4824 2328 4868 et
2356 4811 2930 4882 incomprehensibilis,
2979 4816 3033 4866 et
3078 4808 3271 4881 ubique
3314 4808 3579 4875 diffusus;
3614 4824 3677 4864 ex

2113 4904 2312 4959 nullius
2374 4904 2514 4959 enim
2563 4902 2781 4957 factum
2843 4916 3069 4971 corpore
3124 4900 3401 4956 materiale
3456 4908 3676 4970 sumpst

2114 4996 2411 5051 exordium.
2442 4996 2508 5051 Et
2537 4997 2657 5051 ideo
2698 5005 2997 5051 coaeternus
3026 4994 3189 5049 Filius
3217 4994 3394 5059 Patri,
3443 4994 3569 5064 quia
3612 5008 3672 5046 ex

2107 5087 2255 5143 nullo
2282 5101 2442 5155 opere
2472 5086 2736 5152 conditus,
2785 5084 3050 5155 nullisque
3100 5086 3259 5139 initiis
3283 5084 3672 5141 circumscribi-

2111 5186 2229 5241 tur;
2261 5190 2420 5245 super
2451 5177 2627 5229 omnia
2672 5190 2789 5245 qute
2835 5174 2994 5244 ﬁgulo
3027 5189 3125 5230 suo
3174 5172 3669 5243 comprehensibilia

2107 5278 2265 5335 atque
2309 5280 2563 5335 corporea
2594 5266 2731 5320 intra
2774 5265 3027 5320 mundum
3074 5280 3270 5334 corpus
3314 5274 3566 5336 operatus
3593 5271 3669 5318 est

2179 5456 2201 5518 ς
2236 5447 2315 5500 Ab
2345 5446 2446 5518 hoc
2476 5446 2637 5502 verbo
2660 5463 2778 5517 quae
2806 5458 3097 5518 sequuntur
3128 5465 3230 5504 neu
3252 5461 3377 5504 sunt
3403 5449 3457 5503 in
3480 5462 3672 5518 excuso

2106 5516 2287 5570 codice
2319 5516 2596 5586 Margarini
2630 5516 2795 5587 usque
2826 5516 2892 5571 ad
2921 5519 3009 5574 illa
3057 5519 3215 5574 verba
3270 5520 3322 5574 itt
3353 5519 3459 5574 line
3486 5536 3499 5571 :
3531 5517 3670 5574 Unus

2106 5602 2220 5639 emo
2252 5585 2406 5639 Deus.
3526 5608 3531 5613 ’

2103 5602 2530 5779 εἰσίοιῖξιεευῗίςῳω
2562 5670 2661 5711 ms.
2694 5658 2859 5713 codex
2905 5658 3085 5715 habuit
3129 5673 3190 5713 ea
3222 5673 3341 5730 qua:
3381 5659 3437 5715 in
3468 5657 3675 5725 vulgato

2106 5741 2135 5778 a
2161 5739 2271 5779 istm
2303 5764 2317 5778 .
3602 5727 3629 5747 '

2106 5727 2317 5779 absttnt.
3246 5727 3254 5730 ⁷
3602 5727 3629 5747 '
