4002 6188
287 346 393 401 835

1748 338 2123 394 El‘lS’TOLﬁ.

3444 348 3550 404 Sili

288 461 606 525 incorporea
634 452 915 523 ntajestars
963 454 1292 511 ditl‘nuditur.
1347 451 1422 506 Ex
1456 449 1695 520 ingenito
1720 447 1946 518 geni-A
1979 448 2040 502 Et
2084 464 2151 504 ne
2192 465 2341 520 spem
2393 462 2627 508 nostram
2670 456 2720 509 iu
2765 458 2875 512 sola
2924 456 3043 515 ﬁdei
3087 468 3237 528 parte
3267 474 3546 530 ponamus.

286 560 392 613 tus,
428 548 479 602 id
506 556 610 614 est,
637 562 704 603 ex
727 548 907 617 Patre,
940 551 1031 604 sed
1059 564 1271 618 semper
1296 562 1416 601 cum
1451 544 1609 598 Patre
1634 540 1719 597 his
1748 556 1866 609 qua:

281 640 541 697 escitavit
568 654 633 694 ex
667 639 861 707 nihilo,
892 641 1176 696 indiscreta
1217 638 1387 694 sancti
1426 636 1657 707 Spiritus
1697 634 1867 690 socie-

284 739 392 786 tate
425 728 752 784 dominatur.
780 730 978 785 Amen.

826 819 1158 876 EPISTOLA
1198 819 1263 872 IV
1297 828 1343 871 η.

293 924 480 964 ηυετι
508 924 817 965 ιιιιεῦιειςεις
842 927 1140 967 (λιιιιλιιωι
1173 925 1423 974 EPISCOPI,
1446 926 1512 963 Αἵ)
1540 922 1871 963 Βηευιετωι

919 997 1179 1035 PAULINUM
1207 980 1256 1032 δ.

362 1092 693 1147 Admiranda
719 1091 850 1146 mihi
878 1106 1091 1161 semper
1120 1101 1331 1146 tuarum
1365 1092 1551 1160 pagina
1577 1090 1871 1143 litterarum

290 1199 432 1237 nunc
458 1183 818 1238 abundantius
845 1185 1055 1255 gemina
1098 1184 1294 1254 eloquii
1321 1192 1377 1239 et
1415 1181 1537 1237 ﬁdei
1578 1183 1694 1236 luce
1740 1197 1875 1250 prae-

291 1273 457 1340 fulsit,
486 1274 612 1328 dum
660 1288 824 1343 super
871 1282 1014 1330 statu
1060 1276 1254 1329 animae
1298 1284 1322 1312 ε
1352 1275 1593 1344 cogitans
1621 1313 1635 1337 ,
1683 1273 1874 1328 timore

290 1364 522 1419 sollicito
563 1365 761 1432 judicia
813 1355 989 1419 futura
1035 1366 1290 1435 suspirat.
1339 1366 1427 1421 Ait
1472 1364 1701 1435 quodam
1753 1364 1873 1418 loco

291 1471 474 1512 sermo
501 1456 712 1511 divinus
738 1472 753 1509 :
784 1456 948 1512 Recte
972 1456 1322 1527 interroganti
1352 1456 1612 1526 sapientia
1656 1462 1873 1525 reputa-

291 1549 457 1604 bitur.
490 1550 743 1615 Quaedam
773 1550 916 1604 enim
946 1549 1183 1604 scientiae
1228 1550 1402 1619 portio
1431 1556 1536 1616 est,
1565 1549 1703 1603 scire
1734 1546 1873 1617 quod

292 1644 490 1707 nescis,
520 1650 573 1696 et
594 1656 657 1695 ea
683 1657 801 1710 qua:
824 1641 1132 1709 ignoranter
1155 1656 1257 1695 non
1287 1640 1559 1709 intelligis,
1584 1639 1877 1709 prudenter

293 1732 587 1803 inquirere.
639 1732 818 1787 Primo
848 1732 967 1787 loco
1018 1732 1388 1802 inquirendum
1423 1732 1650 1800 putasti;
1699 1732 1745 1788 si
1793 1732 1874 1787 in-

1972 540 2043 595 ita
2093 542 2408 598 conclusit:
2456 544 2604 602 Sicut
2647 563 2829 616 carpas
2886 552 2993 606 sine
3050 553 3231 621 spiritu
3291 565 3549 610 mortuum

1969 641 2063 698 est,
2095 633 2164 685 ita
2201 641 2249 686 et
2292 634 2419 701 ﬁdes
2464 636 2573 689 sine
2609 639 2841 700 operibus
2889 650 3087 694 mortua
3126 653 3217 706 est,
3266 644 3383 700 sine
3434 646 3553 714 qui-

1973 723 2072 778 bus
2114 724 2327 779 inanem
2385 740 2506 783 esse
2575 728 2844 784 hominem
2903 732 3062 784 dixit.
3131 734 3346 791 Multum
3399 738 3551 794 sitni-

1976 817 2102 870 lium
2154 818 2623 886 testimoniorum,
2694 822 2870 875 studio
2946 823 3226 878 brevitatis
3281 828 3547 886 omittam.

1974 906 2264 978 Apostolus
2302 909 2518 976 Paulus,
2559 911 2626 966 de
2669 912 2821 981 cujus
2864 921 3080 983 pectore
3120 917 3269 984 quasi
3307 918 3375 972 de
3416 930 3551 975 tetu-

1977 1000 2066 1065 plo
2104 1015 2200 1053 suo
2241 1000 2495 1056 Dominus
2525 1002 2856 1072 loquebatur,
2890 1005 3129 1075 nunquid
3176 1007 3345 1062 solam
3393 1010 3553 1065 ﬁdetn

1977 1094 2077 1147 sibi
2106 1091 2361 1160 judicavit
2408 1093 2473 1146 ad
2504 1095 2802 1160 superanda
2839 1096 3018 1150 mundi
3056 1098 3193 1151 mala
3227 1115 3382 1168 posse
3407 1114 3555 1154 com-

1978 1191 2183 1252 petere,
2224 1183 2293 1236 ita
2326 1184 2539 1239 dicens:
2575 1183 2769 1257 Corpus
2793 1203 2961 1241 meum
2998 1190 3191 1258 castigo
3225 1200 3272 1243 et
3306 1191 3360 1244 in
3400 1193 3557 1246 servi-

1979 1280 2133 1325 tutem
2180 1273 2389 1343 redigo,
2440 1289 2501 1327 ne
2544 1277 2673 1346 forte
2721 1293 2833 1329 cum
2881 1278 2997 1332 aliis
3045 1279 3402 1347 prtzdicauero,
3448 1283 3557 1347 ipse

1979 1363 2219 1433 reprobus
2246 1364 2466 1432 clﬁciar.’
2487 1364 2623 1420 Ecce
2651 1380 2744 1434 per
2774 1366 2897 1420 vitia
2920 1369 3158 1437 corporis
3186 1372 3444 1440 reprobus
3461 1372 3557 1428 ﬁe-

1979 1453 2026 1507 ri
2058 1453 2417 1521 pertimescit;
2432 1456 2540 1523 jam
2563 1455 2837 1523 probatus,
2864 1472 2962 1528 per
2978 1460 3249 1515 mortifera
3264 1463 3555 1518 carnalium
3626 1452 3629 1455 ’

1979 1546 2221 1615 contagia
2255 1545 2581 1613 passionum,
2608 1561 2701 1602 vas
2728 1549 3065 1604 contumeliae
3090 1550 3203 1605 ﬁeri
3225 1554 3434 1619 metuit,
3463 1555 3553 1624 qui

1975 1635 2085 1703 jam
2114 1650 2206 1691 vas
2233 1636 2509 1691 electionis
2538 1637 2758 1693 ell‘ectus
2779 1640 2893 1693 est!
2927 1639 3212 1697 Videamus
3236 1644 3281 1698 si
3304 1644 3424 1699 vita:
3445 1660 3559 1701 suae

1984 1727 2257 1797 prodigum
2285 1726 2417 1781 ﬁdes
2440 1728 2551 1781 sola
2580 1727 2859 1795 defendat;
2892 1738 2947 1785 et
2975 1730 3270 1801 baptizatus
3291 1735 3372 1805 (ut
3403 1736 3558 1807 dicis)

292 1822 668 1879 cumbentibus
690 1831 944 1877 extrema:
975 1822 1311 1877 necessitatis
1347 1823 1606 1891 angustiis
1634 1836 1876 1877 momen—
1907 1808 1953 1870 Β
1976 1818 2085 1887 jam
2112 1817 2287 1888 perire
2331 1834 2438 1873 non
2480 1819 2667 1888 possit.
2704 1820 2944 1890 Agnosce
2969 1825 3237 1892 quomodo
3278 1828 3412 1881 mala
3444 1842 3560 1882 car-

293 1927 448 1973 tanea
482 1916 794 1985 paenitentia
820 1915 1061 1984 capitalis
1091 1914 1305 1969 inimica
1337 1914 1684 1984 persuasione
1729 1929 1880 1970 men-

296 2011 448 2073 titur,
498 2012 588 2079 qui
637 2008 870 2062 maculas
917 2009 1074 2077 longa
1139 2015 1297 2062 astate
1340 2014 1643 2062 contractas
1689 2007 1878 2061 subitis

293 2101 455 2155 etiam
483 2098 754 2153 inutilibus
779 2097 1071 2152 abolendas
1091 2097 1378 2166 gemitibus
1417 2097 1711 2151 arbitratur
1736 2114 1748 2149 :
1774 2112 1879 2166 quo

296 2200 541 2260 tempore
587 2188 854 2243 confessio
895 2202 1015 2243 esse
1062 2196 1259 2257 potest,
1287 2187 1580 2243 satisfactio
1624 2202 1742 2242 esse
1771 2203 1875 2241 non

295 2289 494 2352 potest.
526 2281 657 2335 Nam
686 2279 808 2349 quia
842 2278 974 2333 Deus
999 2296 1100 2332 non
1124 2279 1400 2344 irridetur;
1445 2283 1556 2348 ipse
1586 2293 1643 2333 se
1671 2279 1881 2348 decepit

295 2372 388 2442 qui
417 2379 643 2425 mortem
672 2370 852 2424 multis
882 2368 1206 2438 temporibus
1253 2370 1399 2433 vicit,
1431 2378 1486 2423 ct
1528 2369 1594 2422 ad
1635 2384 1879 2437 qumren-

294 2462 423 2518 dam
444 2464 583 2516 viam
606 2462 714 2530 jam
743 2462 1038 2516 semivivus
1065 2462 1312 2529 assurgit,
1346 2471 1403 2514 ut
1446 2470 1569 2516 tunc
1609 2461 1879 2516 ofﬁciosus

295 2564 573 2626 appareat,
604 2554 817 2623 quando
852 2553 1133 2607 dominicae
1162 2553 1406 2607 servituti
1433 2554 1609 2606 omnia
1637 2551 1879 2620 corporis

296 2656 353 2703 et
400 2646 594 2700 animae
638 2645 1019 2699 subtrahuntur
1060 2644 1256 2699 ofﬁcia.
1289 2644 1444 2699 Circa
1483 2644 1878 2712 exsequendum

298 2739 571 2794 interioris
599 2738 828 2793 hominis
855 2738 1135 2792 sanitatem
1155 2780 1170 2806 ,
1204 2752 1309 2791 non
1356 2737 1527 2791 solmn
1576 2735 1877 2805 accipiendi

299 2833 567 2898 voluntas,
614 2832 709 2887 sed
739 2831 929 2901 agendi
976 2840 1315 2900 exspectatur
1356 2831 1577 2885 utilitas.
1628 2831 1699 2884 Ita
1735 2830 1876 2885 enim

300 2925 556 2995 legimus;
590 2924 651 2978 Si
670 2922 886 2994 (inquit)
913 2933 1145 2993 peccator
1165 2923 1507 2992 pmnitentiam
1532 2928 1631 2993 egit
1650 2939 1741 2988 pro
1765 2939 1880 2992 pec-

296 3018 425 3072 catis
464 3017 573 3071 suis
602 3016 802 3086 (egeril,
832 3016 1170 3079 memoravit,
1201 3029 1306 3068 non
1338 3015 1508 3068 solum
1538 3014 1691 3076 dixit.
1736 3029 1870 3067 acce-

300 3107 479 3179 perit),
508 3110 560 3161 in
582 3125 698 3173 sua,
739 3106 928 3176 inquit,
949 3109 1160 3178 justitia
1196 3123 1348 3175 quant
1378 3117 1615 3177 operatus
1642 3115 1716 3160 est
1741 3107 1874 3159 uit-it.

1983 1910 2142 1975 nalia,
2185 1910 2417 1965 alienum
2440 1926 2468 1963 a
2501 1911 2611 1966 Deo
2640 1911 2835 1968 faciant
2854 1914 3209 1971 obscenarum
3237 1921 3557 1988 mancipium

1982 1999 2334 2069 voluptatum.
2390 2000 2472 2054 Ad
2521 1998 2737 2057 Galatas
2791 2004 2866 2057 ait
2912 2005 3244 2073 Apostolus:
3285 2008 3561 2081 Manifesta

1981 2099 2098 2146 sunt
2129 2107 2284 2160 opera
2331 2094 2530 2158 carnis;
2560 2108 2675 2163 qua:
2701 2104 2840 2160 sunt,
2883 2098 3178 2166 fornicatio,
3210 2101 3558 2169 immunditia,

1982 2184 2211 2250 luxuria,
2253 2183 2602 2251 homicidium,
2640 2186 2920 2254 ebrietates,
2972 2193 3375 2257 comessationes,
3409 2206 3454 2247 et
3486 2197 3563 2250 his

1981 2275 2169 2329 similia
2187 2290 2205 2339 ;
2222 2276 2310 2345 qui
2336 2276 2462 2329 talia
2486 2277 2700 2345 faciunt,
2714 2292 2926 2347 regnum
2946 2278 3041 2333 Dei
3062 2298 3161 2335 non
3174 2295 3559 2354 consequentur.

1982 2365 2114 2420 ltem
2146 2366 2211 2420 ad
2249 2366 2510 2435 Ephesios
2539 2385 2552 2420 :
2585 2368 2762 2423 Omnis
2791 2372 3094 2439 fornicator,
3138 2386 3227 2427 aut
3249 2377 3561 2441 immundus,

1981 2466 2070 2509 aut
2098 2472 2280 2510 avarus
2309 2458 2553 2528 (quodest
2574 2458 2831 2511 idolorum
2846 2462 3081 2531 servitus)
3105 2480 3205 2517 mm
3227 2465 3424 2519 habebit
3451 2466 3562 2521 Iuc-

1980 2548 2246 2603 reditatem
2275 2549 2327 2601 in
2355 2564 2508 2617 regno
2530 2549 2720 2604 Christi
2746 2562 2792 2605 et
2820 2552 2936 2607 Dei.
2969 2553 3098 2608 Sine
3127 2556 3290 2612 dubio
3310 2559 3561 2614 exclusus

1980 2656 2009 2696 a
2029 2656 2215 2711 regno,
2259 2640 2470 2695 inferno
2516 2650 2570 2696 et
2620 2644 2778 2697 morti
2807 2654 2890 2699 est
2919 2648 3332 2714 mancipandus;
3364 2652 3562 2706 multos

1980 2743 2158 2790 autem
2209 2734 2524 2802 baptizatos,
2569 2735 2716 2789 salva
2758 2736 2863 2792 ﬁde
2918 2738 3145 2794 diversis
3171 2744 3461 2811 generibus
3510 2750 3558 2800 iu

1979 2835 2238 2880 aeternum
2269 2826 2444 2894 perire
2466 2826 2802 2881 manifestum
2851 2838 2955 2884 est.
2989 2830 3175 2901 Arguit
3214 2847 3395 2889 sermo
3423 2836 3561 2891 divi-

1981 2925 2081 2972 n‘us
2104 2932 2208 2971 non
2232 2925 2655 2984 transgressores
2678 2918 2821 2987 lidei,
2840 2922 2945 2975 non
2973 2922 3223 2990 baptismi
3249 2923 3558 2994 violatores,

1980 3010 2075 3064 sed
2103 3023 2196 3064 eos
2225 3010 2313 3079 qui
2338 3007 2714 3063 misericordes
2740 3024 2862 3065 esse
2882 3012 3239 3081 neglexerint,
3257 3015 3462 3070 dicens:
3466 3023 3561 3091 ju-

1981 3102 2146 3154 dicari
2165 3102 2275 3155 sine
2286 3099 2635 3153 misericordia
2657 3116 2771 3154 eum
2790 3102 2878 3169 qui
2896 3119 2993 3156 non
3009 3104 3126 3173 fecit
3139 3105 3559 3163 misericordiam.

300 3172 554 3256 hdvertis
601 3198 740 3269 quod
787 3172 1091 3268 huiusmodi
1137 3172 1419 3264 medicina,
1468 3200 1605 3253 sicut
1651 3216 1745 3254 ore
1786 3215 1879 3268 po-
1906 3172 1951 3235 C
1984 3194 2049 3249 Et
2077 3195 2304 3249 iterum:
2340 3192 2566 3257 Esurivi,
2588 3204 2633 3248 et
2660 3210 2759 3249 non
2790 3172 3016 3249 dedistis,
3046 3198 3175 3251 mihi
3213 3200 3563 3267 manducare;

298 3291 517 3359 scenda,
552 3293 623 3345 ita
665 3305 829 3361 opere
872 3291 1291 3346 consummanda
1312 3293 1439 3346 est?
1478 3292 1739 3347 Insultare
1772 3295 1880 3349 Deo

300 3386 522 3439 videtur
548 3384 637 3453 qui
674 3384 768 3439 illo
796 3393 1033 3452 tempore
1061 3385 1124 3437 ad
1173 3384 1435 3438 medicum
1490 3386 1659 3439 noluit
1699 3387 1881 3440 venire

299 3493 405 3547 quo
435 3477 639 3546 potuit;
662 3486 717 3532 et
747 3476 1005 3541 illo,tunc
1028 3478 1209 3547 incipit
1236 3478 1393 3544 velle,
1422 3493 1529 3547 quo
1557 3495 1661 3533 non
1686 3489 1879 3548 potest.

297 3574 449 3639 Opus
481 3570 659 3638 itaque
688 3578 790 3635 est,
815 3580 870 3623 ut
895 3585 1051 3638 quam
1076 3571 1128 3623 in
1156 3570 1425 3639 peccando
1459 3569 1558 3625 fuit
1581 3571 1806 3640 abrupta
1831 3580 1885 3626 et

296 3670 487 3732 vegeta
511 3661 575 3713 ad
610 3661 803 3715 malum
846 3662 1036 3715 mentis
1064 3661 1316 3727 intentio;
1350 3669 1490 3715 tanta
1520 3663 1588 3716 sit
1617 3665 1669 3716 in
1702 3665 1883 3719 vulne-

298 3768 419 3808 rum
442 3754 718 3807 curatione
738 3754 971 3808 devotio.
992 3754 1241 3809 Secundo
1257 3754 1492 3824 quaesisti
1514 3755 1654 3821 loco,
1668 3751 1882 3811 dutrum

296 3844 414 3899 sola
445 3843 688 3912 proﬁciat
734 3843 799 3897 ad
850 3844 1074 3898 salutem
1121 3844 1291 3901 unicae
1336 3845 1556 3899 scientia
1586 3846 1882 3904 Trinitatis.

297 3938 356 3992 in
384 3936 549 3991 rebus
574 3936 768 3990 divinis
795 3952 899 3990 non
931 3938 1103 3990 solum
1132 3937 1386 3991 credendi
1414 3938 1549 3991 ratio
1571 3939 1881 4006 requiritur,

300 4026 395 4082 sed
425 4027 684 4097 placendi.
707 4026 864 4081 Fides
885 4043 1013 4097 ergo
1036 4027 1175 4082 nuda
1200 4028 1423 4094 meritis,
1450 4030 1622 4084 inanis
1649 4038 1702 4084 et
1721 4045 1883 4084 vacua

299 4127 387 4174 est
409 4160 425 4183 ,
460 4120 600 4172 sient
629 4118 914 4188 Apostolus
941 4119 1073 4172 dicit
1098 4137 1110 4171 :
1141 4118 1275 4184 Quid
1302 4120 1505 4190 prodest
1532 4121 1577 4174 si
1596 4121 1748 4186 [idem
1775 4122 1886 4185 quis

300 4226 355 4263 se
385 4210 523 4262 dicat
562 4208 766 4277 habere,
810 4225 965 4278 Opera
1013 4220 1185 4261 autem
1231 4226 1333 4264 non
1377 4211 1602 4265 habeat?
1640 4208 1886 4280 Nunquid

302 4308 482 4369 potest
510 4312 728 4353 servare
753 4300 912 4353 eum?
940 4300 1190 4369 Sequitur
1210 4302 1350 4354 enim
1381 4319 1393 4354 :
1421 4300 1578 4357 Fides
1603 4304 1648 4356 si
1669 4320 1769 4356 non
1796 4308 1886 4355 Im-

300 4385 417 4444 beat
445 4405 620 4458 opera,
655 4400 852 4442 mortua
872 4398 944 4442 est
972 4392 1023 4443 in
1049 4392 1335 4460 semetipsa.
1363 4392 1466 4446 Sed
1495 4393 1616 4446 dicit
1645 4374 1779 4463 quis,
1807 4393 1887 4447 Tu

301 4480 459 4550 [idem
488 4479 638 4533 habes
665 4488 713 4533 et
757 4496 848 4550 ego
877 4494 1031 4545 opera
1072 4479 1274 4546 habeo;
1318 4484 1523 4537 ostende
1568 4484 1695 4536 mihi
1731 4486 1883 4552 ﬁdem

302 4582 448 4625 luant
468 4572 579 4626 sine
606 4572 863 4638 operibus,
905 4582 953 4626 et
980 4589 1073 4643 ego
1118 4574 1378 4627 ostendam
1409 4575 1499 4629 tibi
1540 4592 1604 4631 ea:
1649 4578 1884 4646 operibus

303 4663 463 4732 ﬁdem
485 4663 680 4716 meam!
706 4662 1008 4718 Secundum
1039 4664 1172 4730 haec,
1204 4664 1453 4721 sufﬁcere
1485 4682 1579 4735 per
1620 4681 1679 4723 se
1716 4669 1883 4723 solam

301 4754 680 4809 credulitatem
714 4770 819 4809 non
866 4755 1141 4825 probatur.
1195 4756 1324 4812 Nam
1357 4758 1480 4811 dum
1511 4760 1650 4815 scire
1688 4768 1741 4813 et
1767 4774 1886 4816 cre-

224 4885 230 4909 ,
299 4845 436 4901 dere
457 4846 619 4901 etiam
642 4846 891 4901 diabolus
923 4847 1222 4913 invenitur;
1255 4850 1391 4903 sicut
1436 4849 1573 4904 idem
1604 4851 1887 4920 Apostolus

214 4941 227 5015 λ’
297 4937 439 4995 dicit
466 4956 480 4991 :
512 4937 592 4990 Tu
621 4939 788 4991 credis
815 4940 952 5007 quod
991 4950 1124 4993 tatus
1153 4948 1225 4993 est
1272 4940 1432 5005 Deus,
1465 4945 1738 5014 benefacis,
1768 4960 1885 4999 nam

208 5023 216 5035 ⁷
296 5036 350 5086 et
378 5028 637 5084 diemones
661 5029 872 5083 credunt
896 5039 941 5082 et
973 5031 1363 5084 contremiscunt
1392 5048 1411 5086 :
1437 5035 1512 5086 vis
1540 5045 1711 5089 autem
1736 5036 1881 5104 scire,

298 5140 333 5177 0
363 5123 518 5176 homo
555 5122 741 5188 inanis,
773 5122 908 5193 quod
940 5122 1069 5191 ﬁdes
1113 5125 1221 5176 sine
1261 5125 1492 5194 aperibus
1536 5140 1735 5181 mortua
1773 5131 1890 5184 est?

296 5214 566 5270 Abraham
587 5223 732 5282 pater
750 5225 916 5269 noster
932 5231 1097 5269 nonne
1119 5231 1179 5270 ea:
1199 5218 1432 5287 aperibus
1447 5221 1756 5290 justiﬁcatus
1781 5228 1890 5280 est?

428 5418 555 5472 [Lee
586 5416 808 5486 epistola
840 5416 979 5486 apud
1005 5415 1272 5472 Canisium
1303 5426 1514 5473 notatur
1544 5421 1707 5475 XVII.

377 5488 406 5527 δ
439 5489 561 5543 llmc
590 5490 813 5556 epistola
841 5499 895 5541 et
923 5487 1195 5557 sequentia
1223 5504 1341 5558 qum
1371 5489 1886 5556 snbjieiuntur'Fau.

296 5559 374 5613 sti
404 5563 673 5630 opusculaA
690 5568 844 5613 caute
869 5560 1110 5630 legenda,
1145 5569 1201 5611 ut
1234 5570 1353 5628 pote
1385 5575 1546 5627 opera
1591 5564 1791 5630 rejects
1838 5575 1891 5621 et

294 5626 557 5702 damnata
589 5644 617 5681 a
651 5626 887 5702 Romana
920 5629 1177 5683 Ecclesia.
1209 5626 1338 5702 Cum
1368 5626 1568 5695 judicio
1601 5626 1719 5702 lege
1769 5651 1890 5702 quzc

298 5704 394 5753 hic
436 5700 666 5755 Faustus
695 5699 945 5752 disserit:
982 5716 1102 5751 nam
1133 5699 1235 5753 etsi
1273 5712 1516 5755 extrema
1572 5699 1894 5761 necessitate

296 5782 681 5825 niomcutanea
728 5781 854 5822 vera
897 5768 1206 5835 pwnitentia
1238 5770 1453 5823 difficile
1488 5772 1763 5837 habeatur,
1801 5792 1890 5832 ve-

1981 3286 2118 3341 sitivi
2160 3294 2205 3339 et
2234 3302 2337 3340 non
2361 3285 2578 3340 dedistis
2606 3288 2729 3340 mihi
2767 3288 2962 3354 bibere;
2991 3287 3174 3359 hospes
3201 3305 3362 3358 nam,
3392 3302 3439 3344 et
3465 3308 3564 3346 non

1985 3380 2260 3451 collegistis
2272 3380 2381 3444 me;
2399 3381 2587 3445 nudus,
2605 3390 2766 3433 etnon
2784 3383 3052 3451 operuistis
3066 3399 3163 3435 me.
3180 3381 3236 3437 Si
3257 3384 3341 3438 hic
3362 3384 3562 3440 sinistri

1984 3472 2160 3543 gregis
2189 3487 2441 3527 numerus
2463 3472 2661 3526 donum
2689 3474 3018 3541 baptismatis
3044 3474 3360 3543 ignorasset,
3377 3478 3563 3532 inﬁde-

1987 3564 2188 3618 Iitatem
2219 3564 2297 3617 eis
2338 3572 2394 3617 et
2442 3563 2768 3633 impietatem
2803 3563 3047 3631 primitus
3088 3565 3407 3634 obiecisset;
3439 3568 3559 3635 sed,

1988 3655 2284 3725 baptizatos
2326 3655 2470 3720 licet,
2515 3653 2583 3707 ab
2634 3654 2886 3723 operibus
2918 3664 3093 3710 tamen
3148 3657 3302 3712 bonis
3338 3672 3558 3725 vacuos,

1987 3748 2147 3803 morti
2165 3748 2385 3816 deputat
2399 3758 2451 3803 et
2467 3747 2696 3802 ﬂammis
2713 3749 3039 3816 perennibus
3055 3750 3399 3820 derelinquit,
3413 3762 3468 3808 et
3487 3769 3567 3809 sc-

1986 3842 2262 3895 veritatem
2276 3839 2637 3895 sententiaeita
2649 3838 2947 3893 concludit:
2970 3838 3241 3907 Discedite,
3259 3842 3448 3914 inquit,
3464 3860 3567 3898 ma-

1987 3934 2180 4000 ledicti,
2207 3950 2239 3987 a
2261 3950 2337 3986 me
2358 3934 2408 3986 in
2440 3934 2605 4002 ignem
2625 3940 2894 3998 a‘ternum,
2920 3934 3009 4002 qui
3036 3942 3248 4003 paratus
3270 3946 3342 3989 est
3363 3938 3567 3991 diabolo

1988 4034 2036 4080 et
2062 4024 2256 4095 angelis
2273 4024 2419 4093 ejus;
2442 4032 2494 4077 et
2516 4037 2758 4077 rursum:
2782 4022 3028 4077 Triticum
3041 4028 3358 4095 congregavit
3372 4029 3426 4081 in
3446 4028 3567 4081 hor—

1987 4134 2131 4171 reum
2149 4131 2316 4180 suum,
2334 4116 2507 4184 paleas
2528 4126 2697 4167 autem
2713 4114 2984 4167 combussit
3005 4114 3123 4184 igne
3145 4116 3565 4186 inexstiuguibili.

1991 4210 2239 4266 Similiter
2268 4209 2526 4278 (inquam)
2548 4207 2687 4259 ibunt
2713 4206 2766 4259 in
2788 4206 2939 4258 vitam
2970 4217 3232 4270 cateruam,
3255 4206 3336 4259 illi
3372 4224 3489 4261 vero
3517 4211 3567 4261 in

1988 4301 2301 4371 supplicium
2349 4307 2615 4353 (sternunt.
2655 4296 2796 4351 Inter
2840 4297 2957 4351 hac
3008 4296 3185 4351 videat
3226 4297 3451 4367 quisque
3501 4314 3568 4352 ne

1990 4393 2299 4448 mendacem
2328 4399 2515 4459 arguat
2542 4391 2707 4444 Deum
2727 4390 2790 4443 de
2807 4389 3192 4458 pollicitatione
3208 4390 3409 4459 prtemii
3432 4433 3448 4461 ,
3477 4394 3567 4462 qui

1991 4485 2198 4540 dubitat
2223 4484 2292 4538 de
2314 4482 2612 4537 :eternitate
2640 4482 2907 4550 supplicii.
2938 4482 3049 4535 Non
3090 4482 3163 4536 ita
3187 4490 3298 4548 est;
3330 4499 3450 4537 nam
3475 4485 3566 4555 qui

1994 4577 2142 4632 novit
2175 4576 2364 4646 punire
2393 4581 2630 4643 peccata.
2675 4572 2798 4626 Tria
2826 4571 3006 4640 itaque
3033 4572 3147 4627 h..cc
3173 4574 3455 4642 capitalia;
3484 4592 3568 4628 sa-

1992 4666 2292 4735 crilegium,
2334 4666 2680 4731 adulterium,
2719 4662 3106 4729 homicidium;
3136 4664 3236 4721 nisi
3271 4665 3357 4720 hic
3402 4668 3573 4735 perfe-

1993 4770 2093 4816 cta:
2117 4760 2445 4831 pten‘teutiae
2469 4758 2667 4813 iuerint
2689 4756 2904 4828 e'xpiata
2933 4759 3211 4823 remediis,
3245 4762 3571 4830 perennibus

1996 4852 2073 4907 illi
2102 4851 2585 4906 cuneremabuntur
2616 4850 2897 4906 incendiis.
2941 4850 3047 4905 llos
3078 4850 3254 4921 itaque
3291 4853 3575 4908 immiseri-

1997 4943 2209 5009 cordes,
2247 4958 2275 4995 a
2330 4941 2430 4996 ﬁde
2461 4950 2513 4995 et
2538 4942 2803 5011 baptismo
2835 4956 2938 4997 non
2960 4942 3092 5013 legis
3120 4941 3442 5007 declinasse.
3477 4945 3570 4999 sed

1996 5045 2307 5107 perpetuam
2338 5042 2560 5087 mortem
2584 5032 2763 5086 divina
2795 5034 3075 5101 cognoscis
3102 5036 3424 5090 auctoritate
3456 5051 3572 5091 me-

1994 5129 2187 5183 ruisse.
2212 5127 2273 5181 Et
2298 5127 2397 5180 hoc
2418 5128 2577 5179 etiam
2602 5125 2836 5179 animum
2862 5134 3006 5180 tuum
3033 5126 3253 5194 provida
3276 5129 3326 5181 in
3343 5128 3575 5183 futurum

1997 5237 2124 5277 cura
2149 5218 2428 5283 sollicitat;
2456 5226 2633 5271 utrum
2658 5216 2850 5271 anima:
2872 5228 3044 5273 exutae
3066 5235 3311 5289 corpore,
3342 5221 3575 5275 semicu-

1997 5441 2109 5480 ram
2144 5434 2317 5477 tamen
2348 5432 2402 5477 et
2447 5419 2738 5491 legitimam
2783 5422 3043 5475 interdum
3080 5428 3398 5491 possentne
3445 5434 3570 5491 cuu-

1996 5498 2202 5565 tingere
2252 5494 2427 5565 nullus
2470 5489 3091 5565 unquam‘nrthotluxus
3132 5489 3407 5565 dubitavit.
3443 5490 3573 5544 Vale

1999 5558 2260 5621 Dominic.
2295 5564 2423 5619 Sotu
2454 5564 2485 5616 4
2512 5558 2673 5623 sebi”
2707 5562 2833 5616 dist.
2872 5564 2948 5623 ιυ,
2982 5579 3031 5626 ιι.
3062 5558 3115 5620 9.,
3150 5562 3247 5610 art.
3279 5562 3331 5611 b'.

2077 5646 2098 5673 ε
2127 5635 2273 5691 Alias
2302 5636 2489 5703 regitat
2518 5647 2563 5687 et
2596 5639 2790 5686 timore.

2071 5705 2099 5743 ἀ
2130 5710 2296 5765 Alias,
2339 5699 2503 5757 uirum
2531 5705 2642 5757 sola
2674 5702 2879 5770 suﬁicia!
2902 5701 2967 5752 ad
2989 5699 3201 5770 salutem
3234 5700 3355 5765 ﬁdes
3378 5716 3438 5753 ex
3468 5704 3581 5754 mii-

2006 5787 2103 5831 tatc
2132 5777 2454 5829 scientia“...
2490 5772 2643 5827 Fides
2665 5769 2769 5826 sola
2795 5788 2893 5822 non
2925 5769 3125 5838 proﬁci!
3154 5772 3221 5822 ad
3242 5771 3475 5826 salutem.
