4002 6188
462 330 562 384 847

1676 325 1730 380 S.
1774 324 2015 382 FAUSTI
2056 325 2459 380 RIIEGIENSIS

3607 329 3707 385 863

454 447 511 501 di
554 453 606 500 et
636 442 962 513 intelligendi
1006 441 1238 512 vigorem
1284 438 1640 508 all‘eelnmque
1670 454 1774 493 non
1817 447 2032 494 exuant.
2064 442 2115 501 Α
2141 441 2263 509 quid
2287 441 2413 495 illud
2445 442 2510 495 sit
2542 442 2684 511 quod
2712 457 2831 496 cum
2866 451 3087 513 uterque
3130 442 3288 497 homo
3319 441 3394 513 (id
3424 451 3508 498 est
3534 445 3706 500 anima

451 534 848 603 interrogemus
877 532 1094 589 divitem
1120 531 1268 586 illum
1297 544 1361 584 ex
1388 528 1675 599 Evangelia
1698 545 1803 584 non
1833 531 1885 584 in
1927 539 2035 585 ter-

442 627 530 681 ris
554 626 749 689 aureis,
782 632 839 679 ut
886 632 1161 694 poetarum
1190 621 1538 676 deliramenta
1579 630 1846 685 asserunt,
1878 621 2035 675 ober-

457 726 659 772 rantem
686 734 701 783 ;
732 716 827 772 sed
878 717 930 771 in
966 715 1157 770 inferni
1199 728 1438 778 carcere,
1464 727 1530 768 ex
1569 712 1776 766 illorum
1810 727 2032 767 numero

458 811 546 878 qui
597 809 786 863 inclusi
820 822 1032 877 poenam
1083 811 1419 872 empectant,
1454 803 1592 855 inter
1622 804 1864 857 ﬂammas
1903 816 2031 855 con-

459 900 695 955 scientiae
724 909 846 952 ante
875 898 1015 953 diem
1045 895 1230 965 judicii
1256 894 1623 957 conStitutum,
1658 908 1753 958 pro
1786 894 2026 956 fratrum,

458 991 547 1059 qui
575 988 750 1044 adhuc
777 990 826 1042 in
851 989 950 1042 hoc
975 988 1173 1042 mundo
1214 994 1385 1049 erant,
1418 986 1793 1039 emendatione
1831 985 2027 1038 sollici-

460 1090 593 1143 tum,
624 1076 855 1147 colloqui
902 1092 1022 1130 cum
1050 1074 1340 1138 Abraham,
1388 1087 1480 1142 per
1500 1072 1836 1141 interjectum
1866 1077 2028 1126 chaos

460 1171 818 1227 vastissimum
867 1167 1107 1222 sedulam
1155 1166 1575 1221 obsecrationem
1609 1165 1940 1227 miscentem.
1974 1173 2028 1216 et

452 1262 629 1316 "iVilCi
667 1273 1045 1330 get-manorum
1103 1256 1471 1311 recordatiOne
1513 1256 1796 1325 pulsatum,
1822 1256 1890 1309 ita
1931 1270 2026 1323 pro

456 1353 751 1407 viventibus
780 1350 1105 1420 supplieassc
1132 1364 1146 1401 :
1182 1349 1320 1416 Rogo
1337 1357 1405 1411 te,
1431 1350 1667 1415 inquam,
1693 1355 1837 1415 pater
1853 1344 2015 1396 Abra-

436 1447 593 1511 tham,
620 1455 677 1498 ut
706 1445 873 1495 mittas
904 1442 1155 1495 Lazarum
1194 1440 1247 1491 in
1284 1439 1487 1491 domum
1515 1438 1672 1503 patris
1701 1436 1829 1498 mei;
1866 1434 2025 1485 habeo

438 1539 595 1591 enim
620 1538 840 1607 quinque
862 1539 1063 1605 fratres,
1096 1541 1150 1583 ut
1191 1530 1478 1599 testiﬁcetur
1506 1527 1631 1592 illis,
1655 1543 1719 1580 ne
1740 1535 1786 1579 et
1813 1525 1911 1593 ipri
1937 1539 2026 1577 ve-

452 1631 595 1681 niant
621 1629 670 1678 in
694 1628 825 1678 hunc
856 1624 1017 1675 locum
1045 1629 1427 1680 tormentorum,
1461 1629 1506 1671 et
1535 1618 1577 1669 si
1606 1618 1693 1687 qui
1724 1634 1786 1670 ex
1814 1619 2024 1671 mcrtuis

456 1722 569 1772 ierit
598 1717 664 1770 ad
690 1733 793 1772 eos.
820 1713 1157 1783 penitentiam
1181 1721 1326 1782 agent
1358 1711 1508 1781 (Luc.
1541 1707 1670 1779 xvi).
1700 1710 1838 1765 Ecce
1869 1710 1918 1763 in
1944 1710 2023 1764 in-

2133 541 2187 588 et
2207 534 2423 602 corpus)
2448 534 2619 587 adhuc
2650 534 2702 587 in
2733 534 2962 604 paradisi
2995 535 3211 603 regione
3237 534 3454 589 diabolo
3489 549 3709 605 persua-

2131 622 2289 678 dente
2318 624 2616 694 deliquetit,
2656 625 2769 678 sola
2802 640 2925 679 caro
2974 640 3070 693 per
3090 626 3473 696 ⁵οοηόίιίοιιιειιι
3519 626 3706 681 mortis

2134 715 2380 768 mulctatn
2427 715 2866 784 transgressionis
2919 716 3210 784 exceperit,
3251 726 3305 770 et
3351 719 3499 770 cina
3550 717 3709 771 unius

2131 818 2362 873 poenam,
2394 806 2709 861 remanserit
2759 806 2914 874 culpa
2944 806 3261 860 communis.
3303 805 3595 861 Sciendum
3626 822 3708 861 er-

2129 911 2195 965 go
2221 906 2302 951 est
2345 897 2482 965 quod
2529 898 2648 951 ideo
2694 913 2838 950 mors
2867 897 2932 951 ad
2966 898 3194 951 animam
3240 911 3345 951 non
3376 898 3703 966 pervenerit,

2128 986 2248 1055 quia
2288 987 2339 1040 in
2368 1003 2426 1040 ea
2458 987 2710 1040 Dominus
2740 987 3023 1057 itttaginem
3053 1003 3202 1041 suam
3228 996 3281 1042 et
3298 988 3703 1043 similitudinem

2126 1077 2429 1130 collocavit.
2483 1077 2611 1130 Nam
2661 1082 2794 1130 sicut
2823 1078 2961 1131 Deus
2993 1078 3333 1142 immortalis,
3373 1076 3702 1140 misericors,

2122 1165 2296 1232 justus
2317 1175 2367 1219 et
2401 1168 2604 1233 patiens
2633 1175 2734 1230 est,
2769 1168 2837 1220 ita
2887 1166 3071 1220 harum
3101 1167 3237 1220 dona
3260 1166 3516 1220 virtutum
3547 1168 3598 1221 in
3629 1169 3701 1219 fa-

2125 1254 2259 1309 ciem
2284 1266 2517 1308 nostram
2558 1256 2865 1309 interiorem
2893 1256 3084 1309 infudit
3112 1274 3124 1308 :
3155 1265 3211 1310 ut
3234 1265 3433 1325 quanto
3473 1257 3701 1326 quisque

2127 1346 2293 1413 magis
2318 1344 2489 1414 justus
2538 1357 2593 1399 et
2635 1346 2801 1414 magis
2838 1347 3141 1400 misericors
3172 1348 3489 1412 exstitisset,
3550 1356 3700 1401 tanto

2127 1436 2294 1503 magis
2323 1437 2515 1488 divina:
2557 1437 2973 1506 participationis
3007 1453 3225 1490 munere
3251 1438 3505 1507 praeditus
3544 1439 3596 1490 in
3623 1438 3700 1489 in.

2126 1527 2319 1580 teriore
2351 1525 2563 1580 homine
2590 1536 2871 1596 appareret
2919 1528 3156 1582 habitare
3203 1528 3470 1581 Christum
3493 1544 3590 1596 per
3633 1528 3697 1581 ii-

2129 1615 2270 1669 dem.
2329 1618 2626 1687 lnterrogas
2672 1624 2829 1671 etiam
2876 1632 2972 1672 cur
3023 1619 3214 1672 anima:
3240 1634 3360 1673 cum
3390 1634 3555 1673 carne
3575 1634 3696 1685 sua,

2128 1707 2325 1776 aliquid
2352 1724 2446 1776 pro
2488 1709 2749 1778 corporali
2790 1723 2972 1764 errore
3001 1723 3285 1764 commune
3306 1711 3395 1773 sit,
3425 1711 3563 1764 sicut
3591 1711 3700 1765 ori-

459 1810 587 1863 ierni
613 1808 855 1877 angustia
885 1806 1185 1868 damnatus,
1208 1802 1535 1870 nullumjam
1560 1801 1626 1854 de
1653 1815 1710 1855 se
1731 1800 2021 1855 remedium
2058 1787 2101 1846 Β
2129 1799 2302 1867 gittale
2350 1808 2620 1867 peccatum
2647 1840 2661 1865 ,
2706 1815 2800 1868 pro
2847 1803 3047 1854 unitate
3096 1801 3389 1869 corporalis
3438 1800 3655 1870 hospitii
3678 1841 3696 1865 ,

458 1900 680 1959 habens,
706 1907 880 1949 tamett
912 1899 1186 1963 antiquum
1213 1894 1263 1946 itt
1296 1892 1486 1946 fratres
1534 1901 1711 1946 servat
1738 1893 2023 1957 allectum;

456 2000 511 2045 et
541 1991 665 2044 dum
693 1989 972 2041 damnatus
988 2002 1082 2054 pro
1102 1985 1468 2055 peceatoribtts
1492 1992 1660 2051 rogat,
1687 1998 1927 2052 magnam
1950 1983 2025 2038 in-

457 2092 537 2134 ter
566 2078 793 2147 paradisi
816 2090 1034 2131 nemora
1058 2075 1438 2144 respirantibus
1459 2073 1636 2142 justis,
1662 2090 1754 2140 pro
1781 2088 2024 2127 carorum

446 2185 676 2224 suorum
710 2168 1007 2222 commodis
1033 2181 1212 2220 curam
1236 2180 1354 2219 esse
1384 2164 1735 2218 demonstrat.
1758 2163 1907 2229 Quod
1935 2178 2026 2216 au-

456 2275 560 2316 tetu
585 2260 809 2331 requiris
844 2277 855 2311 :
888 2257 1015 2328 quid
1065 2256 1189 2310 mali
1222 2266 1339 2325 post
1385 2254 1543 2308 linem
1594 2265 1683 2307 aut
1733 2254 1888 2307 detur
1935 2260 2026 2308 aut

456 2354 715 2407 adimatur
770 2350 995 2418 iniquis,
1051 2348 1117 2401 de
1158 2347 1347 2415 quibus
1391 2345 1652 2414 legimus,
1705 2342 2025 2397 Desiderium

456 2450 772 2510 peccatorum
801 2440 1000 2510 peribit.
1020 2447 1043 2474 α
1067 2438 1422 2492 Terrenorum
1450 2434 1735 2504 cupiditate
1764 2434 2024 2488 bonorum

455 2541 510 2586 et
535 2531 825 2585 ambitione
855 2530 1119 2592 submota,
1146 2527 1316 2581 solutn
1349 2524 1632 2580 reddenda:
1656 2525 1875 2579 ratioiis
1900 2542 1909 2592 ι
1932 2541 2027 2579 on-

456 2622 575 2689 dus,
602 2630 662 2676 et
690 2628 865 2673 metus
894 2617 1215 2673 intolerandi
1256 2617 1515 2671 examinis
1539 2631 1554 2680 ;
1595 2630 1694 2670 nec
1720 2615 2029 2670 auferen'ur

456 2727 664 2775 sensus,
686 2710 783 2765 sed
803 2710 1180 2780 cogitationem
1204 2708 1423 2762 alterius
1452 2708 1631 2761 satcttli
1664 2707 1833 2777 magis
1862 2722 2027 2777 cxpe-

456 2802 553 2858 diti
576 2801 875 2869 alacrisque
908 2800 1149 2853 reddent.
1184 2798 1335 2863 Quod
1380 2806 1557 2851 autem
1586 2796 1652 2851 de
1682 2798 1792 2867 ipsa
1829 2798 2023 2862 anima,

457 2904 629 2948 utrum
669 2905 924 2959 corporea
969 2903 1036 2943 an
1067 2890 1378 2957 incorporea
1423 2888 1492 2941 sit
1523 2888 1760 2956 postulas
1790 2887 2023 2941 edoceri.

457 2984 638 3051 itaque
666 2980 804 3050 quod
838 2979 1169 3047 temporibus
1200 2992 1307 3031 non
1347 2976 1635 3030 includitur
1665 2990 1762 3031 nec
1787 2977 2023 3029 locorum

458 3073 696 3127 terminis
718 3079 992 3125 coercetur
1025 3068 1187 3137 (quod
1215 3069 1315 3122 soli
1338 3068 1447 3121 Deo
1478 3068 1751 3136 competit)
1787 3067 1887 3120 hoc
1910 3078 2023 3120 tan-

2132 1900 2412 1961 utrumque
2438 1892 2804 1961 complectitur
2838 1907 2950 1961 par,
2985 1894 3142 1947 modo
3164 1903 3393 1963 uterque
3422 1893 3473 1946 in
3502 1908 3692 1962 pecca-

2130 1994 2301 2036 torum
2331 1982 2585 2037 societate
2612 1984 3025 2053 constringatur.
3057 1984 3131 2038 ita
3162 1986 3304 2038 enim
3337 1988 3387 2037 in
3410 1985 3697 2040 criminum

2130 2072 2533 2143 participatione
2563 2088 2665 2127 una
2691 2087 2850 2127 causa
2875 2074 3135 2139 est,'sieut
3168 2074 3221 2127 in
3239 2076 3489 2127 virtutum
3518 2090 3698 2127 remu-

2130 2167 2401 2221 nera'ione
2430 2180 2523 2235 par
2552 2164 2719 2235 gloria
2764 2176 2867 2221 est.
2899 2166 3175 2234 Nunquam
3202 2169 3345 2220 enim
3371 2166 3613 2219 exterior
3643 2168 3697 2218 in

2129 2259 2397 2313 baratrum
2430 2257 2654 2310 luxuriae
2680 2257 2914 2322 caderet,
2940 2258 3040 2311 nisi
3068 2260 3113 2312 ei
3144 2271 3461 2311 consensum
3494 2257 3698 2325 prebe-

2129 2360 2209 2403 ret
2231 2348 2466 2403 interior.
2501 2350 2606 2402 Nos
2631 2348 2773 2416 ipsos
2803 2349 3209 2419 interrogemus,
3242 2358 3295 2403 et
3325 2350 3463 2402 inter
3485 2364 3584 2403 nos
3607 2364 3699 2418 po-

2130 2441 2352 2495 terimus
2380 2454 2689 2509 agnOseere,
2718 2441 2855 2507 quod
2884 2456 3033 2495 mens
3060 2442 3324 2495 dominica
3354 2451 3569 2496 exercet
3598 2443 3699 2495 im-

2131 2534 2356 2603 periunt,
2398 2542 2453 2587 et
2492 2546 2618 2586 caro
2665 2532 2899 2601 subjecta
2948 2530 3290 2596 famulatum;
3331 2532 3445 2585 luce
3481 2532 3697 2587 exhibet

2129 2624 2501 2687 ministerium,
2530 2623 2617 2676 illa
2664 2624 2941 2677 consilium
2978 2641 2990 2675 :
3032 2623 3333 2676 obedientia
3378 2636 3409 2676 a
3437 2623 3697 2678 servitute

2127 2724 2378 2779 cessaret,
2403 2715 2502 2768 nisi
2535 2714 2777 2767 voluntas
2805 2728 2833 2765 a
2857 2714 3073 2782 jubente
3101 2716 3430 2781 procederet.
3456 2714 3695 2768 Similem

2127 2819 2349 2859 necesse
2385 2815 2465 2859 est
2510 2805 2863 2859 conditionem
2897 2805 2945 2857 in
2986 2804 3324 2858 damnatione
3350 2815 3696 2874 cognoscant,

2127 2896 2215 2963 qui
2245 2906 2427 2949 contra
2452 2896 2611 2948 simul
2635 2896 2683 2947 in
2709 2895 3055 2948 retributione
3080 2894 3408 2964 gaudebunt.
3436 2894 3581 2949 Dicis
3603 2897 3698 2948 ad-

2131 2988 2251 3051 huc,
2277 3003 2395 3056 qua:
2420 2996 2501 3041 est
2531 2987 2872 3051 immortalis,
2921 2988 3183 3054 quomodo
3241 3001 3338 3056 pro
3385 2985 3697 3041 mortalibus

2128 3080 2270 3132 vitiis
2324 3088 2653 3147 torqueatur.
2700 3079 2933 3132 Morzalia
2975 3079 3187 3147 quidem
3245 3079 3381 3131 mala
3425 3086 3573 3142 sunt,
3602 3080 3695 3131 sed

460 3173 569 3217 tum
611 3165 983 3230 incorporeum
1022 3174 1142 3214 esse
1170 3173 1454 3227 cognosce-
1482 3158 1631 3213 Sicut
1660 3176 1797 3213 unus
1837 3160 2024 3215 doctor
2051 3147 2095 3206 (ἶ
2130 3170 2443 3222 immortalis
2485 3174 2587 3223 erit
2626 3170 2893 3222 truciatns
2942 3169 3225 3233 malorum,
3276 3177 3331 3223 et
3376 3168 3697 3224 delictorum

447 3252 686 3309 .eximitts
713 3251 915 3304 diserte
942 3248 1149 3303 cuidam
1199 3247 1492 3302 sciscitanti
1536 3248 1622 3301 ubi
1672 3257 1815 3302 esset
1863 3250 2021 3312 Deus,

458 3343 731 3413 respondit
762 3342 831 3395 ita
853 3357 866 3393 :
887 3341 1022 3393 Deus
1049 3353 1152 3391 non
1179 3337 1373 3391 alicubi
1398 3346 1501 3404 est,
1529 3337 1668 3407 quod
1702 3338 1897 3391 alicubi
1922 3350 2022 3407 est,

424 3480 432 3484 -
458 3439 755 3496 continetur
774 3434 913 3499 loc-i,
938 3431 1073 3503 quod
1097 3431 1397 3487 continetur
1423 3430 1540 3487 loco
1555 3445 1749 3501 corpus
1773 3443 1873 3490 est.
1898 3434 2025 3499 Quae

457 3548 577 3587 cum
607 3532 675 3585 ita
700 3530 829 3593 sint,
864 3526 1038 3579 omnis
1067 3539 1191 3578 caro
1230 3539 1445 3593 corpus,
1493 3539 1598 3579 non
1630 3541 1789 3579 omne
1833 3541 2026 3594 corpus

444 3636 533 3680 rest
565 3638 711 3679 caro.
743 3622 806 3674 Et
826 3620 953 3689 quia
975 3633 1077 3672 non
1110 3617 1281 3671 solum
1310 3617 1509 3684 anima,
1536 3618 1627 3672 sed
1657 3618 1815 3673 etiam
1861 3633 2023 3687 ange-

458 3718 626 3770 lorum
660 3711 939 3767 invisibilis
958 3709 1298 3776 coelestisqne
1325 3708 1642 3775 substantia,
1671 3709 1810 3763 sicut
1847 3709 2026 3763 locali-

448 3807 556 3862 bus
584 3804 770 3874 spatiis
792 3803 1132 3868 continetur,
1164 3801 1231 3853 ita
1258 3809 1476 3855 auctore
1503 3815 1600 3854 suo
1625 3815 1883 3869 corporea
1906 3816 2025 3856 esse

456 3895 484 3935 ι)
510 3904 566 3950 et
590 3892 1086 3962 comprehensibilis
1114 3892 1458 3959 approbatur.
1485 3892 1618 3960 Quid
1648 3902 1728 3947 est
1749 3894 1889 3948 enim
1922 3895 2023 3948 nisi

455 4001 792 4056 corporeum,
824 3984 961 4051 quod
1004 3984 1068 4037 de
1120 3986 1364 4051 supernis
1395 3985 1613 4039 sedibus
1661 3987 2022 4053 perturbatum

456 4083 573 4134 loco
598 4077 799 4132 cessit?
844 4077 970 4145 quid
1021 4085 1101 4129 est
1140 4076 1276 4141 quod
1309 4077 1474 4130 sensit
1504 4077 1740 4130 ruinam?
1767 4077 1893 4146 quid
1944 4087 2026 4131 est

458 4172 596 4240 quod
626 4182 841 4225 mternm
868 4170 1093 4221 [laminae
1129 4168 1416 4221 obnoxium
1458 4178 1788 4235 pra-paratur
1816 4168 1878 4221 ad
1910 4183 2021 4235 pm-

462 4280 581 4318 nam
604 4264 627 4317 Τ
653 4262 759 4317 Sed
787 4271 842 4314 et
867 4261 979 4328 ipse
1010 4264 1194 4313 beatus
1225 4260 1453 4312 Lazarus
1479 4257 1824 4327 pistlinguas
1850 4258 2015 4312 lamus

455 4356 673 4409 lantiunt
720 4368 910 4406 canum
957 4359 1240 4417 susceptus
1290 4350 1535 4403 manibus
1587 4350 1915 4418 angelorum,
1956 4350 2023 4404 de

453 4462 557 4517 quo
585 4446 832 4514 legimus,
882 4441 1102 4495 Factum
1151 4450 1223 4494 est
1277 4450 1333 4493 ut
1372 4456 1648 4494 morereur
1677 4443 1933 4496 mndiqu
1978 4454 2023 4496 et

2126 3259 2414 3325 cruciatus,
2436 3258 2575 3312 vitiis
2594 3258 2980 3324 delicierttibu=,
3003 3259 3405 3327 permanebunt.
3426 3260 3695 3313 Meliorem

2127 3351 2402 3404 materiam
2449 3350 2516 3402 ita
2576 3350 2795 3404 inferior
2841 3352 3094 3403 traditura
3136 3351 3333 3417 judicio
3380 3358 3504 3416 est,
3557 3352 3696 3405 sicut

2126 3441 2345 3496 conﬂari
2402 3456 2586 3493 anrunt
2643 3441 2839 3507 plumbi
2888 3442 3159 3511 compel'it
3204 3442 3476 3497 admixtio.
3529 3445 3696 3495 l!omo

2127 3551 2253 3603 ergo
2283 3548 2377 3603 pro
2409 3532 2721 3587 mortalibus
2756 3531 2908 3587 malis
2945 3535 3235 3588 moriturus
3259 3545 3342 3587 est
3387 3535 3514 3597 Deo,
3540 3545 3594 3587 et
3624 3535 3698 3585 vi-

2126 3637 2308 3681 cturus
2338 3626 2543 3679 interno
2578 3642 2591 3677 ;
2622 3624 2735 3679 ltmc
2761 3628 2859 3678 erit
2888 3625 3028 3680 illius
3069 3640 3232 3691 mors,
3266 3633 3322 3678 ut
3357 3626 3493 3679 ntori
3541 3626 3591 3679 ei
3644 3627 3695 3681 in

2125 3718 2309 3773 dolore
2331 3730 2438 3770 non
2480 3716 2654 3770 liccat.
2688 3717 2943 3771 Extendis
2988 3718 3041 3771 in
3074 3717 3172 3772 hoc
3202 3733 3410 3787 quoque
3438 3718 3694 3771 sollicitu-

2126 3808 2303 3862 dinem
2333 3813 2499 3870 tuam,
2533 3816 2705 3859 utrum
2728 3808 2902 3859 anima
2931 3817 2983 3859 et
3011 3809 3227 3875 spiritus
3271 3809 3409 3861 idem
3448 3810 3577 3871 sint,
3606 3819 3694 3862 aut

2125 3899 2392 3969 quomodo
2422 3897 2808 3968 segregentur?
2841 3899 2974 3951 Duas
3006 3907 3204 3952 tantum
3233 3900 3284 3952 in
3312 3900 3547 3964 homine,
3578 3902 3690 3953 aui-

2126 4006 2225 4044 ma:
2253 3999 2307 4044 et
2336 3988 2581 4058 corporis
2609 3990 2910 4043 noverimus
2934 4005 3053 4043 εδδθ
3082 3992 3403 4045 substantias
3426 4008 3441 4056 ;
3472 4007 3535 4060 sp
3559 3994 3690 4045 ritus

2124 4092 2303 4137 autem
2327 4096 2465 4134 nunc
2495 4081 2749 4133 naturalis
2775 4082 3045 4148 probatur,
3078 4098 3216 4135 nunc
3254 4084 3513 4135 accedens
3544 4086 3690 4135 itn‘C-

2126 4172 2290 4239 pitur,
2318 4171 2601 4241 aliquando
2632 4170 2824 4225 virtute
2856 4174 3049 4241 intelig
3075 4183 3155 4225 tur
3178 4174 3439 4240 appetitus
3462 4186 3514 4226 et
3537 4175 3691 4240 spiri-

2126 4264 2246 4319 talis
2291 4262 2530 4321 allectus.
2584 4267 2695 4321 lloc
2740 4279 2953 4335 genere,
3008 4280 3143 4319 unus
3172 4274 3331 4334 atque
3361 4266 3500 4319 idem
3536 4268 3692 4318 ιιυιιιιι

2126 4370 2265 4408 nunc
2289 4356 2537 4421 carnalis,
2570 4372 2709 4410 nunc
2742 4358 2898 4411 etiam
2937 4366 2989 4409 et
3028 4356 3279 4423 spiritalis
3314 4364 3414 4409 est.
3442 4356 3691 4409 Carnnles

2126 4454 2250 4499 sunt
2273 4444 2340 4499 de
2363 4446 2556 4514 quibus
2581 4448 2655 4499 ait
2686 4446 2939 4499 Dominus
2966 4463 2978 4497 :
3006 4445 3124 4499 Non
3154 4445 3459 4512 permanebit
3484 4447 3692 4511 spiritus

452 4549 744 4610 portaretur
781 4538 843 4591 ab
894 4536 1089 4606 angelis
1115 4537 1168 4589 in
1210 4535 1379 4588 sinum
1419 4533 1635 4587 Abrahtc
1658 4551 1677 4588 :
1709 4510 2103 4601 corpoream”
2129 4553 2267 4589 meus
2313 4539 2368 4591 in
2408 4538 2692 4590 hominibus
2743 4538 2874 4599 istis,
2897 4538 3014 4604 quia
3041 4553 3157 4590 cara
3174 4547 3291 4589 sunt
3313 4535 3465 4608 (Gen.
3495 4537 3607 4605 tu);
3640 4548 3693 4591 et

453 4644 577 4685 esse
630 4629 810 4683 docuit
863 4628 1092 4681 animant
1140 4640 1312 4691 suam,
1346 4625 1468 4678 dum
1520 4626 1570 4676 in
1598 4626 1768 4678 sinum
1796 4625 2022 4678 Abrahae

460 4722 533 4789 (id
561 4731 661 4785 est,
686 4720 736 4773 in
776 4729 1043 4773 remotum
1088 4718 1407 4787 beatumque
1447 4717 1733 4783 secretum)
1774 4718 2024 4786 angelicis

456 4812 680 4866 infertur
709 4808 998 4876 obsequiis.
1037 4807 1109 4860 Dc
1134 4808 1307 4859 anima
1330 4817 1504 4862 autern
1544 4820 1637 4859 sua
1659 4818 1873 4861 sanctus
1900 4822 2024 4877 pro-

455 4908 613 4976 pheta
643 4902 966 4971 pronuntiat,
1002 4900 1131 4954 educ
1160 4900 1222 4953 de
1260 4916 1463 4953 carcere
1504 4902 1727 4953 animam
1753 4917 1934 4965 meum,
1964 4899 2021 4955 id

451 5004 553 5060 est,
606 4996 675 5051 de
721 4991 937 5062 bnSpitii
976 4991 1270 5058 corporalis
1315 4991 1591 5061 angustiis.
1645 4990 1769 5045 ideo
1820 4990 2019 5047 factura

448 5088 588 5154 ejus,
622 5100 738 5153 qua:
763 5083 845 5139 vel
878 5093 1214 5153 peccatorum
1238 5081 1429 5151 jaeulis
1454 5082 1781 5145 vulneratur,
1808 5082 1890 5135 vel
1931 5096 2020 5137 us-

446 5192 552 5245 que
572 5176 638 5231 ad
669 5174 862 5230 divina:
906 5173 1148 5239 imaginis
1186 5172 1348 5228 decus
1369 5187 1462 5239 per
1508 5172 1788 5240 qualitates
1820 5180 2017 5226 mutata

450 5267 800 5338 provehatur,
825 5264 1023 5334 absque
1050 5262 1229 5327 dubio,
1254 5272 1307 5316 et
1336 5262 1447 5316 Deo
1469 5270 1522 5317 et
1546 5261 1747 5331 angelis
1769 5277 1795 5314 a
1825 5263 2018 5329 quibus

449 5356 827 5426 comprehendi
858 5364 911 5409 et
939 5354 1212 5408 transferri
1239 5361 1431 5421 potest,
1462 5367 1713 5420 corporea
1746 5366 1865 5407 esse
1902 5354 2016 5407 evi-

448 5450 642 5505 denter
658 5446 988 5505 ostendetur.
1023 5444 1414 5514 Requircndum
1440 5454 1521 5499 est
1549 5452 1727 5499 autem
1755 5445 1892 5500 inter
1922 5447 2020 5501 ista

495 5558 546 5615 tu
568 5579 708 5633 Cive
736 5580 833 5632 ista
856 5577 1033 5630 omnia
1052 5591 1168 5642 qntc
1193 5576 1291 5627 hoc
1318 5575 1436 5627 loco
1456 5574 1610 5630 all'ert
1638 5575 1864 5631 Faustus
1890 5593 1905 5632 :
1932 5577 2025 5631 ab-

450 5651 610 5701 surda
639 5649 725 5701 illa
759 5662 975 5714 prorsus
1011 5656 1065 5700 et
1108 5661 1331 5699 erronca
1357 5661 1479 5700 cum
1516 5646 1804 5704 ostendere
1834 5648 2026 5703 nititur

452 5718 659 5770 animas
689 5719 945 5770 humanas
964 5731 1085 5770 esse
1114 5731 1421 5779 corporeus.

2129 4627 2415 4695 Apostolus
2443 4644 2454 4679 :
2490 4626 2588 4691 Qui
2616 4634 2785 4679 autem
2814 4626 2865 4678 in
2889 4642 3040 4678 carne
3061 4636 3199 4693 sunt,
3234 4624 3340 4680 Deo
3371 4628 3573 4695 placere
3593 4646 3692 4680 non

2130 4728 2338 4786 possunt
2365 4716 2537 4787 (Rom.
2569 4730 2681 4782 vnt,
2713 4716 2789 4786 8).
2820 4716 3060 4770 Carnalis
3082 4731 3159 4771 εει
3187 4718 3275 4787 qui
3301 4718 3470 4771 ventri
3498 4732 3548 4772 et
3577 4727 3690 4786 gut~

2129 4808 2254 4873 turi,
2284 4815 2337 4860 et
2358 4805 2547 4861 edendi
2576 4817 2628 4860 et
2658 4806 2875 4861 bibendi
2905 4806 3177 4861 nimietate
3204 4808 3455 4873 deservit,
3491 4816 3545 4862 et
3573 4818 3690 4861 vim

2128 4896 2325 4951 bonum
2383 4896 2435 4949 in
2491 4898 2625 4965 gula:
2678 4896 2909 4965 ingluvie
2951 4905 3006 4951 et
3059 4898 3346 4953 voracitate
3395 4900 3690 4960 constituit.

2124 4986 2332 5054 quando
2360 4986 2709 5041 manducandi
2736 4996 2789 5040 et
2818 4987 3027 5041 bibendi
3057 4988 3326 5042 nimietate
3355 4989 3517 5043 vitam
3539 5006 3685 5044 eom-

2126 5088 2294 5149 putat,
2327 5077 2538 5148 quando
2566 5078 2617 5132 ei
2641 5079 2838 5133 ventris
2851 5079 3445 5147 dominaturingluvies.
3472 5082 3539 5133 At
3564 5097 3689 5134 vero

2122 5171 2369 5225 animalis
2393 5168 2641 5233 ellicitur,
2687 5171 2897 5240 quando
2923 5169 3097 5223 adhuc
3130 5185 3317 5238 purum
3353 5171 3515 5224 Deum
3545 5175 3687 5237 engi-

2126 5272 2264 5329 tans,
2285 5261 2575 5315 secundum
2599 5262 2828 5314 animam
2846 5260 3083 5314 saeculari
3102 5261 3378 5329 prudentia
3399 5261 3465 5315 ad
3488 5261 3688 5329 aliqua-

2124 5368 2240 5407 rum
2284 5367 2460 5406 rcrum
2499 5351 2774 5405 scientiam
2822 5363 3179 5419 permovetur,
3224 5351 3439 5419 quando
3476 5353 3689 5406 invest-

2123 5442 2310 5517 gandis
2353 5457 2527 5497 rerum
2558 5442 2833 5496 latentium
2880 5444 3076 5505 causis,
3108 5453 3197 5497 aut
3224 5443 3573 5511 philosophia:
3602 5446 3689 5497 de-

2200 5588 2224 5615 υ
2257 5578 2524 5647 Adversus
2564 5576 2700 5630 hanc
2745 5578 3062 5632 sententiam
3109 5577 3324 5647 scripsit
3374 5579 3690 5633 Claudianus

2129 5648 2416 5730 Mamertus
2464 5644 2777 5701 Viennensis
2835 5648 3134 5718 presbyter,
3188 5644 3282 5703 lib.
3329 5665 3384 5703 tu
3424 5649 3491 5705 de
3532 5651 3686 5704 Statu

2129 5735 2340 5775 antrum.
