4002 6188
326 305 429 363 849

1755 290 1902 348 EPlS
1918 296 1935 348 ι
1950 296 2125 353 οιΑ.

3472 308 3576 366 850

323 420 549 471 lectatur
603 407 828 472 studiis;
883 404 1023 460 unde
1066 412 1121 457 et
1145 402 1427 471 Apostolus
1456 401 1899 456 dicitzAnimalis
1928 408 2265 475 Aatiquibus
2310 412 2427 479 ejus
2485 410 2759 480 integritas
2811 424 2863 467 et
2909 411 3138 482 dignitas
3194 430 3299 469 non
3349 418 3568 485 periret.

322 511 470 560 homo
491 519 591 558 non
618 500 832 571 percipit
862 512 975 566 que
994 504 1111 549 sunt
1136 494 1341 566 spiritus
1364 493 1458 547 Dei
1481 492 1533 565 (Ι
1556 491 1676 547 Cor.
1704 509 1759 557 ιι,
1784 494 1896 563 14).

321 594 628 667 Spiritualis
655 605 777 648 esse
806 588 991 657 incipit
1017 585 1231 655 quando
1264 586 1486 640 honesta
1518 594 1571 640 et
1604 586 1897 653 spiritualia

312 686 670 757 vottcupiscit,
701 681 916 754 quando
961 680 1027 733 ad
1058 678 1220 733 divini
1252 677 1457 731 timoris
1485 676 1707 742 cultum,
1759 677 1899 746 vigo-

337 799 368 833 e
400 778 581 835 cordis
624 772 887 837 ascendit,
914 769 1128 840 quando
1158 768 1223 822 ad
1252 782 1311 821 se
1339 767 1582 836 spiritum
1618 782 1712 835 per
1741 782 1897 821 mun-

320 871 503 925 ditiem
534 862 777 935 corporis
803 872 857 917 et
885 875 981 929 per
1005 857 1300 913 custodiam
1323 858 1582 911 castitatis
1603 857 1815 922 invitat,
1841 864 1899 909 ut

320 964 387 1019 de
434 976 497 1017 ea
542 957 673 1013 illud
721 953 962 1024 Apostoli
994 950 1097 1006 dici
1132 949 1316 1020 possit,
1360 949 1460 1002 Vos
1492 949 1610 1002 estis
1651 946 1896 1014 templum

320 1052 419 1106 Dei
439 1061 488 1106 et
532 1049 743 1118 spiritus
768 1044 862 1098 Dei
896 1044 1091 1096 habitat
1116 1044 1168 1095 in
1194 1037 1429 1110 vobisUI
1456 1038 1574 1094 Cor.
1609 1040 1739 1106 xvt).
1768 1038 1897 1103 Qua:

320 1142 526 1197 homini
573 1154 676 1193 non
705 1138 861 1192 insita
892 1149 986 1204 per
1017 1142 1280 1196 naturam,
1314 1131 1405 1185 sed
1458 1130 1528 1183 ita
1558 1140 1681 1183 sunt
1710 1128 1896 1195 adjun-

321 1246 405 1290 cta
436 1246 533 1303 per
556 1229 777 1301 gratiam
826 1235 883 1280 ut
936 1222 1169 1292 separari
1213 1221 1415 1290 possint
1444 1217 1644 1274 desidia
1670 1219 1895 1272 interte-

321 1325 483 1379 dente
514 1336 607 1389 per
638 1317 866 1387 culpam,
912 1314 1062 1368 Unde
1120 1312 1256 1366 idem
1290 1312 1574 1379 Apostolus
1602 1310 1763 1363 dicit:
1796 1308 1896 1374 Qui

321 1424 492 1467 autem
539 1408 783 1477 templum
834 1405 930 1458 Dei
976 1403 1258 1467 violaverit,
1302 1401 1558 1468 dispet'det
1606 1416 1720 1452 eum
1757 1397 1895 1451 Deus

321 1503 373 1574 (Ι
397 1503 518 1555 Cor.
548 1515 628 1564 ιιι,
653 1497 761 1567 i7).
793 1497 929 1550 Ecce
952 1509 1045 1563 per
1068 1493 1224 1546 [idem
1250 1506 1354 1546 non
1384 1491 1555 1543 solum
1581 1490 1891 1556 baptizatus,

320 1596 417 1653 sed
448 1604 502 1649 et
532 1592 628 1647 Dei
652 1590 911 1658 templum
930 1601 1049 1641 esse
1080 1586 1308 1646 videtur,
1327 1592 1379 1637 et
1405 1593 1576 1635 tamen
1604 1596 1697 1649 per
1719 1578 1893 1633 diver-

320 1702 378 1741 sa
408 1684 634 1754 ﬂagitia,
667 1681 759 1736 Dei
789 1678 1073 1734 severitate
1100 1674 1459 1744 disperdetur.
1486 1672 1596 1726 lloc
1625 1671 1742 1725 loco
1771 1685 1893 1740 per-

2000 498 2173 554 Grave
2221 500 2425 554 crimen
2457 506 2562 566 est,
2594 502 2733 571 quod
2776 502 3056 559 htreticus
3085 504 3330 575 accipere
3380 506 3569 571 noluit,

2000 604 2105 643 non
2136 591 2309 644 minus
2350 589 2477 645 illud
2522 606 2701 661 grave,
2752 593 2891 662 quod
2921 593 3254 650 Christianus
3300 598 3491 667 accipit
3518 608 3573 652 et

1999 680 2176 748 perdit
2207 698 2218 732 :
2274 680 2402 734 Nam
2453 691 2507 736 et
2558 683 2649 737 ille
2692 683 2781 752 qui
2812 682 2999 738 ﬁducia
3027 686 3299 755 baptismi,
3329 688 3569 758 nuptiale

1999 772 2321 835 convivium,
2354 774 2492 829 sacri
2518 776 2732 829 concilii
2762 785 3051 831 temerator
3079 779 3365 848 irruperat,
3398 781 3571 836 nitore

1998 864 2246 931 portatis
2274 864 2503 929 amisso;
2549 864 2617 920 de
2646 866 2838 920 illustri
2868 867 3130 934 justorum
3174 879 3439 923 conventu
3473 886 3569 925 ex-

1999 953 2230 1021 peilitur,
2256 965 2312 1008 et
2352 955 2404 1009 in
2448 956 2739 1011 exteriores
2764 957 3012 1012 tenebras
3054 960 3412 1028 perturbatur.
3442 961 3570 1014 Nam

1998 1042 2299 1097 credendus
2321 1055 2402 1099 est
2430 1045 2640 1100 niveum
2670 1056 2869 1101 sanctae
2896 1050 3258 1117 generationis
3289 1049 3564 1118 possidere

1997 1137 2308 1207 candorem,
2339 1140 2428 1206 qui
2461 1140 2599 1193 inter
2625 1141 2885 1204 incestos,
2914 1142 3179 1197 veneficos
3203 1152 3257 1195 et
3291 1152 3566 1207 cruentos,

1998 1228 2077 1281 vel
2104 1229 2394 1297 praecipitio
2422 1233 2819 1299 autsuspendio
2847 1234 3007 1287 vitam
3038 1234 3354 1302 praecidens,
3382 1236 3434 1288 in
3455 1251 3573 1301 par-

2000 1326 2105 1371 tem
2165 1321 2375 1373 transiit
2440 1320 2743 1388 impiorum.
2806 1323 3048 1391 Legimus
3109 1326 3571 1394 inexstinguibiles

1997 1410 2237 1464 ﬂammas
2270 1409 2421 1464 iactis
2452 1413 2765 1481 capitalibus
2794 1424 3132 1483 pra‘paratas,
3159 1418 3425 1471 hominem
3445 1430 3571 1470 vero

1996 1502 2048 1554 in
2083 1503 2236 1556 malis
2275 1504 2385 1557 suis
2430 1505 2693 1559 viventem
2720 1551 2733 1574 ,
2782 1508 2896 1561 solo
2949 1509 3264 1574 baptismate
3309 1512 3567 1563 salvatnm

1996 1606 2114 1646 esse
2174 1610 2277 1646 non
2319 1593 2566 1661 legimus.
2618 1594 2919 1651 Periculosa
2970 1598 3111 1663 sibi,
3164 1601 3303 1668 quod
3363 1601 3569 1654 caelesti

1998 1682 2272 1750 Scriptura
2326 1701 2430 1739 non
2482 1686 2689 1755 legitur,
2722 1688 2935 1742 inimica
2968 1690 3226 1743 securitas
3260 1692 3566 1759 pollicetur.

320 1777 541 1832 ditionis
569 1772 905 1836 vocabulum,
957 1778 1218 1822 aeternum
1251 1764 1470 1833 perditae
1497 1762 1689 1817 animus
1729 1775 1891 1814 nove-

2002 1774 2170 1829 ntulto
2201 1775 2546 1841 peticnlosior
2573 1777 2659 1830 illa
2685 1794 2786 1831 non
2815 1779 3035 1834 credere
3064 1797 3181 1845 quae
3203 1782 3395 1835 veritas
3424 1798 3570 1837 com-

321 1871 487 1932 rimus
505 1863 939 1921 esseinteritum.
964 1860 1019 1913 ln
1041 1859 1428 1927 baptizatorum
1448 1868 1674 1908 numero
1696 1851 1898 1921 absque

321 1958 652 2017 dubitatione
675 1962 984 2017 censentur,
1007 1960 1061 2006 et
1083 1950 1321 2003 membra
1344 1946 1540 2001 Christi
1567 1958 1687 2002 esse
1713 1945 1899 2000 dicun-

322 2064 429 2119 tur,
461 2060 518 2106 et
545 2049 665 2103 vide
706 2046 973 2116 quomodo
1001 2043 1223 2114 perditis
1249 2050 1640 2109 comparantur,
1673 2053 1899 2109 quomo-

319 2146 390 2203 do
418 2158 447 2198 a
474 2139 832 2212 generositate
864 2137 1115 2201 filiorum,
1157 2134 1355 2203 ﬂagitio
1385 2140 1641 2202 operante
1668 2134 1896 2200 degene-

319 2247 461 2303 rant,
483 2234 698 2290 dicente
724 2229 977 2298 Apostolo
1010 2245 1022 2280 :
1060 2226 1257 2280 Tollam
1289 2242 1408 2296 ergo
1434 2224 1653 2278 membra
1683 2224 1892 2291 Christi,

321 2339 365 2383 et
414 2327 603 2396 faciam
652 2320 876 2376 membra
929 2318 1204 2373 meretricis
1222 2315 1271 2389 (ι
1310 2314 1427 2369 Cor.
1464 2313 1651 2383 xvrtt)?
1706 2314 1770 2368 Et
1818 2313 1894 2367 illi

321 2430 531 2486 quoque
580 2409 1011 2468 manifestissime
1038 2408 1178 2463 dona
1209 2406 1456 2463 secundae
1485 2407 1774 2460 nativitatis
1799 2421 1891 2458 ac-

322 2512 597 2577 ceperant,
609 2504 696 2573 qui
713 2500 873 2557 etiam
885 2497 1583 2575 charismatumdiversitate
1602 2496 1891 2565 pollebant,

322 2599 387 2655 de
412 2597 607 2668 quibus
639 2592 894 2649 Dominus
920 2593 972 2647 in
1007 2590 1294 2660 Evangelio
1323 2589 1449 2643 dicit
1484 2607 1495 2641 :
1543 2588 1697 2642 Multi
1728 2588 1893 2640 dicent

322 2692 441 2744 mihi
460 2690 516 2743 in
544 2688 635 2742 illa
663 2686 762 2752 die,
788 2684 1017 2747 Domine,
1039 2682 1276 2744 Domine,
1301 2697 1467 2734 nonne
1492 2682 1545 2735 in
1575 2685 1776 2735 nomine
1805 2691 1891 2733 tuo

323 2778 746 2850 prop/teterimae,
774 2785 817 2829 et
846 2776 898 2828 in
925 2774 1127 2827 nomine
1152 2782 1237 2825 tuo
1266 2773 1521 2826 dwmonia
1555 2772 1815 2843 ejerintus,
1844 2780 1891 2824 et

322 2874 371 2925 in
396 2871 598 2925 nomine
617 2876 700 2920 tuo
723 2866 928 2919 virtutes
948 2868 1133 2918 multas
1147 2862 1391 2933 fecimus?
1408 2861 1467 2914 Et
1490 2871 1607 2914 tunc
1623 2861 1675 2913 di
1684 2870 1751 2914 :et
1767 2860 1890 2923 illis,

324 2966 436 3029 quia
486 2978 587 3015 non
633 2959 746 3013 nari
783 2974 889 3024 vos,
924 2955 1162 3009 discedite
1186 2971 1217 3007 ιι
1248 2971 1343 3019 me,
1376 2956 1463 3023 qui
1491 2953 1771 3016 onerantini
1794 2952 1891 3004 ini-

322 3054 559 3122 quitatem
594 3047 807 3120 (Mattlt.
830 3061 926 3110 vtt,
955 3045 1069 3113 '22).
1096 3045 1223 3111 Quis
1250 3043 1524 3097 abditatos
1555 3058 1659 3096 non
1691 3042 1887 3095 intelli-

2001 1864 2249 1919 minatur.
2283 1865 2471 1932 Aliqua
2514 1867 2590 1937 (ut
2615 1867 2814 1936 dicitis)
2848 1869 3182 1925 beatissimus
3209 1871 3288 1923 vir
3336 1872 3570 1925 Marinus

1998 1970 2116 2009 eum
2169 1957 2598 2011 interminatione
2640 1958 2927 2021 disseruit;
2982 1961 3076 2015 sed
3100 1962 3234 2015 sicut
3279 1962 3405 2014 i;lud
3429 1963 3569 2029 quod

2000 2046 2242 2114 promisit
2284 2046 2538 2100 Dominus
2578 2048 2919 2117 diligentibus
2947 2066 3028 2116 se,
3056 2050 3214 2103 etiam
3267 2052 3569 2105 testimonio

1997 2137 2239 2202 Aposttii
2270 2153 2363 2206 pro
2391 2138 2467 2192 rei
2495 2138 2859 2207 magnitudine
2884 2140 2934 2193 in
2964 2154 3056 2193 cor
3087 2140 3315 2194 hominis
3345 2158 3447 2194 non
3481 2156 3568 2195 att-

1995 2225 2193 2291 cendit,
2228 2226 2297 2280 ita
2330 2227 2624 2282 futurorum
2672 2228 3001 2283 immensitas
3043 2230 3369 2284 cruciatuutn
3399 2246 3565 2300 angu-

1996 2317 2126 2370 stias
2150 2317 2393 2371 humanm
2425 2318 2617 2372 mentis
2634 2316 3007 2387 excedet,quae
3034 2319 3170 2373 mala
3196 2331 3565 2375 tnumentanea

1996 2407 2319 2475 poenitentia:
2375 2409 2558 2462 Illnbl'a
2608 2424 2710 2463 nun
2766 2419 3024 2476 removet,
3071 2426 3191 2478 qua:
3238 2412 3393 2465 tidem
3447 2411 3564 2465 sine

1995 2498 2242 2563 upcribus
2272 2512 2375 2550 non
2404 2497 2644 2565 repellet,
2674 2499 2863 2566 quibus
2908 2501 3189 2553 terminum
3242 2502 3559 2555 sa‘cu‘orum

1996 2585 2281 2640 labentium
2333 2601 2523 2641 cursus
2564 2588 2617 2641 in
2646 2588 2873 2642 ﬂammis
2907 2590 3422 2658 inexstinguibilibus
3448 2601 3567 2645 sta-

1996 2685 2145 2729 tuere
2204 2692 2309 2730 non
2356 2676 2574 2743 valebit,
2622 2678 2759 2732 inter
2804 2693 2935 2748 quos
2964 2678 3312 2735 inexhaustos
3341 2697 3575 2750 vapores

1996 2767 2143 2822 tarde
2167 2782 2226 2822 se
2247 2768 2423 2822 anima
2451 2782 2705 2838 corporea
2725 2780 2777 2824 et
2796 2772 2989 2825 sentiet
3018 2779 3072 2825 et
3094 2770 3311 2825 videbit.
3338 2772 3402 2826 Et
3420 2773 3577 2838 ideo,.

1988 2859 2165 2929 justis,
2200 2860 2363 2915 castis
2389 2871 2440 2917 et
2473 2862 2573 2931 piis
2603 2863 2851 2932 operibus
2882 2864 3021 2917 diem
3054 2864 3295 2917 ultimum
3324 2880 3562 2934 praecur-

1993 2966 2208 3006 ramus:
2244 2962 2297 3008 et
2319 2951 2405 3008 hic
2445 2953 2679 3008 timendo
2708 2969 2771 3008 ea
2802 2956 3044 3024 qttzeillic
3068 2957 3259 3011 timere
3285 2957 3414 3011 nihil
3440 2974 3563 3026 pro-

1992 3042 2149 3110 derit,
2184 3057 2280 3097 nos
2329 3043 2676 3098 declinemus.
2712 3045 2808 3098 ilic
2849 3045 3006 3099 linem
3032 3045 3251 3099 infinitis
3279 3046 3562 3101 bconten-

320 3119 407 3213 gat
433 3156 462 3193 a
494 3119 795 3206 salute,qtti
819 3151 848 3190 a
871 3145 1159 3204 conSpectu
1180 3134 1617 3202 Patrisjubcntur
1638 3132 1887 3187 abscede-
1914 3119 1958 3181 (Ι
1994 3132 2224 3186 tionibus
2276 3132 2631 3203 imponamus,
2681 3146 2733 3189 et
2762 3135 3095 3189 intoleranda
3150 3138 3392 3191 incendia
3424 3154 3563 3193 nunc

324 3233 415 3287 re?
442 3232 497 3285 in
545 3239 745 3284 sortem
775 3241 869 3282 eos
912 3240 1023 3281 sua.
1057 3240 1203 3279 mors
1255 3224 1616 3279 indubitanter
1642 3226 1887 3293 accipiet,

322 3336 453 3391 quos
476 3320 582 3374 vita
614 3334 731 3387 qua:
760 3317 1002 3372 Christus
1027 3326 1108 3371 est
1134 3315 1415 3385 ignorabit.
1448 3316 1751 3383 Baptizatus
1780 3331 1891 3384 per-

323 3411 510 3467 ditioni
547 3410 681 3464 tradi
724 3422 815 3477 pro
844 3406 1206 3475 iniquitatibus
1231 3406 1341 3461 suis
1371 3405 1616 3469 dubitas;
1645 3420 1762 3459 cum
1797 3404 1890 3457 ba-

325 3504 514 3574 ptisma
555 3502 726 3569 ipsum
768 3514 859 3568 per
900 3499 1061 3552 multi
1110 3498 1311 3551 scelera
1342 3496 1520 3565 perire
1562 3497 1891 3566 cognoscas?

325 3592 473 3660 Quod
503 3601 706 3657 autem,
737 3591 876 3644 sicut
915 3590 1102 3659 pagina
1146 3590 1402 3652 continet,
1454 3602 1631 3642 sermo
1676 3598 1797 3642 tuus
1823 3590 1889 3645 de

325 3683 583 3753 pr0pheta
628 3690 897 3735 mutuatus
924 3680 1099 3749 ignem
1126 3678 1316 3733 anima:
1361 3679 1616 3747 simplicis
1653 3681 1888 3733 tes-tima-

325 3776 417 3839 vit,
447 3774 514 3828 de
535 3774 647 3828 sola
676 3773 776 3826 hoc
796 3770 1086 3825 divinitatis
1102 3769 1397 3826 substantia
1414 3770 1589 3824 dicere
1616 3771 1884 3837 convenit,

323 3866 410 3922 cui
429 3865 562 3921 nihil
583 3865 906 3935 appositum,
934 3861 1063 3917 nihil
1090 3877 1118 3916 a
1148 3863 1427 3931 superiore
1456 3862 1730 3929 collatum,
1757 3862 1890 3915 nihil

323 3966 532 4012 constat
576 3956 902 4025 adjunctum.
936 3953 1118 4008 Justus
1167 3955 1364 4023 patiter
1393 3965 1446 4009 et
1474 3955 1675 4021 justitia
1704 3955 1888 4007 vivens

324 4059 381 4103 et
404 4048 530 4111 vita,
564 4048 775 4115 sapiens
815 4060 972 4113 mque
1018 4044 1276 4114 sapientia
1322 4052 1408 4100 est
1439 4047 1604 4099 virtus
1634 4057 1687 4100 et
1739 4046 1889 4115 origo

323 4140 597 4193 virtutum.
630 4138 684 4193 ιιι
714 4136 1090 4206 principalibus
1130 4138 1271 4193 enim
1300 4138 1459 4192 bOnis
1504 4139 1635 4203 suis,
1665 4142 1764 4193 ltoc
1808 4149 1889 4195 cst

324 4233 437 4300 ipse
457 4231 595 4298 quod
650 4230 903 4299 possidet.
958 4229 1128 4284 ilomo
1166 4245 1295 4285 vero
1324 4230 1521 4299 duplex
1544 4231 1763 4301 intelligi
1797 4247 1889 4300 po-

326 4323 560 4391 test,_qui
591 4323 773 4376 vivens
804 4332 855 4375 ct
878 4321 1055 4390 justus
1082 4328 1134 4376 et
1156 4322 1367 4389 sapiens
1395 4321 1496 4376 dici
1529 4331 1705 4391 potest
1733 4340 1746 4375 :
1780 4324 1886 4378 vita

324 4421 497 4468 autem
525 4424 575 4468 et
601 4412 801 4481 justitia
841 4412 943 4466 dici
976 4426 1080 4465 non
1114 4420 1305 4479 potest,
1337 4413 1459 4480 quia
1503 4413 1572 4465 ita
1606 4412 1688 4466 his
1716 4412 1888 4467 indui-

1991 3224 2276 3279 salubriter
2322 3224 2624 3294 cogitando,
2656 3241 2720 3280 ex
2768 3226 2897 3296 ipsis
2929 3226 3137 3296 ignibus
3183 3237 3379 3283 mterna
3410 3228 3575 3283 nobis.

1992 3314 2262 3383 refrigeria
2296 3330 2689 3383 comparemus.

2075 3416 2096 3441 ε
2126 3405 2313 3459 Certus
2344 3416 2516 3461 autem
2545 3423 2661 3460 sum
2707 3408 2775 3462 de
2804 3408 2905 3463 fide
2936 3420 3137 3478 vestra,
3167 3411 3311 3481 quod
3351 3412 3558 3468 falerati

1990 3496 2286 3562 composito
2310 3496 2479 3549 nitore
2501 3497 2763 3550 sermonis
2792 3498 3089 3566 acceptiora
3115 3499 3263 3554 vobis
3289 3511 3444 3555 erunt
3473 3517 3561 3555 sa-

1991 3585 2197 3640 lutifera
2223 3580 2444 3641 sincerae
2484 3587 2789 3641 testimonia
2820 3588 3083 3643 veritatis.
3134 3589 3325 3644 Filium
3382 3607 3560 3647 meum

1991 3677 2355 3744 Eminentlum,
2388 3678 2542 3733 dulce
2567 3679 2729 3733 decus
2773 3689 3033 3743 nostrum,
3078 3688 3303 3750 paterno
3331 3683 3559 3749 sospita-

1992 3787 2107 3826 mns
2135 3772 2342 3827 aﬂ‘ectn.
2384 3773 2635 3827 Domitius
2666 3782 2848 3828 noster
2877 3774 3243 3827 admirandam
3275 3774 3403 3829 mihi
3445 3790 3555 3829 ma-

1988 3864 2346 3932 gnificentiam
2378 3878 2526 3918 suam
2580 3863 2932 3934 praesentibus
2982 3864 3188 3933 repleat
3216 3864 3372 3921 bonis
3398 3874 3452 3921 et
3479 3866 3558 3922 di-

1987 3963 2147 4019 gnum
2173 3949 2371 4002 ’reddat
2402 3952 2634 4004 aeternis.

2559 4060 2887 4117 EPISTULA
2926 4061 2988 4115 V.

2025 4167 2202 4207 ι’,ιυετι
2225 4166 2522 4206 ιιιιεοιιςκειε
2537 4169 2830 4206 οειιιιΑιιυιι
2854 4169 3081 4207 EPISCOPI
3107 4170 3171 4207 DE
3188 4169 3525 4208 ΡαίΝΙΊἘΝτΙΔ

2347 4239 2411 4276 AD
2434 4238 2655 4277 FELICEM
2686 4236 2764 4276 PP.
2797 4240 2861 4277 ετ
2891 4238 3198 4277 ΡΑτιιιτιυιι.

2062 4313 2284 4367 Domino
2316 4313 2550 4383 piissimo
2588 4323 2642 4368 et
2666 4314 2983 4381 specialibus
3021 4314 3208 4369 ofﬁciis
3242 4314 3555 4379 escolendo,

1990 4414 2047 4459 nt
2074 4404 2300 4470 co::lido,
2336 4406 2386 4459 in
2427 4415 2679 4460 aeternum
2710 4405 2854 4460 fratri
2880 4414 2933 4461 et
2980 4420 3074 4473 per
3114 4407 3290 4459 omnia
3342 4406 3556 4461 domino

326 4516 428 4570 tur,
458 4516 515 4559 ut
535 4474 816 4573 ali-quodest
841 4513 1085 4559 exuatur.
1125 4503 1275 4570 Quod
1307 4503 1509 4557 homini
1557 4503 1735 4558 datum
1784 4515 1885 4571 est,
1918 4474 1967 4534 θ
1992 4497 2151 4553 Felici
2183 4498 2425 4552 F-tuslUS-

325 4596 435 4653 Deo
480 4596 695 4651 insitum
726 4605 826 4649 est.
853 4595 1018 4649 liomo
1057 4593 1228 4665 (verbi
1255 4594 1443 4665 gratia)
1476 4594 1757 4650 deauratus
1786 4606 1888 4661 est,

326 4688 472 4745 Deus
515 4702 705 4741 aurum
756 4694 860 4752 est,
906 4685 958 4739 in
1007 4700 1112 4753 quo
1143 4685 1243 4739 hoc
1271 4692 1355 4740 est
1382 4686 1613 4752 potentia
1645 4693 1698 4739 et
1723 4686 1889 4754 gloria

324 4778 461 4847 quod
485 4787 694 4833 natura.
725 4776 855 4830 Nam
885 4775 1025 4846 quod
1049 4774 1312 4829 subtiliter
1344 4775 1606 4842 indicasti,
1635 4777 1680 4831 si
1709 4778 1888 4832 omnia

324 4867 437 4920 haec
465 4880 583 4934 qua:
612 4864 864 4919 dominus
914 4864 1148 4918 Marinus
1177 4863 1573 4933 interminatur,
1619 4866 1891 4935 excipiunt

324 4963 650 5023 peceatores,
674 4954 800 5022 quid
830 4953 996 5022 magis
1026 4952 1171 5022 impii
1202 4964 1507 5009 mereantur
1530 4954 1715 5024 ignoro
1740 4958 1753 5009 l
1784 4957 1891 5011 lla-

323 5046 447 5102 bent
477 5046 577 5100 sub
608 5044 931 5115 perennibus
957 5045 1130 5107 malis,
1160 5054 1213 5099 et
1242 5046 1497 5115 supplicia
1521 5048 1714 5116 gradus
1743 5062 1886 5113 suos,

322 5148 374 5194 et
422 5138 671 5209 gravibus
715 5137 976 5191 obnoxius
1026 5136 1292 5203 peccatis,
1344 5136 1564 5190 infinitis
1615 5137 1759 5209 (licet
1809 5146 1889 5192 ta-

323 5242 723 5299 ntenutcunque
744 5225 1075 5297 tolerandis),
1096 5227 1286 5294 impius
1316 5240 1442 5280 vero
1461 5268 1476 5289 ,
1506 5228 1754 5283 inauditis
1770 5244 1892 5283 cru-

324 5322 545 5377 ciatibus
590 5328 885 5390 torquetur.
915 5317 1065 5371 Tunc
1114 5325 1291 5370 autem
1332 5314 1578 5384 baptismi
1613 5326 1637 5353 ι
1667 5319 1890 5386 gratiam

327 5412 554 5478 habetis,
585 5425 687 5467 nec
716 5417 895 5481 posset
926 5418 1095 5461 morte
1126 5406 1352 5477 aliquem
1383 5405 1677 5469 vindicare,
1704 5408 1804 5463 nisi
1837 5410 1888 5464 in

397 5558 421 5582 ι
448 5546 555 5605 ΑΙ..
588 5542 771 5597 Gratia
796 5543 860 5595 ab
880 5550 1066 5594 (eterna
1097 5547 1255 5593 morte
1298 5537 1453 5606 possit
1483 5540 1732 5594 Ituminem
1766 5541 1885 5594 uin-

324 5617 491 5667 dicare
516 5616 556 5666 si
598 5616 648 5666 in
676 5613 947 5680 aliquibus,
979 5624 1083 5665 etc.

396 5692 417 5723 ι
455 5684 568 5749 AL,
618 5679 1021 5738 contritionibus.
1074 5679 1149 5734 Ex
1194 5679 1383 5750 ignium
1412 5690 1710 5736 meritorum
1744 5682 1884 5748 cogi-

2064 4591 2307 4660 Magnum
2356 4591 2565 4659 pietatis
2609 4599 2661 4645 et
2702 4590 2823 4643 ﬁdei
2876 4589 3420 4659 testimOnium,tptod
3466 4606 3560 4659 per

1995 4689 2258 4735 tantarum
2315 4690 2463 4735 vasta
2509 4680 2784 4734 intervalla
2839 4680 3133 4748 regionum,
3171 4689 3223 4735 et
3250 4696 3346 4748 per
3372 4690 3443 4735 tot
3478 4697 3560 4737 re-

1994 4789 2108 4827 rum
2140 4773 2412 4842 intetjecta
2444 4773 2775 4839 discrimina,
2808 4773 2872 4827 ad
2904 4788 3002 4829 nos
3033 4787 3197 4844 usque.
3229 4776 3557 4829 latitudinem

1991 4864 2470 4919 vestrtecharitatis
2484 4864 2789 4919 extenditis.
2817 4863 2872 4918 In
2887 4865 2989 4923 hac
3009 4865 3332 4934 relegatione
3356 4874 3558 4931 nostra,

1995 4954 2185 5008 artifex
2218 4954 2308 5009 Dei
2346 4956 2512 5009 nostri
2543 4955 2928 5019 misericordia,
2972 4957 3181 5024 gemina
3205 4966 3417 5011 exercet
3441 4958 3560 5010 otti-

1996 5049 2094 5110 c'a,
2133 5058 2370 5100 nostram
2424 5047 2625 5099 excutit
2666 5054 2884 5115 paterna
2936 5045 3215 5101 sedulitate
3238 5047 3558 5117 rubiginem,

1994 5151 2047 5194 et
2071 5150 2295 5193 vestram
2326 5140 2468 5192 circa
2501 5154 2597 5192 nos
2619 5137 2871 5191 dilucidat
2895 5136 3075 5203 fidem,
3099 5148 3434 5207 vestramque
3463 5153 3558 5205 ap-

1995 5232 2181 5299 probat
2211 5233 2485 5298 pietatem.
2534 5228 2640 5281 Nos
2684 5228 2864 5282 elimat
2913 5229 3138 5297 benigna
3196 5229 3433 5292 solertia,
3462 5241 3558 5279 vos

1997 5321 2258 5392 producit,
2291 5335 2388 5374 nos
2415 5327 2727 5385 coangustat
2764 5317 3071 5388 salubriter,
3098 5332 3191 5371 vos
3216 5318 3421 5372 dilatat.
3452 5314 3559 5368 Nos

1996 5411 2267 5477 arguimur
2318 5424 2410 5463 vos
2446 5408 2719 5477 proticitis.
2751 5408 3063 5464 detrimenta
3086 5416 3265 5462 nostra
3294 5405 3347 5459 in
3379 5410 3557 5457 vestra

1997 5542 2184 5595 tatione
2211 5551 2498 5609 praeparata
2522 5541 2616 5595 sibi
2637 5552 2829 5611 (eterna
2854 5542 3137 5611 refrigeria.

2070 5625 2089 5647 ε
2122 5612 2246 5665 ibeo
2278 5615 2325 5663 in
2351 5616 2605 5666 hactenus
2631 5610 2839 5666 excusis
2866 5626 2969 5663 non
2996 5613 3275 5679 habentur,
3300 5611 3392 5667 sed
3417 5623 3559 5668 nunc

1996 5698 2060 5738 ex
2087 5698 2185 5736 ms.
2217 5682 2424 5738 lleurici
2453 5682 2649 5737 Castisii
2670 5690 3029 5737 acceSset‘unt.
