  <div class='ocr_page' id='page_1' title='image "/cluster/home/n/w/nwhite01/storage/ocr_20150623/58/hvd.32044073505109/461.png"; bbox 0 0 4002 6188; ppageno 0'>
   <div class='ocr_carea' id='block_1_1' title="bbox 376 292 472 346">
    <p class='ocr_par' dir='ltr' id='par_1_1' title="bbox 376 292 472 346">
     <span class='ocr_line' id='line_1_1' title="bbox 376 292 472 346; baseline -0.021 0"><span class='ocrx_word' id='word_1_1' title='bbox 376 292 472 346; x_wconf 73' lang='grc'><strong>851</strong></span> 
     </span>
    </p>
   </div>
   <div class='ocr_carea' id='block_1_2' title="bbox 1604 284 2394 344">
    <p class='ocr_par' dir='ltr' id='par_1_2' title="bbox 1604 284 2394 344">
     <span class='ocr_line' id='line_1_2' title="bbox 1604 284 2394 344; baseline 0.001 -3"><span class='ocrx_word' id='word_1_2' title='bbox 1604 286 1661 341; x_wconf 87' lang='lat' dir='ltr'><strong>S.</strong></span> <span class='ocrx_word' id='word_1_3' title='bbox 1705 284 1949 340; x_wconf 79' lang='lat' dir='ltr'><strong>FAUSTI</strong></span> <span class='ocrx_word' id='word_1_4' title='bbox 1991 284 2394 344; x_wconf 64' lang='lat' dir='ltr'><strong>lillEGlElVSlS</strong></span> 
     </span>
    </p>
   </div>
   <div class='ocr_carea' id='block_1_3' title="bbox 3540 290 3642 352">
    <p class='ocr_par' dir='ltr' id='par_1_3' title="bbox 3540 290 3642 352">
     <span class='ocr_line' id='line_1_3' title="bbox 3540 290 3642 352; baseline -0.02 0"><span class='ocrx_word' id='word_1_5' title='bbox 3540 290 3642 352; x_wconf 72' lang='lat'><strong>852</strong></span> 
     </span>
    </p>
   </div>
   <div class='ocr_carea' id='block_1_4' title="bbox 373 400 3642 472">
    <p class='ocr_par' dir='ltr' id='par_1_4' title="bbox 373 400 3642 472">
     <span class='ocr_line' id='line_1_4' title="bbox 373 400 3642 472; baseline 0.001 -15"><span class='ocrx_word' id='word_1_6' title='bbox 373 409 650 458; x_wconf 88' lang='lat' dir='ltr'><strong>transeunt</strong></span> <span class='ocrx_word' id='word_1_7' title='bbox 675 400 975 458; x_wconf 87' lang='lat' dir='ltr'><strong>commoda.</strong></span> <span class='ocrx_word' id='word_1_8' title='bbox 998 400 1130 458; x_wconf 85' lang='lat' dir='ltr'><strong>Cum</strong></span> <span class='ocrx_word' id='word_1_9' title='bbox 1164 401 1494 457; x_wconf 96' lang='lat' dir='ltr'><strong>feneratores</strong></span> <span class='ocrx_word' id='word_1_10' title='bbox 1521 402 1686 455; x_wconf 88' lang='lat' dir='ltr'><strong>nostri</strong></span> <span class='ocrx_word' id='word_1_11' title='bbox 1707 401 1843 465; x_wconf 85' lang='lat' dir='ltr'><strong>sitis,</strong></span> <span class='ocrx_word' id='word_1_12' title='bbox 1870 401 1947 454; x_wconf 87' lang='lat' dir='ltr'><strong>in-</strong></span> <span class='ocrx_word' id='word_1_13' title='bbox 1975 401 2025 458; x_wconf 74' lang='grc' dir='ltr'><strong>Δ</strong></span> <span class='ocrx_word' id='word_1_14' title='bbox 2057 401 2408 468; x_wconf 73' lang='lat' dir='ltr'><strong>producatur,</strong></span> <span class='ocrx_word' id='word_1_15' title='bbox 2437 412 2492 456; x_wconf 92' lang='lat' dir='ltr'><strong>et</strong></span> <span class='ocrx_word' id='word_1_16' title='bbox 2534 404 2671 458; x_wconf 82' lang='lat' dir='ltr'><strong>sicut</strong></span> <span class='ocrx_word' id='word_1_17' title='bbox 2695 402 2830 458; x_wconf 87' lang='lat' dir='ltr'><strong>dixit</strong></span> <span class='ocrx_word' id='word_1_18' title='bbox 2857 402 3165 472; x_wconf 73' lang='lat' dir='ltr'><strong>Apostolus,</strong></span> <span class='ocrx_word' id='word_1_19' title='bbox 3199 402 3264 457; x_wconf 75' lang='lat' dir='ltr'><strong>dc</strong></span> <span class='ocrx_word' id='word_1_20' title='bbox 3295 412 3505 472; x_wconf 78' lang='lat' dir='ltr'><strong>peccato</strong></span> <span class='ocrx_word' id='word_1_21' title='bbox 3535 411 3642 464; x_wconf 83' lang='lat' dir='ltr'><strong>eia.</strong></span> 
     </span>
    </p>
   </div>
   <div class='ocr_carea' id='block_1_5' title="bbox 371 493 1945 564">
    <p class='ocr_par' dir='ltr' id='par_1_5' title="bbox 371 493 1945 564">
     <span class='ocr_line' id='line_1_5' title="bbox 371 493 1945 564; baseline 0.001 -18"><span class='ocrx_word' id='word_1_22' title='bbox 371 493 546 562; x_wconf 79' lang='lat' dir='ltr'><strong>cipiiis</strong></span> <span class='ocrx_word' id='word_1_23' title='bbox 574 494 742 548; x_wconf 84' lang='lat' dir='ltr'><strong>nostri</strong></span> <span class='ocrx_word' id='word_1_24' title='bbox 784 507 901 549; x_wconf 89' lang='lat' dir='ltr'><strong>esse</strong></span> <span class='ocrx_word' id='word_1_25' title='bbox 929 493 1221 560; x_wconf 75' lang='lat' dir='ltr'><strong>debitores,</strong></span> <span class='ocrx_word' id='word_1_26' title='bbox 1263 493 1529 564; x_wconf 79' lang='lat' dir='ltr'><strong>siquidem</strong></span> <span class='ocrx_word' id='word_1_27' title='bbox 1560 507 1720 548; x_wconf 91' lang='lat' dir='ltr'><strong>causa</strong></span> <span class='ocrx_word' id='word_1_28' title='bbox 1752 502 1945 549; x_wconf 69' lang='lat' dir='ltr'><strong>vestra:</strong></span> 
     </span>
    </p>
   </div>
   <div class='ocr_carea' id='block_1_6' title="bbox 370 587 1944 657">
    <p class='ocr_par' dir='ltr' id='par_1_6' title="bbox 370 587 1944 657">
     <span class='ocr_line' id='line_1_6' title="bbox 370 587 1944 657; baseline 0.001 -17"><span class='ocrx_word' id='word_1_29' title='bbox 370 587 670 641; x_wconf 81' lang='lat' dir='ltr'><strong>devotionis</strong></span> <span class='ocrx_word' id='word_1_30' title='bbox 718 595 774 642; x_wconf 88' lang='lat' dir='ltr'><strong>et</strong></span> <span class='ocrx_word' id='word_1_31' title='bbox 817 587 1082 642; x_wconf 85' lang='lat' dir='ltr'><strong>mercedis</strong></span> <span class='ocrx_word' id='word_1_32' title='bbox 1111 597 1306 644; x_wconf 74' lang='lat' dir='ltr'><strong>vestra:</strong></span> <span class='ocrx_word' id='word_1_33' title='bbox 1334 588 1556 642; x_wconf 85' lang='lat' dir='ltr'><strong>materia</strong></span> <span class='ocrx_word' id='word_1_34' title='bbox 1595 601 1736 641; x_wconf 90' lang='lat' dir='ltr'><strong>sum.</strong></span> <span class='ocrx_word' id='word_1_35' title='bbox 1769 589 1944 657; x_wconf 79' lang='lat' dir='ltr'><strong>Opera</strong></span> 
     </span>
    </p>
   </div>
   <div class='ocr_carea' id='block_1_7' title="bbox 371 678 1946 748">
    <p class='ocr_par' dir='ltr' id='par_1_7' title="bbox 371 678 1946 748">
     <span class='ocr_line' id='line_1_7' title="bbox 371 678 1946 748; baseline 0.004 -20"><span class='ocrx_word' id='word_1_36' title='bbox 371 687 568 742; x_wconf 82' lang='lat' dir='ltr'><strong>vestra,</strong></span> <span class='ocrx_word' id='word_1_37' title='bbox 602 678 670 732; x_wconf 88' lang='lat' dir='ltr'><strong>de</strong></span> <span class='ocrx_word' id='word_1_38' title='bbox 713 679 868 734; x_wconf 78' lang='lat' dir='ltr'><strong>nobis</strong></span> <span class='ocrx_word' id='word_1_39' title='bbox 905 681 1122 748; x_wconf 91' lang='lat' dir='ltr'><strong>capiunt</strong></span> <span class='ocrx_word' id='word_1_40' title='bbox 1168 679 1374 734; x_wconf 77' lang='lat' dir='ltr'><strong>lucrum</strong></span> <span class='ocrx_word' id='word_1_41' title='bbox 1421 681 1609 733; x_wconf 86' lang='lat' dir='ltr'><strong>merita</strong></span> <span class='ocrx_word' id='word_1_42' title='bbox 1639 693 1834 745; x_wconf 81' lang='lat' dir='ltr'><strong>chtra,</strong></span> <span class='ocrx_word' id='word_1_43' title='bbox 1877 679 1946 734; x_wconf 87' lang='lat' dir='ltr'><strong>dc</strong></span> 
     </span>
    </p>
   </div>
   <div class='ocr_carea' id='block_1_8' title="bbox 372 768 1946 840">
    <p class='ocr_par' dir='ltr' id='par_1_8' title="bbox 372 768 1946 840">
     <span class='ocr_line' id='line_1_8' title="bbox 372 768 1946 840; baseline 0.003 -20"><span class='ocrx_word' id='word_1_44' title='bbox 372 768 592 836; x_wconf 82' lang='lat' dir='ltr'><strong>ﬂagellis</strong></span> <span class='ocrx_word' id='word_1_45' title='bbox 626 770 824 824; x_wconf 81' lang='lat' dir='ltr'><strong>nostris</strong></span> <span class='ocrx_word' id='word_1_46' title='bbox 871 779 1180 825; x_wconf 85' lang='lat' dir='ltr'><strong>mutuantur</strong></span> <span class='ocrx_word' id='word_1_47' title='bbox 1207 779 1571 840; x_wconf 81' lang='lat' dir='ltr'><strong>augmentum.</strong></span> <span class='ocrx_word' id='word_1_48' title='bbox 1606 770 1808 824; x_wconf 72' lang='lat' dir='ltr'><strong>Vestra:</strong></span> <span class='ocrx_word' id='word_1_49' title='bbox 1839 771 1946 825; x_wconf 84' lang='lat' dir='ltr'><strong>sol-</strong></span> 
     </span>
    </p>
   </div>
   <div class='ocr_carea' id='block_1_9' title="bbox 373 861 1942 931">
    <p class='ocr_par' dir='ltr' id='par_1_9' title="bbox 373 861 1942 931">
     <span class='ocr_line' id='line_1_9' title="bbox 373 861 1942 931; baseline 0.001 -16"><span class='ocrx_word' id='word_1_50' title='bbox 373 861 682 929; x_wconf 87' lang='lat' dir='ltr'><strong>licitudinis,</strong></span> <span class='ocrx_word' id='word_1_51' title='bbox 703 863 770 917; x_wconf 91' lang='lat' dir='ltr'><strong>ad</strong></span> <span class='ocrx_word' id='word_1_52' title='bbox 797 878 893 919; x_wconf 87' lang='lat' dir='ltr'><strong>nos</strong></span> <span class='ocrx_word' id='word_1_53' title='bbox 907 863 1129 919; x_wconf 73' lang='lat' dir='ltr'><strong>affectus</strong></span> <span class='ocrx_word' id='word_1_54' title='bbox 1150 863 1216 918; x_wconf 87' lang='lat' dir='ltr'><strong>ad</strong></span> <span class='ocrx_word' id='word_1_55' title='bbox 1240 863 1426 931; x_wconf 90' lang='lat' dir='ltr'><strong>Deum,</strong></span> <span class='ocrx_word' id='word_1_56' title='bbox 1447 865 1691 931; x_wconf 77' lang='lat' dir='ltr'><strong>pervenit</strong></span> <span class='ocrx_word' id='word_1_57' title='bbox 1711 863 1942 919; x_wconf 88' lang='lat' dir='ltr'><strong>fructus:</strong></span> 
     </span>
    </p>
   </div>
   <div class='ocr_carea' id='block_1_10' title="bbox 369 952 1946 1024">
    <p class='ocr_par' dir='ltr' id='par_1_10' title="bbox 369 952 1946 1024">
     <span class='ocr_line' id='line_1_10' title="bbox 369 952 1946 1024; baseline 0.003 -18"><span class='ocrx_word' id='word_1_58' title='bbox 369 966 433 1006; x_wconf 86' lang='lat' dir='ltr'><strong>ac</strong></span> <span class='ocrx_word' id='word_1_59' title='bbox 459 954 536 1007; x_wconf 87' lang='lat' dir='ltr'><strong>sic</strong></span> <span class='ocrx_word' id='word_1_60' title='bbox 558 952 758 1022; x_wconf 82' lang='lat' dir='ltr'><strong>duplici</strong></span> <span class='ocrx_word' id='word_1_61' title='bbox 789 953 971 1021; x_wconf 90' lang='lat' dir='ltr'><strong>modo,</strong></span> <span class='ocrx_word' id='word_1_62' title='bbox 1003 965 1056 1008; x_wconf 91' lang='lat' dir='ltr'><strong>et</strong></span> <span class='ocrx_word' id='word_1_63' title='bbox 1082 955 1148 1008; x_wconf 87' lang='lat' dir='ltr'><strong>de</strong></span> <span class='ocrx_word' id='word_1_64' title='bbox 1176 963 1354 1009; x_wconf 88' lang='lat' dir='ltr'><strong>nostra</strong></span> <span class='ocrx_word' id='word_1_65' title='bbox 1385 956 1752 1024; x_wconf 82' lang='lat' dir='ltr'><strong>castigatione,</strong></span> <span class='ocrx_word' id='word_1_66' title='bbox 1798 964 1852 1011; x_wconf 90' lang='lat' dir='ltr'><strong>et</strong></span> <span class='ocrx_word' id='word_1_67' title='bbox 1878 956 1946 1010; x_wconf 91' lang='lat' dir='ltr'><strong>de</strong></span> 
     </span>
    </p>
   </div>
   <div class='ocr_carea' id='block_1_11' title="bbox 371 1045 1942 1118">
    <p class='ocr_par' dir='ltr' id='par_1_11' title="bbox 371 1045 1942 1118">
     <span class='ocr_line' id='line_1_11' title="bbox 371 1045 1942 1118; baseline 0.006 -23"><span class='ocrx_word' id='word_1_68' title='bbox 371 1053 544 1097; x_wconf 88' lang='lat' dir='ltr'><strong>vestra</strong></span> <span class='ocrx_word' id='word_1_69' title='bbox 590 1046 1168 1110; x_wconf 87' lang='lat' dir='ltr'><strong>retributione,divinis</strong></span> <span class='ocrx_word' id='word_1_70' title='bbox 1195 1045 1470 1102; x_wconf 85' lang='lat' dir='ltr'><strong>beneficiis</strong></span> <span class='ocrx_word' id='word_1_71' title='bbox 1499 1047 1817 1118; x_wconf 89' lang='lat' dir='ltr'><strong>obligamur.</strong></span> <span class='ocrx_word' id='word_1_72' title='bbox 1842 1048 1942 1104; x_wconf 84' lang='lat' dir='ltr'><strong>Pc-</strong></span> 
     </span>
    </p>
   </div>
   <div class='ocr_carea' id='block_1_12' title="bbox 371 1135 1945 1208">
    <p class='ocr_par' dir='ltr' id='par_1_12' title="bbox 371 1135 1945 1208">
     <span class='ocr_line' id='line_1_12' title="bbox 371 1135 1945 1208; baseline 0.005 -20"><span class='ocrx_word' id='word_1_73' title='bbox 371 1148 440 1189; x_wconf 90' lang='lat' dir='ltr'><strong>ne</strong></span> <span class='ocrx_word' id='word_1_74' title='bbox 479 1143 656 1189; x_wconf 87' lang='lat' dir='ltr'><strong>autem</strong></span> <span class='ocrx_word' id='word_1_75' title='bbox 687 1135 819 1188; x_wconf 91' lang='lat' dir='ltr'><strong>mihi</strong></span> <span class='ocrx_word' id='word_1_76' title='bbox 863 1136 1220 1204; x_wconf 80' lang='lat' dir='ltr'><strong>respondendi</strong></span> <span class='ocrx_word' id='word_1_77' title='bbox 1255 1139 1526 1193; x_wconf 88' lang='lat' dir='ltr'><strong>silentium</strong></span> <span class='ocrx_word' id='word_1_78' title='bbox 1570 1140 1825 1208; x_wconf 81' lang='lat' dir='ltr'><strong>perfectio</strong></span> <span class='ocrx_word' id='word_1_79' title='bbox 1853 1155 1945 1196; x_wconf 84' lang='lat' dir='ltr'><strong>ve-</strong></span> 
     </span>
    </p>
   </div>
   <div class='ocr_carea' id='block_1_13' title="bbox 370 1225 1946 1299">
    <p class='ocr_par' dir='ltr' id='par_1_13' title="bbox 370 1225 1946 1299">
     <span class='ocr_line' id='line_1_13' title="bbox 370 1225 1946 1299; baseline 0.004 -20"><span class='ocrx_word' id='word_1_80' title='bbox 370 1231 496 1279; x_wconf 76' lang='lat' dir='ltr'><strong>strae</strong></span> <span class='ocrx_word' id='word_1_81' title='bbox 537 1225 924 1282; x_wconf 84' lang='lat' dir='ltr'><strong>consolationis</strong></span> <span class='ocrx_word' id='word_1_82' title='bbox 966 1227 1249 1282; x_wconf 82' lang='lat' dir='ltr'><strong>indixerat.</strong></span> <span class='ocrx_word' id='word_1_83' title='bbox 1296 1230 1426 1284; x_wconf 87' lang='lat' dir='ltr'><strong>Nam</strong></span> <span class='ocrx_word' id='word_1_84' title='bbox 1477 1231 1590 1299; x_wconf 86' lang='lat' dir='ltr'><strong>ipsa</strong></span> <span class='ocrx_word' id='word_1_85' title='bbox 1639 1231 1946 1287; x_wconf 90' lang='lat' dir='ltr'><strong>sollicitudo</strong></span> 
     </span>
    </p>
   </div>
   <div class='ocr_carea' id='block_1_14' title="bbox 371 1314 1941 1392">
    <p class='ocr_par' dir='ltr' id='par_1_14' title="bbox 371 1314 1941 1392">
     <span class='ocr_line' id='line_1_14' title="bbox 371 1314 1941 1392; baseline 0.006 -24"><span class='ocrx_word' id='word_1_86' title='bbox 371 1315 733 1385; x_wconf 85' lang='lat' dir='ltr'><strong>interrogandi</strong></span> <span class='ocrx_word' id='word_1_87' title='bbox 754 1316 1156 1372; x_wconf 68' lang='lat' dir='ltr'><strong>videturlorma</strong></span> <span class='ocrx_word' id='word_1_88' title='bbox 1185 1314 1412 1382; x_wconf 80' lang='lat' dir='ltr'><strong>vivendi,</strong></span> <span class='ocrx_word' id='word_1_89' title='bbox 1440 1336 1597 1392; x_wconf 89' lang='lat' dir='ltr'><strong>quam</strong></span> <span class='ocrx_word' id='word_1_90' title='bbox 1619 1323 1853 1392; x_wconf 84' lang='lat' dir='ltr'><strong>quotidie</strong></span> <span class='ocrx_word' id='word_1_91' title='bbox 1873 1322 1941 1378; x_wconf 92' lang='lat' dir='ltr'><strong>de</strong></span> 
     </span>
    </p>
   </div>
   <div class='ocr_carea' id='block_1_15' title="bbox 370 1405 1944 1482">
    <p class='ocr_par' dir='ltr' id='par_1_15' title="bbox 370 1405 1944 1482">
     <span class='ocr_line' id='line_1_15' title="bbox 370 1405 1944 1482; baseline 0.007 -22"><span class='ocrx_word' id='word_1_92' title='bbox 370 1405 570 1460; x_wconf 78' lang='lat' dir='ltr'><strong>domini</strong></span> <span class='ocrx_word' id='word_1_93' title='bbox 609 1408 710 1462; x_wconf 88' lang='lat' dir='ltr'><strong>mei</strong></span> <span class='ocrx_word' id='word_1_94' title='bbox 750 1409 918 1477; x_wconf 85' lang='lat' dir='ltr'><strong>patris</strong></span> <span class='ocrx_word' id='word_1_95' title='bbox 942 1413 1104 1463; x_wconf 83' lang='lat' dir='ltr'><strong>vestri</strong></span> <span class='ocrx_word' id='word_1_96' title='bbox 1139 1410 1198 1465; x_wconf 90' lang='lat' dir='ltr'><strong>S.</strong></span> <span class='ocrx_word' id='word_1_97' title='bbox 1228 1411 1466 1482; x_wconf 83' lang='lat' dir='ltr'><strong>episcopi</strong></span> <span class='ocrx_word' id='word_1_98' title='bbox 1498 1423 1524 1450; x_wconf 78' lang='grc' dir='ltr'>ἰ</span> <span class='ocrx_word' id='word_1_99' title='bbox 1553 1414 1733 1469; x_wconf 90' lang='lat' dir='ltr'><strong>Leonii</strong></span> <span class='ocrx_word' id='word_1_100' title='bbox 1764 1416 1944 1470; x_wconf 84' lang='lat' dir='ltr'><strong>effica-</strong></span> 
     </span>
    </p>
   </div>
   <div class='ocr_carea' id='block_1_16' title="bbox 370 1487 1944 1568">
    <p class='ocr_par' dir='ltr' id='par_1_16' title="bbox 370 1487 1944 1568">
     <span class='ocr_line' id='line_1_16' title="bbox 370 1487 1944 1568; baseline 0.008 -19"><span class='ocrx_word' id='word_1_101' title='bbox 370 1496 520 1550; x_wconf 86' lang='lat' dir='ltr'><strong>cibus</strong></span> <span class='ocrx_word' id='word_1_102' title='bbox 549 1487 808 1553; x_wconf 82' lang='lat' dir='ltr'><strong>doctrinis</strong></span> <span class='ocrx_word' id='word_1_103' title='bbox 831 1508 882 1554; x_wconf 92' lang='lat' dir='ltr'><strong>et</strong></span> <span class='ocrx_word' id='word_1_104' title='bbox 911 1501 1636 1568; x_wconf 69' lang='lat' dir='ltr'><strong>prtesentibusdocumeutis</strong></span> <span class='ocrx_word' id='word_1_105' title='bbox 1666 1507 1944 1561; x_wconf 85' lang='lat' dir='ltr'><strong>sufficien-</strong></span> 
     </span>
    </p>
   </div>
   <div class='ocr_carea' id='block_1_17' title="bbox 373 1590 1947 1668">
    <p class='ocr_par' dir='ltr' id='par_1_17' title="bbox 373 1590 1947 1668">
     <span class='ocr_line' id='line_1_17' title="bbox 373 1590 1947 1668; baseline 0.006 -26"><span class='ocrx_word' id='word_1_106' title='bbox 373 1598 452 1642; x_wconf 90' lang='lat' dir='ltr'><strong>ter</strong></span> <span class='ocrx_word' id='word_1_107' title='bbox 476 1590 772 1655; x_wconf 89' lang='lat' dir='ltr'><strong>attrahitis;</strong></span> <span class='ocrx_word' id='word_1_108' title='bbox 808 1607 913 1644; x_wconf 85' lang='lat' dir='ltr'><strong>non</strong></span> <span class='ocrx_word' id='word_1_109' title='bbox 953 1601 1128 1647; x_wconf 89' lang='lat' dir='ltr'><strong>autem</strong></span> <span class='ocrx_word' id='word_1_110' title='bbox 1159 1594 1324 1648; x_wconf 88' lang='lat' dir='ltr'><strong>miror</strong></span> <span class='ocrx_word' id='word_1_111' title='bbox 1353 1595 1398 1650; x_wconf 89' lang='lat' dir='ltr'><strong>si</strong></span> <span class='ocrx_word' id='word_1_112' title='bbox 1445 1605 1501 1650; x_wconf 90' lang='lat' dir='ltr'><strong>et</strong></span> <span class='ocrx_word' id='word_1_113' title='bbox 1531 1612 1706 1651; x_wconf 91' lang='lat' dir='ltr'><strong>meum</strong></span> <span class='ocrx_word' id='word_1_114' title='bbox 1735 1598 1947 1668; x_wconf 85' lang='lat' dir='ltr'><strong>(quam-</strong></span> 
     </span>
    </p>
   </div>
   <div class='ocr_carea' id='block_1_18' title="bbox 371 1679 1946 1756">
    <p class='ocr_par' dir='ltr' id='par_1_18' title="bbox 371 1679 1946 1756">
     <span class='ocr_line' id='line_1_18' title="bbox 371 1679 1946 1756; baseline 0.005 -22"><span class='ocrx_word' id='word_1_115' title='bbox 371 1679 500 1734; x_wconf 81' lang='lat' dir='ltr'><strong>libet</strong></span> <span class='ocrx_word' id='word_1_116' title='bbox 526 1696 589 1734; x_wconf 85' lang='lat' dir='ltr'><strong>cx</strong></span> <span class='ocrx_word' id='word_1_117' title='bbox 633 1681 924 1751; x_wconf 89' lang='lat' dir='ltr'><strong>superfluo)</strong></span> <span class='ocrx_word' id='word_1_118' title='bbox 967 1682 1239 1751; x_wconf 81' lang='lat' dir='ltr'><strong>requiritis</strong></span> <span class='ocrx_word' id='word_1_119' title='bbox 1267 1685 1592 1750; x_wconf 85' lang='lat' dir='ltr'><strong>institutum,</strong></span> <span class='ocrx_word' id='word_1_120' title='bbox 1622 1686 1775 1756; x_wconf 85' lang='lat' dir='ltr'><strong>cujus</strong></span> <span class='ocrx_word' id='word_1_121' title='bbox 1805 1689 1946 1744; x_wconf 88' lang='lat' dir='ltr'><strong>circa</strong></span> 
     </span>
    </p>
   </div>
   <div class='ocr_carea' id='block_1_19' title="bbox 2053 491 3689 576">
    <p class='ocr_par' dir='ltr' id='par_1_19' title="bbox 2053 491 3689 576">
     <span class='ocr_line' id='line_1_19' title="bbox 2053 491 3689 576; baseline 0.007 -30"><span class='ocrx_word' id='word_1_122' title='bbox 2053 491 2304 549; x_wconf 86' lang='lat' dir='ltr'><strong>boremus</strong></span> <span class='ocrx_word' id='word_1_123' title='bbox 2356 493 2602 548; x_wconf 85' lang='lat' dir='ltr'><strong>damnare</strong></span> <span class='ocrx_word' id='word_1_124' title='bbox 2649 505 2935 564; x_wconf 77' lang='lat' dir='ltr'><strong>peccatum.</strong></span> <span class='ocrx_word' id='word_1_125' title='bbox 2991 497 3234 553; x_wconf 85' lang='lat' dir='ltr'><strong>Alterum</strong></span> <span class='ocrx_word' id='word_1_126' title='bbox 3303 499 3689 576; x_wconf 62' lang='lat' dir='ltr'><strong>abstinentia,-</strong></span> 
     </span>
    </p>
   </div>
   <div class='ocr_carea' id='block_1_20' title="bbox 2051 577 3678 659">
    <p class='ocr_par' dir='ltr' id='par_1_20' title="bbox 2051 577 3678 659">
     <span class='ocr_line' id='line_1_20' title="bbox 2051 577 3678 659; baseline 0.009 -24"><span class='ocrx_word' id='word_1_127' title='bbox 2051 596 2218 651; x_wconf 87' lang='lat' dir='ltr'><strong>genus</strong></span> <span class='ocrx_word' id='word_1_128' title='bbox 2245 592 2328 638; x_wconf 88' lang='lat' dir='ltr'><strong>est</strong></span> <span class='ocrx_word' id='word_1_129' title='bbox 2358 584 2526 640; x_wconf 89' lang='lat' dir='ltr'><strong>multo</strong></span> <span class='ocrx_word' id='word_1_130' title='bbox 2553 584 2837 642; x_wconf 86' lang='lat' dir='ltr'><strong>sublimius</strong></span> <span class='ocrx_word' id='word_1_131' title='bbox 2867 587 3141 658; x_wconf 86' lang='lat' dir='ltr'><strong>multoque</strong></span> <span class='ocrx_word' id='word_1_132' title='bbox 3175 591 3502 659; x_wconf 86' lang='lat' dir='ltr'><strong>pretiosius,</strong></span> <span class='ocrx_word' id='word_1_133' title='bbox 3529 609 3639 650; x_wconf 86' lang='lat' dir='ltr'><strong>mo-</strong></span> <span class='ocrx_word' id='word_1_134' title='bbox 3664 577 3678 614; x_wconf 54' lang='grc'>⁵</span> 
     </span>
    </p>
   </div>
   <div class='ocr_carea' id='block_1_21' title="bbox 2052 675 3638 748">
    <p class='ocr_par' dir='ltr' id='par_1_21' title="bbox 2052 675 3638 748">
     <span class='ocr_line' id='line_1_21' title="bbox 2052 675 3638 748; baseline 0.009 -22"><span class='ocrx_word' id='word_1_135' title='bbox 2052 680 2135 729; x_wconf 89' lang='lat' dir='ltr'><strong>tus</strong></span> <span class='ocrx_word' id='word_1_136' title='bbox 2181 675 2345 730; x_wconf 90' lang='lat' dir='ltr'><strong>animi</strong></span> <span class='ocrx_word' id='word_1_137' title='bbox 2390 690 2615 743; x_wconf 85' lang='lat' dir='ltr'><strong>regere;</strong></span> <span class='ocrx_word' id='word_1_138' title='bbox 2665 676 3068 734; x_wconf 86' lang='lat' dir='ltr'><strong>irrationabiles</strong></span> <span class='ocrx_word' id='word_1_139' title='bbox 3109 681 3548 748; x_wconf 84' lang='lat' dir='ltr'><strong>perturbationes</strong></span> <span class='ocrx_word' id='word_1_140' title='bbox 3585 694 3638 740; x_wconf 86' lang='lat' dir='ltr'><strong>et</strong></span> 
     </span>
    </p>
   </div>
   <div class='ocr_carea' id='block_1_22' title="bbox 2049 763 3640 832">
    <p class='ocr_par' dir='ltr' id='par_1_22' title="bbox 2049 763 3640 832">
     <span class='ocr_line' id='line_1_22' title="bbox 2049 763 3640 832; baseline 0.009 -16"><span class='ocrx_word' id='word_1_141' title='bbox 2049 763 2429 832; x_wconf 82' lang='lat' dir='ltr'><strong>cogitationum</strong></span> <span class='ocrx_word' id='word_1_142' title='bbox 2455 766 2594 820; x_wconf 90' lang='lat' dir='ltr'><strong>inter</strong></span> <span class='ocrx_word' id='word_1_143' title='bbox 2611 781 2669 823; x_wconf 89' lang='lat' dir='ltr'><strong>se</strong></span> <span class='ocrx_word' id='word_1_144' title='bbox 2699 767 3100 824; x_wconf 86' lang='lat' dir='ltr'><strong>colluctantium</strong></span> <span class='ocrx_word' id='word_1_145' title='bbox 3123 771 3355 829; x_wconf 85' lang='lat' dir='ltr'><strong>rebelles</strong></span> <span class='ocrx_word' id='word_1_146' title='bbox 3380 775 3640 832; x_wconf 85' lang='lat' dir='ltr'><strong>tumultus</strong></span> 
     </span>
    </p>
   </div>
   <div class='ocr_carea' id='block_1_23' title="bbox 2051 855 3637 934">
    <p class='ocr_par' dir='ltr' id='par_1_23' title="bbox 2051 855 3637 934">
     <span class='ocr_line' id='line_1_23' title="bbox 2051 855 3637 934; baseline 0.009 -26"><span class='ocrx_word' id='word_1_147' title='bbox 2051 857 2244 910; x_wconf 89' lang='lat' dir='ltr'><strong>mentis</strong></span> <span class='ocrx_word' id='word_1_148' title='bbox 2273 855 2498 926; x_wconf 89' lang='lat' dir='ltr'><strong>imperio</strong></span> <span class='ocrx_word' id='word_1_149' title='bbox 2526 858 2846 927; x_wconf 83' lang='lat' dir='ltr'><strong>subjugare;</strong></span> <span class='ocrx_word' id='word_1_150' title='bbox 2900 861 3116 916; x_wconf 77' lang='lat' dir='ltr'><strong>malitia:</strong></span> <span class='ocrx_word' id='word_1_151' title='bbox 3161 862 3340 928; x_wconf 91' lang='lat' dir='ltr'><strong>virus,</strong></span> <span class='ocrx_word' id='word_1_152' title='bbox 3383 873 3637 934; x_wconf 82' lang='lat' dir='ltr'><strong>tanquam</strong></span> 
     </span>
    </p>
   </div>
   <div class='ocr_carea' id='block_1_24' title="bbox 2049 946 3637 1021">
    <p class='ocr_par' dir='ltr' id='par_1_24' title="bbox 2049 946 3637 1021">
     <span class='ocr_line' id='line_1_24' title="bbox 2049 946 3637 1021; baseline 0.009 -21"><span class='ocrx_word' id='word_1_153' title='bbox 2049 946 2318 1003; x_wconf 87' lang='lat' dir='ltr'><strong>funestum</strong></span> <span class='ocrx_word' id='word_1_154' title='bbox 2351 949 2565 1019; x_wconf 88' lang='lat' dir='ltr'><strong>aliquod</strong></span> <span class='ocrx_word' id='word_1_155' title='bbox 2595 950 2940 1021; x_wconf 86' lang='lat' dir='ltr'><strong>maleficium,</strong></span> <span class='ocrx_word' id='word_1_156' title='bbox 2973 953 3040 1008; x_wconf 88' lang='lat' dir='ltr'><strong>de</strong></span> <span class='ocrx_word' id='word_1_157' title='bbox 3064 957 3430 1020; x_wconf 86' lang='lat' dir='ltr'><strong>penetralibus</strong></span> <span class='ocrx_word' id='word_1_158' title='bbox 3457 958 3637 1016; x_wconf 82' lang='lat' dir='ltr'><strong>cordis</strong></span> 
     </span>
    </p>
   </div>
   <div class='ocr_carea' id='block_1_25' title="bbox 2050 1041 3638 1106">
    <p class='ocr_par' dir='ltr' id='par_1_25' title="bbox 2050 1041 3638 1106">
     <span class='ocr_line' id='line_1_25' title="bbox 2050 1041 3638 1106; baseline 0.009 -14"><span class='ocrx_word' id='word_1_159' title='bbox 2050 1051 2343 1106; x_wconf 87' lang='lat' dir='ltr'><strong>exspuere,</strong></span> <span class='ocrx_word' id='word_1_160' title='bbox 2375 1048 2430 1095; x_wconf 93' lang='lat' dir='ltr'><strong>et</strong></span> <span class='ocrx_word' id='word_1_161' title='bbox 2458 1041 2690 1094; x_wconf 90' lang='lat' dir='ltr'><strong>animam</strong></span> <span class='ocrx_word' id='word_1_162' title='bbox 2717 1051 2904 1096; x_wconf 90' lang='lat' dir='ltr'><strong>contra</strong></span> <span class='ocrx_word' id='word_1_163' title='bbox 2931 1043 3267 1100; x_wconf 86' lang='lat' dir='ltr'><strong>diversarum</strong></span> <span class='ocrx_word' id='word_1_164' title='bbox 3295 1047 3491 1105; x_wconf 88' lang='lat' dir='ltr'><strong>fluctus</strong></span> <span class='ocrx_word' id='word_1_165' title='bbox 3525 1060 3638 1106; x_wconf 86' lang='lat' dir='ltr'><strong>ten-</strong></span> 
     </span>
    </p>
   </div>
   <div class='ocr_carea' id='block_1_26' title="bbox 2051 1131 3640 1204">
    <p class='ocr_par' dir='ltr' id='par_1_26' title="bbox 2051 1131 3640 1204">
     <span class='ocr_line' id='line_1_26' title="bbox 2051 1131 3640 1204; baseline 0.008 -21"><span class='ocrx_word' id='word_1_166' title='bbox 2051 1131 2330 1194; x_wconf 88' lang='lat' dir='ltr'><strong>tatiouum,</strong></span> <span class='ocrx_word' id='word_1_167' title='bbox 2359 1132 2674 1185; x_wconf 76' lang='lat' dir='ltr'><strong>constantiae</strong></span> <span class='ocrx_word' id='word_1_168' title='bbox 2697 1133 3060 1188; x_wconf 86' lang='lat' dir='ltr'><strong>moderamine</strong></span> <span class='ocrx_word' id='word_1_169' title='bbox 3083 1137 3405 1204; x_wconf 83' lang='lat' dir='ltr'><strong>gubernare,</strong></span> <span class='ocrx_word' id='word_1_170' title='bbox 3433 1149 3486 1193; x_wconf 90' lang='lat' dir='ltr'><strong>et</strong></span> <span class='ocrx_word' id='word_1_171' title='bbox 3510 1154 3640 1194; x_wconf 67' lang='lat' dir='ltr'><strong>conv</strong></span> 
     </span>
    </p>
   </div>
   <div class='ocr_carea' id='block_1_27' title="bbox 2051 1221 3635 1288">
    <p class='ocr_par' dir='ltr' id='par_1_27' title="bbox 2051 1221 3635 1288">
     <span class='ocr_line' id='line_1_27' title="bbox 2051 1221 3635 1288; baseline 0.008 -16"><span class='ocrx_word' id='word_1_172' title='bbox 2051 1227 2130 1273; x_wconf 85' lang='lat' dir='ltr'><strong>tra</strong></span> <span class='ocrx_word' id='word_1_173' title='bbox 2163 1221 2442 1288; x_wconf 82' lang='lat' dir='ltr'><strong>passiones</strong></span> <span class='ocrx_word' id='word_1_174' title='bbox 2485 1221 2723 1278; x_wconf 85' lang='lat' dir='ltr'><strong>occultas</strong></span> <span class='ocrx_word' id='word_1_175' title='bbox 2775 1223 2921 1279; x_wconf 85' lang='lat' dir='ltr'><strong>velut</strong></span> <span class='ocrx_word' id='word_1_176' title='bbox 2949 1233 3136 1280; x_wconf 87' lang='lat' dir='ltr'><strong>contra</strong></span> <span class='ocrx_word' id='word_1_177' title='bbox 3177 1225 3507 1284; x_wconf 90' lang='lat' dir='ltr'><strong>domesticos</strong></span> <span class='ocrx_word' id='word_1_178' title='bbox 3538 1230 3635 1286; x_wconf 88' lang='lat' dir='ltr'><strong>ini-</strong></span> 
     </span>
    </p>
   </div>
   <div class='ocr_carea' id='block_1_28' title="bbox 2051 1310 3643 1381">
    <p class='ocr_par' dir='ltr' id='par_1_28' title="bbox 2051 1310 3643 1381">
     <span class='ocr_line' id='line_1_28' title="bbox 2051 1310 3643 1381; baseline 0.009 -20"><span class='ocrx_word' id='word_1_179' title='bbox 2051 1310 2250 1376; x_wconf 88' lang='lat' dir='ltr'><strong>micos,</strong></span> <span class='ocrx_word' id='word_1_180' title='bbox 2279 1312 2460 1366; x_wconf 86' lang='lat' dir='ltr'><strong>&#39;rixam</strong></span> <span class='ocrx_word' id='word_1_181' title='bbox 2507 1313 2787 1380; x_wconf 86' lang='lat' dir='ltr'><strong>quamdam</strong></span> <span class='ocrx_word' id='word_1_182' title='bbox 2831 1314 3114 1373; x_wconf 82' lang='lat' dir='ltr'><strong>irascentis</strong></span> <span class='ocrx_word' id='word_1_183' title='bbox 3154 1317 3272 1375; x_wconf 86' lang='lat' dir='ltr'><strong>ﬁdei</strong></span> <span class='ocrx_word' id='word_1_184' title='bbox 3318 1321 3643 1381; x_wconf 85' lang='lat' dir='ltr'><strong>auctoritate</strong></span> 
     </span>
    </p>
   </div>
   <div class='ocr_carea' id='block_1_29' title="bbox 2051 1407 3642 1480">
    <p class='ocr_par' dir='ltr' id='par_1_29' title="bbox 2051 1407 3642 1480">
     <span class='ocr_line' id='line_1_29' title="bbox 2051 1407 3642 1480; baseline 0.006 -20"><span class='ocrx_word' id='word_1_185' title='bbox 2051 1419 2359 1473; x_wconf 82' lang='lat' dir='ltr'><strong>causerere,</strong></span> <span class='ocrx_word' id='word_1_186' title='bbox 2388 1407 2572 1460; x_wconf 90' lang='lat' dir='ltr'><strong>inanes</strong></span> <span class='ocrx_word' id='word_1_187' title='bbox 2601 1421 2758 1462; x_wconf 88' lang='lat' dir='ltr'><strong>curas</strong></span> <span class='ocrx_word' id='word_1_188' title='bbox 2792 1409 2948 1479; x_wconf 87' lang='lat' dir='ltr'><strong>longe</strong></span> <span class='ocrx_word' id='word_1_189' title='bbox 2978 1411 3273 1480; x_wconf 85' lang='lat' dir='ltr'><strong>repellere,</strong></span> <span class='ocrx_word' id='word_1_190' title='bbox 3312 1422 3367 1467; x_wconf 92' lang='lat' dir='ltr'><strong>et</strong></span> <span class='ocrx_word' id='word_1_191' title='bbox 3393 1428 3424 1468; x_wconf 72' lang='grc' dir='ltr'><strong><em>ι</em></strong></span> <span class='ocrx_word' id='word_1_192' title='bbox 3466 1414 3642 1470; x_wconf 79' lang='lat' dir='ltr'><strong>noxiis</strong></span> 
     </span>
    </p>
   </div>
   <div class='ocr_carea' id='block_1_30' title="bbox 2051 1495 3643 1574">
    <p class='ocr_par' dir='ltr' id='par_1_30' title="bbox 2051 1495 3643 1574">
     <span class='ocr_line' id='line_1_30' title="bbox 2051 1495 3643 1574; baseline 0.008 -25"><span class='ocrx_word' id='word_1_193' title='bbox 2051 1495 2330 1564; x_wconf 85' lang='lat' dir='ltr'><strong>colloquiis</strong></span> <span class='ocrx_word' id='word_1_194' title='bbox 2381 1511 2442 1550; x_wconf 90' lang='lat' dir='ltr'><strong>ac</strong></span> <span class='ocrx_word' id='word_1_195' title='bbox 2493 1497 2777 1552; x_wconf 85' lang='lat' dir='ltr'><strong>desideriis</strong></span> <span class='ocrx_word' id='word_1_196' title='bbox 2841 1501 3034 1568; x_wconf 89' lang='lat' dir='ltr'><strong>quibus</strong></span> <span class='ocrx_word' id='word_1_197' title='bbox 3087 1502 3334 1560; x_wconf 85' lang='lat' dir='ltr'><strong>diabolus</strong></span> <span class='ocrx_word' id='word_1_198' title='bbox 3399 1507 3643 1574; x_wconf 84' lang='lat' dir='ltr'><strong>pascitur</strong></span> 
     </span>
    </p>
   </div>
   <div class='ocr_carea' id='block_1_31' title="bbox 2052 1585 3641 1662">
    <p class='ocr_par' dir='ltr' id='par_1_31' title="bbox 2052 1585 3641 1662">
     <span class='ocr_line' id='line_1_31' title="bbox 2052 1585 3641 1662; baseline 0.009 -24"><span class='ocrx_word' id='word_1_199' title='bbox 2052 1585 2352 1650; x_wconf 88' lang='lat' dir='ltr'><strong>abstinere;</strong></span> <span class='ocrx_word' id='word_1_200' title='bbox 2381 1595 2437 1641; x_wconf 91' lang='lat' dir='ltr'><strong>et</strong></span> <span class='ocrx_word' id='word_1_201' title='bbox 2465 1602 2564 1655; x_wconf 91' lang='lat' dir='ltr'><strong>per</strong></span> <span class='ocrx_word' id='word_1_202' title='bbox 2594 1591 3056 1647; x_wconf 86' lang='lat' dir='ltr'><strong>mansuetudinem</strong></span> <span class='ocrx_word' id='word_1_203' title='bbox 3078 1638 3092 1661; x_wconf 90' lang='lat'><strong>,</strong></span> <span class='ocrx_word' id='word_1_204' title='bbox 3127 1595 3465 1662; x_wconf 82' lang='lat' dir='ltr'><strong>patientiam,</strong></span> <span class='ocrx_word' id='word_1_205' title='bbox 3496 1607 3641 1652; x_wconf 66' lang='lat' dir='ltr'><strong>trano</strong></span> 
     </span>
    </p>
   </div>
   <div class='ocr_carea' id='block_1_32' title="bbox 2054 1676 3639 1746">
    <p class='ocr_par' dir='ltr' id='par_1_32' title="bbox 2054 1676 3639 1746">
     <span class='ocr_line' id='line_1_32' title="bbox 2054 1676 3639 1746; baseline 0.01 -18"><span class='ocrx_word' id='word_1_206' title='bbox 2054 1676 2369 1746; x_wconf 86' lang='lat' dir='ltr'><strong>quillitatem</strong></span> <span class='ocrx_word' id='word_1_207' title='bbox 2416 1679 2510 1733; x_wconf 91' lang='lat' dir='ltr'><strong>Dci</strong></span> <span class='ocrx_word' id='word_1_208' title='bbox 2551 1678 2604 1734; x_wconf 92' lang='lat' dir='ltr'><strong>in</strong></span> <span class='ocrx_word' id='word_1_209' title='bbox 2656 1683 2805 1737; x_wconf 87' lang='lat' dir='ltr'><strong>vultu</strong></span> <span class='ocrx_word' id='word_1_210' title='bbox 2845 1685 3121 1742; x_wconf 77' lang='lat' dir='ltr'><strong>exteriore</strong></span> <span class='ocrx_word' id='word_1_211' title='bbox 3171 1688 3428 1746; x_wconf 74' lang='lat' dir='ltr'><strong>excpiere</strong></span> <span class='ocrx_word' id='word_1_212' title='bbox 3466 1689 3639 1744; x_wconf 86' lang='lat' dir='ltr'><strong>virum</strong></span> 
     </span>
    </p>
   </div>
   <div class='ocr_carea' id='block_1_33' title="bbox 369 1769 1939 1848">
    <p class='ocr_par' dir='ltr' id='par_1_33' title="bbox 369 1771 1939 1848">
     <span class='ocr_line' id='line_1_33' title="bbox 369 1771 1939 1848; baseline 0.008 -27"><span class='ocrx_word' id='word_1_213' title='bbox 369 1785 464 1826; x_wconf 84' lang='lat' dir='ltr'><strong>vos</strong></span> <span class='ocrx_word' id='word_1_214' title='bbox 509 1771 831 1840; x_wconf 80' lang='lat' dir='ltr'><strong>singularem</strong></span> <span class='ocrx_word' id='word_1_215' title='bbox 875 1773 1042 1828; x_wconf 90' lang='lat' dir='ltr'><strong>nostis</strong></span> <span class='ocrx_word' id='word_1_216' title='bbox 1085 1774 1352 1829; x_wconf 76' lang='lat' dir='ltr'><strong>affectum.</strong></span> <span class='ocrx_word' id='word_1_217' title='bbox 1405 1775 1656 1846; x_wconf 79' lang='lat' dir='ltr'><strong>Creditis,</strong></span> <span class='ocrx_word' id='word_1_218' title='bbox 1704 1779 1755 1834; x_wconf 94' lang='lat' dir='ltr'><strong>in</strong></span> <span class='ocrx_word' id='word_1_219' title='bbox 1795 1780 1939 1848; x_wconf 86' lang='lat' dir='ltr'><strong>adju-</strong></span> 
     </span>
    </p>
   </div>
   <div class='ocr_carea' id='block_1_34' title="bbox 2045 1769 3642 1848">
    <p class='ocr_par' dir='ltr' id='par_1_34' title="bbox 2055 1769 3642 1843">
     <span class='ocr_line' id='line_1_34' title="bbox 2055 1769 3642 1843; baseline 0.009 -22"><span class='ocrx_word' id='word_1_220' title='bbox 2055 1769 2351 1836; x_wconf 86' lang='lat' dir='ltr'><strong>spiritualia</strong></span> <span class='ocrx_word' id='word_1_221' title='bbox 2402 1780 2456 1824; x_wconf 88' lang='lat' dir='ltr'><strong>et</strong></span> <span class='ocrx_word' id='word_1_222' title='bbox 2502 1771 2680 1826; x_wconf 87' lang='lat' dir='ltr'><strong>divina</strong></span> <span class='ocrx_word' id='word_1_223' title='bbox 2735 1774 3104 1843; x_wconf 84' lang='lat' dir='ltr'><strong>cogitantem,</strong></span> <span class='ocrx_word' id='word_1_224' title='bbox 3153 1787 3214 1833; x_wconf 90' lang='lat' dir='ltr'><strong>ut</strong></span> <span class='ocrx_word' id='word_1_225' title='bbox 3268 1779 3488 1834; x_wconf 85' lang='lat' dir='ltr'><strong>tristitia</strong></span> <span class='ocrx_word' id='word_1_226' title='bbox 3533 1795 3642 1835; x_wconf 88' lang='lat' dir='ltr'><strong>non</strong></span> 
     </span>
    </p>
   </div>
   <div class='ocr_carea' id='block_1_35' title="bbox 370 1862 1946 1942">
    <p class='ocr_par' dir='ltr' id='par_1_35' title="bbox 370 1862 1946 1942">
     <span class='ocr_line' id='line_1_35' title="bbox 370 1862 1946 1942; baseline 0.008 -28"><span class='ocrx_word' id='word_1_227' title='bbox 370 1862 563 1917; x_wconf 88' lang='lat' dir='ltr'><strong>torium</strong></span> <span class='ocrx_word' id='word_1_228' title='bbox 609 1862 731 1917; x_wconf 90' lang='lat' dir='ltr'><strong>fidei</strong></span> <span class='ocrx_word' id='word_1_229' title='bbox 767 1873 980 1932; x_wconf 70' lang='lat' dir='ltr'><strong>vestrm,</strong></span> <span class='ocrx_word' id='word_1_230' title='bbox 1031 1867 1393 1935; x_wconf 79' lang='lat' dir='ltr'><strong>magisterium</strong></span> <span class='ocrx_word' id='word_1_231' title='bbox 1427 1885 1602 1924; x_wconf 90' lang='lat' dir='ltr'><strong>meum</strong></span> <span class='ocrx_word' id='word_1_232' title='bbox 1637 1880 1742 1926; x_wconf 89' lang='lat' dir='ltr'><strong>tam</strong></span> <span class='ocrx_word' id='word_1_233' title='bbox 1770 1873 1946 1942; x_wconf 88' lang='lat' dir='ltr'><strong>perfe-</strong></span> 
     </span>
    </p>
   </div>
   <div class='ocr_carea' id='block_1_36' title="bbox 369 1958 1948 2024">
    <p class='ocr_par' dir='ltr' id='par_1_36' title="bbox 369 1958 1948 2024">
     <span class='ocr_line' id='line_1_36' title="bbox 369 1958 1948 2024; baseline 0.008 -19"><span class='ocrx_word' id='word_1_234' title='bbox 369 1963 510 2006; x_wconf 83' lang='lat' dir='ltr'><strong>ctum</strong></span> <span class='ocrx_word' id='word_1_235' title='bbox 551 1966 674 2007; x_wconf 91' lang='lat' dir='ltr'><strong>esse</strong></span> <span class='ocrx_word' id='word_1_236' title='bbox 704 1968 862 2022; x_wconf 90' lang='lat' dir='ltr'><strong>quam</strong></span> <span class='ocrx_word' id='word_1_237' title='bbox 908 1964 1093 2008; x_wconf 84' lang='lat' dir='ltr'><strong>votum</strong></span> <span class='ocrx_word' id='word_1_238' title='bbox 1133 1967 1241 2020; x_wconf 90' lang='lat' dir='ltr'><strong>est;</strong></span> <span class='ocrx_word' id='word_1_239' title='bbox 1273 1958 1390 2024; x_wconf 89' lang='lat' dir='ltr'><strong>sed,</strong></span> <span class='ocrx_word' id='word_1_240' title='bbox 1425 1959 1547 2014; x_wconf 88' lang='lat' dir='ltr'><strong>licet</strong></span> <span class='ocrx_word' id='word_1_241' title='bbox 1576 1976 1757 2016; x_wconf 86' lang='lat' dir='ltr'><strong>sermo</strong></span> <span class='ocrx_word' id='word_1_242' title='bbox 1797 1979 1948 2018; x_wconf 87' lang='lat' dir='ltr'><strong>meus</strong></span> 
     </span>
    </p>
   </div>
   <div class='ocr_carea' id='block_1_37' title="bbox 369 2043 1944 2128">
    <p class='ocr_par' dir='ltr' id='par_1_37' title="bbox 369 2043 1944 2128">
     <span class='ocr_line' id='line_1_37' title="bbox 369 2043 1944 2128; baseline 0.013 -37"><span class='ocrx_word' id='word_1_243' title='bbox 369 2043 550 2113; x_wconf 84' lang='lat' dir='ltr'><strong>(quem</strong></span> <span class='ocrx_word' id='word_1_244' title='bbox 595 2043 877 2100; x_wconf 91' lang='lat' dir='ltr'><strong>lentiorem</strong></span> <span class='ocrx_word' id='word_1_245' title='bbox 930 2047 1088 2101; x_wconf 90' lang='lat' dir='ltr'><strong>etiam</strong></span> <span class='ocrx_word' id='word_1_246' title='bbox 1138 2062 1377 2116; x_wconf 73' lang='lat' dir='ltr'><strong>prtesens</strong></span> <span class='ocrx_word' id='word_1_247' title='bbox 1427 2052 1602 2108; x_wconf 90' lang='lat' dir='ltr'><strong>reddit</strong></span> <span class='ocrx_word' id='word_1_248' title='bbox 1639 2055 1944 2128; x_wconf 81' lang='lat' dir='ltr'><strong>infirmitas)</strong></span> 
     </span>
    </p>
   </div>
   <div class='ocr_carea' id='block_1_38' title="bbox 368 2137 1943 2214">
    <p class='ocr_par' dir='ltr' id='par_1_38' title="bbox 368 2137 1943 2214">
     <span class='ocr_line' id='line_1_38' title="bbox 368 2137 1943 2214; baseline 0.01 -26"><span class='ocrx_word' id='word_1_249' title='bbox 368 2146 547 2191; x_wconf 86' lang='lat' dir='ltr'><strong>vestro</strong></span> <span class='ocrx_word' id='word_1_250' title='bbox 568 2137 817 2193; x_wconf 88' lang='lat' dir='ltr'><strong>sufficere</strong></span> <span class='ocrx_word' id='word_1_251' title='bbox 837 2139 922 2193; x_wconf 85' lang='lat' dir='ltr'><strong>vix</strong></span> <span class='ocrx_word' id='word_1_252' title='bbox 954 2139 1123 2209; x_wconf 88' lang='lat' dir='ltr'><strong>possit</strong></span> <span class='ocrx_word' id='word_1_253' title='bbox 1151 2141 1358 2208; x_wconf 88' lang='lat' dir='ltr'><strong>ardori,</strong></span> <span class='ocrx_word' id='word_1_254' title='bbox 1393 2153 1568 2199; x_wconf 90' lang='lat' dir='ltr'><strong>tamen</strong></span> <span class='ocrx_word' id='word_1_255' title='bbox 1598 2148 1783 2214; x_wconf 79' lang='lat' dir='ltr'><strong>paucis</strong></span> <span class='ocrx_word' id='word_1_256' title='bbox 1813 2163 1943 2205; x_wconf 89' lang='lat' dir='ltr'><strong>con-</strong></span> 
     </span>
    </p>
   </div>
   <div class='ocr_carea' id='block_1_39' title="bbox 367 2227 1944 2306">
    <p class='ocr_par' dir='ltr' id='par_1_39' title="bbox 367 2227 1944 2306">
     <span class='ocr_line' id='line_1_39' title="bbox 367 2227 1944 2306; baseline 0.011 -29"><span class='ocrx_word' id='word_1_257' title='bbox 367 2227 727 2282; x_wconf 75' lang='lat' dir='ltr'><strong>versationem</strong></span> <span class='ocrx_word' id='word_1_258' title='bbox 754 2237 984 2285; x_wconf 82' lang='lat' dir='ltr'><strong>vestram</strong></span> <span class='ocrx_word' id='word_1_259' title='bbox 1017 2246 1124 2285; x_wconf 91' lang='lat' dir='ltr'><strong>non</strong></span> <span class='ocrx_word' id='word_1_260' title='bbox 1152 2239 1257 2286; x_wconf 91' lang='lat' dir='ltr'><strong>tam</strong></span> <span class='ocrx_word' id='word_1_261' title='bbox 1287 2233 1738 2306; x_wconf 88' lang='lat' dir='ltr'><strong>instruam,quam</strong></span> <span class='ocrx_word' id='word_1_262' title='bbox 1769 2243 1944 2296; x_wconf 82' lang='lat' dir='ltr'><strong>revol-</strong></span> 
     </span>
    </p>
   </div>
   <div class='ocr_carea' id='block_1_40' title="bbox 367 2320 1945 2402">
    <p class='ocr_par' dir='ltr' id='par_1_40' title="bbox 367 2320 1945 2402">
     <span class='ocr_line' id='line_1_40' title="bbox 367 2320 1945 2402; baseline 0.01 -31"><span class='ocrx_word' id='word_1_263' title='bbox 367 2334 510 2374; x_wconf 90' lang='lat' dir='ltr'><strong>vam.</strong></span> <span class='ocrx_word' id='word_1_264' title='bbox 543 2320 785 2390; x_wconf 73' lang='lat' dir='ltr'><strong>Magnam</strong></span> <span class='ocrx_word' id='word_1_265' title='bbox 817 2322 1061 2379; x_wconf 86' lang='lat' dir='ltr'><strong>sollicitis</strong></span> <span class='ocrx_word' id='word_1_266' title='bbox 1093 2325 1336 2393; x_wconf 88' lang='lat' dir='ltr'><strong>perbibet</strong></span> <span class='ocrx_word' id='word_1_267' title='bbox 1367 2328 1713 2385; x_wconf 87' lang='lat' dir='ltr'><strong>evitationem</strong></span> <span class='ocrx_word' id='word_1_268' title='bbox 1742 2333 1945 2402; x_wconf 87' lang='lat' dir='ltr'><strong>agnitio</strong></span> 
     </span>
    </p>
   </div>
   <div class='ocr_carea' id='block_1_41' title="bbox 370 2415 1944 2496">
    <p class='ocr_par' dir='ltr' id='par_1_41' title="bbox 370 2415 1944 2496">
     <span class='ocr_line' id='line_1_41' title="bbox 370 2415 1944 2496; baseline 0.008 -26"><span class='ocrx_word' id='word_1_269' title='bbox 370 2415 608 2484; x_wconf 89' lang='lat' dir='ltr'><strong>peccati,</strong></span> <span class='ocrx_word' id='word_1_270' title='bbox 640 2425 813 2471; x_wconf 90' lang='lat' dir='ltr'><strong>metus</strong></span> <span class='ocrx_word' id='word_1_271' title='bbox 857 2417 1064 2487; x_wconf 69' lang='lat' dir='ltr'><strong>iudicii,</strong></span> <span class='ocrx_word' id='word_1_272' title='bbox 1100 2428 1276 2475; x_wconf 90' lang='lat' dir='ltr'><strong>terror</strong></span> <span class='ocrx_word' id='word_1_273' title='bbox 1315 2421 1452 2491; x_wconf 88' lang='lat' dir='ltr'><strong>ignis</strong></span> <span class='ocrx_word' id='word_1_274' title='bbox 1503 2425 1709 2479; x_wconf 65' lang='lat' dir='ltr'><strong>aeterni.</strong></span> <span class='ocrx_word' id='word_1_275' title='bbox 1764 2425 1944 2496; x_wconf 87' lang='lat' dir='ltr'><strong>itaque</strong></span> 
     </span>
    </p>
   </div>
   <div class='ocr_carea' id='block_1_42' title="bbox 365 2508 1944 2582">
    <p class='ocr_par' dir='ltr' id='par_1_42' title="bbox 365 2508 1944 2582">
     <span class='ocr_line' id='line_1_42' title="bbox 365 2508 1944 2582; baseline 0.008 -19"><span class='ocrx_word' id='word_1_276' title='bbox 365 2509 432 2563; x_wconf 80' lang='lat' dir='ltr'><strong>ad</strong></span> <span class='ocrx_word' id='word_1_277' title='bbox 457 2508 778 2564; x_wconf 82' lang='lat' dir='ltr'><strong>immolanda</strong></span> <span class='ocrx_word' id='word_1_278' title='bbox 806 2510 1106 2568; x_wconf 86' lang='lat' dir='ltr'><strong>orationum</strong></span> <span class='ocrx_word' id='word_1_279' title='bbox 1126 2514 1409 2582; x_wconf 89' lang='lat' dir='ltr'><strong>sacrificia,</strong></span> <span class='ocrx_word' id='word_1_280' title='bbox 1429 2517 1596 2572; x_wconf 89' lang='lat' dir='ltr'><strong>amica</strong></span> <span class='ocrx_word' id='word_1_281' title='bbox 1620 2529 1743 2574; x_wconf 90' lang='lat' dir='ltr'><strong>sunt</strong></span> <span class='ocrx_word' id='word_1_282' title='bbox 1762 2519 1944 2574; x_wconf 85' lang='lat' dir='ltr'><strong>fruen-</strong></span> 
     </span>
    </p>
   </div>
   <div class='ocr_carea' id='block_1_43' title="bbox 368 2600 1943 2678">
    <p class='ocr_par' dir='ltr' id='par_1_43' title="bbox 368 2600 1943 2678">
     <span class='ocr_line' id='line_1_43' title="bbox 368 2600 1943 2678; baseline 0.007 -23"><span class='ocrx_word' id='word_1_283' title='bbox 368 2600 510 2656; x_wconf 88' lang='lat' dir='ltr'><strong>tibus</strong></span> <span class='ocrx_word' id='word_1_284' title='bbox 558 2612 821 2657; x_wconf 88' lang='lat' dir='ltr'><strong>nocturna</strong></span> <span class='ocrx_word' id='word_1_285' title='bbox 864 2604 1076 2660; x_wconf 86' lang='lat' dir='ltr'><strong>silentia</strong></span> <span class='ocrx_word' id='word_1_286' title='bbox 1103 2648 1118 2672; x_wconf 93' lang='lat'><strong>,</strong></span> <span class='ocrx_word' id='word_1_287' title='bbox 1169 2606 1396 2676; x_wconf 87' lang='lat' dir='ltr'><strong>quibus,</strong></span> <span class='ocrx_word' id='word_1_288' title='bbox 1431 2623 1599 2678; x_wconf 91' lang='lat' dir='ltr'><strong>usque</strong></span> <span class='ocrx_word' id='word_1_289' title='bbox 1646 2611 1713 2665; x_wconf 90' lang='lat' dir='ltr'><strong>ad</strong></span> <span class='ocrx_word' id='word_1_290' title='bbox 1757 2611 1943 2666; x_wconf 85' lang='lat' dir='ltr'><strong>horam</strong></span> 
     </span>
    </p>
   </div>
   <div class='ocr_carea' id='block_1_44' title="bbox 368 2693 1942 2772">
    <p class='ocr_par' dir='ltr' id='par_1_44' title="bbox 368 2693 1942 2772">
     <span class='ocr_line' id='line_1_44' title="bbox 368 2693 1942 2772; baseline 0.009 -27"><span class='ocrx_word' id='word_1_291' title='bbox 368 2693 577 2746; x_wconf 88' lang='lat' dir='ltr'><strong>tertiam</strong></span> <span class='ocrx_word' id='word_1_292' title='bbox 610 2694 772 2748; x_wconf 87' lang='lat' dir='ltr'><strong>lectio</strong></span> <span class='ocrx_word' id='word_1_293' title='bbox 795 2696 1067 2751; x_wconf 88' lang='lat' dir='ltr'><strong>moderata</strong></span> <span class='ocrx_word' id='word_1_294' title='bbox 1095 2699 1365 2766; x_wconf 87' lang='lat' dir='ltr'><strong>succedat,</strong></span> <span class='ocrx_word' id='word_1_295' title='bbox 1398 2709 1457 2755; x_wconf 91' lang='lat' dir='ltr'><strong>ut</strong></span> <span class='ocrx_word' id='word_1_296' title='bbox 1483 2702 1799 2756; x_wconf 77' lang='lat' dir='ltr'><strong>exercitium</strong></span> <span class='ocrx_word' id='word_1_297' title='bbox 1829 2703 1942 2772; x_wconf 90' lang='lat' dir='ltr'><strong>spi-</strong></span> 
     </span>
    </p>
   </div>
   <div class='ocr_carea' id='block_1_45' title="bbox 366 2785 1945 2866">
    <p class='ocr_par' dir='ltr' id='par_1_45' title="bbox 366 2785 1945 2866">
     <span class='ocr_line' id='line_1_45' title="bbox 366 2785 1945 2866; baseline 0.009 -28"><span class='ocrx_word' id='word_1_298' title='bbox 366 2785 521 2840; x_wconf 82' lang='lat' dir='ltr'><strong>ritale</strong></span> <span class='ocrx_word' id='word_1_299' title='bbox 547 2801 654 2841; x_wconf 90' lang='lat' dir='ltr'><strong>non</strong></span> <span class='ocrx_word' id='word_1_300' title='bbox 684 2786 895 2842; x_wconf 88' lang='lat' dir='ltr'><strong>desinat</strong></span> <span class='ocrx_word' id='word_1_301' title='bbox 925 2789 1256 2860; x_wconf 88' lang='lat' dir='ltr'><strong>desiderare,</strong></span> <span class='ocrx_word' id='word_1_302' title='bbox 1283 2801 1336 2847; x_wconf 89' lang='lat' dir='ltr'><strong>et</strong></span> <span class='ocrx_word' id='word_1_303' title='bbox 1358 2808 1572 2862; x_wconf 79' lang='lat' dir='ltr'><strong>semper</strong></span> <span class='ocrx_word' id='word_1_304' title='bbox 1596 2797 1763 2864; x_wconf 90' lang='lat' dir='ltr'><strong>possit</strong></span> <span class='ocrx_word' id='word_1_305' title='bbox 1785 2811 1945 2866; x_wconf 82' lang='lat' dir='ltr'><strong>auge-</strong></span> 
     </span>
    </p>
   </div>
   <div class='ocr_carea' id='block_1_46' title="bbox 365 2876 1942 2955">
    <p class='ocr_par' dir='ltr' id='par_1_46' title="bbox 365 2876 1942 2955">
     <span class='ocr_line' id='line_1_46' title="bbox 365 2876 1942 2955; baseline 0.007 -24"><span class='ocrx_word' id='word_1_306' title='bbox 365 2877 434 2933; x_wconf 88' lang='lat' dir='ltr'><strong>ri.</strong></span> <span class='ocrx_word' id='word_1_307' title='bbox 485 2876 695 2934; x_wconf 83' lang='lat' dir='ltr'><strong>Utinam</strong></span> <span class='ocrx_word' id='word_1_308' title='bbox 749 2882 1027 2950; x_wconf 81' lang='lat' dir='ltr'><strong>provideat</strong></span> <span class='ocrx_word' id='word_1_309' title='bbox 1077 2883 1333 2940; x_wconf 89' lang='lat' dir='ltr'><strong>Dominus</strong></span> <span class='ocrx_word' id='word_1_310' title='bbox 1355 2885 1433 2940; x_wconf 85' lang='lat' dir='ltr'><strong>vel</strong></span> <span class='ocrx_word' id='word_1_311' title='bbox 1470 2885 1574 2941; x_wconf 88' lang='lat' dir='ltr'><strong>duo</strong></span> <span class='ocrx_word' id='word_1_312' title='bbox 1599 2888 1701 2942; x_wconf 87' lang='lat' dir='ltr'><strong>fida</strong></span> <span class='ocrx_word' id='word_1_313' title='bbox 1732 2889 1942 2955; x_wconf 90' lang='lat' dir='ltr'><strong>solatia,</strong></span> 
     </span>
    </p>
   </div>
   <div class='ocr_carea' id='block_1_47' title="bbox 367 2971 1940 3048">
    <p class='ocr_par' dir='ltr' id='par_1_47' title="bbox 367 2971 1940 3048">
     <span class='ocr_line' id='line_1_47' title="bbox 367 2971 1940 3048; baseline 0.007 -24"><span class='ocrx_word' id='word_1_314' title='bbox 367 2985 488 3024; x_wconf 90' lang='lat' dir='ltr'><strong>cum</strong></span> <span class='ocrx_word' id='word_1_315' title='bbox 516 2971 706 3038; x_wconf 77' lang='lat' dir='ltr'><strong>quibus</strong></span> <span class='ocrx_word' id='word_1_316' title='bbox 733 2972 953 3027; x_wconf 89' lang='lat' dir='ltr'><strong>diurnas</strong></span> <span class='ocrx_word' id='word_1_317' title='bbox 987 2985 1041 3029; x_wconf 90' lang='lat' dir='ltr'><strong>et</strong></span> <span class='ocrx_word' id='word_1_318' title='bbox 1072 2984 1361 3031; x_wconf 89' lang='lat' dir='ltr'><strong>nocturnas</strong></span> <span class='ocrx_word' id='word_1_319' title='bbox 1391 2978 1578 3048; x_wconf 84' lang='lat' dir='ltr'><strong>exigas</strong></span> <span class='ocrx_word' id='word_1_320' title='bbox 1618 2978 1940 3048; x_wconf 82' lang='lat' dir='ltr'><strong>functiones,</strong></span> 
     </span>
    </p>
   </div>
   <div class='ocr_carea' id='block_1_48' title="bbox 366 3061 1940 3131">
    <p class='ocr_par' dir='ltr' id='par_1_48' title="bbox 366 3061 1940 3131">
     <span class='ocr_line' id='line_1_48' title="bbox 366 3061 1940 3131; baseline 0.006 -16"><span class='ocrx_word' id='word_1_321' title='bbox 366 3069 420 3115; x_wconf 87' lang='lat' dir='ltr'><strong>et</strong></span> <span class='ocrx_word' id='word_1_322' title='bbox 439 3061 520 3115; x_wconf 89' lang='lat' dir='ltr'><strong>vel</strong></span> <span class='ocrx_word' id='word_1_323' title='bbox 545 3061 705 3117; x_wconf 87' lang='lat' dir='ltr'><strong>biduo</strong></span> <span class='ocrx_word' id='word_1_324' title='bbox 730 3064 784 3117; x_wconf 91' lang='lat' dir='ltr'><strong>in</strong></span> <span class='ocrx_word' id='word_1_325' title='bbox 811 3067 1102 3131; x_wconf 76' lang='lat' dir='ltr'><strong>septimana</strong></span> <span class='ocrx_word' id='word_1_326' title='bbox 1132 3067 1476 3121; x_wconf 88' lang='lat' dir='ltr'><strong>salutantium</strong></span> <span class='ocrx_word' id='word_1_327' title='bbox 1503 3071 1692 3124; x_wconf 90' lang='lat' dir='ltr'><strong>frueris</strong></span> <span class='ocrx_word' id='word_1_328' title='bbox 1731 3071 1940 3125; x_wconf 90' lang='lat' dir='ltr'><strong>officiis.</strong></span> 
     </span>
    </p>
   </div>
   <div class='ocr_carea' id='block_1_49' title="bbox 2052 1861 3643 1932">
    <p class='ocr_par' dir='ltr' id='par_1_49' title="bbox 2052 1861 3643 1932">
     <span class='ocr_line' id='line_1_49' title="bbox 2052 1861 3643 1932; baseline 0.008 -17"><span class='ocrx_word' id='word_1_329' title='bbox 2052 1861 2286 1930; x_wconf 87' lang='lat' dir='ltr'><strong>frangat,</strong></span> <span class='ocrx_word' id='word_1_330' title='bbox 2333 1863 2510 1916; x_wconf 65' lang='lat' dir='ltr'><strong>latitia</strong></span> <span class='ocrx_word' id='word_1_331' title='bbox 2543 1879 2648 1918; x_wconf 88' lang='lat' dir='ltr'><strong>non</strong></span> <span class='ocrx_word' id='word_1_332' title='bbox 2700 1867 2966 1932; x_wconf 87' lang='lat' dir='ltr'><strong>resolvat,</strong></span> <span class='ocrx_word' id='word_1_333' title='bbox 2999 1868 3294 1924; x_wconf 86' lang='lat' dir='ltr'><strong>stabilitum</strong></span> <span class='ocrx_word' id='word_1_334' title='bbox 3345 1870 3396 1926; x_wconf 89' lang='lat' dir='ltr'><strong>in</strong></span> <span class='ocrx_word' id='word_1_335' title='bbox 3447 1871 3643 1928; x_wconf 75' lang='lat' dir='ltr'><strong>timore</strong></span> 
     </span>
    </p>
   </div>
   <div class='ocr_carea' id='block_1_50' title="bbox 2054 1952 3643 2028">
    <p class='ocr_par' dir='ltr' id='par_1_50' title="bbox 2054 1952 3643 2028">
     <span class='ocr_line' id='line_1_50' title="bbox 2054 1952 3643 2028; baseline 0.006 -23"><span class='ocrx_word' id='word_1_336' title='bbox 2054 1952 2146 2007; x_wconf 91' lang='lat' dir='ltr'><strong>Dei</strong></span> <span class='ocrx_word' id='word_1_337' title='bbox 2199 1963 2383 2022; x_wconf 91' lang='lat' dir='ltr'><strong>pectus</strong></span> <span class='ocrx_word' id='word_1_338' title='bbox 2421 1955 2670 2009; x_wconf 86' lang='lat' dir='ltr'><strong>ostendat</strong></span> <span class='ocrx_word' id='word_1_339' title='bbox 2718 1957 3176 2026; x_wconf 84' lang='lat' dir='ltr'><strong>magnanimitatis</strong></span> <span class='ocrx_word' id='word_1_340' title='bbox 3221 1961 3535 2028; x_wconf 66' lang='lat' dir='ltr'><strong>aequalitas,</strong></span> <span class='ocrx_word' id='word_1_341' title='bbox 3581 1968 3643 2014; x_wconf 89' lang='lat' dir='ltr'><strong>ut</strong></span> 
     </span>
    </p>
   </div>
   <div class='ocr_carea' id='block_1_51' title="bbox 2051 2045 3640 2117">
    <p class='ocr_par' dir='ltr' id='par_1_51' title="bbox 2051 2045 3640 2117">
     <span class='ocr_line' id='line_1_51' title="bbox 2051 2045 3640 2117; baseline 0.004 -19"><span class='ocrx_word' id='word_1_342' title='bbox 2051 2045 2205 2099; x_wconf 87' lang='lat' dir='ltr'><strong>nobis</strong></span> <span class='ocrx_word' id='word_1_343' title='bbox 2231 2045 2469 2116; x_wconf 87' lang='lat' dir='ltr'><strong>coaptari</strong></span> <span class='ocrx_word' id='word_1_344' title='bbox 2502 2046 2666 2114; x_wconf 85' lang='lat' dir='ltr'><strong>possit</strong></span> <span class='ocrx_word' id='word_1_345' title='bbox 2695 2047 2861 2101; x_wconf 86' lang='lat' dir='ltr'><strong>libelli</strong></span> <span class='ocrx_word' id='word_1_346' title='bbox 2886 2048 3026 2103; x_wconf 86' lang='lat' dir='ltr'><strong>illius</strong></span> <span class='ocrx_word' id='word_1_347' title='bbox 3053 2048 3261 2117; x_wconf 86' lang='lat' dir='ltr'><strong>insigne</strong></span> <span class='ocrx_word' id='word_1_348' title='bbox 3293 2049 3640 2117; x_wconf 84' lang='lat' dir='ltr'><strong>principium,</strong></span> 
     </span>
    </p>
   </div>
   <div class='ocr_carea' id='block_1_52' title="bbox 2050 2135 3640 2208">
    <p class='ocr_par' dir='ltr' id='par_1_52' title="bbox 2050 2135 3640 2208">
     <span class='ocr_line' id='line_1_52' title="bbox 2050 2135 3640 2208; baseline 0.003 -20"><span class='ocrx_word' id='word_1_349' title='bbox 2050 2135 2178 2189; x_wconf 83' lang='lat' dir='ltr'><strong>Erat</strong></span> <span class='ocrx_word' id='word_1_350' title='bbox 2203 2138 2280 2190; x_wconf 81' lang='lat' dir='ltr'><strong>vir</strong></span> <span class='ocrx_word' id='word_1_351' title='bbox 2319 2154 2449 2190; x_wconf 80' lang='lat' dir='ltr'><strong>unus</strong></span> <span class='ocrx_word' id='word_1_352' title='bbox 2489 2138 2743 2192; x_wconf 75' lang='lat' dir='ltr'><strong>abstinens</strong></span> <span class='ocrx_word' id='word_1_353' title='bbox 2767 2155 2819 2192; x_wconf 81' lang='lat' dir='ltr'><strong>se</strong></span> <span class='ocrx_word' id='word_1_354' title='bbox 2858 2138 2920 2192; x_wconf 89' lang='lat' dir='ltr'><strong>ab</strong></span> <span class='ocrx_word' id='word_1_355' title='bbox 2962 2139 3100 2192; x_wconf 71' lang='lat' dir='ltr'><strong>omni</strong></span> <span class='ocrx_word' id='word_1_356' title='bbox 3139 2155 3194 2193; x_wconf 83' lang='lat' dir='ltr'><strong>re</strong></span> <span class='ocrx_word' id='word_1_357' title='bbox 3223 2141 3358 2193; x_wconf 76' lang='lat' dir='ltr'><strong>mala</strong></span> <span class='ocrx_word' id='word_1_358' title='bbox 3402 2139 3545 2208; x_wconf 84' lang='lat' dir='ltr'><strong>(Job.</strong></span> <span class='ocrx_word' id='word_1_359' title='bbox 3573 2138 3640 2207; x_wconf 87' lang='grc' dir='ltr'><strong>ι).</strong></span> 
     </span>
    </p>
   </div>
   <div class='ocr_carea' id='block_1_53' title="bbox 2057 2225 3638 2300">
    <p class='ocr_par' dir='ltr' id='par_1_53' title="bbox 2057 2225 3638 2300">
     <span class='ocr_line' id='line_1_53' title="bbox 2057 2225 3638 2300; baseline 0.003 -21"><span class='ocrx_word' id='word_1_360' title='bbox 2057 2225 2169 2291; x_wconf 82' lang='lat' dir='ltr'><strong>Vir,</strong></span> <span class='ocrx_word' id='word_1_361' title='bbox 2201 2227 2390 2296; x_wconf 90' lang='lat' dir='ltr'><strong>inquit,</strong></span> <span class='ocrx_word' id='word_1_362' title='bbox 2421 2244 2588 2295; x_wconf 82' lang='lat' dir='ltr'><strong>unus;</strong></span> <span class='ocrx_word' id='word_1_363' title='bbox 2621 2227 2723 2284; x_wconf 83' lang='lat' dir='ltr'><strong>hoc</strong></span> <span class='ocrx_word' id='word_1_364' title='bbox 2767 2238 2846 2286; x_wconf 88' lang='lat' dir='ltr'><strong>est</strong></span> <span class='ocrx_word' id='word_1_365' title='bbox 2873 2245 3086 2299; x_wconf 89' lang='lat' dir='ltr'><strong>semper</strong></span> <span class='ocrx_word' id='word_1_366' title='bbox 3125 2230 3263 2284; x_wconf 86' lang='lat' dir='ltr'><strong>idem</strong></span> <span class='ocrx_word' id='word_1_367' title='bbox 3299 2249 3312 2283; x_wconf 88' lang='lat'><strong>:</strong></span> <span class='ocrx_word' id='word_1_368' title='bbox 3347 2232 3469 2300; x_wconf 82' lang='lat' dir='ltr'><strong>quia</strong></span> <span class='ocrx_word' id='word_1_369' title='bbox 3503 2231 3638 2284; x_wconf 84' lang='lat' dir='ltr'><strong>nihil</strong></span> 
     </span>
    </p>
   </div>
   <div class='ocr_carea' id='block_1_54' title="bbox 2048 2317 3639 2388">
    <p class='ocr_par' dir='ltr' id='par_1_54' title="bbox 2048 2317 3639 2388">
     <span class='ocr_line' id='line_1_54' title="bbox 2048 2317 3639 2388; baseline 0.005 -18"><span class='ocrx_word' id='word_1_370' title='bbox 2048 2325 2162 2370; x_wconf 80' lang='lat' dir='ltr'><strong>erat</strong></span> <span class='ocrx_word' id='word_1_371' title='bbox 2191 2317 2244 2370; x_wconf 92' lang='lat' dir='ltr'><strong>in</strong></span> <span class='ocrx_word' id='word_1_372' title='bbox 2272 2332 2339 2371; x_wconf 89' lang='lat' dir='ltr'><strong>eo</strong></span> <span class='ocrx_word' id='word_1_373' title='bbox 2366 2319 2611 2383; x_wconf 89' lang='lat' dir='ltr'><strong>dubium,</strong></span> <span class='ocrx_word' id='word_1_374' title='bbox 2638 2319 2772 2376; x_wconf 88' lang='lat' dir='ltr'><strong>nihil</strong></span> <span class='ocrx_word' id='word_1_375' title='bbox 2804 2320 3020 2388; x_wconf 81' lang='lat' dir='ltr'><strong>duplex,</strong></span> <span class='ocrx_word' id='word_1_376' title='bbox 3049 2321 3178 2378; x_wconf 88' lang='lat' dir='ltr'><strong>nibil</strong></span> <span class='ocrx_word' id='word_1_377' title='bbox 3204 2322 3474 2386; x_wconf 75' lang='lat' dir='ltr'><strong>aecidens,</strong></span> <span class='ocrx_word' id='word_1_378' title='bbox 3501 2322 3639 2378; x_wconf 82' lang='lat' dir='ltr'><strong>nihil</strong></span> 
     </span>
    </p>
   </div>
   <div class='ocr_carea' id='block_1_55' title="bbox 2049 2408 3638 2475">
    <p class='ocr_par' dir='ltr' id='par_1_55' title="bbox 2049 2408 3638 2475">
     <span class='ocr_line' id='line_1_55' title="bbox 2049 2408 3638 2475; baseline 0.008 -16"><span class='ocrx_word' id='word_1_379' title='bbox 2049 2408 2254 2462; x_wconf 90' lang='lat' dir='ltr'><strong>varium</strong></span> <span class='ocrx_word' id='word_1_380' title='bbox 2304 2411 2386 2464; x_wconf 86' lang='lat' dir='ltr'><strong>vel</strong></span> <span class='ocrx_word' id='word_1_381' title='bbox 2432 2411 2738 2475; x_wconf 87' lang='lat' dir='ltr'><strong>diversum,</strong></span> <span class='ocrx_word' id='word_1_382' title='bbox 2787 2413 2884 2469; x_wconf 82' lang='lat' dir='ltr'><strong>sed</strong></span> <span class='ocrx_word' id='word_1_383' title='bbox 2929 2430 3047 2468; x_wconf 88' lang='lat' dir='ltr'><strong>eum</strong></span> <span class='ocrx_word' id='word_1_384' title='bbox 3092 2416 3144 2468; x_wconf 91' lang='lat' dir='ltr'><strong>in</strong></span> <span class='ocrx_word' id='word_1_385' title='bbox 3191 2425 3332 2470; x_wconf 83' lang='lat' dir='ltr'><strong>statu</strong></span> <span class='ocrx_word' id='word_1_386' title='bbox 3377 2417 3638 2472; x_wconf 87' lang='lat' dir='ltr'><strong>virtutum</strong></span> 
     </span>
    </p>
   </div>
   <div class='ocr_carea' id='block_1_56' title="bbox 2046 2501 3637 2576">
    <p class='ocr_par' dir='ltr' id='par_1_56' title="bbox 2046 2501 3637 2576">
     <span class='ocr_line' id='line_1_56' title="bbox 2046 2501 3637 2576; baseline 0.009 -26"><span class='ocrx_word' id='word_1_387' title='bbox 2046 2511 2296 2564; x_wconf 86' lang='lat' dir='ltr'><strong>suarum,</strong></span> <span class='ocrx_word' id='word_1_388' title='bbox 2343 2501 2533 2571; x_wconf 83' lang='lat' dir='ltr'><strong>arquali</strong></span> <span class='ocrx_word' id='word_1_389' title='bbox 2563 2503 2751 2558; x_wconf 90' lang='lat' dir='ltr'><strong>ordine</strong></span> <span class='ocrx_word' id='word_1_390' title='bbox 2781 2514 3216 2572; x_wconf 87' lang='lat' dir='ltr'><strong>permanentem,</strong></span> <span class='ocrx_word' id='word_1_391' title='bbox 3251 2517 3487 2576; x_wconf 88' lang='lat' dir='ltr'><strong>tempora</strong></span> <span class='ocrx_word' id='word_1_392' title='bbox 3528 2524 3637 2566; x_wconf 84' lang='lat' dir='ltr'><strong>non</strong></span> 
     </span>
    </p>
   </div>
   <div class='ocr_carea' id='block_1_57' title="bbox 2049 2594 3634 2672">
    <p class='ocr_par' dir='ltr' id='par_1_57' title="bbox 2049 2594 3634 2672">
     <span class='ocr_line' id='line_1_57' title="bbox 2049 2594 3634 2672; baseline 0.009 -27"><span class='ocrx_word' id='word_1_393' title='bbox 2049 2594 2345 2660; x_wconf 78' lang='lat' dir='ltr'><strong>mutabant,</strong></span> <span class='ocrx_word' id='word_1_394' title='bbox 2374 2611 2474 2650; x_wconf 89' lang='lat' dir='ltr'><strong>nec</strong></span> <span class='ocrx_word' id='word_1_395' title='bbox 2502 2612 2622 2651; x_wconf 92' lang='lat' dir='ltr'><strong>eum</strong></span> <span class='ocrx_word' id='word_1_396' title='bbox 2653 2598 2736 2669; x_wconf 88' lang='lat' dir='ltr'><strong>(ut</strong></span> <span class='ocrx_word' id='word_1_397' title='bbox 2762 2599 3006 2654; x_wconf 77' lang='lat' dir='ltr'><strong>maximis</strong></span> <span class='ocrx_word' id='word_1_398' title='bbox 3033 2599 3279 2656; x_wconf 85' lang='lat' dir='ltr'><strong>fluctibus</strong></span> <span class='ocrx_word' id='word_1_399' title='bbox 3301 2617 3417 2658; x_wconf 80' lang='lat' dir='ltr'><strong>mos</strong></span> <span class='ocrx_word' id='word_1_400' title='bbox 3449 2601 3552 2672; x_wconf 87' lang='lat' dir='ltr'><strong>est)</strong></span> <span class='ocrx_word' id='word_1_401' title='bbox 3576 2602 3634 2660; x_wconf 88' lang='lat' dir='ltr'><strong>in</strong></span> 
     </span>
    </p>
   </div>
   <div class='ocr_carea' id='block_1_58' title="bbox 2045 2683 3632 2755">
    <p class='ocr_par' dir='ltr' id='par_1_58' title="bbox 2045 2683 3632 2755">
     <span class='ocr_line' id='line_1_58' title="bbox 2045 2683 3632 2755; baseline 0.008 -20"><span class='ocrx_word' id='word_1_402' title='bbox 2045 2683 2281 2739; x_wconf 74' lang='lat' dir='ltr'><strong>alternas</strong></span> <span class='ocrx_word' id='word_1_403' title='bbox 2315 2699 2494 2755; x_wconf 88' lang='lat' dir='ltr'><strong>partes</strong></span> <span class='ocrx_word' id='word_1_404' title='bbox 2541 2688 2755 2742; x_wconf 87' lang='lat' dir='ltr'><strong>diversa</strong></span> <span class='ocrx_word' id='word_1_405' title='bbox 2796 2699 3080 2745; x_wconf 82' lang='lat' dir='ltr'><strong>ventorum</strong></span> <span class='ocrx_word' id='word_1_406' title='bbox 3107 2689 3276 2746; x_wconf 86' lang='lat' dir='ltr'><strong>ﬂabra</strong></span> <span class='ocrx_word' id='word_1_407' title='bbox 3321 2692 3632 2748; x_wconf 85' lang='lat' dir='ltr'><strong>versabant.</strong></span> 
     </span>
    </p>
   </div>
   <div class='ocr_carea' id='block_1_59' title="bbox 2048 2772 3636 2844">
    <p class='ocr_par' dir='ltr' id='par_1_59' title="bbox 2048 2772 3636 2844">
     <span class='ocr_line' id='line_1_59' title="bbox 2048 2772 3636 2844; baseline 0.006 -18"><span class='ocrx_word' id='word_1_408' title='bbox 2048 2772 2120 2826; x_wconf 79' lang='lat' dir='ltr'><strong>ita</strong></span> <span class='ocrx_word' id='word_1_409' title='bbox 2149 2783 2202 2827; x_wconf 91' lang='lat' dir='ltr'><strong>et</strong></span> <span class='ocrx_word' id='word_1_410' title='bbox 2245 2776 2506 2832; x_wconf 85' lang='lat' dir='ltr'><strong>sollicitus</strong></span> <span class='ocrx_word' id='word_1_411' title='bbox 2548 2777 2641 2833; x_wconf 88' lang='lat' dir='ltr'><strong>Dei</strong></span> <span class='ocrx_word' id='word_1_412' title='bbox 2681 2776 2946 2844; x_wconf 85' lang='lat' dir='ltr'><strong>famulus,</strong></span> <span class='ocrx_word' id='word_1_413' title='bbox 2978 2780 3294 2835; x_wconf 83' lang='lat' dir='ltr'><strong>inconcussa</strong></span> <span class='ocrx_word' id='word_1_414' title='bbox 3329 2781 3450 2835; x_wconf 88' lang='lat' dir='ltr'><strong>fidei</strong></span> <span class='ocrx_word' id='word_1_415' title='bbox 3490 2781 3636 2837; x_wconf 79' lang='lat' dir='ltr'><strong>mole</strong></span> 
     </span>
    </p>
   </div>
   <div class='ocr_carea' id='block_1_60' title="bbox 2047 2866 3634 2943">
    <p class='ocr_par' dir='ltr' id='par_1_60' title="bbox 2047 2866 3634 2943">
     <span class='ocr_line' id='line_1_60' title="bbox 2047 2866 3634 2943; baseline 0.003 -24"><span class='ocrx_word' id='word_1_416' title='bbox 2047 2866 2334 2932; x_wconf 83' lang='lat' dir='ltr'><strong>fundatus,</strong></span> <span class='ocrx_word' id='word_1_417' title='bbox 2368 2869 2418 2922; x_wconf 91' lang='lat' dir='ltr'><strong>in</strong></span> <span class='ocrx_word' id='word_1_418' title='bbox 2457 2869 2557 2924; x_wconf 89' lang='lat' dir='ltr'><strong>hoc</strong></span> <span class='ocrx_word' id='word_1_419' title='bbox 2603 2879 2809 2924; x_wconf 87' lang='lat' dir='ltr'><strong>tantum</strong></span> <span class='ocrx_word' id='word_1_420' title='bbox 2861 2870 3100 2943; x_wconf 83' lang='lat' dir='ltr'><strong>(Christo</strong></span> <span class='ocrx_word' id='word_1_421' title='bbox 3146 2872 3199 2924; x_wconf 90' lang='lat' dir='ltr'><strong>in</strong></span> <span class='ocrx_word' id='word_1_422' title='bbox 3244 2886 3302 2925; x_wconf 88' lang='lat' dir='ltr'><strong>se</strong></span> <span class='ocrx_word' id='word_1_423' title='bbox 3348 2870 3634 2941; x_wconf 86' lang='lat' dir='ltr'><strong>operante.)</strong></span> 
     </span>
    </p>
   </div>
   <div class='ocr_carea' id='block_1_61' title="bbox 2048 2961 3637 3030">
    <p class='ocr_par' dir='ltr' id='par_1_61' title="bbox 2048 2961 3637 3030">
     <span class='ocr_line' id='line_1_61' title="bbox 2048 2961 3637 3030; baseline 0.007 -22"><span class='ocrx_word' id='word_1_424' title='bbox 2048 2965 2302 3026; x_wconf 87' lang='lat' dir='ltr'><strong>mutetur,</strong></span> <span class='ocrx_word' id='word_1_425' title='bbox 2332 2970 2385 3013; x_wconf 91' lang='lat' dir='ltr'><strong>ut</strong></span> <span class='ocrx_word' id='word_1_426' title='bbox 2417 2961 2569 3015; x_wconf 89' lang='lat' dir='ltr'><strong>novis</strong></span> <span class='ocrx_word' id='word_1_427' title='bbox 2613 2977 2826 3030; x_wconf 87' lang='lat' dir='ltr'><strong>semper</strong></span> <span class='ocrx_word' id='word_1_428' title='bbox 2855 2964 3139 3019; x_wconf 86' lang='lat' dir='ltr'><strong>virtutibus</strong></span> <span class='ocrx_word' id='word_1_429' title='bbox 3179 2963 3446 3020; x_wconf 87' lang='lat' dir='ltr'><strong>induatur.</strong></span> <span class='ocrx_word' id='word_1_430' title='bbox 3489 2966 3637 3019; x_wconf 75' lang='lat' dir='ltr'><strong>Ante</strong></span> 
     </span>
    </p>
   </div>
   <div class='ocr_carea' id='block_1_62' title="bbox 2046 3052 3636 3125">
    <p class='ocr_par' dir='ltr' id='par_1_62' title="bbox 2046 3052 3636 3125">
     <span class='ocr_line' id='line_1_62' title="bbox 2046 3052 3636 3125; baseline 0.006 -24"><span class='ocrx_word' id='word_1_431' title='bbox 2046 3052 2244 3115; x_wconf 82' lang='lat' dir='ltr'><strong>omnia,</strong></span> <span class='ocrx_word' id='word_1_432' title='bbox 2280 3053 2329 3105; x_wconf 91' lang='lat' dir='ltr'><strong>in</strong></span> <span class='ocrx_word' id='word_1_433' title='bbox 2361 3065 2612 3122; x_wconf 85' lang='lat' dir='ltr'><strong>quantum</strong></span> <span class='ocrx_word' id='word_1_434' title='bbox 2647 3055 2753 3109; x_wconf 88' lang='lat' dir='ltr'><strong>Deo</strong></span> <span class='ocrx_word' id='word_1_435' title='bbox 2781 3055 3063 3123; x_wconf 74' lang='lat' dir='ltr'><strong>adiuvante</strong></span> <span class='ocrx_word' id='word_1_436' title='bbox 3093 3063 3400 3125; x_wconf 83' lang='lat' dir='ltr'><strong>poSsumus,</strong></span> <span class='ocrx_word' id='word_1_437' title='bbox 3430 3056 3546 3111; x_wconf 88' lang='lat' dir='ltr'><strong>illas</strong></span> <span class='ocrx_word' id='word_1_438' title='bbox 3580 3059 3636 3111; x_wconf 91' lang='lat' dir='ltr'><strong>in</strong></span> 
     </span>
    </p>
   </div>
   <div class='ocr_carea' id='block_1_63' title="bbox 365 3135 3630 3233">
    <p class='ocr_par' dir='ltr' id='par_1_63' title="bbox 365 3135 3630 3233">
     <span class='ocr_line' id='line_1_63' title="bbox 365 3135 3630 3233; baseline 0.006 -47"><span class='ocrx_word' id='word_1_439' title='bbox 365 3152 541 3205; x_wconf 63' lang='lat' dir='ltr'><strong>Ardua</strong></span> <span class='ocrx_word' id='word_1_440' title='bbox 571 3161 697 3206; x_wconf 70' lang='lat' dir='ltr'><strong>sum</strong></span> <span class='ocrx_word' id='word_1_441' title='bbox 735 3169 852 3221; x_wconf 57' lang='lat' dir='ltr'><strong>qua,</strong></span> <span class='ocrx_word' id='word_1_442' title='bbox 894 3170 989 3224; x_wconf 71' lang='grc' dir='ltr'><strong>ιπο</strong></span> <span class='ocrx_word' id='word_1_443' title='bbox 1016 3157 1393 3226; x_wconf 44' lang='lat' dir='ltr'><strong>interrogaui“</strong></span> <span class='ocrx_word' id='word_1_444' title='bbox 1429 3159 1640 3216; x_wconf 70' lang='lat' dir='ltr'><strong>fervore</strong></span> <span class='ocrx_word' id='word_1_445' title='bbox 1683 3164 1937 3233; x_wconf 63' lang='grc' dir='ltr'><strong>εοηοηυί,</strong></span> <span class='ocrx_word' id='word_1_446' title='bbox 1972 3135 2016 3196; x_wconf 91' lang='lat' dir='ltr'>C</span> <span class='ocrx_word' id='word_1_447' title='bbox 2050 3142 2204 3195; x_wconf 90' lang='lat' dir='ltr'><strong>nobis</strong></span> <span class='ocrx_word' id='word_1_448' title='bbox 2263 3143 2495 3213; x_wconf 89' lang='lat' dir='ltr'><strong>quinque</strong></span> <span class='ocrx_word' id='word_1_449' title='bbox 2560 3159 2818 3201; x_wconf 81' lang='lat' dir='ltr'><strong>sensuum</strong></span> <span class='ocrx_word' id='word_1_450' title='bbox 2885 3163 3248 3217; x_wconf 82' lang='lat' dir='ltr'><strong>expugnemus</strong></span> <span class='ocrx_word' id='word_1_451' title='bbox 3321 3149 3630 3205; x_wconf 87' lang='lat' dir='ltr'><strong>illecebras.</strong></span> 
     </span>
    </p>
   </div>
   <div class='ocr_carea' id='block_1_64' title="bbox 365 3242 1943 3321">
    <p class='ocr_par' dir='ltr' id='par_1_64' title="bbox 365 3242 1943 3321">
     <span class='ocr_line' id='line_1_64' title="bbox 365 3242 1943 3321; baseline 0.013 -28"><span class='ocrx_word' id='word_1_452' title='bbox 365 3257 511 3306; x_wconf 85' lang='lat' dir='ltr'><strong>mur;</strong></span> <span class='ocrx_word' id='word_1_453' title='bbox 540 3242 633 3295; x_wconf 77' lang='lat' dir='ltr'><strong>sed</strong></span> <span class='ocrx_word' id='word_1_454' title='bbox 661 3243 748 3298; x_wconf 64' lang='lat' dir='ltr'><strong>ille</strong></span> <span class='ocrx_word' id='word_1_455' title='bbox 766 3245 1124 3302; x_wconf 86' lang='lat' dir='ltr'><strong>laborantium</strong></span> <span class='ocrx_word' id='word_1_456' title='bbox 1148 3247 1409 3319; x_wconf 85' lang='lat' dir='ltr'><strong>benignus</strong></span> <span class='ocrx_word' id='word_1_457' title='bbox 1427 3251 1661 3321; x_wconf 83' lang='lat' dir='ltr'><strong>adjutor,</strong></span> <span class='ocrx_word' id='word_1_458' title='bbox 1689 3266 1792 3310; x_wconf 89' lang='lat' dir='ltr'><strong>tam</strong></span> <span class='ocrx_word' id='word_1_459' title='bbox 1827 3258 1943 3313; x_wconf 87' lang='lat' dir='ltr'><strong>leve</strong></span> 
     </span>
    </p>
   </div>
   <div class='ocr_carea' id='block_1_65' title="bbox 365 3335 1944 3418">
    <p class='ocr_par' dir='ltr' id='par_1_65' title="bbox 365 3335 1944 3418">
     <span class='ocr_line' id='line_1_65' title="bbox 365 3335 1944 3418; baseline 0.011 -30"><span class='ocrx_word' id='word_1_460' title='bbox 365 3335 457 3389; x_wconf 91' lang='lat' dir='ltr'><strong>tibi</strong></span> <span class='ocrx_word' id='word_1_461' title='bbox 507 3335 668 3391; x_wconf 83' lang='lat' dir='ltr'><strong>faciat</strong></span> <span class='ocrx_word' id='word_1_462' title='bbox 709 3337 892 3406; x_wconf 86' lang='lat' dir='ltr'><strong>jugum</strong></span> <span class='ocrx_word' id='word_1_463' title='bbox 924 3353 1102 3406; x_wconf 90' lang='lat' dir='ltr'><strong>suum,</strong></span> <span class='ocrx_word' id='word_1_464' title='bbox 1141 3358 1298 3411; x_wconf 90' lang='lat' dir='ltr'><strong>quam</strong></span> <span class='ocrx_word' id='word_1_465' title='bbox 1325 3344 1617 3410; x_wconf 83' lang='lat' dir='ltr'><strong>jucundum</strong></span> <span class='ocrx_word' id='word_1_466' title='bbox 1663 3350 1767 3403; x_wconf 91' lang='lat' dir='ltr'><strong>erit</strong></span> <span class='ocrx_word' id='word_1_467' title='bbox 1807 3365 1944 3418; x_wconf 62' lang='lat' dir='ltr'><strong>pra:-</strong></span> 
     </span>
    </p>
   </div>
   <div class='ocr_carea' id='block_1_66' title="bbox 363 3427 1941 3510">
    <p class='ocr_par' dir='ltr' id='par_1_66' title="bbox 363 3427 1941 3510">
     <span class='ocr_line' id='line_1_66' title="bbox 363 3427 1941 3510; baseline 0.01 -30"><span class='ocrx_word' id='word_1_468' title='bbox 363 3427 527 3482; x_wconf 83' lang='lat' dir='ltr'><strong>niiunt</strong></span> <span class='ocrx_word' id='word_1_469' title='bbox 559 3443 738 3484; x_wconf 91' lang='lat' dir='ltr'><strong>suum.</strong></span> <span class='ocrx_word' id='word_1_470' title='bbox 773 3431 935 3499; x_wconf 84' lang='lat' dir='ltr'><strong>lg&#39;tur</strong></span> <span class='ocrx_word' id='word_1_471' title='bbox 978 3433 1021 3484; x_wconf 92' lang='lat' dir='ltr'><strong>si</strong></span> <span class='ocrx_word' id='word_1_472' title='bbox 1056 3433 1258 3501; x_wconf 88' lang='lat' dir='ltr'><strong>trepida</strong></span> <span class='ocrx_word' id='word_1_473' title='bbox 1294 3451 1478 3510; x_wconf 88' lang='lat' dir='ltr'><strong>parum</strong></span> <span class='ocrx_word' id='word_1_474' title='bbox 1529 3439 1755 3507; x_wconf 88' lang='lat' dir='ltr'><strong>amplius</strong></span> <span class='ocrx_word' id='word_1_475' title='bbox 1794 3443 1941 3496; x_wconf 84' lang='lat' dir='ltr'><strong>rudi—</strong></span> 
     </span>
    </p>
   </div>
   <div class='ocr_carea' id='block_1_67' title="bbox 363 3521 1942 3601">
    <p class='ocr_par' dir='ltr' id='par_1_67' title="bbox 363 3521 1942 3601">
     <span class='ocr_line' id='line_1_67' title="bbox 363 3521 1942 3601; baseline 0.01 -29"><span class='ocrx_word' id='word_1_476' title='bbox 363 3527 542 3575; x_wconf 84' lang='lat' dir='ltr'><strong>menta</strong></span> <span class='ocrx_word' id='word_1_477' title='bbox 585 3521 938 3590; x_wconf 90' lang='lat' dir='ltr'><strong>permittunt,</strong></span> <span class='ocrx_word' id='word_1_478' title='bbox 984 3524 1205 3580; x_wconf 89' lang='lat' dir='ltr'><strong>alternis</strong></span> <span class='ocrx_word' id='word_1_479' title='bbox 1258 3526 1514 3592; x_wconf 82' lang='lat' dir='ltr'><strong>hiemales</strong></span> <span class='ocrx_word' id='word_1_480' title='bbox 1563 3531 1676 3584; x_wconf 91' lang='lat' dir='ltr'><strong>dies</strong></span> <span class='ocrx_word' id='word_1_481' title='bbox 1721 3531 1942 3601; x_wconf 87' lang='lat' dir='ltr'><strong>jejuniis</strong></span> 
     </span>
    </p>
   </div>
   <div class='ocr_carea' id='block_1_68' title="bbox 366 3614 1944 3688">
    <p class='ocr_par' dir='ltr' id='par_1_68' title="bbox 366 3614 1944 3688">
     <span class='ocr_line' id='line_1_68' title="bbox 366 3614 1944 3688; baseline 0.01 -22"><span class='ocrx_word' id='word_1_482' title='bbox 366 3614 764 3682; x_wconf 84' lang='lat' dir='ltr'><strong>transigantur:</strong></span> <span class='ocrx_word' id='word_1_483' title='bbox 798 3631 918 3686; x_wconf 72' lang='lat' dir='ltr'><strong>qua:</strong></span> <span class='ocrx_word' id='word_1_484' title='bbox 939 3618 1073 3672; x_wconf 90' lang='lat' dir='ltr'><strong>sicut</strong></span> <span class='ocrx_word' id='word_1_485' title='bbox 1107 3619 1372 3674; x_wconf 62' lang='lat' dir='ltr'><strong>mvderari</strong></span> <span class='ocrx_word' id='word_1_486' title='bbox 1401 3623 1675 3688; x_wconf 89' lang='lat' dir='ltr'><strong>convenit,</strong></span> <span class='ocrx_word' id='word_1_487' title='bbox 1727 3625 1797 3678; x_wconf 91' lang='lat' dir='ltr'><strong>ita</strong></span> <span class='ocrx_word' id='word_1_488' title='bbox 1849 3641 1944 3682; x_wconf 85' lang='lat' dir='ltr'><strong>ne-</strong></span> 
     </span>
    </p>
   </div>
   <div class='ocr_carea' id='block_1_69' title="bbox 359 3708 1938 3784">
    <p class='ocr_par' dir='ltr' id='par_1_69' title="bbox 359 3708 1938 3784">
     <span class='ocr_line' id='line_1_69' title="bbox 359 3708 1938 3784; baseline 0.01 -26"><span class='ocrx_word' id='word_1_489' title='bbox 359 3721 512 3761; x_wconf 85' lang='lat' dir='ltr'><strong>cesse</strong></span> <span class='ocrx_word' id='word_1_490' title='bbox 559 3716 644 3761; x_wconf 86' lang='lat' dir='ltr'><strong>est</strong></span> <span class='ocrx_word' id='word_1_491' title='bbox 691 3708 997 3778; x_wconf 90' lang='lat' dir='ltr'><strong>duplicari:</strong></span> <span class='ocrx_word' id='word_1_492' title='bbox 1048 3711 1324 3780; x_wconf 88' lang='lat' dir='ltr'><strong>dup&#39;icari,</strong></span> <span class='ocrx_word' id='word_1_493' title='bbox 1359 3714 1604 3784; x_wconf 85' lang='lat' dir='ltr'><strong>inquam;</strong></span> <span class='ocrx_word' id='word_1_494' title='bbox 1639 3717 1748 3771; x_wconf 88' lang='lat' dir='ltr'><strong>duo</strong></span> <span class='ocrx_word' id='word_1_495' title='bbox 1798 3720 1938 3774; x_wconf 90' lang='lat' dir='ltr'><strong>enim</strong></span> 
     </span>
    </p>
   </div>
   <div class='ocr_carea' id='block_1_70' title="bbox 360 3799 1940 3873">
    <p class='ocr_par' dir='ltr' id='par_1_70' title="bbox 360 3799 1940 3873">
     <span class='ocr_line' id='line_1_70' title="bbox 360 3799 1940 3873; baseline 0.011 -23"><span class='ocrx_word' id='word_1_496' title='bbox 360 3799 841 3855; x_wconf 68' lang='lat' dir='ltr'><strong>suntabstinentize</strong></span> <span class='ocrx_word' id='word_1_497' title='bbox 885 3817 1077 3872; x_wconf 89' lang='lat' dir='ltr'><strong>genera</strong></span> <span class='ocrx_word' id='word_1_498' title='bbox 1115 3823 1126 3856; x_wconf 88' lang='lat'>:</span> <span class='ocrx_word' id='word_1_499' title='bbox 1167 3804 1336 3860; x_wconf 90' lang='lat' dir='ltr'><strong>Unum</strong></span> <span class='ocrx_word' id='word_1_500' title='bbox 1380 3819 1482 3873; x_wconf 89' lang='lat' dir='ltr'><strong>est,</strong></span> <span class='ocrx_word' id='word_1_501' title='bbox 1539 3809 1940 3868; x_wconf 64' lang='lat' dir='ltr'><strong>incontinentiae</strong></span> 
     </span>
    </p>
   </div>
   <div class='ocr_carea' id='block_1_71' title="bbox 360 3889 1937 3964">
    <p class='ocr_par' dir='ltr' id='par_1_71' title="bbox 360 3889 1937 3964">
     <span class='ocr_line' id='line_1_71' title="bbox 360 3889 1937 3964; baseline 0.013 -25"><span class='ocrx_word' id='word_1_502' title='bbox 360 3889 674 3956; x_wconf 86' lang='lat' dir='ltr'><strong>appetitum,</strong></span> <span class='ocrx_word' id='word_1_503' title='bbox 731 3905 760 3942; x_wconf 90' lang='lat' dir='ltr'><strong>a</strong></span> <span class='ocrx_word' id='word_1_504' title='bbox 792 3891 911 3944; x_wconf 90' lang='lat' dir='ltr'><strong>cibo</strong></span> <span class='ocrx_word' id='word_1_505' title='bbox 940 3902 994 3946; x_wconf 87' lang='lat' dir='ltr'><strong>et</strong></span> <span class='ocrx_word' id='word_1_506' title='bbox 1047 3904 1170 3964; x_wconf 83' lang='lat' dir='ltr'><strong>potu</strong></span> <span class='ocrx_word' id='word_1_507' title='bbox 1221 3904 1276 3950; x_wconf 93' lang='lat' dir='ltr'><strong>et</strong></span> <span class='ocrx_word' id='word_1_508' title='bbox 1323 3913 1352 3950; x_wconf 92' lang='lat' dir='ltr'><strong>a</strong></span> <span class='ocrx_word' id='word_1_509' title='bbox 1390 3899 1616 3954; x_wconf 84' lang='lat' dir='ltr'><strong>diversis</strong></span> <span class='ocrx_word' id='word_1_510' title='bbox 1645 3905 1937 3959; x_wconf 84' lang='lat' dir='ltr'><strong>carnalium</strong></span> 
     </span>
    </p>
   </div>
   <div class='ocr_carea' id='block_1_72' title="bbox 359 3979 1939 4055">
    <p class='ocr_par' dir='ltr' id='par_1_72' title="bbox 359 3979 1939 4055">
     <span class='ocr_line' id='line_1_72' title="bbox 359 3979 1939 4055; baseline 0.014 -25"><span class='ocrx_word' id='word_1_511' title='bbox 359 3979 676 4032; x_wconf 83' lang='lat' dir='ltr'><strong>snavitatum</strong></span> <span class='ocrx_word' id='word_1_512' title='bbox 715 3980 982 4036; x_wconf 88' lang='lat' dir='ltr'><strong>illecebris</strong></span> <span class='ocrx_word' id='word_1_513' title='bbox 1010 3999 1279 4055; x_wconf 88' lang='lat' dir='ltr'><strong>coercere,</strong></span> <span class='ocrx_word' id='word_1_514' title='bbox 1318 4001 1370 4042; x_wconf 89' lang='lat' dir='ltr'><strong>et</strong></span> <span class='ocrx_word' id='word_1_515' title='bbox 1399 4007 1615 4048; x_wconf 90' lang='lat' dir='ltr'><strong>vomere</strong></span> <span class='ocrx_word' id='word_1_516' title='bbox 1638 3996 1810 4051; x_wconf 85' lang='lat' dir='ltr'><strong>erucis</strong></span> <span class='ocrx_word' id='word_1_517' title='bbox 1835 4007 1939 4052; x_wconf 63' lang='lat' dir='ltr'><strong>tero</strong></span> 
     </span>
    </p>
   </div>
   <div class='ocr_carea' id='block_1_73' title="bbox 360 4069 1939 4156">
    <p class='ocr_par' dir='ltr' id='par_1_73' title="bbox 360 4069 1939 4156">
     <span class='ocr_line' id='line_1_73' title="bbox 360 4069 1939 4156; baseline 0.013 -35"><span class='ocrx_word' id='word_1_518' title='bbox 360 4083 472 4122; x_wconf 84' lang='lat' dir='ltr'><strong>ram</strong></span> <span class='ocrx_word' id='word_1_519' title='bbox 512 4069 736 4139; x_wconf 85' lang='lat' dir='ltr'><strong>subjecti</strong></span> <span class='ocrx_word' id='word_1_520' title='bbox 781 4073 1063 4128; x_wconf 90' lang='lat' dir='ltr'><strong>exterioris</strong></span> <span class='ocrx_word' id='word_1_521' title='bbox 1097 4078 1370 4150; x_wconf 77' lang='lat' dir='ltr'><strong>edomare,</strong></span> <span class='ocrx_word' id='word_1_522' title='bbox 1406 4093 1459 4137; x_wconf 89' lang='lat' dir='ltr'><strong>et</strong></span> <span class='ocrx_word' id='word_1_523' title='bbox 1492 4088 1793 4141; x_wconf 74' lang='lat' dir='ltr'><strong>necessitati</strong></span> <span class='ocrx_word' id='word_1_524' title='bbox 1845 4106 1939 4156; x_wconf 87' lang='lat' dir='ltr'><strong>p0-</strong></span> 
     </span>
    </p>
   </div>
   <div class='ocr_carea' id='block_1_74' title="bbox 359 4160 1932 4245">
    <p class='ocr_par' dir='ltr' id='par_1_74' title="bbox 359 4160 1932 4245">
     <span class='ocr_line' id='line_1_74' title="bbox 359 4160 1932 4245; baseline 0.013 -33"><span class='ocrx_word' id='word_1_525' title='bbox 359 4160 463 4214; x_wconf 81' lang='lat' dir='ltr'><strong>tius</strong></span> <span class='ocrx_word' id='word_1_526' title='bbox 493 4175 654 4230; x_wconf 88' lang='lat' dir='ltr'><strong>quam</strong></span> <span class='ocrx_word' id='word_1_527' title='bbox 683 4163 944 4235; x_wconf 87' lang='lat' dir='ltr'><strong>voluptati</strong></span> <span class='ocrx_word' id='word_1_528' title='bbox 986 4176 1277 4237; x_wconf 89' lang='lat' dir='ltr'><strong>temperata</strong></span> <span class='ocrx_word' id='word_1_529' title='bbox 1315 4173 1681 4230; x_wconf 78' lang='lat' dir='ltr'><strong>moderatione</strong></span> <span class='ocrx_word' id='word_1_530' title='bbox 1709 4180 1932 4245; x_wconf 78' lang='lat' dir='ltr'><strong>servire,</strong></span> 
     </span>
    </p>
   </div>
   <div class='ocr_carea' id='block_1_75' title="bbox 358 4254 1936 4331">
    <p class='ocr_par' dir='ltr' id='par_1_75' title="bbox 358 4254 1936 4331">
     <span class='ocr_line' id='line_1_75' title="bbox 358 4254 1936 4331; baseline 0.011 -24"><span class='ocrx_word' id='word_1_531' title='bbox 358 4254 575 4321; x_wconf 90' lang='lat' dir='ltr'><strong>paulum</strong></span> <span class='ocrx_word' id='word_1_532' title='bbox 624 4255 669 4308; x_wconf 87' lang='lat' dir='ltr'><strong>si</strong></span> <span class='ocrx_word' id='word_1_533' title='bbox 702 4257 975 4324; x_wconf 82' lang='lat' dir='ltr'><strong>permittat</strong></span> <span class='ocrx_word' id='word_1_534' title='bbox 1017 4260 1319 4331; x_wconf 88' lang='lat' dir='ltr'><strong>inﬁrmitas,</strong></span> <span class='ocrx_word' id='word_1_535' title='bbox 1371 4265 1455 4318; x_wconf 89' lang='lat' dir='ltr'><strong>vel</strong></span> <span class='ocrx_word' id='word_1_536' title='bbox 1504 4267 1724 4321; x_wconf 88' lang='lat' dir='ltr'><strong>alternis</strong></span> <span class='ocrx_word' id='word_1_537' title='bbox 1749 4269 1936 4325; x_wconf 90' lang='lat' dir='ltr'><strong>diebus</strong></span> 
     </span>
    </p>
   </div>
   <div class='ocr_carea' id='block_1_76' title="bbox 294 4343 1935 4415">
    <p class='ocr_par' dir='ltr' id='par_1_76' title="bbox 294 4343 1935 4415">
     <span class='ocr_line' id='line_1_76' title="bbox 294 4343 1935 4415; baseline 0.011 -19"><span class='ocrx_word' id='word_1_538' title='bbox 294 4378 301 4387; x_wconf 68' lang='grc' dir='ltr'><em>η</em></span> <span class='ocrx_word' id='word_1_539' title='bbox 357 4343 529 4399; x_wconf 88' lang='lat' dir='ltr'><strong>donec</strong></span> <span class='ocrx_word' id='word_1_540' title='bbox 558 4345 637 4398; x_wconf 88' lang='lat' dir='ltr'><strong>vis</strong></span> <span class='ocrx_word' id='word_1_541' title='bbox 681 4345 851 4415; x_wconf 70' lang='lat' dir='ltr'><strong>longm</strong></span> <span class='ocrx_word' id='word_1_542' title='bbox 898 4349 1297 4406; x_wconf 85' lang='lat' dir='ltr'><strong>consuetudinis</strong></span> <span class='ocrx_word' id='word_1_543' title='bbox 1347 4355 1545 4408; x_wconf 87' lang='lat' dir='ltr'><strong>sensim</strong></span> <span class='ocrx_word' id='word_1_544' title='bbox 1568 4357 1935 4414; x_wconf 89' lang='lat' dir='ltr'><strong>dissuescatur</strong></span> 
     </span>
    </p>
   </div>
   <div class='ocr_carea' id='block_1_77' title="bbox 357 4433 1933 4516">
    <p class='ocr_par' dir='ltr' id='par_1_77' title="bbox 357 4433 1933 4516">
     <span class='ocr_line' id='line_1_77' title="bbox 357 4433 1933 4516; baseline 0.014 -31"><span class='ocrx_word' id='word_1_545' title='bbox 357 4434 622 4502; x_wconf 83' lang='lat' dir='ltr'><strong>accipere.</strong></span> <span class='ocrx_word' id='word_1_546' title='bbox 674 4433 750 4490; x_wconf 90' lang='lat' dir='ltr'><strong>De</strong></span> <span class='ocrx_word' id='word_1_547' title='bbox 804 4452 901 4490; x_wconf 92' lang='lat' dir='ltr'><strong>usu</strong></span> <span class='ocrx_word' id='word_1_548' title='bbox 944 4453 1072 4491; x_wconf 91' lang='lat' dir='ltr'><strong>vero</strong></span> <span class='ocrx_word' id='word_1_549' title='bbox 1100 4438 1559 4512; x_wconf 85' lang='lat' dir='ltr'><strong>indumentorum,</strong></span> <span class='ocrx_word' id='word_1_550' title='bbox 1593 4448 1846 4516; x_wconf 87' lang='lat' dir='ltr'><strong>paulatim</strong></span> <span class='ocrx_word' id='word_1_551' title='bbox 1875 4465 1933 4507; x_wconf 91' lang='lat' dir='ltr'><strong>se</strong></span> 
     </span>
    </p>
   </div>
   <div class='ocr_carea' id='block_1_78' title="bbox 356 4524 1933 4602">
    <p class='ocr_par' dir='ltr' id='par_1_78' title="bbox 356 4524 1933 4602">
     <span class='ocr_line' id='line_1_78' title="bbox 356 4524 1933 4602; baseline 0.013 -27"><span class='ocrx_word' id='word_1_552' title='bbox 356 4525 586 4592; x_wconf 81' lang='lat' dir='ltr'><strong>gravitas</strong></span> <span class='ocrx_word' id='word_1_553' title='bbox 616 4525 680 4578; x_wconf 87' lang='lat' dir='ltr'><strong>ad</strong></span> <span class='ocrx_word' id='word_1_554' title='bbox 707 4524 958 4581; x_wconf 85' lang='lat' dir='ltr'><strong>inferiOra</strong></span> <span class='ocrx_word' id='word_1_555' title='bbox 987 4528 1285 4597; x_wconf 88' lang='lat' dir='ltr'><strong>submittat,</strong></span> <span class='ocrx_word' id='word_1_556' title='bbox 1317 4548 1383 4587; x_wconf 92' lang='lat' dir='ltr'><strong>ne</strong></span> <span class='ocrx_word' id='word_1_557' title='bbox 1415 4531 1529 4602; x_wconf 88' lang='lat' dir='ltr'><strong>ipsa</strong></span> <span class='ocrx_word' id='word_1_558' title='bbox 1561 4538 1769 4593; x_wconf 88' lang='lat' dir='ltr'><strong>novitas</strong></span> <span class='ocrx_word' id='word_1_559' title='bbox 1789 4541 1933 4596; x_wconf 88' lang='lat' dir='ltr'><strong>subi-</strong></span> 
     </span>
    </p>
   </div>
   <div class='ocr_carea' id='block_1_79' title="bbox 359 4615 1934 4701">
    <p class='ocr_par' dir='ltr' id='par_1_79' title="bbox 359 4615 1934 4701">
     <span class='ocr_line' id='line_1_79' title="bbox 359 4615 1934 4701; baseline 0.013 -35"><span class='ocrx_word' id='word_1_560' title='bbox 359 4627 423 4667; x_wconf 71' lang='lat' dir='ltr'><strong>ta:</strong></span> <span class='ocrx_word' id='word_1_561' title='bbox 446 4615 826 4672; x_wconf 89' lang='lat' dir='ltr'><strong>mediocritatis</strong></span> <span class='ocrx_word' id='word_1_562' title='bbox 853 4617 1108 4676; x_wconf 79' lang='lat' dir='ltr'><strong>offendat.</strong></span> <span class='ocrx_word' id='word_1_563' title='bbox 1130 4620 1528 4679; x_wconf 88' lang='lat' dir='ltr'><strong>Observandum</strong></span> <span class='ocrx_word' id='word_1_564' title='bbox 1553 4635 1636 4682; x_wconf 77' lang='lat' dir='ltr'><strong>est</strong></span> <span class='ocrx_word' id='word_1_565' title='bbox 1657 4630 1840 4701; x_wconf 89' lang='lat' dir='ltr'><strong>etiam,</strong></span> <span class='ocrx_word' id='word_1_566' title='bbox 1866 4647 1934 4687; x_wconf 91' lang='lat' dir='ltr'><strong>ne</strong></span> 
     </span>
    </p>
   </div>
   <div class='ocr_carea' id='block_1_80' title="bbox 357 4706 1931 4785">
    <p class='ocr_par' dir='ltr' id='par_1_80' title="bbox 357 4706 1931 4785">
     <span class='ocr_line' id='line_1_80' title="bbox 357 4706 1931 4785; baseline 0.011 -23"><span class='ocrx_word' id='word_1_567' title='bbox 357 4706 520 4762; x_wconf 88' lang='lat' dir='ltr'><strong>elatio</strong></span> <span class='ocrx_word' id='word_1_568' title='bbox 559 4708 626 4762; x_wconf 91' lang='lat' dir='ltr'><strong>de</strong></span> <span class='ocrx_word' id='word_1_569' title='bbox 653 4708 816 4762; x_wconf 89' lang='lat' dir='ltr'><strong>nimia</strong></span> <span class='ocrx_word' id='word_1_570' title='bbox 848 4711 1150 4767; x_wconf 87' lang='lat' dir='ltr'><strong>humilitate</strong></span> <span class='ocrx_word' id='word_1_571' title='bbox 1178 4725 1485 4785; x_wconf 88' lang='lat' dir='ltr'><strong>generetur,</strong></span> <span class='ocrx_word' id='word_1_572' title='bbox 1533 4728 1586 4774; x_wconf 88' lang='lat' dir='ltr'><strong>ct</strong></span> <span class='ocrx_word' id='word_1_573' title='bbox 1624 4721 1810 4776; x_wconf 82' lang='lat' dir='ltr'><strong>vitium</strong></span> <span class='ocrx_word' id='word_1_574' title='bbox 1863 4724 1931 4779; x_wconf 88' lang='lat' dir='ltr'><strong>de</strong></span> 
     </span>
    </p>
   </div>
   <div class='ocr_carea' id='block_1_81' title="bbox 359 4800 1930 4880">
    <p class='ocr_par' dir='ltr' id='par_1_81' title="bbox 359 4800 1930 4880">
     <span class='ocr_line' id='line_1_81' title="bbox 359 4800 1930 4880; baseline 0.011 -28"><span class='ocrx_word' id='word_1_575' title='bbox 359 4800 554 4854; x_wconf 87' lang='lat' dir='ltr'><strong>virtute</strong></span> <span class='ocrx_word' id='word_1_576' title='bbox 587 4808 878 4865; x_wconf 88' lang='lat' dir='ltr'><strong>nascatur;</strong></span> <span class='ocrx_word' id='word_1_577' title='bbox 930 4818 1048 4871; x_wconf 72' lang='lat' dir='ltr'><strong>qua:</strong></span> <span class='ocrx_word' id='word_1_578' title='bbox 1103 4813 1282 4860; x_wconf 90' lang='lat' dir='ltr'><strong>tamen</strong></span> <span class='ocrx_word' id='word_1_579' title='bbox 1325 4807 1479 4863; x_wconf 87' lang='lat' dir='ltr'><strong>facile</strong></span> <span class='ocrx_word' id='word_1_580' title='bbox 1506 4813 1865 4880; x_wconf 88' lang='lat' dir='ltr'><strong>superabitur,</strong></span> <span class='ocrx_word' id='word_1_581' title='bbox 1885 4816 1930 4870; x_wconf 89' lang='lat' dir='ltr'><strong>si</strong></span> 
     </span>
    </p>
   </div>
   <div class='ocr_carea' id='block_1_82' title="bbox 355 4889 1929 4961">
    <p class='ocr_par' dir='ltr' id='par_1_82' title="bbox 355 4889 1929 4961">
     <span class='ocr_line' id='line_1_82' title="bbox 355 4889 1929 4961; baseline 0.01 -16"><span class='ocrx_word' id='word_1_582' title='bbox 355 4889 690 4945; x_wconf 80' lang='lat' dir='ltr'><strong>eonfusibilis</strong></span> <span class='ocrx_word' id='word_1_583' title='bbox 718 4890 805 4945; x_wconf 89' lang='lat' dir='ltr'><strong>illa</strong></span> <span class='ocrx_word' id='word_1_584' title='bbox 836 4893 1117 4961; x_wconf 69' lang='lat' dir='ltr'><strong>praztcritte</strong></span> <span class='ocrx_word' id='word_1_585' title='bbox 1143 4900 1564 4956; x_wconf 89' lang='lat' dir='ltr'><strong>conversationis</strong></span> <span class='ocrx_word' id='word_1_586' title='bbox 1587 4901 1806 4960; x_wconf 84' lang='lat' dir='ltr'><strong>historia</strong></span> <span class='ocrx_word' id='word_1_587' title='bbox 1835 4922 1929 4961; x_wconf 89' lang='lat' dir='ltr'><strong>an-</strong></span> 
     </span>
    </p>
   </div>
   <div class='ocr_carea' id='block_1_83' title="bbox 358 4982 1928 5064">
    <p class='ocr_par' dir='ltr' id='par_1_83' title="bbox 358 4982 1928 5064">
     <span class='ocr_line' id='line_1_83' title="bbox 358 4982 1928 5064; baseline 0.01 -28"><span class='ocrx_word' id='word_1_588' title='bbox 358 4992 410 5037; x_wconf 91' lang='lat' dir='ltr'><strong>te</strong></span> <span class='ocrx_word' id='word_1_589' title='bbox 429 4983 612 5037; x_wconf 85' lang='lat' dir='ltr'><strong>oculos</strong></span> <span class='ocrx_word' id='word_1_590' title='bbox 636 4982 946 5050; x_wconf 83' lang='lat' dir='ltr'><strong>adducatur,</strong></span> <span class='ocrx_word' id='word_1_591' title='bbox 970 4993 1023 5038; x_wconf 93' lang='lat' dir='ltr'><strong>et</strong></span> <span class='ocrx_word' id='word_1_592' title='bbox 1054 5001 1143 5041; x_wconf 88' lang='lat' dir='ltr'><strong>rea</strong></span> <span class='ocrx_word' id='word_1_593' title='bbox 1167 4989 1488 5046; x_wconf 86' lang='lat' dir='ltr'><strong>conscientia</strong></span> <span class='ocrx_word' id='word_1_594' title='bbox 1513 4996 1732 5064; x_wconf 87' lang='lat' dir='ltr'><strong>trepidis</strong></span> <span class='ocrx_word' id='word_1_595' title='bbox 1755 4999 1928 5052; x_wconf 85' lang='lat' dir='ltr'><strong>sensi-</strong></span> 
     </span>
    </p>
   </div>
   <div class='ocr_carea' id='block_1_84' title="bbox 359 5075 1928 5153">
    <p class='ocr_par' dir='ltr' id='par_1_84' title="bbox 359 5075 1928 5153">
     <span class='ocr_line' id='line_1_84' title="bbox 359 5075 1928 5153; baseline 0.01 -23"><span class='ocrx_word' id='word_1_596' title='bbox 359 5077 454 5130; x_wconf 83' lang='lat' dir='ltr'><strong>bus</strong></span> <span class='ocrx_word' id='word_1_597' title='bbox 489 5082 855 5144; x_wconf 66' lang='lat' dir='ltr'><strong>prmscntctur.</strong></span> <span class='ocrx_word' id='word_1_598' title='bbox 903 5075 977 5130; x_wconf 89' lang='lat' dir='ltr'><strong>lta</strong></span> <span class='ocrx_word' id='word_1_599' title='bbox 1001 5076 1111 5144; x_wconf 89' lang='lat' dir='ltr'><strong>fiet,</strong></span> <span class='ocrx_word' id='word_1_600' title='bbox 1138 5087 1195 5133; x_wconf 91' lang='lat' dir='ltr'><strong>ut</strong></span> <span class='ocrx_word' id='word_1_601' title='bbox 1220 5079 1344 5136; x_wconf 93' lang='lat' dir='ltr'><strong>dum</strong></span> <span class='ocrx_word' id='word_1_602' title='bbox 1379 5098 1473 5153; x_wconf 90' lang='lat' dir='ltr'><strong>per</strong></span> <span class='ocrx_word' id='word_1_603' title='bbox 1503 5087 1928 5145; x_wconf 88' lang='lat' dir='ltr'><strong>recordationem</strong></span> 
     </span>
    </p>
   </div>
   <div class='ocr_carea' id='block_1_85' title="bbox 357 5166 1931 5251">
    <p class='ocr_par' dir='ltr' id='par_1_85' title="bbox 357 5166 1931 5251">
     <span class='ocr_line' id='line_1_85' title="bbox 357 5166 1931 5251; baseline 0.012 -34"><span class='ocrx_word' id='word_1_604' title='bbox 357 5167 744 5235; x_wconf 74' lang='lat' dir='ltr'><strong>pneteritorum</strong></span> <span class='ocrx_word' id='word_1_605' title='bbox 778 5166 1038 5222; x_wconf 88' lang='lat' dir='ltr'><strong>malorum</strong></span> <span class='ocrx_word' id='word_1_606' title='bbox 1069 5183 1098 5223; x_wconf 87' lang='lat' dir='ltr'><strong>a</strong></span> <span class='ocrx_word' id='word_1_607' title='bbox 1119 5171 1329 5228; x_wconf 89' lang='lat' dir='ltr'><strong>diabolo</strong></span> <span class='ocrx_word' id='word_1_608' title='bbox 1357 5174 1558 5245; x_wconf 86' lang='lat' dir='ltr'><strong>ingesta</strong></span> <span class='ocrx_word' id='word_1_609' title='bbox 1588 5183 1931 5251; x_wconf 73' lang='lat' dir='ltr'><strong>prmsumptio</strong></span> 
     </span>
    </p>
   </div>
   <div class='ocr_carea' id='block_1_86' title="bbox 355 5258 1930 5342">
    <p class='ocr_par' dir='ltr' id='par_1_86' title="bbox 355 5258 1930 5342">
     <span class='ocr_line' id='line_1_86' title="bbox 355 5258 1930 5342; baseline 0.013 -35"><span class='ocrx_word' id='word_1_610' title='bbox 355 5258 664 5327; x_wconf 76' lang='lat' dir='ltr'><strong>castigatur,</strong></span> <span class='ocrx_word' id='word_1_611' title='bbox 711 5258 944 5330; x_wconf 89' lang='lat' dir='ltr'><strong>dumque</strong></span> <span class='ocrx_word' id='word_1_612' title='bbox 976 5263 1228 5336; x_wconf 86' lang='lat' dir='ltr'><strong>jactan-tia</strong></span> <span class='ocrx_word' id='word_1_613' title='bbox 1281 5267 1470 5322; x_wconf 79' lang='lat' dir='ltr'><strong>validis</strong></span> <span class='ocrx_word' id='word_1_614' title='bbox 1521 5271 1796 5342; x_wconf 87' lang='lat' dir='ltr'><strong>culparum</strong></span> <span class='ocrx_word' id='word_1_615' title='bbox 1839 5287 1930 5326; x_wconf 89' lang='lat' dir='ltr'><strong>ar-</strong></span> 
     </span>
    </p>
   </div>
   <div class='ocr_carea' id='block_1_87' title="bbox 358 5347 1926 5437">
    <p class='ocr_par' dir='ltr' id='par_1_87' title="bbox 358 5347 1926 5437">
     <span class='ocr_line' id='line_1_87' title="bbox 358 5347 1926 5437; baseline 0.013 -38"><span class='ocrx_word' id='word_1_616' title='bbox 358 5347 457 5403; x_wconf 87' lang='lat' dir='ltr'><strong>mis</strong></span> <span class='ocrx_word' id='word_1_617' title='bbox 508 5349 645 5406; x_wconf 84' lang='lat' dir='ltr'><strong>victa</strong></span> <span class='ocrx_word' id='word_1_618' title='bbox 694 5351 1012 5427; x_wconf 88' lang='lat' dir='ltr'><strong>propellitur</strong></span> <span class='ocrx_word' id='word_1_619' title='bbox 1048 5372 1060 5406; x_wconf 91' lang='lat'>:</span> <span class='ocrx_word' id='word_1_620' title='bbox 1095 5356 1317 5413; x_wconf 89' lang='lat' dir='ltr'><strong>crimina</strong></span> <span class='ocrx_word' id='word_1_621' title='bbox 1365 5376 1483 5437; x_wconf 84' lang='lat' dir='ltr'><strong>quae</strong></span> <span class='ocrx_word' id='word_1_622' title='bbox 1537 5375 1926 5431; x_wconf 86' lang='lat' dir='ltr'><strong>generaverant</strong></span> 
     </span>
    </p>
   </div>
   <div class='ocr_carea' id='block_1_88' title="bbox 357 5441 1931 5523">
    <p class='ocr_par' dir='ltr' id='par_1_88' title="bbox 357 5441 1931 5523">
     <span class='ocr_line' id='line_1_88' title="bbox 357 5441 1931 5523; baseline 0.015 -34"><span class='ocrx_word' id='word_1_623' title='bbox 357 5448 606 5504; x_wconf 86' lang='lat' dir='ltr'><strong>mortem,</strong></span> <span class='ocrx_word' id='word_1_624' title='bbox 634 5441 861 5498; x_wconf 88' lang='lat' dir='ltr'><strong>militare</strong></span> <span class='ocrx_word' id='word_1_625' title='bbox 887 5444 1139 5513; x_wconf 88' lang='lat' dir='ltr'><strong>incipiant</strong></span> <span class='ocrx_word' id='word_1_626' title='bbox 1180 5448 1245 5501; x_wconf 91' lang='lat' dir='ltr'><strong>ad</strong></span> <span class='ocrx_word' id='word_1_627' title='bbox 1283 5451 1538 5516; x_wconf 88' lang='lat' dir='ltr'><strong>salutem,</strong></span> <span class='ocrx_word' id='word_1_628' title='bbox 1571 5452 1730 5523; x_wconf 89' lang='lat' dir='ltr'><strong>inque</strong></span> <span class='ocrx_word' id='word_1_629' title='bbox 1753 5471 1931 5512; x_wconf 83' lang='lat' dir='ltr'><strong>reme-</strong></span> 
     </span>
    </p>
   </div>
   <div class='ocr_carea' id='block_1_89' title="bbox 343 5532 1922 5609">
    <p class='ocr_par' dir='ltr' id='par_1_89' title="bbox 343 5532 1922 5609">
     <span class='ocr_line' id='line_1_89' title="bbox 343 5532 1922 5609; baseline 0.013 -23"><span class='ocrx_word' id='word_1_630' title='bbox 343 5532 500 5586; x_wconf 76' lang='lat' dir='ltr'><strong>dium</strong></span> <span class='ocrx_word' id='word_1_631' title='bbox 544 5534 738 5589; x_wconf 87' lang='lat' dir='ltr'><strong>delicta</strong></span> <span class='ocrx_word' id='word_1_632' title='bbox 783 5538 1089 5609; x_wconf 80' lang='lat' dir='ltr'><strong>proficiant,</strong></span> <span class='ocrx_word' id='word_1_633' title='bbox 1123 5547 1175 5596; x_wconf 92' lang='lat' dir='ltr'><strong>et</strong></span> <span class='ocrx_word' id='word_1_634' title='bbox 1204 5539 1461 5596; x_wconf 81' lang='lat' dir='ltr'><strong>medicina</strong></span> <span class='ocrx_word' id='word_1_635' title='bbox 1515 5543 1583 5601; x_wconf 90' lang='lat' dir='ltr'><strong>de</strong></span> <span class='ocrx_word' id='word_1_636' title='bbox 1613 5547 1922 5607; x_wconf 86' lang='lat' dir='ltr'><strong>vulneribus</strong></span> 
     </span>
    </p>
   </div>
   <div class='ocr_carea' id='block_1_90' title="bbox 431 5695 836 5762">
    <p class='ocr_par' dir='ltr' id='par_1_90' title="bbox 431 5695 836 5762">
     <span class='ocr_line' id='line_1_90' title="bbox 431 5695 836 5762; baseline 0.012 -14"><span class='ocrx_word' id='word_1_637' title='bbox 431 5701 456 5729; x_wconf 83' lang='grc'><strong>⁸</strong></span> <span class='ocrx_word' id='word_1_638' title='bbox 480 5695 593 5762; x_wconf 76' lang='lat' dir='ltr'><strong>AL,</strong></span> <span class='ocrx_word' id='word_1_639' title='bbox 616 5695 836 5753; x_wconf 66' lang='lat' dir='ltr'><strong>Leontii.</strong></span> 
     </span>
    </p>
   </div>
   <div class='ocr_carea' id='block_1_91' title="bbox 2047 3233 3635 3310">
    <p class='ocr_par' dir='ltr' id='par_1_91' title="bbox 2047 3233 3635 3310">
     <span class='ocr_line' id='line_1_91' title="bbox 2047 3233 3635 3310; baseline 0.007 -25"><span class='ocrx_word' id='word_1_640' title='bbox 2047 3233 2309 3304; x_wconf 85' lang='lat' dir='ltr'><strong>Quidquid</strong></span> <span class='ocrx_word' id='word_1_641' title='bbox 2332 3236 2473 3289; x_wconf 89' lang='lat' dir='ltr'><strong>enim</strong></span> <span class='ocrx_word' id='word_1_642' title='bbox 2503 3237 2830 3306; x_wconf 85' lang='lat' dir='ltr'><strong>pulchrescit</strong></span> <span class='ocrx_word' id='word_1_643' title='bbox 2856 3240 2992 3305; x_wconf 87' lang='lat' dir='ltr'><strong>visu,</strong></span> <span class='ocrx_word' id='word_1_644' title='bbox 3017 3239 3272 3310; x_wconf 82' lang='lat' dir='ltr'><strong>quidquid</strong></span> <span class='ocrx_word' id='word_1_645' title='bbox 3297 3241 3635 3296; x_wconf 80' lang='lat' dir='ltr'><strong>lenocinatur</strong></span> 
     </span>
    </p>
   </div>
   <div class='ocr_carea' id='block_1_92' title="bbox 2047 3329 3634 3405">
    <p class='ocr_par' dir='ltr' id='par_1_92' title="bbox 2047 3329 3634 3405">
     <span class='ocr_line' id='line_1_92' title="bbox 2047 3329 3634 3405; baseline 0.004 -22"><span class='ocrx_word' id='word_1_646' title='bbox 2047 3329 2293 3397; x_wconf 89' lang='lat' dir='ltr'><strong>odoratu,</strong></span> <span class='ocrx_word' id='word_1_647' title='bbox 2327 3331 2583 3402; x_wconf 90' lang='lat' dir='ltr'><strong>quidquid</strong></span> <span class='ocrx_word' id='word_1_648' title='bbox 2616 3334 2881 3390; x_wconf 87' lang='lat' dir='ltr'><strong>mollescit</strong></span> <span class='ocrx_word' id='word_1_649' title='bbox 2911 3343 3171 3400; x_wconf 79' lang='lat' dir='ltr'><strong>attracto,</strong></span> <span class='ocrx_word' id='word_1_650' title='bbox 3225 3335 3477 3405; x_wconf 88' lang='lat' dir='ltr'><strong>quidquid</strong></span> <span class='ocrx_word' id='word_1_651' title='bbox 3507 3335 3634 3390; x_wconf 87' lang='lat' dir='ltr'><strong>dul-</strong></span> 
     </span>
    </p>
   </div>
   <div class='ocr_carea' id='block_1_93' title="bbox 2046 3423 3632 3493">
    <p class='ocr_par' dir='ltr' id='par_1_93' title="bbox 2046 3423 3632 3493">
     <span class='ocr_line' id='line_1_93' title="bbox 2046 3423 3632 3493; baseline 0.003 -17"><span class='ocrx_word' id='word_1_652' title='bbox 2046 3423 2211 3476; x_wconf 76' lang='lat' dir='ltr'><strong>cescit</strong></span> <span class='ocrx_word' id='word_1_653' title='bbox 2235 3433 2413 3492; x_wconf 89' lang='lat' dir='ltr'><strong>gustu,</strong></span> <span class='ocrx_word' id='word_1_654' title='bbox 2456 3423 2713 3493; x_wconf 89' lang='lat' dir='ltr'><strong>quidquid</strong></span> <span class='ocrx_word' id='word_1_655' title='bbox 2747 3425 3018 3481; x_wconf 88' lang='lat' dir='ltr'><strong>blanditur</strong></span> <span class='ocrx_word' id='word_1_656' title='bbox 3062 3425 3267 3490; x_wconf 90' lang='lat' dir='ltr'><strong>auditu,</strong></span> <span class='ocrx_word' id='word_1_657' title='bbox 3302 3425 3417 3479; x_wconf 73' lang='lat' dir='ltr'><strong>lucc</strong></span> <span class='ocrx_word' id='word_1_658' title='bbox 3446 3426 3632 3480; x_wconf 82' lang='lat' dir='ltr'><strong>omnia</strong></span> 
     </span>
    </p>
   </div>
   <div class='ocr_carea' id='block_1_94' title="bbox 2044 3513 3632 3587">
    <p class='ocr_par' dir='ltr' id='par_1_94' title="bbox 2044 3513 3632 3587">
     <span class='ocr_line' id='line_1_94' title="bbox 2044 3513 3632 3587; baseline 0.004 -21"><span class='ocrx_word' id='word_1_659' title='bbox 2044 3513 2088 3566; x_wconf 79' lang='lat' dir='ltr'><strong>si</strong></span> <span class='ocrx_word' id='word_1_660' title='bbox 2117 3513 2198 3567; x_wconf 89' lang='lat' dir='ltr'><strong>his</strong></span> <span class='ocrx_word' id='word_1_661' title='bbox 2225 3514 2538 3582; x_wconf 89' lang='lat' dir='ltr'><strong>abutamur,</strong></span> <span class='ocrx_word' id='word_1_662' title='bbox 2575 3517 2929 3573; x_wconf 88' lang='lat' dir='ltr'><strong>intentionem</strong></span> <span class='ocrx_word' id='word_1_663' title='bbox 2969 3517 3036 3572; x_wconf 91' lang='lat' dir='ltr'><strong>de</strong></span> <span class='ocrx_word' id='word_1_664' title='bbox 3064 3517 3390 3587; x_wconf 85' lang='lat' dir='ltr'><strong>spiritalibus</strong></span> <span class='ocrx_word' id='word_1_665' title='bbox 3418 3517 3482 3571; x_wconf 83' lang='lat' dir='ltr'><strong>ad</strong></span> <span class='ocrx_word' id='word_1_666' title='bbox 3516 3526 3632 3572; x_wconf 82' lang='lat' dir='ltr'><strong>ter-</strong></span> 
     </span>
    </p>
   </div>
   <div class='ocr_carea' id='block_1_95' title="bbox 2043 3609 3629 3677">
    <p class='ocr_par' dir='ltr' id='par_1_95' title="bbox 2043 3609 3629 3677">
     <span class='ocr_line' id='line_1_95' title="bbox 2043 3609 3629 3677; baseline 0.001 -16"><span class='ocrx_word' id='word_1_667' title='bbox 2043 3623 2170 3662; x_wconf 89' lang='lat' dir='ltr'><strong>rena</strong></span> <span class='ocrx_word' id='word_1_668' title='bbox 2196 3609 2506 3664; x_wconf 89' lang='lat' dir='ltr'><strong>devolvunt.</strong></span> <span class='ocrx_word' id='word_1_669' title='bbox 2554 3609 2618 3664; x_wconf 87' lang='lat' dir='ltr'><strong>Et</strong></span> <span class='ocrx_word' id='word_1_670' title='bbox 2641 3610 2762 3664; x_wconf 90' lang='lat' dir='ltr'><strong>ideo</strong></span> <span class='ocrx_word' id='word_1_671' title='bbox 2805 3611 2946 3667; x_wconf 87' lang='lat' dir='ltr'><strong>sicut</strong></span> <span class='ocrx_word' id='word_1_672' title='bbox 2976 3619 3125 3677; x_wconf 89' lang='lat' dir='ltr'><strong>pater</strong></span> <span class='ocrx_word' id='word_1_673' title='bbox 3164 3610 3285 3664; x_wconf 91' lang='lat' dir='ltr'><strong>fidei</strong></span> <span class='ocrx_word' id='word_1_674' title='bbox 3332 3609 3629 3675; x_wconf 86' lang='lat' dir='ltr'><strong>Abraham,</strong></span> 
     </span>
    </p>
   </div>
   <div class='ocr_carea' id='block_1_96' title="bbox 2042 3700 3625 3772">
    <p class='ocr_par' dir='ltr' id='par_1_96' title="bbox 2042 3700 3625 3772">
     <span class='ocr_line' id='line_1_96' title="bbox 2042 3700 3625 3772; baseline 0.004 -21"><span class='ocrx_word' id='word_1_675' title='bbox 2042 3700 2275 3770; x_wconf 88' lang='lat' dir='ltr'><strong>quinque</strong></span> <span class='ocrx_word' id='word_1_676' title='bbox 2317 3702 2435 3755; x_wconf 93' lang='lat' dir='ltr'><strong>illos</strong></span> <span class='ocrx_word' id='word_1_677' title='bbox 2484 3716 2670 3772; x_wconf 83' lang='lat' dir='ltr'><strong>reges,</strong></span> <span class='ocrx_word' id='word_1_678' title='bbox 2724 3703 2778 3757; x_wconf 89' lang='lat' dir='ltr'><strong>in</strong></span> <span class='ocrx_word' id='word_1_679' title='bbox 2829 3705 3082 3758; x_wconf 87' lang='lat' dir='ltr'><strong>trecentis</strong></span> <span class='ocrx_word' id='word_1_680' title='bbox 3132 3705 3316 3759; x_wconf 88' lang='lat' dir='ltr'><strong>decem</strong></span> <span class='ocrx_word' id='word_1_681' title='bbox 3367 3712 3422 3758; x_wconf 90' lang='lat' dir='ltr'><strong>et</strong></span> <span class='ocrx_word' id='word_1_682' title='bbox 3459 3713 3625 3772; x_wconf 88' lang='lat' dir='ltr'><strong>octo,</strong></span> 
     </span>
    </p>
   </div>
   <div class='ocr_carea' id='block_1_97' title="bbox 2043 3793 3628 3862">
    <p class='ocr_par' dir='ltr' id='par_1_97' title="bbox 2043 3793 3628 3862">
     <span class='ocr_line' id='line_1_97' title="bbox 2043 3793 3628 3862; baseline 0.003 -18"><span class='ocrx_word' id='word_1_683' title='bbox 2043 3793 2297 3862; x_wconf 76' lang='lat' dir='ltr'><strong>mysterio</strong></span> <span class='ocrx_word' id='word_1_684' title='bbox 2345 3793 2483 3846; x_wconf 90' lang='lat' dir='ltr'><strong>intra</strong></span> <span class='ocrx_word' id='word_1_685' title='bbox 2532 3794 2760 3848; x_wconf 84' lang='lat' dir='ltr'><strong>litteram</strong></span> <span class='ocrx_word' id='word_1_686' title='bbox 2811 3795 3028 3856; x_wconf 85' lang='lat' dir='ltr'><strong>latente,</strong></span> <span class='ocrx_word' id='word_1_687' title='bbox 3062 3794 3300 3850; x_wconf 83' lang='lat' dir='ltr'><strong>devicit:</strong></span> <span class='ocrx_word' id='word_1_688' title='bbox 3333 3794 3401 3848; x_wconf 85' lang='lat' dir='ltr'><strong>ita</strong></span> <span class='ocrx_word' id='word_1_689' title='bbox 3445 3802 3499 3848; x_wconf 90' lang='lat' dir='ltr'><strong>ct</strong></span> <span class='ocrx_word' id='word_1_690' title='bbox 3523 3809 3628 3849; x_wconf 86' lang='lat' dir='ltr'><strong>nos</strong></span> 
     </span>
    </p>
   </div>
   <div class='ocr_carea' id='block_1_98' title="bbox 2041 3886 3627 3955">
    <p class='ocr_par' dir='ltr' id='par_1_98' title="bbox 2041 3886 3627 3955">
     <span class='ocr_line' id='line_1_98' title="bbox 2041 3886 3627 3955; baseline 0.004 -18"><span class='ocrx_word' id='word_1_691' title='bbox 2041 3893 2223 3938; x_wconf 87' lang='lat' dir='ltr'><strong>contra</strong></span> <span class='ocrx_word' id='word_1_692' title='bbox 2250 3901 2346 3939; x_wconf 87' lang='lat' dir='ltr'><strong>nos</strong></span> <span class='ocrx_word' id='word_1_693' title='bbox 2363 3886 2685 3955; x_wconf 87' lang='lat' dir='ltr'><strong>principales</strong></span> <span class='ocrx_word' id='word_1_694' title='bbox 2709 3888 2956 3942; x_wconf 87' lang='lat' dir='ltr'><strong>vitiorum</strong></span> <span class='ocrx_word' id='word_1_695' title='bbox 2980 3888 3163 3955; x_wconf 81' lang='lat' dir='ltr'><strong>duces,</strong></span> <span class='ocrx_word' id='word_1_696' title='bbox 3191 3889 3242 3943; x_wconf 93' lang='lat' dir='ltr'><strong>in</strong></span> <span class='ocrx_word' id='word_1_697' title='bbox 3267 3889 3388 3948; x_wconf 86' lang='lat' dir='ltr'><strong>.lesu</strong></span> <span class='ocrx_word' id='word_1_698' title='bbox 3407 3889 3627 3943; x_wconf 87' lang='lat' dir='ltr'><strong>nomine</strong></span> 
     </span>
    </p>
   </div>
   <div class='ocr_carea' id='block_1_99' title="bbox 2042 3979 3628 4051">
    <p class='ocr_par' dir='ltr' id='par_1_99' title="bbox 2042 3979 3628 4051">
     <span class='ocr_line' id='line_1_99' title="bbox 2042 3979 3628 4051; baseline -0.001 -19"><span class='ocrx_word' id='word_1_699' title='bbox 2042 3987 2095 4032; x_wconf 92' lang='lat' dir='ltr'><strong>et</strong></span> <span class='ocrx_word' id='word_1_700' title='bbox 2123 3981 2296 4033; x_wconf 84' lang='lat' dir='ltr'><strong>crucis</strong></span> <span class='ocrx_word' id='word_1_701' title='bbox 2327 3981 2477 4048; x_wconf 84' lang='lat' dir='ltr'><strong>signo</strong></span> <span class='ocrx_word' id='word_1_702' title='bbox 2508 3981 2636 4050; x_wconf 86' lang='lat' dir='ltr'><strong>(hoc</strong></span> <span class='ocrx_word' id='word_1_703' title='bbox 2662 3982 2803 4034; x_wconf 88' lang='lat' dir='ltr'><strong>enim</strong></span> <span class='ocrx_word' id='word_1_704' title='bbox 2859 3991 3080 4051; x_wconf 88' lang='lat' dir='ltr'><strong>utraque</strong></span> <span class='ocrx_word' id='word_1_705' title='bbox 3109 4003 3134 4031; x_wconf 70' lang='lat' dir='ltr'><strong>:u</strong></span> <span class='ocrx_word' id='word_1_706' title='bbox 3157 3998 3211 4035; x_wconf 89' lang='lat' dir='ltr'><strong>ra</strong></span> <span class='ocrx_word' id='word_1_707' title='bbox 3241 3980 3271 4019; x_wconf 69' lang='grc' dir='ltr'><strong>ι’</strong></span> <span class='ocrx_word' id='word_1_708' title='bbox 3296 3979 3628 4051; x_wconf 74' lang='lat' dir='ltr'><strong>exprimunt)</strong></span> 
     </span>
    </p>
   </div>
   <div class='ocr_carea' id='block_1_100' title="bbox 2040 4070 3624 4136">
    <p class='ocr_par' dir='ltr' id='par_1_100' title="bbox 2040 4070 3624 4136">
     <span class='ocr_line' id='line_1_100' title="bbox 2040 4070 3624 4136; baseline -0.003 -12"><span class='ocrx_word' id='word_1_709' title='bbox 2040 4070 2376 4136; x_wconf 85' lang='lat' dir='ltr'><strong>dimicemus,</strong></span> <span class='ocrx_word' id='word_1_710' title='bbox 2413 4079 2469 4124; x_wconf 86' lang='lat' dir='ltr'><strong>ut</strong></span> <span class='ocrx_word' id='word_1_711' title='bbox 2497 4071 2685 4127; x_wconf 84' lang='lat' dir='ltr'><strong>audire</strong></span> <span class='ocrx_word' id='word_1_712' title='bbox 2711 4087 3014 4127; x_wconf 84' lang='lat' dir='ltr'><strong>mereamur</strong></span> <span class='ocrx_word' id='word_1_713' title='bbox 3038 4088 3067 4126; x_wconf 85' lang='lat' dir='ltr'><strong>a</strong></span> <span class='ocrx_word' id='word_1_714' title='bbox 3097 4073 3322 4126; x_wconf 76' lang='lat' dir='ltr'><strong>Domino</strong></span> <span class='ocrx_word' id='word_1_715' title='bbox 3347 4089 3360 4122; x_wconf 88' lang='lat'><strong>:</strong></span> <span class='ocrx_word' id='word_1_716' title='bbox 3387 4070 3624 4122; x_wconf 57' lang='lat' dir='ltr'><strong>Vincenti</strong></span> 
     </span>
    </p>
   </div>
   <div class='ocr_carea' id='block_1_101' title="bbox 2040 4163 3625 4235">
    <p class='ocr_par' dir='ltr' id='par_1_101' title="bbox 2040 4163 3625 4235">
     <span class='ocr_line' id='line_1_101' title="bbox 2040 4163 3625 4235; baseline 0.003 -21"><span class='ocrx_word' id='word_1_717' title='bbox 2040 4163 2168 4214; x_wconf 88' lang='lat' dir='ltr'><strong>dabo</strong></span> <span class='ocrx_word' id='word_1_718' title='bbox 2197 4179 2436 4216; x_wconf 84' lang='lat' dir='ltr'><strong>coronam</strong></span> <span class='ocrx_word' id='word_1_719' title='bbox 2467 4164 2596 4228; x_wconf 63' lang='lat' dir='ltr'><strong>vitat,</strong></span> <span class='ocrx_word' id='word_1_720' title='bbox 2629 4173 2677 4217; x_wconf 83' lang='lat' dir='ltr'><strong>et</strong></span> <span class='ocrx_word' id='word_1_721' title='bbox 2706 4166 2794 4235; x_wconf 78' lang='lat' dir='ltr'><strong>qui</strong></span> <span class='ocrx_word' id='word_1_722' title='bbox 2825 4166 2992 4220; x_wconf 81' lang='lat' dir='ltr'><strong>vicerit</strong></span> <span class='ocrx_word' id='word_1_723' title='bbox 3015 4183 3115 4220; x_wconf 86' lang='lat' dir='ltr'><strong>non</strong></span> <span class='ocrx_word' id='word_1_724' title='bbox 3148 4167 3361 4220; x_wconf 63' lang='lat' dir='ltr'><strong>(sedetur</strong></span> <span class='ocrx_word' id='word_1_725' title='bbox 3403 4183 3434 4218; x_wconf 91' lang='lat' dir='ltr'><strong>a</strong></span> <span class='ocrx_word' id='word_1_726' title='bbox 3465 4176 3625 4218; x_wconf 81' lang='lat' dir='ltr'><strong>morte</strong></span> 
     </span>
    </p>
   </div>
   <div class='ocr_carea' id='block_1_102' title="bbox 2039 4255 3626 4331">
    <p class='ocr_par' dir='ltr' id='par_1_102' title="bbox 2039 4255 3626 4331">
     <span class='ocr_line' id='line_1_102' title="bbox 2039 4255 3626 4331; baseline 0.003 -24"><span class='ocrx_word' id='word_1_727' title='bbox 2039 4256 2263 4309; x_wconf 82' lang='lat' dir='ltr'><strong>secunda</strong></span> <span class='ocrx_word' id='word_1_728' title='bbox 2287 4255 2469 4328; x_wconf 83' lang='lat' dir='ltr'><strong>(Apoc.</strong></span> <span class='ocrx_word' id='word_1_729' title='bbox 2495 4273 2552 4322; x_wconf 90' lang='lat' dir='ltr'><strong>tl,</strong></span> <span class='ocrx_word' id='word_1_730' title='bbox 2587 4259 2711 4325; x_wconf 69' lang='lat' dir='ltr'><strong>il),</strong></span> <span class='ocrx_word' id='word_1_731' title='bbox 2753 4268 2807 4312; x_wconf 86' lang='lat' dir='ltr'><strong>et</strong></span> <span class='ocrx_word' id='word_1_732' title='bbox 2848 4262 2970 4330; x_wconf 82' lang='lat' dir='ltr'><strong>quia</strong></span> <span class='ocrx_word' id='word_1_733' title='bbox 2999 4278 3208 4331; x_wconf 81' lang='lat' dir='ltr'><strong>regnum</strong></span> <span class='ocrx_word' id='word_1_734' title='bbox 3243 4261 3486 4314; x_wconf 70' lang='lat' dir='ltr'><strong>cmforum</strong></span> <span class='ocrx_word' id='word_1_735' title='bbox 3523 4262 3626 4312; x_wconf 72' lang='lat' dir='ltr'><strong>vim</strong></span> 
     </span>
    </p>
   </div>
   <div class='ocr_carea' id='block_1_103' title="bbox 2040 4345 3623 4423">
    <p class='ocr_par' dir='ltr' id='par_1_103' title="bbox 2040 4345 3623 4423">
     <span class='ocr_line' id='line_1_103' title="bbox 2040 4345 3623 4423; baseline 0.005 -27"><span class='ocrx_word' id='word_1_736' title='bbox 2040 4345 2249 4413; x_wconf 81' lang='lat' dir='ltr'><strong>patitur,</strong></span> <span class='ocrx_word' id='word_1_737' title='bbox 2279 4355 2325 4398; x_wconf 85' lang='lat' dir='ltr'><strong>et</strong></span> <span class='ocrx_word' id='word_1_738' title='bbox 2348 4347 2553 4400; x_wconf 84' lang='lat' dir='ltr'><strong>violenti</strong></span> <span class='ocrx_word' id='word_1_739' title='bbox 2573 4348 2825 4419; x_wconf 82' lang='lat' dir='ltr'><strong>diripiunt</strong></span> <span class='ocrx_word' id='word_1_740' title='bbox 2847 4351 2979 4404; x_wconf 82' lang='lat' dir='ltr'><strong>illud</strong></span> <span class='ocrx_word' id='word_1_741' title='bbox 3004 4351 3217 4423; x_wconf 80' lang='lat' dir='ltr'><strong>(Matth.</strong></span> <span class='ocrx_word' id='word_1_742' title='bbox 3245 4367 3319 4416; x_wconf 84' lang='lat' dir='ltr'><strong>xl,</strong></span> <span class='ocrx_word' id='word_1_743' title='bbox 3367 4352 3473 4419; x_wconf 74' lang='lat' dir='ltr'><strong>l2).</strong></span> <span class='ocrx_word' id='word_1_744' title='bbox 3506 4349 3623 4404; x_wconf 74' lang='lat' dir='ltr'><strong>Vim</strong></span> 
     </span>
    </p>
   </div>
   <div class='ocr_carea' id='block_1_104' title="bbox 2038 4441 3623 4511">
    <p class='ocr_par' dir='ltr' id='par_1_104' title="bbox 2038 4441 3623 4511">
     <span class='ocr_line' id='line_1_104' title="bbox 2038 4441 3623 4511; baseline 0.002 -16"><span class='ocrx_word' id='word_1_745' title='bbox 2038 4442 2177 4495; x_wconf 88' lang='lat' dir='ltr'><strong>enim</strong></span> <span class='ocrx_word' id='word_1_746' title='bbox 2224 4442 2326 4497; x_wconf 85' lang='lat' dir='ltr'><strong>sibi</strong></span> <span class='ocrx_word' id='word_1_747' title='bbox 2361 4441 2559 4497; x_wconf 87' lang='lat' dir='ltr'><strong>factura</strong></span> <span class='ocrx_word' id='word_1_748' title='bbox 2590 4454 2671 4498; x_wconf 86' lang='lat' dir='ltr'><strong>est</strong></span> <span class='ocrx_word' id='word_1_749' title='bbox 2690 4445 2888 4511; x_wconf 89' lang='lat' dir='ltr'><strong>anitna,</strong></span> <span class='ocrx_word' id='word_1_750' title='bbox 2920 4458 2975 4499; x_wconf 93' lang='lat' dir='ltr'><strong>ut</strong></span> <span class='ocrx_word' id='word_1_751' title='bbox 3022 4447 3266 4500; x_wconf 86' lang='lat' dir='ltr'><strong>carnales</strong></span> <span class='ocrx_word' id='word_1_752' title='bbox 3309 4445 3623 4499; x_wconf 75' lang='lat' dir='ltr'><strong>afiectiones</strong></span> 
     </span>
    </p>
   </div>
   <div class='ocr_carea' id='block_1_105' title="bbox 2037 4535 3624 4610">
    <p class='ocr_par' dir='ltr' id='par_1_105' title="bbox 2037 4535 3624 4610">
     <span class='ocr_line' id='line_1_105' title="bbox 2037 4535 3624 4610; baseline -0.001 -18"><span class='ocrx_word' id='word_1_753' title='bbox 2037 4539 2245 4607; x_wconf 89' lang='lat' dir='ltr'><strong>spiritui</strong></span> <span class='ocrx_word' id='word_1_754' title='bbox 2295 4538 2515 4604; x_wconf 89' lang='lat' dir='ltr'><strong>subdat,</strong></span> <span class='ocrx_word' id='word_1_755' title='bbox 2543 4548 2601 4592; x_wconf 89' lang='lat' dir='ltr'><strong>ut</strong></span> <span class='ocrx_word' id='word_1_756' title='bbox 2631 4535 2842 4595; x_wconf 63' lang='lat' dir='ltr'><strong>cr‘tfcem</strong></span> <span class='ocrx_word' id='word_1_757' title='bbox 2871 4541 3074 4596; x_wconf 88' lang='lat' dir='ltr'><strong>deliciis</strong></span> <span class='ocrx_word' id='word_1_758' title='bbox 3106 4540 3370 4610; x_wconf 74' lang='lat' dir='ltr'><strong>prmferat,</strong></span> <span class='ocrx_word' id='word_1_759' title='bbox 3405 4547 3461 4592; x_wconf 93' lang='lat' dir='ltr'><strong>ut</strong></span> <span class='ocrx_word' id='word_1_760' title='bbox 3487 4536 3624 4608; x_wconf 84' lang='lat' dir='ltr'><strong>vigi-</strong></span> 
     </span>
    </p>
   </div>
   <div class='ocr_carea' id='block_1_106' title="bbox 2038 4628 3622 4700">
    <p class='ocr_par' dir='ltr' id='par_1_106' title="bbox 2038 4628 3622 4700">
     <span class='ocr_line' id='line_1_106' title="bbox 2038 4628 3622 4700; baseline 0.001 -18"><span class='ocrx_word' id='word_1_761' title='bbox 2038 4628 2136 4683; x_wconf 92' lang='lat' dir='ltr'><strong>lias</strong></span> <span class='ocrx_word' id='word_1_762' title='bbox 2159 4629 2360 4683; x_wconf 90' lang='lat' dir='ltr'><strong>somnis</strong></span> <span class='ocrx_word' id='word_1_763' title='bbox 2406 4629 2652 4683; x_wconf 89' lang='lat' dir='ltr'><strong>dulcibus</strong></span> <span class='ocrx_word' id='word_1_764' title='bbox 2681 4641 3005 4700; x_wconf 87' lang='lat' dir='ltr'><strong>anteponat,</strong></span> <span class='ocrx_word' id='word_1_765' title='bbox 3057 4643 3114 4684; x_wconf 91' lang='lat' dir='ltr'><strong>ut</strong></span> <span class='ocrx_word' id='word_1_766' title='bbox 3157 4631 3517 4685; x_wconf 87' lang='lat' dir='ltr'><strong>adversarium</strong></span> <span class='ocrx_word' id='word_1_767' title='bbox 3567 4631 3622 4684; x_wconf 90' lang='lat' dir='ltr'><strong>in</strong></span> 
     </span>
    </p>
   </div>
   <div class='ocr_carea' id='block_1_107' title="bbox 2038 4720 3624 4788">
    <p class='ocr_par' dir='ltr' id='par_1_107' title="bbox 2038 4720 3624 4788">
     <span class='ocr_line' id='line_1_107' title="bbox 2038 4720 3624 4788; baseline 0 -15"><span class='ocrx_word' id='word_1_768' title='bbox 2038 4720 2294 4775; x_wconf 91' lang='lat' dir='ltr'><strong>membris</strong></span> <span class='ocrx_word' id='word_1_769' title='bbox 2329 4720 2438 4774; x_wconf 90' lang='lat' dir='ltr'><strong>suis</strong></span> <span class='ocrx_word' id='word_1_770' title='bbox 2468 4721 2668 4788; x_wconf 85' lang='lat' dir='ltr'><strong>vincat,</strong></span> <span class='ocrx_word' id='word_1_771' title='bbox 2703 4731 2758 4774; x_wconf 86' lang='lat' dir='ltr'><strong>ut</strong></span> <span class='ocrx_word' id='word_1_772' title='bbox 2790 4737 2856 4775; x_wconf 83' lang='lat' dir='ltr'><strong>ex</strong></span> <span class='ocrx_word' id='word_1_773' title='bbox 2901 4722 3006 4776; x_wconf 89' lang='lat' dir='ltr'><strong>alio</strong></span> <span class='ocrx_word' id='word_1_774' title='bbox 3055 4722 3188 4774; x_wconf 88' lang='lat' dir='ltr'><strong>alter</strong></span> <span class='ocrx_word' id='word_1_775' title='bbox 3213 4720 3433 4775; x_wconf 69' lang='lat' dir='ltr'><strong>effectus</strong></span> <span class='ocrx_word' id='word_1_776' title='bbox 3457 4720 3624 4773; x_wconf 80' lang='lat' dir='ltr'><strong>homo</strong></span> 
     </span>
    </p>
   </div>
   <div class='ocr_carea' id='block_1_108' title="bbox 2039 4813 3619 4883">
    <p class='ocr_par' dir='ltr' id='par_1_108' title="bbox 2039 4813 3619 4883">
     <span class='ocr_line' id='line_1_108' title="bbox 2039 4813 3619 4883; baseline -0.004 -14"><span class='ocrx_word' id='word_1_777' title='bbox 2039 4814 2104 4869; x_wconf 89' lang='lat' dir='ltr'><strong>ad</strong></span> <span class='ocrx_word' id='word_1_778' title='bbox 2139 4815 2279 4868; x_wconf 86' lang='lat' dir='ltr'><strong>illam</strong></span> <span class='ocrx_word' id='word_1_779' title='bbox 2306 4814 2514 4868; x_wconf 84' lang='lat' dir='ltr'><strong>Domini</strong></span> <span class='ocrx_word' id='word_1_780' title='bbox 2561 4815 2972 4883; x_wconf 69' lang='lat' dir='ltr'><strong>prrcceptionem</strong></span> <span class='ocrx_word' id='word_1_781' title='bbox 3007 4814 3228 4868; x_wconf 89' lang='lat' dir='ltr'><strong>idoneus</strong></span> <span class='ocrx_word' id='word_1_782' title='bbox 3270 4813 3574 4866; x_wconf 86' lang='lat' dir='ltr'><strong>inveniatur</strong></span> <span class='ocrx_word' id='word_1_783' title='bbox 3606 4830 3619 4863; x_wconf 93' lang='lat'><strong>:</strong></span> 
     </span>
    </p>
   </div>
   <div class='ocr_carea' id='block_1_109' title="bbox 2040 4906 3622 4978">
    <p class='ocr_par' dir='ltr' id='par_1_109' title="bbox 2040 4906 3622 4978">
     <span class='ocr_line' id='line_1_109' title="bbox 2040 4906 3622 4978; baseline -0.004 -14"><span class='ocrx_word' id='word_1_784' title='bbox 2040 4909 2100 4965; x_wconf 88' lang='lat' dir='ltr'><strong>Si</strong></span> <span class='ocrx_word' id='word_1_785' title='bbox 2122 4910 2250 4976; x_wconf 70' lang='lat' dir='ltr'><strong>quis,</strong></span> <span class='ocrx_word' id='word_1_786' title='bbox 2295 4908 2485 4978; x_wconf 69' lang='lat' dir='ltr'><strong>inquit,</strong></span> <span class='ocrx_word' id='word_1_787' title='bbox 2517 4908 2622 4961; x_wconf 83' lang='lat' dir='ltr'><strong>vult</strong></span> <span class='ocrx_word' id='word_1_788' title='bbox 2669 4918 2780 4975; x_wconf 84' lang='lat' dir='ltr'><strong>post</strong></span> <span class='ocrx_word' id='word_1_789' title='bbox 2820 4925 2897 4960; x_wconf 86' lang='lat' dir='ltr'><strong>me</strong></span> <span class='ocrx_word' id='word_1_790' title='bbox 2930 4909 3129 4972; x_wconf 83' lang='lat' dir='ltr'><strong>venire,</strong></span> <span class='ocrx_word' id='word_1_791' title='bbox 3158 4907 3368 4975; x_wconf 81' lang='lat' dir='ltr'><strong>abneget</strong></span> <span class='ocrx_word' id='word_1_792' title='bbox 3397 4906 3622 4972; x_wconf 82' lang='lat' dir='ltr'><strong>seipsuut</strong></span> 
     </span>
    </p>
   </div>
   <div class='ocr_carea' id='block_1_110' title="bbox 2038 4996 3624 5072">
    <p class='ocr_par' dir='ltr' id='par_1_110' title="bbox 2038 4996 3624 5072">
     <span class='ocr_line' id='line_1_110' title="bbox 2038 4996 3624 5072; baseline -0.005 -16"><span class='ocrx_word' id='word_1_793' title='bbox 2038 4999 2368 5072; x_wconf 71' lang='lat' dir='ltr'><strong>sibi(Matt/z.</strong></span> <span class='ocrx_word' id='word_1_794' title='bbox 2424 5016 2542 5063; x_wconf 78' lang='lat' dir='ltr'><strong>xvi,</strong></span> <span class='ocrx_word' id='word_1_795' title='bbox 2586 4999 2696 5069; x_wconf 67' lang='grc'><strong>24).</strong></span> <span class='ocrx_word' id='word_1_796' title='bbox 2749 5000 2800 5052; x_wconf 90' lang='lat' dir='ltr'><strong>Si</strong></span> <span class='ocrx_word' id='word_1_797' title='bbox 2835 4999 2954 5068; x_wconf 86' lang='lat' dir='ltr'><strong>quis</strong></span> <span class='ocrx_word' id='word_1_798' title='bbox 2995 5013 3059 5054; x_wconf 86' lang='lat' dir='ltr'><strong>ex</strong></span> <span class='ocrx_word' id='word_1_799' title='bbox 3108 4996 3364 5050; x_wconf 89' lang='lat' dir='ltr'><strong>iracundo</strong></span> <span class='ocrx_word' id='word_1_800' title='bbox 3413 4996 3624 5064; x_wconf 86' lang='lat' dir='ltr'><strong>patiens</strong></span> 
     </span>
    </p>
   </div>
   <div class='ocr_carea' id='block_1_111' title="bbox 2038 5089 3621 5158">
    <p class='ocr_par' dir='ltr' id='par_1_111' title="bbox 2038 5089 3621 5158">
     <span class='ocr_line' id='line_1_111' title="bbox 2038 5089 3621 5158; baseline -0.007 -9"><span class='ocrx_word' id='word_1_801' title='bbox 2038 5092 2322 5158; x_wconf 87' lang='lat' dir='ltr'><strong>efficietur,</strong></span> <span class='ocrx_word' id='word_1_802' title='bbox 2338 5093 2617 5146; x_wconf 89' lang='lat' dir='ltr'><strong>continens</strong></span> <span class='ocrx_word' id='word_1_803' title='bbox 2636 5107 2698 5145; x_wconf 84' lang='lat' dir='ltr'><strong>ex</strong></span> <span class='ocrx_word' id='word_1_804' title='bbox 2720 5091 3020 5153; x_wconf 71' lang='lat' dir='ltr'><strong>luxurioso,</strong></span> <span class='ocrx_word' id='word_1_805' title='bbox 3040 5089 3278 5158; x_wconf 83' lang='lat' dir='ltr'><strong>placidus</strong></span> <span class='ocrx_word' id='word_1_806' title='bbox 3294 5103 3358 5141; x_wconf 83' lang='lat' dir='ltr'><strong>ex</strong></span> <span class='ocrx_word' id='word_1_807' title='bbox 3372 5097 3621 5149; x_wconf 86' lang='lat' dir='ltr'><strong>cruento,</strong></span> 
     </span>
    </p>
   </div>
   <div class='ocr_carea' id='block_1_112' title="bbox 2035 5183 3618 5255">
    <p class='ocr_par' dir='ltr' id='par_1_112' title="bbox 2035 5183 3618 5255">
     <span class='ocr_line' id='line_1_112' title="bbox 2035 5183 3618 5255; baseline -0.004 -15"><span class='ocrx_word' id='word_1_808' title='bbox 2035 5187 2295 5255; x_wconf 83' lang='lat' dir='ltr'><strong>benignus</strong></span> <span class='ocrx_word' id='word_1_809' title='bbox 2321 5202 2384 5238; x_wconf 83' lang='lat' dir='ltr'><strong>ex</strong></span> <span class='ocrx_word' id='word_1_810' title='bbox 2428 5185 2630 5250; x_wconf 90' lang='lat' dir='ltr'><strong>invido,</strong></span> <span class='ocrx_word' id='word_1_811' title='bbox 2659 5186 2836 5255; x_wconf 83' lang='lat' dir='ltr'><strong>largus</strong></span> <span class='ocrx_word' id='word_1_812' title='bbox 2865 5199 2929 5239; x_wconf 89' lang='lat' dir='ltr'><strong>ex</strong></span> <span class='ocrx_word' id='word_1_813' title='bbox 2957 5183 3172 5252; x_wconf 84' lang='lat' dir='ltr'><strong>cupido,</strong></span> <span class='ocrx_word' id='word_1_814' title='bbox 3205 5183 3364 5237; x_wconf 82' lang='lat' dir='ltr'><strong>toties</strong></span> <span class='ocrx_word' id='word_1_815' title='bbox 3391 5196 3488 5234; x_wconf 90' lang='lat' dir='ltr'><strong>nos</strong></span> <span class='ocrx_word' id='word_1_816' title='bbox 3516 5196 3618 5233; x_wconf 80' lang='lat' dir='ltr'><strong>nc-</strong></span> 
     </span>
    </p>
   </div>
   <div class='ocr_carea' id='block_1_113' title="bbox 2033 5273 3616 5350">
    <p class='ocr_par' dir='ltr' id='par_1_113' title="bbox 2033 5273 3616 5350">
     <span class='ocr_line' id='line_1_113' title="bbox 2033 5273 3616 5350; baseline -0.004 -19"><span class='ocrx_word' id='word_1_817' title='bbox 2033 5294 2243 5350; x_wconf 82' lang='lat' dir='ltr'><strong>gamus,</strong></span> <span class='ocrx_word' id='word_1_818' title='bbox 2271 5279 2480 5350; x_wconf 85' lang='lat' dir='ltr'><strong>quoties</strong></span> <span class='ocrx_word' id='word_1_819' title='bbox 2504 5294 2601 5332; x_wconf 92' lang='lat' dir='ltr'><strong>nos</strong></span> <span class='ocrx_word' id='word_1_820' title='bbox 2630 5278 2693 5332; x_wconf 91' lang='lat' dir='ltr'><strong>ad</strong></span> <span class='ocrx_word' id='word_1_821' title='bbox 2725 5279 2941 5332; x_wconf 81' lang='lat' dir='ltr'><strong>meliora</strong></span> <span class='ocrx_word' id='word_1_822' title='bbox 2965 5277 3347 5333; x_wconf 84' lang='lat' dir='ltr'><strong>convertimus.</strong></span> <span class='ocrx_word' id='word_1_823' title='bbox 3373 5275 3441 5328; x_wconf 83' lang='lat' dir='ltr'><strong>Et</strong></span> <span class='ocrx_word' id='word_1_824' title='bbox 3469 5273 3616 5339; x_wconf 89' lang='lat' dir='ltr'><strong>ideo,</strong></span> 
     </span>
    </p>
   </div>
   <div class='ocr_carea' id='block_1_114' title="bbox 2035 5365 3621 5441">
    <p class='ocr_par' dir='ltr' id='par_1_114' title="bbox 2035 5365 3621 5441">
     <span class='ocr_line' id='line_1_114' title="bbox 2035 5365 3621 5441; baseline -0.007 -13"><span class='ocrx_word' id='word_1_825' title='bbox 2035 5384 2092 5428; x_wconf 93' lang='lat' dir='ltr'><strong>ut</strong></span> <span class='ocrx_word' id='word_1_826' title='bbox 2129 5371 2195 5426; x_wconf 89' lang='lat' dir='ltr'><strong>ad</strong></span> <span class='ocrx_word' id='word_1_827' title='bbox 2239 5372 2337 5424; x_wconf 91' lang='lat' dir='ltr'><strong>hoc</strong></span> <span class='ocrx_word' id='word_1_828' title='bbox 2382 5386 2726 5441; x_wconf 84' lang='lat' dir='ltr'><strong>assurgamus</strong></span> <span class='ocrx_word' id='word_1_829' title='bbox 2770 5369 2912 5441; x_wconf 88' lang='lat' dir='ltr'><strong>quod</strong></span> <span class='ocrx_word' id='word_1_830' title='bbox 2965 5383 3085 5425; x_wconf 79' lang='lat' dir='ltr'><strong>esse</strong></span> <span class='ocrx_word' id='word_1_831' title='bbox 3124 5368 3418 5431; x_wconf 88' lang='lat' dir='ltr'><strong>debemus,</strong></span> <span class='ocrx_word' id='word_1_832' title='bbox 3470 5365 3621 5433; x_wconf 88' lang='lat' dir='ltr'><strong>prius</strong></span> 
     </span>
    </p>
   </div>
   <div class='ocr_carea' id='block_1_115' title="bbox 2031 5456 3628 5533">
    <p class='ocr_par' dir='ltr' id='par_1_115' title="bbox 2031 5456 3628 5533">
     <span class='ocr_line' id='line_1_115' title="bbox 2031 5456 3628 5533; baseline -0.009 -11"><span class='ocrx_word' id='word_1_833' title='bbox 2031 5465 2341 5523; x_wconf 90' lang='lat' dir='ltr'><strong>studeamus</strong></span> <span class='ocrx_word' id='word_1_834' title='bbox 2371 5464 2550 5519; x_wconf 91' lang='lat' dir='ltr'><strong>odisse</strong></span> <span class='ocrx_word' id='word_1_835' title='bbox 2578 5463 2719 5533; x_wconf 89' lang='lat' dir='ltr'><strong>quod</strong></span> <span class='ocrx_word' id='word_1_836' title='bbox 2754 5461 2968 5516; x_wconf 90' lang='lat' dir='ltr'><strong>fuimus.</strong></span> <span class='ocrx_word' id='word_1_837' title='bbox 3001 5462 3222 5530; x_wconf 88' lang='lat' dir='ltr'><strong>Oportet</strong></span> <span class='ocrx_word' id='word_1_838' title='bbox 3249 5468 3307 5515; x_wconf 95' lang='lat' dir='ltr'><strong>ut</strong></span> <span class='ocrx_word' id='word_1_839' title='bbox 3354 5457 3442 5512; x_wconf 80' lang='lat' dir='ltr'><strong>hic</strong></span> <span class='ocrx_word' id='word_1_840' title='bbox 3471 5456 3628 5526; x_wconf 85' lang='lat' dir='ltr'><strong>prius</strong></span> 
     </span>
    </p>
   </div>
   <div class='ocr_carea' id='block_1_116' title="bbox 2033 5549 3622 5624">
    <p class='ocr_par' dir='ltr' id='par_1_116' title="bbox 2033 5549 3622 5624">
     <span class='ocr_line' id='line_1_116' title="bbox 2033 5549 3622 5624; baseline -0.006 -12"><span class='ocrx_word' id='word_1_841' title='bbox 2033 5566 2265 5613; x_wconf 80' lang='lat' dir='ltr'><strong>mutetur</strong></span> <span class='ocrx_word' id='word_1_842' title='bbox 2293 5556 2356 5609; x_wconf 88' lang='lat' dir='ltr'><strong>ad</strong></span> <span class='ocrx_word' id='word_1_843' title='bbox 2391 5556 2573 5620; x_wconf 84' lang='lat' dir='ltr'><strong>vitam,</strong></span> <span class='ocrx_word' id='word_1_844' title='bbox 2598 5554 2688 5624; x_wconf 85' lang='lat' dir='ltr'><strong>qui</strong></span> <span class='ocrx_word' id='word_1_845' title='bbox 2717 5555 2824 5609; x_wconf 85' lang='lat' dir='ltr'><strong>illic</strong></span> <span class='ocrx_word' id='word_1_846' title='bbox 2855 5554 3044 5609; x_wconf 87' lang='lat' dir='ltr'><strong>mutari</strong></span> <span class='ocrx_word' id='word_1_847' title='bbox 3076 5561 3224 5623; x_wconf 87' lang='lat' dir='ltr'><strong>optat</strong></span> <span class='ocrx_word' id='word_1_848' title='bbox 3250 5550 3325 5612; x_wconf 77' lang='lat' dir='ltr'><strong>ad.</strong></span> <span class='ocrx_word' id='word_1_849' title='bbox 3361 5549 3622 5620; x_wconf 79' lang='lat' dir='ltr'><strong>gloriam.</strong></span> 
     </span>
    </p>
   </div>
   <div class='ocr_carea' id='block_1_117' title="bbox 2115 5711 2624 5781">
    <p class='ocr_par' dir='ltr' id='par_1_117' title="bbox 2115 5711 2624 5781">
     <span class='ocr_line' id='line_1_117' title="bbox 2115 5711 2624 5781; baseline -0.008 -15"><span class='ocrx_word' id='word_1_850' title='bbox 2115 5711 2140 5748; x_wconf 63' lang='grc'><strong>³³</strong></span> <span class='ocrx_word' id='word_1_851' title='bbox 2171 5713 2334 5778; x_wconf 77' lang='lat' dir='ltr'><strong>Alias,</strong></span> <span class='ocrx_word' id='word_1_852' title='bbox 2368 5711 2624 5781; x_wconf 74' lang='lat' dir='ltr'><strong>rIprimit.</strong></span> 
     </span>
    </p>
   </div>
  </div>
