4002 6188
273 296 379 365 853

832 409 1157 472 EPISTULA
1200 407 1290 467 Vl.

273 509 516 567 Ειυευει
540 517 724 563 ΙιἊυὸτΙ
747 515 1047 561 ηηεοιεμειδ
1064 513 1364 559 ελιιιηωι
1389 511 1617 560 ειηεοῡιη
1642 510 1853 557 CONTRA

238 633 245 665 ζ
648 592 949 633 Νεετοιιιωι
966 589 1032 626 AD
1058 585 1111 627 (ἶ.
1142 584 1430 625 υιΑαοαωι.

238 686 247 735 l
345 686 577 743 Domino
614 692 802 740 sancto
831 692 885 737 et
914 681 967 735 in
1003 679 1217 741 Christo
1254 677 1655 742 devinctissimo
1702 675 1856 732 fratri

275 770 299 797 ι
326 760 490 813 Grato
519 756 746 812 diacono
770 752 1017 807 Faustus.

349 849 653 905 Honoratus
681 844 860 900 ollicio
887 852 999 910 tuo,
1029 842 1325 899 honoratus
1348 840 1573 914 judicio,
1605 853 1861 910 provoca-

277 952 364 997 tus
391 940 611 1006 all’ectu;
648 938 835 1006 loquar
886 942 1060 988 tecum
1107 934 1158 988 in
1196 933 1495 988 humilitate
1539 931 1777 997 sincera,
1805 930 1856 984 in

274 1033 525 1090 libertate
565 1029 825 1087 benevola
852 1068 867 1093 ,
897 1027 950 1081 in
997 1011 1219 1081 caritate
1266 1040 1373 1080 non
1403 1024 1555 1091 ﬁcta,
1598 1026 1649 1077 in
1699 1025 1861 1077 verbo

275 1125 543 1181 veritatis.
576 1124 644 1177 Et
670 1123 794 1176 licet
836 1118 965 1173 mihi
997 1118 1207 1174 tacendi
1237 1132 1452 1173 causam
1500 1114 1740 1175 indicere
1769 1129 1863 1187 po-

276 1218 469 1281 tueris,
502 1215 627 1270 dum
657 1213 887 1283 benigno
914 1224 978 1266 ac
1009 1209 1168 1264 nimis
1195 1208 1417 1264 credulo
1444 1207 1625 1266 animo
1656 1215 1859 1267 tantum

276 1321 455 1377 paenae
507 1303 638 1359 mihi
687 1311 943 1373 quantum
992 1300 1086 1355 tibi
1117 1299 1324 1370 peritiae
1352 1307 1409 1355 et
1435 1298 1751 1354 eruditionis
1781 1298 1863 1354 in-

278 1396 490 1466 dulges,
527 1404 703 1448 tamen
753 1407 852 1464 per
882 1391 1244 1460 interrogandi
1289 1390 1727 1456 sollicitudinem,
1756 1390 1858 1450 im-

277 1488 506 1559 posuisti
550 1484 680 1540 mibi
724 1483 1082 1554 respondendi
1135 1485 1538 1548 necessitatem,
1588 1498 1690 1559 qua
1737 1497 1863 1537 cum

280 1580 525 1644 absente,
556 1592 662 1632 non
693 1577 809 1631 sine
848 1574 1231 1644 trepidatione,
1263 1574 1393 1628 mihi
1439 1574 1651 1629 aestimo
1697 1573 1863 1629 collo-

279 1669 554 1740 quendum
589 1684 606 1725 :
635 1669 758 1737 quia
788 1667 854 1721 de
875 1667 1036 1721 rebus
1071 1676 1177 1720 tam
1204 1664 1511 1737 profundis,
1540 1674 1594 1721 et
1624 1680 1769 1720 meas
1798 1678 1861 1721 ac

1728 290 2100 350 EPISTOLzE.

1880 406 1933 468 Α
1959 404 2083 460 fano
2110 417 2251 462 ausu
2274 401 2550 471 disputare
2594 412 2701 453 non
2727 397 2903 457 timuit
2933 396 3141 451 beatam
3176 393 3394 451 Mai-iam
3418 400 3531 447 tan-

3427 271 3536 339 854

1961 505 2070 553 tum
2092 502 2317 551 matrem
2345 491 2513 551 fuisse
2542 488 2795 558 hominis,
2822 504 2928 545 non
2956 487 3118 544 etiam
3155 485 3281 551 Dei;
3308 492 3365 547 et
3391 483 3529 549 ideo,

1960 603 2058 657 pro
2102 586 2224 648 hoc.
2265 578 2541 642 Catholica:
2582 598 2678 654 per
2725 597 2938 641 omnem
2982 580 3235 643 mundum
3280 576 3537 641 Ecclesia)

1959 680 2290 743 districtione
2311 678 2595 734 damnatus
2619 683 2724 731 est.
2755 674 2871 733 Non
2892 673 3051 729 debet
3074 672 3289 743 (inquit)
3312 669 3534 738 suscipi,

1960 780 2019 829 ut
2043 772 2201 831 homo
2228 779 2399 829 mater
2425 770 2515 825 Dei
2547 769 2643 823 sit!
2670 766 2762 824 sed
2792 764 2879 823 ubi
2900 772 2985 821 est
3011 763 3138 819 illud
3164 762 3541 832 propheticum

1960 866 2045 919 vel
2075 864 2438 934 evangelicum
2470 879 2484 915 :
2513 862 2642 916 Ecce
2663 862 2805 932 uirgo
2831 856 3079 928 concipiet
3098 864 3145 910 et
3170 854 3329 923 pariet
3350 852 3534 934 filium,

1961 966 2010 1017 et
2030 933 2272 1011 vorabunt
2302 969 2481 1009 nomen
2506 956 2616 1024 ejus
2644 948 2961 1014 Emmanuel,
2986 946 3121 1016 quod
3147 933 3537 1012 estinterprvta-

1963 1055 2092 1110 tum,
2124 1044 2387 1099 nobiscum
2438 1039 2579 1096 Deus
2619 1038 2786 1109 (Esai.
2826 1054 2917 1103 vn,
2948 1034 3074 1107 id)?
3121 1034 3185 1090 Et
3235 1033 3426 1086 iterum
3486 1032 3537 1083 in

1965 1135 2253 1205 Evangelia
2282 1150 2297 1186 :
2323 1132 2459 1203 quod
2506 1140 2740 1186 nascetur
2768 1144 2832 1184 ea:
2876 1137 2923 1183 te
2966 1138 3229 1187 sanctum,
3278 1122 3537 1177 vocabitur

1965 1225 2136 1283 Filius
2176 1223 2269 1279 Dei
2301 1221 2523 1294 (Matth.
2561 1236 2601 1285 ι,
2629 1216 2744 1288 25).
2778 1217 2878 1274 Ubi
2920 1218 3079 1270 etiam
3125 1212 3254 1268 illud
3285 1219 3369 1267 est
3397 1210 3537 1279 quod

1963 1322 2214 1386 suscepta
2253 1293 2353 1385 per
2398 1293 2585 1368 omnes
2622 1309 2827 1367 insulas
2868 1314 2922 1361 ct
2962 1303 3232 1361 Ecclesias
3256 1343 3273 1370 ,
3322 1301 3536 1354 Patrum

1962 1409 2139 1478 signat
2177 1404 2469 1461 auctoritas
2517 1410 2704 1457 contra
2735 1396 3042 1454 Nestorium
3075 1394 3297 1461 l0quens
3328 1410 3339 1443 :
3379 1390 3539 1445 Male~

1963 1500 2157 1566 dictus,
2189 1496 2380 1568 inquit,
2412 1494 2501 1565 qui
2530 1493 2723 1553 Filium
2750 1491 2841 1546 Dei
2876 1490 3040 1545 Deum
3069 1501 3251 1541 verum
3281 1484 3349 1539 de
3376 1482 3539 1539 Maria

1965 1606 2070 1646 non
2101 1604 2272 1660 nuper
2320 1596 2503 1643 natum
2548 1600 2645 1655 pro
2675 1593 2857 1645 nostra
2886 1582 3057 1635 salute
3086 1594 3190 1633 non
3218 1572 3539 1630 confitetur!

1964 1683 2215 1739 Secutum
2249 1689 2334 1736 est
2374 1688 2434 1735 ut
2457 1678 2664 1737 diceres
2705 1676 2799 1730 Dei
2840 1684 2889 1730 ct
2940 1669 3172 1731 hominis
3218 1681 3378 1723 unam
3423 1677 3543 1721 esse

282 1769 400 1814 tuas
439 1761 581 1815 vires
607 1758 1015 1824 excedentibus,
1060 1772 1165 1812 non
1193 1757 1370 1812 minus
1413 1756 1636 1827 periculi
1663 1767 1748 1811 est
1776 1771 1860 1813 re-
1894 1778 1935 1837 Β
1965 1785 2233 1838 "ﬁguram,
2287 1773 2390 1827 ιιοο
2437 1769 2627 1834 modo;
2675 1781 2835 1823 unam
2878 1763 2970 1817 Dei
3005 1776 3126 1816 esse
3167 1754 3540 1812 substantiam.

281 1850 551 1920 spondere
589 1863 749 1919 quam
792 1847 1064 1904 incondito
1103 1847 1241 1920 stylo
1272 1848 1504 1918 ingentia
1527 1856 1861 1902 sacramenta

282 1942 620 1998 committere
646 1959 658 1993 :
686 1949 741 1996 et
764 1940 886 1995 ideo
938 1952 1120 1995 carum
1148 1956 1347 2006 meum,
1375 1940 1429 1995 in
1452 1939 1533 1994 bis
1554 1953 1676 2010 qua;
1707 1939 1865 1995 nimis

283 2041 486 2087 temere
519 2030 760 2099 protulit,
794 2029 1021 2085 tacendo
1053 2029 1219 2099 magis
1248 2030 1512 2101 castigare
1535 2029 1863 2085 debuissem.

284 2123 339 2179 ln
370 2133 533 2177 tantae
559 2135 735 2176 amem
761 2121 839 2175 rei
867 2120 1277 2187 consultatione,
1308 2120 1361 2174 in
1390 2135 1494 2189 qua
1538 2120 1693 2190 longe
1723 2121 1866 2177 viam

287 2214 490 2285 regiam
535 2212 836 2283 reliquisti,
877 2212 1083 2281 aliquos
1129 2220 1364 2281 experta:
1411 2197 1650 2267 scientiae
1682 2212 1861 2280 viros,

284 2311 589 2365 eruditione
616 2316 777 2378 atque
803 2315 961 2362 tetate
989 2310 1250 2371 seniores,
1280 2305 1472 2376 quibus
1501 2306 1721 2361 credere
1741 2305 1866 2360 faci-

289 2399 396 2454 lius
446 2398 645 2475 possis,
678 2400 1009 2467 interrogare
1057 2396 1360 2461 debueras,
1406 2397 1694 2461 secundum
1736 2396 1866 2451 illud

288 2489 663 2562 prepheticum
706 2507 720 2542 :
770 2486 1039 2559 Inter-rego
1088 2497 1282 2557 patrem
1312 2499 1485 2557 tuum,
1527 2495 1574 2542 et
1624 2488 1867 2542 iudicabit

286 2583 415 2647 tibi;
454 2581 677 2635 seniores
720 2588 857 2649 tuos,
899 2588 948 2632 et
992 2580 1156 2633 dicent
1198 2580 1286 2632 tibi
1324 2578 1351 2617 δ
1377 2578 1557 2652 (Deut.
1590 2595 1756 2648 xxxii,
1784 2580 1861 2649 7).

288 2671 491 2729 Deinde
521 2674 570 2727 in
597 2672 679 2726 his
700 2687 817 2741 qute
846 2672 1053 2741 agimus
1083 2671 1169 2725 vel
1191 2687 1308 2740 qua:
1331 2671 1583 2737 dicimus,
1615 2682 1775 2742 atque
1802 2671 1867 2726 ad

287 2774 589 2819 extremum
636 2762 853 2831 scriptis
902 2760 1157 2815 mandare
1203 2762 1598 2831 praesumimus,
1643 2763 1869 2823 fructum

289 2857 698 2926 profectumque
753 2853 931 2924 operis
974 2864 1288 2924 exspectare
1335 2854 1611 2913 debemus.
1668 2854 1725 2910 ln
1772 2854 1872 2910 hac

288 2962 467 3005 autem
499 2949 819 3018 scripturula
848 2963 1006 3018 quam
1036 2949 1101 3002 ad
1132 2962 1219 3002 me
1247 2947 1476 3017 dirigere
1503 2948 1748 3017 dignatus
1788 2963 1869 3017 es,

289 3058 397 3096 non
440 3041 743 3110 eloquentia
764 3080 780 3107 ,
810 3053 916 3092 non
959 3038 1205 3104 scientia,
1236 3054 1343 3092 nan
1382 3039 1540 3107 ratio,
1570 3055 1675 3092 non
1702 3039 1871 3094 aedili-

1970 1865 2135 1923 Ilecte
2164 1866 2384 1919 dixeras
2412 1862 2455 1916 si
2504 1861 2569 1915 de
2615 1859 2727 1914 sola
2766 1856 3026 1917 Trinitate
3054 1852 3300 1916 dixisses,
3326 1848 3413 1903 ubi
3442 1861 3544 1900 una

1967 1967 2127 2024 atque
2154 1956 2342 2011 eadem
2366 1964 2471 2018 est,
2500 1952 2601 2007 sub
2622 1952 2783 2005 trium
2812 1960 3158 2018 personarum
3180 1939 3545 2006 distinctione,

1968 2057 2178 2108 natura.
2214 2045 2479 2101 Caeterum
2508 2057 2631 2099 cum
2661 2041 2726 2099 ad
2759 2038 2993 2095 hominis
3021 2034 3280 2102 assumpti
3303 2033 3548 2089 incarna-

1972 2139 2169 2195 tionem
2199 2137 2410 2191 venitur
2440 2152 2457 2191 :
2486 2133 2626 2189 sicut
2656 2129 2887 2185 hominis
2921 2136 2976 2183 et
3016 2126 3107 2180 Dei
3138 2138 3296 2179 unam
3327 2121 3549 2176 confitc-

1970 2242 2097 2282 mur.
2135 2239 2255 2280 esse
2277 2237 2561 2294 personam
2593 2238 2608 2276 :
2639 2220 2710 2275 ita
2739 2217 3001 2287 duplicem
3038 2214 3238 2269 scimus
3262 2225 3384 2267 esse
3426 2212 3548 2263 Silli-

1969 2318 2240 2377 stantiam.
2300 2316 2401 2383 Qui
2448 2324 2626 2373 autem
2684 2310 2844 2379 unius
2890 2314 3094 2365 natura:
3142 2305 3335 2361 asserit
3382 2301 3548 2357 Deum

1970 2410 2394 2479 redemptorem;
2426 2413 2519 2461 aut
2545 2403 2815 2463 hominem
2846 2400 2897 2454 in
2924 2397 3230 2461 Divinitate,
3261 2401 3353 2448 aut
3381 2390 3548 2445 Dwm

1971 2503 2184 2573 negavit
2224 2502 2277 2556 in
2318 2514 2571 2570 corpore;
2621 2510 2743 2552 cum
2790 2490 3089 2559 redemptio
3134 2494 3315 2541 nostra
3344 2496 3452 2538 non
3482 2496 3548 2537 ex

1970 2594 2249 2658 alterutro,
2285 2589 2383 2648 sed
2412 2605 2477 2645 ex
2521 2597 2749 2656 utroque
2800 2582 3035 2652 perfecta
3081 2577 3171 2632 sit.
3221 2577 3333 2630 lloc
3372 2582 3548 2628 autem

1971 2683 2088 2739 loco
2129 2697 2291 2741 unum
2348 2679 2467 2741 sine
2509 2678 2616 2735 alio
2662 2676 2862 2731 erroris
2905 2669 3142 2742 periculo
3191 2677 3389 2722 nostra:
3426 2663 3549 2718 fidei

1973 2776 2140 2833 solius
2186 2785 2208 2813 ο
2264 2773 2437 2835 nostri
2479 2785 2600 2829 esse
2645 2777 2907 2824 naturam.
2967 2764 3107 2832 Ergo
3152 2760 3206 2821 in
3254 2757 3550 2819 substantia

1974 2864 2267 2937 maiestatis
2293 2879 2429 2933 sum,
2452 2861 2704 2918 divinitas
2734 2856 2990 2914 erucilixa
3019 2862 3104 2909 est
3129 2853 3142 2908 ε
3181 2851 3238 2907 Si
3267 2862 3425 2904 unam
3459 2846 3552 2901 Dei

1976 2960 2141 3021 solius
2179 2966 2422 3013 naturam
2468 2954 2633 3019 dicis;
2681 2951 2733 3005 in
2782 2945 3079 3013 substantia
3126 2958 3258 3009 sua,
3302 2940 3558 3010 maiestas

1978 3060 2187 3109 mertua
2215 3050 2298 3107 vel
2329 3047 2536 3119 sepulta
2561 3046 2673 3103 est!
2701 3044 2832 3108 Quae
2861 3040 3040 3101 omnia
3080 3039 3221 3094 Deus
3252 3050 3357 3089 non
3388 3033 3440 3088 in
3473 3046 3552 3094 se,

289 3136 431 3190 catio
453 3135 626 3203 aliqua
650 3129 1314 3200 ordinatiautcompuncti
1337 3134 1601 3185 sermonis
1621 3138 1872 3200 apparet;
1910 3146 1955 3209 α
1986 3144 2080 3201 εει]
2109 3145 2160 3199 in
2208 3150 2395 3201 natura
2426 3138 2661 3208 suscepti
2692 3136 2926 3193 hominis
2968 3132 3197 3201 excepit.
3244 3128 3387 3189 Nihil
3412 3127 3556 3183 enim

289 3224 384 3280 sed
419 3224 723 3279 testimonia
750 3222 1122 3277 confusissime
1171 3237 1268 3291 pro
1309 3223 1581 3277 memoriae
1623 3221 1879 3277 facilitate

292 3324 544 3385 t0:igcsla
575 3312 927 3368 temeritatem
973 3312 1170 3367 incauti
1213 3312 1392 3368 cordis
1425 3320 1696 3367 accusant.
1723 3312 1880 3368 Novit

294 3408 552 3462 Dominus
577 3405 701 3476 quia
729 3403 1055 3475 stupefactus
1082 3419 1193 3474 pra:
1214 3404 1391 3459 studio
1418 3412 1519 3458 tute
1548 3403 1736 3458 salutis
1766 3404 1879 3457 haec

294 3515 357 3553 co
381 3499 570 3568 loquor
602 3515 615 3550 :
647 3498 726 3552 sic
750 3504 803 3549 et
830 3504 881 3551 te
908 3495 1291 3565 interrogasse,
1324 3502 1378 3551 et
1401 3510 1486 3550 mc
1513 3495 1877 3565 reSpondisse,

294 3590 362 3644 ad
392 3591 589 3644 bonum
616 3603 901 3645 commune
934 3586 1198 3656 proficiat.
1224 3587 1284 3642 In
1315 3589 1529 3657 scriptis
1548 3588 1718 3643 sancti
1746 3601 1881 3655 pon-

299 3681 466 3763 tifieis.
485 3680 791 3751 Augustini,
824 3680 1033 3734 etiamsi
1061 3679 1194 3749 quid
1223 3688 1436 3750 putatur
1466 3681 1602 3750 apud
1631 3679 1877 3735 doetissi~

299 3785 417 3827 mos
461 3773 605 3827 viros
653 3786 776 3825 esse
825 3780 1133 3841 suspectum
1158 3812 1171 3835 ,
1204 3786 1268 3826 ex
1318 3772 1399 3825 his
1439 3787 1558 3840 quae
1584 3771 1879 3825 damnanda

300 3864 389 3935 jud
414 3864 568 3931 casti,
598 3863 733 3918 nihl
768 3865 980 3918 noveris
1010 3864 1422 3932 reprehensum,
1470 3863 1562 3916 sed
1607 3863 1728 3916 lidei
1758 3877 1882 3918 sen-

299 3971 451 4021 sum,
482 3956 715 4010 maxime
742 3955 809 4009 de
839 3954 1391 4013 duabnssubstantiis
1416 3956 1498 4010 vel
1540 3956 1746 4011 naturis
1790 3956 1882 4011 Dei

301 4057 357 4104 et
381 4048 613 4103 hominis
645 4048 853 4103 Domini
874 4063 934 4101 ac
953 4048 1329 4119 Redemptoris
1360 4050 1554 4119 nostri,
1583 4049 1717 4104 scito
1740 4049 1882 4120 apud

302 4140 643 4207 catholicam,
667 4155 772 4193 non
791 4140 960 4193 solum
983 4139 1195 4193 Patrum
1222 4140 1537 4195 auctoritate
1553 4148 1881 4209 susceptum,

304 4234 399 4290 sed
430 4236 593 4288 etiam
640 4232 949 4301 apostolicis
978 4233 1208 4285 oraculis
1230 4242 1621 4287 consecratum.
1654 4232 1884 4291 Proinde

302 4327 526 4381 verbum
556 4324 656 4380 hoc
697 4324 838 4394 quod
884 4338 1032 4379 more
1058 4324 1372 4393 prophetico
1404 4324 1469 4379 ad
1503 4332 1554 4380 te
1577 4326 1772 4380 factum
1803 4325 1883 4380 di-

305 4418 419 4480 cis;
456 4426 512 4471 ut
532 4426 735 4471 certum
766 4426 868 4483 est,
888 4430 993 4469 non
1024 4414 1116 4469 Dei
1143 4416 1352 4483 Spiritu,
1385 4426 1440 4469 et
1465 4416 1604 4484 apud
1633 4417 1800 4471 Deum
1831 4427 1885 4472 et

1985 3237 2124 3292 Deus
2148 3232 2176 3275 ά
2204 3232 2373 3293 sensit
2413 3246 2535 3291 cum
2564 3228 2813 3301 patientis
2857 3240 3017 3289 sensu
3044 3263 3060 3289 ,
3093 3221 3188 3281 sed
3233 3219 3400 3275 sensit
3436 3232 3555 3272 cum

1983 3326 2230 3403 patientis
2278 3325 2501 3388 elTectu;
2554 3322 2684 3384 nihil
2728 3320 2897 3379 sensit
2950 3331 3049 3387 pro
3086 3314 3395 3373 diversitate
3434 3312 3559 3366 sub-

1982 3419 2231 3484 stantiae,
2281 3416 2375 3472 sed
2418 3414 2588 3473 sensit
2636 3428 2731 3482 pro
2773 3412 2978 3465 unitate
3038 3420 3301 3477 personae.
3346 3404 3558 3458 Unitate

1982 3508 2280 3578 conjunxit,
2315 3516 2371 3563 et
2399 3512 2796 3574 consequenter
2814 3500 3044 3570 adjecit;
3074 3511 3173 3555 nos
3217 3509 3380 3552 unum
3410 3507 3561 3548 eum‘

1983 3599 2209 3670 demque
2247 3611 2431 3665 verum
2478 3594 2744 3653 hominem
2772 3601 2827 3649 et
2874 3604 3063 3647 verum
3112 3587 3280 3643 Deum
3311 3582 3558 3652 intelligi-

1982 3707 2102 3748 mus
2133 3710 2146 3745 :
2174 3702 2229 3748 et
2268 3691 2478 3746 iteravit
2501 3728 2516 3753 ,
2547 3701 2646 3746 nos
2670 3701 2855 3741 verum
2887 3684 3052 3739 Deum
3078 3690 3132 3739 et
3155 3693 3343 3737 verum
3387 3676 3559 3732 homio

1985 3800 2107 3845 nem
2158 3783 2306 3841 nullo
2353 3781 2514 3838 modo
2564 3778 2885 3850 ambigimus
2939 3771 3323 3832 cantitendum.
3366 3768 3560 3836 Accipe

1982 3877 2141 3935 etiam
2170 3876 2222 3931 in
2245 3873 2445 3944 hymno
2466 3874 2522 3926 Β.
2549 3871 2803 3929 antistitis
2833 3878 2884 3924 et
2924 3865 3248 3923 confessoris
3273 3859 3561 3923 Ambrosii,

1984 3981 2141 4038 quem
2174 3966 2227 4019 in
2253 3961 2417 4023 natali
2452 3948 2719 4017 dominico
2749 3960 3009 4017 catholica
3038 3972 3137 4027 per
3179 3967 3371 4010 omnes
3400 3950 3563 4005 Italia)

1985 4066 2041 4113 et
2068 4055 2256 4115 Galliae
2309 4054 2558 4124 regiones
2598 4051 2858 4122 persultat
2902 4047 3135 4102 Ecclesia
3183 4062 3197 4100 :
3243 4042 3471 4101 Procede
3503 4042 3563 4093 de

1986 4148 2211 4205 thalamo
2255 4154 2343 4207 tuo
2390 4144 2602 4216 gemina:
2647 4142 2790 4212 gigas
2839 4136 3155 4193 substantite.
3200 4132 3408 4201 Refuge
3436 4146 3561 4198 ergo

1986 4241 2125 4295 inter
2166 4238 2305 4303 hcce,
2335 4245 2523 4293 sancte
2552 4234 2735 4299 frater,
2767 4232 3035 4285 alterutrae
3082 4223 3247 4294 parsis
3281 4235 3519 4278 errorem
3548 4227 3557 4258 ί

1984 4330 2029 4389 si
2061 4336 2266 4387 tantum
2296 4326 2390 4383 Dei
2417 4333 2658 4380 naturam
2696 4319 2929 4384 dixeris,
2970 4314 3265 4385 imposuisti
3300 4314 3406 4367 Deo
3435 4325 3571 4365 cntt-
3669 4336 3678 4348 -

1986 4419 2240 4479 ditionem
2280 4416 2545 4487 passionis
2582 4424 2637 4472 et
2664 4415 2883 4476 mortis;
2931 4410 2974 4464 si
2999 4422 3127 4463 vero
3153 4414 3356 4461 tantum
3387 4405 3559 4458 burni-

307 4507 449 4576 apud
490 4508 733 4561 homines
781 4507 933 4562 valde
971 4505 1387 4561 damnabile-est
1409 4546 1423 4571 ,
1470 4506 1568 4560 nisi
1600 4506 1743 4575 prior
1774 4508 1885 4576 ipse
1914 4510 1965 4569 D
1991 4512 2073 4569 nis
2097 4519 2340 4569 naturam
2370 4508 2589 4572 dixeris,
2611 4504 2921 4563 subii-nisti
2953 4502 3079 4564 Deo
3106 4499 3329 4570 gloriam
3353 4496 3573 4552 τωθιιια

308 4598 667 4653 damnaveris.
696 4598 753 4650 Ει
769 4607 904 4666 gout
923 4596 1044 4651 aliis
1068 4596 1442 4669 ντιρῑθηηίεείε
1465 4597 1604 4655 hunc
1620 4597 1886 4669 duplicem

311 4705 550 4745 errorem
585 4701 640 4743 et
668 4689 735 4744 de
775 4688 966 4749 haeresi
1015 4697 1193 4743 natum
1239 4687 1365 4743 etin
1390 4687 1622 4765 pericula
1668 4665 1888 4744 litercsis

311 4781 709 4850 pertrahentetn
737 4820 750 4841 ,
781 4778 928 4832 brevi
962 4778 1237 4846 (quantum
1287 4777 1482 4831 absens
1513 4778 1750 4849 pusum)
1776 4793 1888 4834 ser-

311 4888 477 4928 mone
529 4871 929 4945 constringam,
972 4886 1092 4924 cum
1141 4880 1342 4925 sanctae
1398 4870 1689 4925 sinceritati
1740 4881 1883 4940 lue,

312 4965 602 5020 multorum
648 4964 776 5035 (non
834 4962 1006 5032 qualis
1066 4976 1166 5031 ego
1213 4965 1353 5030 sum)
1400 4963 1701 5021 necessaria
1744 4972 1890 5021 esset

312 5055 601 5125 pra’sentia
644 5054 1018 5123 magistrorum
1060 5070 1071 5104 :
1122 5052 1294 5121 primo
1336 5055 1452 5107 loco
1502 5053 1806 5123 ignoranter
1838 5061 1893 5108 et

312 5150 449 5201 satis
479 5146 793 5215 periculose,
819 5160 921 5197 non
946 5144 1138 5209 dicam,
1166 5145 1445 5213 scribitur;
1471 5146 1584 5210 sed,
1609 5147 1889 5216 cogitatur,

314 5242 516 5311 siiscipi
548 5257 652 5293 non
684 5239 882 5293 debeze
907 5246 963 5290 ut
1002 5238 1161 5290 homo
1189 5247 1355 5291 mater
1385 5237 1476 5292 Dei
1508 5241 1579 5293 sit
1608 5256 1621 5290 :
1654 5240 1795 5312 quod
1828 5240 1894 5293 de

314 5331 653 5390 Nestorium:
694 5331 913 5384 hzrresis
962 5328 1233 5397 impietate
1279 5330 1583 5397 descendit;
1632 5334 1721 5402 qui
1770 5348 1894 5403 pro.

393 5500 423 5529 ⁸
456 5488 621 5550 Alias,
650 5482 895 5555 Gregorio
922 5492 975 5537 et
1004 5481 1198 5555 Gra'co.

392 5560 423 5600 ιδ
454 5560 595 5615 Alias
642 5553 883 5636 additur,
922 5554 1011 5607 sed
1037 5553 1232 5636 absque.
1249 5554 1404 5609 dubio
1431 5554 1516 5622 qui
1546 5555 1621 5609 vel
1667 5555 1897 5623 qualem-

321 5646 521 5763 zunqiée
572 5623 781 5752 requirit
836 5623 1053 5692 ducem,
1101 5624 1360 5683 declinare
1396 5636 1589 5695 oportet
1646 5641 1893 5681 errorem.

380 5720 457 5758 em
498 5716 545 5769 ε,
574 5712 605 5755 e
631 5711 679 5751 Ci

1997 4600 2212 4672 ptionis,
2265 4598 2577 4659 subtraxisti
2621 4596 2823 4653 auctori
2856 4592 3146 4665 patentium
3196 4588 3563 4658 lieparatoris.

1996 4699 2134 4755 Audi
2177 4697 2444 4769 quomodo
2484 4710 2634 4751 sacra
2677 4693 2883 4761 eloquia
2935 4704 3030 4759 per
3070 4702 3231 4743 unam
3283 4698 3573 4756 personant

1996 4790 2263 4860 explicant
2302 4797 2583 4858 utramque
2621 4785 3000 4841 substantiam.
3028 4781 3187 4835 Juxta
3209 4778 3445 4833 divinam
3477 4790 3567 4829 na-

1996 4890 2167 4938 turam
2210 4880 2446 4949 loquitur
2474 4894 2489 4933 :
2518 4876 2630 4948 Ego
2656 4887 2702 4930 et
2737 4875 2894 4928 Pater
2914 4888 3073 4929 unum
3097 4887 3270 4925 sumus
3300 4867 3474 4939 (Juau.
3512 4881 3565 4926 x,

1992 4975 2117 5044 30);
2165 4973 2461 5029 secundum
2509 4970 2799 5025 humanam
2842 4974 3083 5021 naturam
3135 4961 3417 5017 conﬁtetur
3445 4957 3568 5027 quia

1993 5065 2152 5123 Pater
2194 5067 2364 5136 major
2403 5078 2480 5117 me
2506 5070 2611 5125 est;
2649 5060 2800 5128 juxta
2846 5056 3123 5112 ctelestem
3170 5061 3412 5107 naturam
3447 5062 3566 5117 pru-

1995 5157 2245 5215 nuntiat:
2275 5154 2459 5213 Omnia
2479 5168 2592 5221 qua:
2617 5149 2771 5204 Pater
2795 5146 2943 5202 habet
2980 5160 3089 5197 mea
3116 5151 3264 5205 sunt;
3282 5140 3432 5209 juxta
3464 5145 3550 5189 ter

1996 5263 2137 5302 rente
2170 5254 2368 5305 natura)
2396 5242 2756 5302 inﬁrmitatem
2777 5236 2935 5293 dicit:
2970 5234 3136 5289 Filius
3159 5241 3324 5287 autem
3351 5226 3569 5281 [taurinis

2000 5354 2101 5397 non
2129 5337 2303 5393 habet.
2326 5336 2409 5391 ubi
2450 5344 2602 5404 caput
2627 5332 2852 5387 reclinet.
2900 5327 3058 5398 Quasi
3092 5325 3254 5380 homo
3284 5317 3566 5381 indicabat,

2074 5498 2096 5525 ο
2131 5486 2295 5549 Alias.
2335 5486 2493 5539 solius
2529 5480 2621 5535 Dei
2648 5478 2825 5533 nostri.
2993 5545 3003 5551 _
3155 5540 3189 5551 ,Α
3508 5530 3541 5551 _,

2071 5555 2094 5593 ἀ
2122 5558 2243 5621 Με..
2275 5542 2429 5612 sensit
2456 5551 2695 5625 patientis
2711 5563 2881 5616 sensu,
2915 5545 3003 5598 sed
3034 5542 3189 5595 sensit
3217 5542 3567 5605 coniipattentts

1998 5626 2201 5697 aﬁ'ectu.
