4002 6188
418 335 523 393 855

1637 327 1692 385 5.
1736 325 1819 382 FA
1831 326 1977 382 USTl
2016 328 2425 385 RllEGIENSlS

3438 316 3511 362 κ
3556 335 3655 393 ssc

415 448 600 504 Tristis
641 456 716 502 est
760 448 931 501 animo
973 460 1085 499 utea
1123 442 1374 514 usquead
1398 450 1645 507 mortem;
1669 442 1818 513 quasi
1847 442 1990 496 Deus
2014 443 2064 503 Δ
2093 441 2262 497 Datus
2279 457 2407 513 ergo
2430 457 2493 497 ex
2522 440 2827 510 Divinitate,
2853 449 3009 497 natus
3036 456 3102 497 ex
3128 441 3365 513 Virgine,
3398 454 3554 500 natus
3572 449 3655 521 qui

413 539 825 604 contestabatur,
862 537 1169 592 Potestatem
1210 538 1367 590 habeo
1393 533 1614 603 ponendi
1643 550 1775 600 eam,
1813 543 1859 589 et
1888 549 1985 603 po-

413 643 643 687 testatem
672 632 837 686 habeo
876 631 1064 684 iterum
1102 628 1334 681 sumendi
1378 643 1487 680 eam
1518 627 1698 699 (Joan.
1750 642 1815 692 τι,
1866 625 1979 695 18).

411 722 711 779 Secundum
742 722 917 775 carnis
940 729 1179 774 naturam
1211 718 1263 773 in
1289 732 1447 773 cruce
1475 717 1757 787 pendebat,
1789 733 1981 773 secun-

409 818 536 871 dum
579 813 867 870 divinitttis
915 811 1264 869 substantiam
1313 810 1614 881 paradisum
1659 821 1712 864 et
1752 823 1974 878 regnum

408 907 632 961 cmleste
665 904 913 959 donabat.
956 903 1063 957 Hoc
1094 902 1274 956 Ariani
1307 901 1589 955 obscurato
1618 899 1800 961 corde,
1833 899 1983 968 peni-

411 1004 493 1048 tus
519 1008 623 1048 non
656 994 915 1055 videntes,
942 992 1065 1061 quia
1088 990 1431 1060 prarsumptio
1450 999 1506 1043 et
1534 988 1694 1043 elatio
1720 987 1975 1042 s‘utlundit

408 1088 600 1141 mentis
628 1085 899 1147 intuitum,
931 1083 994 1135 ad
1026 1082 1213 1142 Deum.
1246 1095 1364 1150 quae
1394 1088 1546 1133 erant
1582 1079 1811 1132 hominis
1833 1087 1979 1133 retu-

409 1179 605 1244 lerunt,
652 1192 709 1230 cr
743 1176 931 1229 dentes
961 1172 1105 1242 quod
1146 1171 1322 1225 minor
1367 1170 1669 1239 loqueretur
1698 1169 1973 1238 divinitas,

409 1269 496 1324 ubi
522 1268 634 1321 spla
664 1264 891 1319 hominis
935 1261 1398 1317 demonstrabatur
1433 1259 1735 1313 inﬁrmitas.
1770 1257 1973 1313 Nullam

409 1368 667 1430 ponentes
717 1356 856 1410 inter
895 1354 1138 1410 ccelesﬁa
1185 1360 1239 1405 et
1289 1361 1501 1405 terrena
1537 1350 1817 1409 rationem,
1850 1349 1973 1401 dum

408 1461 624 1507 naturas
653 1449 704 1503 in
737 1447 847 1502 Deo
876 1456 931 1502 et
958 1444 1172 1498 homine
1198 1443 1328 1496 duas
1359 1442 1597 1509 recipere
1642 1441 1766 1493 nolu
1794 1448 1848 1503 -t,
1884 1439 1973 1493 Dei

408 1540 755 1600 substantiam
820 1537 1161 1598 diviserunt;
1211 1542 1266 1587 et
1311 1531 1436 1585 dum
1478 1531 1541 1584 ad
1592 1531 1701 1585 sola
1748 1530 1974 1584 lominis

408 1634 569 1689 verba
617 1631 924 1701 respiciunt,
970 1628 1135 1682 Deum
1182 1627 1269 1696 qui
1318 1626 1504 1695 gloria:
1553 1624 1824 1694 plenitudo
1869 1633 1970 1688 est,

408 1725 708 1779 intellectus
754 1722 951 1775 lumine
981 1718 1346 1788 perdiderunt.
1396 1720 1471 1769 Ac
1518 1716 1595 1770 sic
1622 1757 1635 1779 ,
1681 1716 1766 1783 qui
1810 1715 1969 1768 [leum

2084 534 2304 587 sentiret
2328 548 2601 598 occasum,
2629 532 2782 587 datus
2805 534 2891 603 qui
2917 534 3142 589 nesciret
3165 536 3465 592 exordium;
3494 538 3655 593 Natus
3688 567 3698 579 -

2082 625 2168 694 qui
2216 631 2270 679 et
2314 633 2484 679 matre
2527 632 2670 678 esset
2707 623 2921 691 junior;
2971 624 3125 679 datus
3170 635 3224 680 et
3254 643 3357 696 quo
3382 644 3484 684 nec
3512 641 3657 700 pater
3690 605 3701 627 ³

2082 722 2225 769 esset
2267 714 2530 783 antiquior
2578 731 2593 767 :
2638 723 2795 769 natus
2841 716 2928 783 qui
2977 728 3309 784 moreretur;
3365 720 3523 774 datus
3567 738 3658 789 per
3706 706 3709 709 ἤ

2080 822 2236 876 quem
2266 808 2370 861 vita
2401 817 2790 862 renasceretur.
2819 808 2930 863 lllic
2953 809 3275 875 dominatur,
3301 812 3385 865 hic
3409 812 3655 865 humilia-

2084 906 2167 951 tttr
2192 915 2205 963 ;
2233 899 2331 952 sibi
2378 907 2585 968 regnat,
2617 909 2669 953 et
2698 899 2826 953 mihi
2859 901 3067 955 militat.
3120 899 3378 955 Parvulus
3405 914 3556 955 nutus
3585 912 3658 957 est

2081 991 2243 1056 nobis,
2282 992 2418 1058 [ilius
2459 992 2607 1044 datus
2635 1002 2708 1045 est
2742 994 2883 1044 nobis
2918 1007 2937 1045 :
2961 1003 3007 1045 et
3044 994 3207 1063 ﬂictus
3228 1007 3299 1047 est
3341 995 3657 1065 principatus

2078 1100 2227 1153 super
2247 1086 2511 1137 humerum
2534 1086 2665 1153 ejus.
2683 1085 3015 1138 Manifestum
3035 1086 3299 1155 hominem
3322 1090 3659 1140 demonstrat

2080 1174 2364 1241 humerus;
2390 1177 2636 1231 latentem
2661 1177 2825 1230 Deum
2849 1177 2899 1230 lo
2921 1179 3080 1245 ιυῑιιιι·
3102 1179 3447 1246 principatus.
3474 1183 3657 1248 Agno-

2077 1281 2167 1323 sce
2209 1267 2469 1336 duplicem
2500 1267 2598 1321 sub
2647 1282 2888 1334 persona:
2919 1268 3123 1323 unitate
3166 1271 3542 1323 subStantiam.
3580 1270 3656 1326 De

2080 1368 2260 1413 nostro
2282 1369 2362 1414 est
2389 1360 2526 1429 quod
2551 1359 3006 1429 apprehendit,de
3019 1374 3117 1415 suo
3138 1372 3219 1416 est
3249 1363 3387 1430 quod
3413 1361 3655 1429 donavit,

2078 1452 2147 1506 de
2176 1462 2357 1505 nos'ro
2388 1451 2567 1504 habuit
2597 1451 2735 1505 unde
2763 1451 3009 1514 caderet,
3042 1451 3108 1505 de
3137 1466 3233 1505 suo
3264 1452 3405 1506 unde
3430 1468 3656 1505 consur.

2076 1549 2242 1611 geret.
2278 1541 2350 1594 De
2382 1549 2565 1594 nostro
2589 1541 2770 1594 habuit
2801 1542 2939 1596 unde
2981 1558 3075 1609 pro
3107 1541 3260 1595 nobis
3290 1542 3552 1607 solveret;
3584 1544 3655 1595 de

2077 1649 2172 1685 suo
2204 1632 2345 1686 unde
2385 1634 2592 1700 pen‘tus
2624 1633 2676 1684 in
2707 1632 2851 1686 nullo
2882 1631 3089 1686 debitor
3116 1640 3417 1701 appareret.
3453 1635 3528 1687 De
3555 1649 3653 1686 no-

2076 1733 2187 1775 stro
2212 1723 2350 1775 unde
2380 1722 2801 1792 cruciﬁgeretur,
2834 1722 2899 1776 de
2941 1737 3038 1775 suo
3070 1722 3207 1776 unde
3235 1725 3652 1791 gloriliCarrtur.

410 1816 597 1871 Filium
631 1814 861 1867 hominis
889 1811 1212 1867 credendum
1242 1810 1486 1878 denegat,
1516 1808 1740 1861 NCrIOI'il
1787 1808 1971 1871 itupie-
2004 1798 2049 1858 Β
2077 1814 2151 1867 De
2179 1826 2361 1867 nostro
2386 1813 2533 1867 dedit
2563 1814 2763 1881 per-cati
2796 1813 3042 1877 bogtiam,
3064 1814 3133 1866 de
3160 1828 3277 1876 suo,
3309 1814 3655 1881 indulgentia:

409 1915 516 1962 tate
544 1906 834 1959 maculatur
862 1924 874 1955 ε
907 1903 997 1973 qui
1026 1902 1156 1955 duas
1179 1900 1501 1955 substantias
1533 1900 1583 1951 in
1616 1898 1973 1967 Redemptore

409 2014 511 2054 non
562 1996 761 2058 credit,
813 1994 922 2048 Arii
973 1994 1160 2061 laqueo
1201 1992 1455 2059 deceptus
1506 1990 1810 2044 involvitur.
1866 1990 1971 2044 Nos

408 2100 558 2148 vero,
588 2084 665 2137 tui
703 2084 867 2135 frater
917 2080 1210 2143 carissime,
1259 2079 1308 2131 in
1352 2077 1617 2131 Christum
1669 2078 1859 2142 Deum,
1901 2078 1970 2132 ita

407 2176 637 2245 perfecta
691 2184 739 2227 et
779 2171 1119 2241 inseparabili
1164 2170 1505 2224 distinctione
1551 2170 1864 2235 credamus,
1917 2179 1973 2223 ut

406 2266 499 2321 Dei
546 2275 598 2319 et
646 2264 882 2318 hominis
935 2263 1227 2333 simplicem
1285 2277 1560 2330 personam
1610 2272 1662 2315 et
1705 2262 1969 2332 duplicem

407 2358 712 2412 noverimus
753 2367 875 2409 esse
901 2353 1271 2408 substantiam.
1318 2352 1465 2407 Sicut
1492 2352 1668 2405 anima
1699 2363 1750 2407 et
1778 2368 1971 2420 corpus

402 2448 674 2503 hominem
717 2446 862 2511 facit,
895 2444 966 2499 ita
1009 2444 1255 2497 divinitas
1299 2452 1351 2498 et
1382 2426 1683 2497 humanitas
1731 2434 1862 2496 unus
1890 2451 1971 2497 est

405 2539 663 2596 Christus.
717 2539 797 2593 Tu
823 2549 997 2593 autem
1042 2538 1180 2607 quod
1209 2538 1418 2606 gemino
1447 2551 1630 2590 errore
1673 2548 1971 2605 prmt‘entus

405 2630 741 2686 scribendum
776 2630 988 2698 putasti,
1015 2628 1115 2683 sub
1136 2629 1355 2683 duarum
1382 2638 1685 2681 naturarum
1710 2638 1971 2682 conventu

405 2721 600 2790 suscipi
632 2736 736 2775 non
783 2721 1015 2786 debere,
1062 2728 1118 2773 ut
1150 2720 1306 2780 Deus,
1340 2729 1492 2787 pater
1536 2717 1764 2773 hominis
1792 2720 1882 2785 sit,
1915 2727 1973 2773 ut

405 2814 598 2881 homo,
647 2823 815 2868 mater
866 2814 956 2867 Dei
999 2813 1108 2866 sit:
1140 2828 1268 2875 nos,
1321 2826 1475 2864 unam
1502 2811 1595 2865 Dei
1637 2811 1972 2881 hominisque

407 2920 687 2974 personam
733 2903 1050 2958 ﬁducialiler
1076 2912 1130 2958 et
1178 2902 1464 2957 salubriter
1491 2912 1792 2956 asserentes
1820 2901 1873 2955 in
1906 2916 1970 2956 eo

407 2996 493 3063 qui
519 3004 635 3050 crat
663 2995 713 3048 in
746 2995 1023 3064 principio,
1050 3004 1104 3049 et
1130 2993 1224 3062 qui
1250 2994 1350 3047 sub
1370 2994 1745 3064 redemptionis
1773 3005 1968 3050 nostra:

407 3096 644 3154 tempore
692 3086 861 3138 faetus
891 3092 973 3139 est
1002 3084 1055 3137 in
1102 3085 1498 3138 s?militudioetu
1547 3086 1962 3154 carnis'peccati,

406 3176 460 3230 id
482 3145 582 3240 est,
603 3175 655 3229 in
678 3174 900 3228 veritate
928 3174 1176 3241 hominis,
1202 3183 1255 3227 et
1275 3175 1619 3229 similitudine
1642 3145 1967 3243 peccatoris:
1997 3145 2043 3207 Ο

408 3282 502 3321 nos
530 3266 791 3339 (inquam)
822 3267 892 3319 ita
924 3267 1091 3320 Deum
1124 3276 1323 3335 patrem
1355 3267 1581 3321 hominis
1607 3269 1705 3323 ειώ
1734 3284 1972 3338 personae

407 3359 608 3413 unitate
630 3364 903 3423 testamur,
929 3357 1064 3410 sicut
1083 3358 1181 3411 sub
1197 3357 1432 3425 ejusdem
1458 3359 1674 3413 unitatis
1699 3362 1973 3430 amplexu,

411 3451 632 3506 Matrem
678 3448 772 3503 Dei
833 3449 1099 3503 hominem
1156 3447 1508 3512 conﬁtemur,
1552 3450 1701 3519 juxta
1749 3452 1973 3522 symboli

408 3541 777 3597 auctoritatem
827 3543 907 3611 (ut
936 3539 1037 3594 alia
1078 3540 1521 3608 praetermittam).
1551 3543 1670 3611 quia
1699 3544 1923 3599 dicimus
1955 3564 1969 3601 :

406 3633 582 3689 Credo
610 3645 662 3688 et
705 3634 757 3687 in
791 3632 979 3685 Filium
1030 3632 1117 3685 Dei
1167 3631 1346 3686 Jesum
1400 3632 1702 3701 Christum,
1730 3637 1817 3704 qui
1848 3653 1974 3690 con-

407 3735 594 3791 ceptus
618 3734 699 3778 est
725 3724 791 3777 de
820 3724 1021 3792 Spiritu
1049 3730 1254 3790 sancto,
1287 3734 1440 3777 natus
1461 3740 1525 3777 ex
1555 3726 1715 3779 Maria
1741 3725 1969 3796 Virgine.

407 3816 505 3880 Qui
536 3815 579 3866 si
613 3812 730 3866 talis
773 3828 922 3866 error
952 3820 1057 3875 est,
1090 3812 1142 3866 in
1176 3813 1397 3867 Domino
1425 3814 1701 3867 Salvatore
1732 3830 1892 3868 unam
1923 3826 1974 3870 et

406 3904 705 3973 simplicem
751 3904 1039 3959 credidisse
1077 3903 1448 3969 Substantiam,
1495 3906 1663 3973 qualis
1693 3921 1845 3960 error
1868 3917 1971 3975 est,

407 3997 672 4064 duplicem
710 3998 1005 4051 asseruisse
1045 3997 1360 4066 personam?
1391 3997 1519 4049 Nam
1551 3998 1594 4050 si
1639 3997 1690 4050 in
1720 3999 1973 4052 societate

405 4087 583 4142 carnis
619 4095 905 4156 assumptae
931 4128 945 4153 ,
979 4088 1200 4141 formam
1246 4086 1431 4140 famufi
1460 4086 1599 4140 Dens
1638 4088 1825 4152 induit,
1853 4086 1973 4141 dua:

406 4179 718 4235 substantia:
765 4193 870 4231 non
921 4176 1158 4232 fixerunt.
1207 4179 1344 4247 Ergo
1378 4179 1428 4231 in
1459 4178 1671 4231 homine
1699 4181 1836 4233 Deus
1867 4195 1971 4233 non

405 4272 525 4339 fuit,
552 4279 606 4324 et
630 4278 870 4337 separata
901 4284 929 4319 a
964 4269 1071 4323 Deo
1115 4284 1341 4336 persona
1385 4269 1613 4320 hominis
1652 4268 1783 4332 fuit;
1830 4283 1892 4321 ac
1927 4270 1969 4323 si

403 4362 505 4416 sub
547 4363 635 4416 tali
665 4376 824 4414 sensu
873 4360 1074 4412 videbis
1104 4359 1278 4411 subito
1323 4368 1567 4427 quartam
1611 4359 1792 4412 nescio
1834 4360 1973 4416 unde

402 4452 702 4507 acerevisse
732 4467 853 4520 pers
876 4466 1047 4514 mam;
1082 4461 1133 4504 ct
1166 4452 1215 4502 in
1257 4452 1395 4503 hunc
1433 4450 1761 4505 intellectum
1798 4452 1972 4520 pravi-

403 4546 534 4599 tatis
550 4544 925 4613 consequentia
970 4542 1413 4611 przrcipitaberis,
1454 4552 1510 4595 ut
1536 4541 1642 4611 jam
1668 4558 1772 4597 non
1801 4543 1971 4599 Trini-

406 4644 565 4688 tatem
612 4651 722 4687 neci
744 4651 830 4687 sse
859 4638 927 4686 sit
955 4635 1214 4688 conﬁteri.
1265 4632 1397 4686 Audi
1431 4634 1606 4700 potius
1627 4634 1969 4703 quemadmo—

401 4727 527 4779 dum
557 4726 614 4780 S.
643 4727 843 4789 Esaias,
875 4725 1124 4779 distincto
1154 4726 1342 4778 ordine
1367 4724 1756 4793 conjunctoqne
1785 4725 1969 4779 discri-

402 4818 582 4879 mine,
634 4815 842 4868 Domini
900 4816 1067 4868 nostri
1118 4830 1181 4869 ac
1224 4814 1594 4884 Redemptoris
1638 4816 1964 4871 nativitatem

400 4908 647 4975 disponat
691 4922 705 4958 :
746 4903 1003 4957 Parvulus
1050 4905 1280 4976 (inquit)
1322 4917 1469 4959 natus
1511 4917 1582 4959 est
1623 4908 1786 4974 nobis,
1827 4908 1965 4974 ﬁlius

400 4998 551 5049 datus
591 5006 665 5049 ut
695 4993 1010 5063 rtobisUsat'.
1055 5010 1125 5057 Ix,
1166 4996 1241 5063 6).
1286 4996 1481 5065 Act-ipe
1522 4996 1710 5051 Filium
1765 4997 1856 5051 Dei
1913 4998 1966 5052 in

398 5100 637 5142 extrema
670 5094 818 5154 parte
844 5085 1153 5139 sa-culorum
1176 5130 1192 5152 ,
1221 5104 1283 5140 ex
1316 5088 1534 5156 innupta
1564 5098 1752 5156 matre,
1782 5100 1968 5145 natura

399 5180 676 5247 ignorante
720 5186 775 5231 et
828 5176 929 5231 lide
973 5178 1257 5231 maritante
1294 5180 1620 5247 piogenitum
1648 5220 1663 5248 ,
1714 5195 1970 5251 superve-

399 5271 580 5326 niente
623 5272 679 5324 in
724 5270 983 5340 virginem
1030 5280 1212 5325 sancto
1262 5270 1497 5339 Spiritu,
1543 5274 1810 5329 hominem
1861 5275 1967 5329 Deo

397 5362 711 5419 mirabiliter
753 5362 1063 5430 impletum,
1105 5373 1157 5415 et
1189 5362 1353 5416 Deum
1383 5367 1431 5416 in
1464 5363 1732 5418 hominem
1761 5364 1967 5418 miseri-

397 5453 630 5509 corditer
653 5462 1065 5517 commutatum;
1097 5468 1195 5507 nec
1221 5455 1521 5509 exinanisse
1546 5454 1730 5523 gloriae
1766 5457 1970 5525 magni-

398 5546 656 5613 tudinem,
686 5546 783 5602 sed
813 5561 907 5616 per
932 5553 1230 5613 susceptam
1268 5548 1406 5598 servi
1448 5544 1829 5608 conditionem,
1865 5547 1969 5600 Do-

397 5640 525 5690 nnni
572 5637 874 5695 ostendisse
922 5639 1191 5706 pietatem.
1226 5636 1481 5693 Parrulus
1510 5648 1659 5690 natus
1690 5647 1761 5692 est
1793 5637 1961 5704 nobis,

397 5729 539 5792 ﬁlius
568 5730 712 5783 datus
740 5738 814 5783 est
856 5729 1030 5785 nobis!
1060 5730 1221 5787 Natus
1269 5738 1350 5787 est
1381 5731 1531 5787 nobis
1561 5731 1649 5800 qui
1691 5730 1794 5788 sibi
1823 5740 1958 5790 erat.

2076 1904 2260 1959 tribuit
2306 1906 2553 1972 gratiam.
2590 1905 2661 1958 De
2688 1913 2868 1957 nostro
2902 1904 3077 1970 itaque
3123 1903 3441 1967 humiliatio,
3467 1905 3533 1959 de
3555 1922 3653 1958 suo

2073 2012 2192 2052 esse
2222 1998 2477 2067 probatur
2502 1998 2766 2051 ascensio.
2792 1998 2866 2051 De
2885 2007 3065 2051 nostro
3092 1996 3287 2052 obtulit
3305 1999 3652 2061 sacriﬁcium,

2078 2090 2144 2144 de
2173 2105 2272 2144 suo
2303 2090 2524 2143 contulit
2572 2089 2863 2158 prmmium.
2901 2088 3131 2141 Duarum
3182 2102 3307 2156 ergo
3338 2096 3651 2143 naturarum

2074 2197 2258 2251 capax,
2294 2182 2451 2235 homo
2482 2179 2874 2235 inﬁrmitatibus
2912 2180 3236 2248 agnoscitur,
3270 2181 3406 2233 Deus
3436 2181 3652 2233 virtuti-

2075 2272 2175 2327 bus
2204 2274 2545 2341 aj‘probatur.
2594 2272 2740 2341 Piget
2777 2285 3081 2324 sermonem
3106 2278 3213 2323 tam
3236 2270 3536 2324 manifesta:
3568 2270 3651 2324 rei

2072 2367 2369 2421 assertione
2414 2364 2903 2440 prodocere._Scio
2943 2365 3091 2431 quod
3119 2362 3231 2416 haec
3272 2363 3385 2428 ipsa
3415 2363 3651 2416 breviter

2074 2459 2404 2527 strictimque
2425 2466 2860 2521 commemorata,
2884 2466 3086 2509 temere
3108 2454 3380 2508 οοιιιηιίηο
3408 2452 3489 2507 vel
3511 2455 3649 2507 meis

2074 2548 2221 2613 epist!
2248 2547 2312 2601 lis
2338 2546 2418 2599 vel
2449 2545 2691 2599 sensibus
2721 2548 2841 2598 tuis.
2870 2544 2976 2599 Sed
3007 2544 3128 2597 dum
3163 2553 3211 2596 te
3253 2544 3319 2596 ad
3345 2543 3636 2611 interroga.

2075 2642 2232 2696 tionis
2282 2641 2647 2695 Salubritatcm
2700 2640 2923 2694 sollicita
2978 2638 3274 2692 humilitate
3331 2636 3643 2696 submittis,

2073 2734 2294 2786 multum
2346 2731 2474 2784 mihi
2512 2731 2577 2785 de
2623 2734 2822 2784 erroris
2868 2730 3023 2799 hujus
3070 2728 3309 2784 remedio
3350 2725 3640 2795 polliceris.

2075 2822 2305 2891 Revoca,
2325 2837 2526 2892 qumso,
2545 2820 2611 2875 ab
2631 2821 2729 2875 hoc
2747 2821 3053 2874 diSt-rimiue
3071 2819 3256 2888 pedem
3274 2827 3442 2879 tuum,
3471 2816 3646 2884 prius-

2072 2928 2229 2981 quam
2277 2914 2326 2965 in
2374 2912 2691 2979 profundum
2740 2911 3094 2965 irrevocabile
3133 2909 3378 2964 elationis
3407 2916 3647 2961 torrente

2072 3004 2293 3072 rapiaris
2322 3022 2332 3057 :
2362 3014 2414 3058 et
2436 3014 2633 3057 rectum
2659 3003 2816 3055 animi
2845 3004 3163 3072 scnsomqui
3194 3002 3373 3055 multa:
3393 3000 3646 3055 elationis

2076 3096 2280 3163 pondus
2318 3110 2422 3149 non
2463 3095 2714 3168 sustinet,
2752 3110 2848 3149 nec
2877 3095 3022 3147 novit
3067 3095 3369 3147 thesaurum
3402 3090 3646 3144 scientia:

2077 3185 2413 3255 dispensare,
2445 3187 2611 3256 magis
2642 3187 2833 3240 laboris
2855 3187 3205 3254 occupatione
3236 3186 3455 3254 castiga.
3484 3183 3648 3237 Tem-

2078 3292 2201 3346 pera
2244 3277 2645 3332 immoderatum
2690 3278 3031 3332 abstinentia:
3063 3277 3313 3347 rigorem,
3362 3275 3646 3346 quietiam

2078 3367 2238 3421 menti
2286 3376 2503 3435 generat
2540 3368 2928 3434 inﬁrmitatem;
2973 3383 3130 3437 quem
3170 3378 3296 3436 puto
3319 3367 3441 3419 inde
3474 3365 3649 3427 nasci,

2078 3456 2215 3510 unde
2252 3456 2512 3511 scribenti
2558 3458 3044 3525 prmsuinptionem.
3087 3456 3386 3526 Regredere
3413 3455 3477 3508 ad
3506 3456 3646 3509 viam

2076 3548 2296 3614 regiam,
2343 3546 2597 3600 nutricem
2625 3548 2872 3601 elationis
2904 3550 3087 3616 refuge
3117 3546 3560 3609 sollicitudinem;
3593 3555 3647 3601 et

2077 3640 2196 3707 quia
2230 3639 2476 3707 legimus:
2508 3639 2824 3693 Munducare
2845 3643 2944 3693 mel
2973 3641 3209 3704 multum,
3228 3658 3328 3693 non
3356 3650 3429 3694 est
3460 3641 3647 3693 bonum

2077 3727 2256 3797 (Prov.
2283 3730 2410 3797 ",5')
2440 3730 2629 3799 (magis
2660 3732 2797 3782 enim
2830 3730 2977 3783 inllat
3003 3745 3184 3798 parum
3215 3730 3492 3784 fundatum
3522 3745 3645 3783 seu.

2075 3833 2190 3872 sum
2219 3819 2460 3884 scientia,
2482 3835 2637 3889 quam
2665 3818 2936 3889 aediﬁcat).
2960 3821 3031 3873 ita
3060 3835 3188 3875 cave
3210 3820 3429 3874 nimiam
3460 3820 3647 3874 lectio-

2077 3926 2217 3975 nem,
2238 3922 2287 3963 ut
2314 3911 2459 3965 cordi
2480 3925 2664 3979 parum
2680 3913 2884 3979 capaci,
2906 3921 3155 3980 tanquam
3179 3913 3372 3980 sumpti
3390 3911 3643 3965 immode-

2076 4002 2237 4053 ratius
2260 4001 2367 4054 vini
2396 4001 2977 4067 periculosamuoveris
3000 4001 3338 4055 ebrietatem.
3364 3999 3641 4067 Nunquam

2075 4091 2484 4159 cogitationibus
2515 4095 2617 4145 tuis
2643 4094 2852 4155 credas,
2891 4091 2983 4145 sed
3013 4093 3179 4159 magis
3208 4092 3463 4145 imitanda
3500 4093 3645 4159 legas

2074 4198 2230 4251 quam
2250 4184 2470 4250 legenda
2485 4183 2825 4247 conscribas;
2850 4192 2902 4236 et
2932 4184 2982 4235 in
3006 4191 3186 4236 mente
3213 4192 3297 4234 tua
3318 4182 3553 4251 loquaris
3579 4197 3608 4233 a
3632 4184 3645 4231 l

2076 4273 2376 4333 Dominum,
2396 4272 2423 4325 1
2429 4291 2458 4325 n
2473 4276 2624 4326 corde
2636 4290 2744 4326 meo
2756 4274 2996 4327 abscondi
3008 4275 3207 4341 eloquia
3226 4282 3331 4341 tua,
3352 4284 3407 4348 ut
3421 4290 3517 4325 non
3530 4290 3646 4343 pec-

2074 4378 2179 4415 cem
2208 4362 2296 4414 tibi
2324 4360 2492 4432 (Psal.
2521 4363 2696 4432 xvttt).
2751 4364 2813 4416 Et
2843 4366 2884 4417 si
2910 4364 3137 4417 evadere
3182 4364 3415 4431 pericula
3446 4379 3552 4417 non
3578 4363 3646 4418 de

2077 4452 2204 4506 foris
2236 4454 2550 4522 ingruentia,
2582 4455 2673 4507 sed
2712 4455 2853 4509 intus
2878 4466 3130 4523 concepta
3160 4455 3432 4509 desideras
3454 4496 3468 4519 ,
3511 4456 3645 4509 nihil

2078 4544 2170 4597 tibi
2202 4544 2382 4599 utilius
2427 4545 2563 4597 scias
2593 4560 2748 4614 quam
2787 4555 2843 4598 ut
2865 4548 2961 4599 sub
2988 4548 3092 4600 alio
3118 4561 3432 4615 quocunque
3457 4546 3647 4613 proba—

2077 4634 2282 4687 tissimo
2330 4635 2522 4689 abbate
2568 4637 2729 4689 vitam
2769 4644 2909 4690 tuam
2957 4638 3194 4705 munias,
3235 4653 3298 4691 ac
3342 4638 3647 4692 voluntates

2075 4734 2192 4778 tuas
2216 4725 2443 4779 senioris
2467 4725 2670 4796 legibus
2694 4728 2895 4782 tradas.
2926 4729 2992 4782 Et
3020 4738 3080 4782 ut
3106 4730 3395 4783 adversarii
3422 4731 3646 4785 insidias

2074 4819 2245 4884 possis
2275 4832 2547 4887 superare,
2577 4827 2630 4872 te
2658 4820 3029 4888 scripturulam
3070 4822 3237 4889 ipsam
3269 4822 3603 4875 retinendam
3622 4865 3640 4888 ,

2070 4906 2179 4962 imo
2203 4908 2634 4977 supprimendam
2667 4911 2841 4977 putavi
2868 4928 2880 4961 :
2908 4926 2975 4964 ne
2998 4911 3133 4964 ultra
3158 4912 3207 4965 in
3232 4912 3450 4965 alterius
3479 4912 3644 4966 alicu-

2066 4997 2152 5067 jus
2177 4999 2458 5064 catholici,
2490 5000 2578 5067 qui
2618 5010 2667 5054 te
2699 5000 2872 5055 minus
2899 5002 3163 5070 diligeret,
3196 5017 3411 5057 manum
3440 5013 3493 5058 et
3513 5019 3644 5058 con-

2069 5090 2346 5143 scientiam
2387 5092 2611 5145 veniret.
2655 5091 2728 5145 Es
2778 5094 2879 5146 hoc
2906 5103 3082 5146 autem
3125 5095 3325 5161 poteris
3348 5111 3643 5163 agnoscere

2069 5194 2195 5234 sana
2223 5194 2340 5234 esse
2374 5182 2557 5235 intima
2586 5182 2763 5237 cordis
2792 5182 2887 5250 tui,
2918 5183 2963 5236 si
2992 5183 3169 5239 adhuc
3218 5186 3367 5255 quasi
3396 5186 3529 5239 liber
3556 5202 3644 5242 me

2070 5271 2331 5326 cultorem
2356 5282 2501 5327 tuum
2526 5274 2796 5328 humiliter
2816 5282 2871 5328 et
2892 5275 3191 5329 amabiliter
3213 5288 3642 5333 commonentem

2070 5365 2295 5419 sollicite
2338 5376 2392 5420 et
2432 5366 2659 5420 libenter
2697 5366 2949 5420 audieris.
2992 5370 3129 5423 Ante
3171 5369 3643 5437 interrogationem
3688 5406 3689 5409 η

2071 5456 2282 5511 incauta
2306 5457 2565 5512 videbitur
2586 5457 2749 5512 inisse
2775 5458 3068 5526 persuasio,
3099 5471 3213 5527 post
3239 5460 3514 5527 responsio
3554 5477 3642 5516 em

2070 5550 2441 5605 inexcusabilis
2477 5550 2756 5619 apparebit
2806 5550 3049 5605 intentio.
3098 5550 3249 5616 Quod
3280 5553 3323 5605 si
3354 5552 3495 5605 inter
3529 5555 3642 5606 haec

2067 5642 2263 5711 aliquid
2295 5642 2424 5696 mihi
2447 5683 2460 5707 ,
2506 5642 2594 5711 qui
2626 5641 2851 5697 austeris
2880 5641 3047 5711 magis
3089 5656 3247 5710 quam
3276 5642 3522 5696 dulcibus
3546 5658 3640 5696 sa-

2066 5738 2185 5794 nari
2228 5728 2454 5791 animam
2510 5744 2650 5790 tuam
2682 5732 2866 5796 cupio.
2901 5734 3193 5791 credideris
3237 5734 3635 5803 imputandum,
