4002 6188
257 322 357 377 857
424 354 439 363 --

1699 310 2073 368 EPISTOLE.

3415 309 3521 374 858

260 438 530 489 memento
558 425 758 482 osculis
786 424 926 481 male
974 424 1299 481 blandientis
1334 424 1574 495 praeponi
1615 424 1835 481 vulnera
1864 429 1916 487 Α
1945 440 2045 481 nec
2069 434 2245 481 tamen
2274 424 2448 495 capite
2489 439 2585 481 suo
2619 425 2803 495 juniur
2846 428 3139 493 invenitur;
3180 441 3244 481 ac
3286 426 3333 482 si
3380 427 3523 485 Deus

260 520 521 579 caritatis.

790 586 1121 642 EPISTOLA
1162 587 1253 641 VII
1279 597 1327 641 ι.

336 706 565 760 Domino
610 703 848 772 piissimo
887 710 943 756 et
978 702 1031 757 in
1081 701 1298 758 Christo
1340 716 1551 758 summo
1591 701 1721 756 mihi
1754 701 1847 756 ho-

264 813 397 853 nore
426 793 770 865 singulariter
793 794 1090 849 excolendo
1128 794 1346 849 Ruricio
1374 794 1485 849 filio
1514 795 1763 849 Faustus.

336 890 486 946 Licet
514 903 607 955 per
649 900 1024 956 quamcunque
1056 900 1341 955 personam
1385 885 1678 954 jucundum
1718 884 1849 939 mihi

267 981 336 1035 sit
379 995 498 1033 cum
541 977 817 1032 individuo
868 985 1086 1046 pectore
1132 977 1299 1043 ipsius
1340 976 1580 1031 caritatis
1628 976 1851 1031 vocibus

264 1071 534 1140 colloqui,
571 1078 627 1124 et
653 1068 839 1123 sedula
888 1083 984 1122 vos
1026 1066 1326 1122 officiorum
1370 1067 1660 1121 ambitione
1706 1081 1852 1120 com-

269 1162 463 1233 plecti;
488 1161 582 1216 sed
628 1176 769 1214 nunc
813 1168 1013 1229 quanto
1054 1159 1432 1226 opportunius,
1463 1167 1613 1212 tanto
1644 1158 1852 1212 avidius

269 1257 459 1328 pignus
488 1254 653 1308 animi
700 1252 886 1318 vestri,
921 1249 1221 1304 ministerio
1267 1250 1547 1304 domestici
1578 1249 1852 1317 portitoris

268 1345 569 1415 assumpsi;
616 1344 669 1397 in
703 1342 857 1410 cujus
888 1342 1078 1395 merito
1127 1340 1302 1394 minus
1348 1340 1633 1408 assignavit
1668 1339 1855 1393 relatio

270 1452 432 1510 quam
477 1434 719 1505 probavit
744 1433 960 1502 agnitio.
995 1431 1061 1485 Et
1097 1441 1378 1500 propterea
1408 1430 1473 1484 ad
1505 1431 1732 1484 fructum
1767 1445 1855 1483 ve-

273 1538 443 1585 strum
465 1526 701 1581 crevisse
722 1523 1018 1595 gratulatus
1037 1538 1175 1587 sum,
1202 1521 1343 1591 quod
1371 1522 1421 1575 in
1444 1536 1510 1576 eo
1532 1521 1635 1573 vita
1668 1519 1856 1573 melior
1908 1590 1914 1595 η

274 1620 636 1677 conditionem
690 1616 876 1686 prima:
913 1612 1204 1668 nativitatis
1232 1612 1486 1677 abolevit,
1525 1618 1683 1679 atque
1713 1612 1764 1662 in
1792 1625 1856 1663 eo

276 1725 485 1764 naevum
510 1708 719 1778 generis
746 1704 1092 1759 manumissio
1118 1703 1390 1772 religionis
1416 1701 1692 1766 abstersit,
1719 1711 1770 1753 et
1801 1700 1852 1753 itt

1950 532 2132 577 noster
2156 537 2253 575 nec
2290 522 2578 590 permixtus
2606 521 2658 575 in
2692 518 2936 590 personis
2964 522 3215 591 propriis,
3264 536 3360 577 nec
3388 521 3521 577 divi-

1949 627 2059 676 sus,
2089 627 2193 666 una
2222 613 2409 679 virtus,
2454 628 2552 667 nec
2590 622 2854 682 potestate
2891 614 3083 680 divisa,
3125 629 3223 670 nec
3258 624 3518 685 tempore.

1950 706 2102 761 Sicut
2141 707 2192 760 in
2247 706 2588 760 subsistentia
2624 706 2813 776 triplex
2843 714 2945 771 est,
2999 706 3117 775 quia
3163 705 3261 760 sibi
3299 708 3525 775 quisque

1950 797 2210 863 subsistit,
2231 798 2300 851 ita
2320 799 2369 850 in
2394 797 2688 851 substantia
2714 797 2959 865 simplex,
2985 798 3105 858 quia
3126 813 3260 851 unus
3287 799 3523 866 seipsum

1951 888 2257 959 praecedere
2300 889 2583 953 nesciens,
2630 904 2727 942 nec
2773 889 3122 956 p0sterioretn
3167 889 3386 956 recipit.
3430 902 3528 942 nec

1952 982 2205 1051 priorem.
2229 981 2356 1035 Inde
2386 992 2439 1036 et
2469 996 2567 1035 nos
2597 981 2663 1035 de
2697 981 2795 1033 hac
2822 982 3128 1048 accepimus
3166 980 3524 1048 simplicitate,

1952 1075 1997 1130 si
2034 1077 2085 1130 in
2118 1076 2269 1130 nobis
2308 1075 2439 1129 nihil
2475 1077 2544 1129 sit
2590 1075 2887 1141 dissonum,
2940 1075 3069 1128 nihil
3124 1076 3353 1141 varium,
3397 1074 3529 1129 niltil

1952 1165 2241 1226 diversum.
2284 1167 2326 1219 si
2360 1182 2575 1232 semper
2606 1167 2744 1220 idem
2778 1181 2897 1221 esse
2938 1166 3299 1235 probabilibus
3340 1165 3530 1220 studiis

1954 1270 2005 1313 ct
2038 1258 2266 1311 fundatis
2297 1258 2350 1312 in
2377 1259 2588 1313 Christo
2610 1260 2858 1313 sensibus
2887 1261 3175 1322 enitamur,
3203 1269 3257 1311 ut
3281 1260 3531 1312 immuta-

1958 1351 2090 1404 hiles
2140 1350 2192 1402 in
2246 1349 2425 1415 bono,
2476 1348 2629 1403 novis
2688 1358 2888 1402 tantum
2940 1350 2990 1402 in
3029 1350 3169 1402 diem
3212 1348 3532 1416 profectibus

1958 1441 2316 1495 immutemur.

2031 1533 2103 1587 De
2141 1548 2204 1586 eo
2243 1540 2443 1595 autem,
2483 1535 2622 1602 quod
2657 1533 2872 1601 quidam
2907 1533 3302 1601 provocationis
3351 1547 3533 1588 amore

1956 1623 2242 1690 consuluit,
2273 1623 2546 1678 salutifera
2579 1634 2630 1679 et
2674 1624 2903 1690 perfecm
2950 1624 3225 1677 meditatio
3267 1632 3349 1677 est
3379 1637 3535 1676 curas

1958 1713 2141 1781 animi,
2173 1715 2363 1783 partito
2383 1730 2476 1783 per
2496 1716 2678 1784 plures
2704 1726 2930 1769 terrena:
2948 1714 3203 1782 regimine
3232 1714 3328 1777 rei,
3359 1712 3537 1766 suble-

274 1804 621 1873 adoptionem
672 1798 867 1853 Christi
907 1811 1191 1865 personam
1241 1793 1488 1863 mancipii
1537 1793 1641 1847 fide
1666 1808 1850 1847 eman-

1983 1823 2085 1863 ’πθ
2107 1817 2155 1863 et
2198 1817 2317 1877 post
2348 1809 2461 1862 lure
2500 1809 2691 1877 triplici
2725 1810 3112 1863 deliberatione
3152 1818 3376 1860 tractare
3410 1807 3537 1873 quid

279 1894 479 1964 cipavit
512 1902 567 1947 et
609 1889 963 1957 transcripsit.
1009 1886 1287 1953 Quomodo
1335 1898 1511 1939 autem
1558 1884 1698 1951 apud
1743 1884 1857 1951 ejus

280 1990 351 2046 rei
406 1983 547 2054 apud
592 1982 919 2051 reliquorum
968 1979 1189 2033 fratrum
1236 1978 1459 2031 lacteam
1502 1975 1857 2029 sinceritatem

286 2091 445 2148 agere
492 2075 838 2139 deberemus,
881 2071 1189 2125 latissimam
1240 2068 1479 2138 Apostoli
1527 2066 1778 2133 (Philem.
1819 2062 1859 2135 ι)

284 2167 760 2239 dispensationem,
791 2162 1036 2231 expedito
1067 2160 1365 2231 digessistis
1393 2158 1647 2226 alloquio,
1671 2167 1861 2211 etcum

287 2274 478 2316 eorum
508 2256 814 2313 doctissima
868 2252 1051 2320 pagina
1098 2251 1271 2304 minus
1302 2250 1491 2303 doctus
1519 2248 1726 2301 asserit.
1759 2246 1864 2300 Nos

295 2366 472 2411 tamen
526 2351 579 2404 in
605 2362 787 2404 eorum
829 2344 1082 2400 defecatis
1112 2343 1349 2398 moribus
1397 2340 1640 2395 admirati
1684 2351 1866 2393 sumus

292 2461 385 2513 per
412 2444 611 2497 donum
657 2435 1081 2493 mansuetudinis
1110 2442 1165 2488 et
1208 2432 1551 2496 humilitatis,
1586 2429 1866 2497 plenitudi-

292 2549 414 2588 nem
466 2530 727 2585 lectionis.
768 2526 945 2580 Vincit
988 2524 1128 2579 enim
1173 2523 1386 2591 largitas
1416 2521 1600 2590 grati-.c
1631 2519 1865 2572 instituta

290 2624 571 2679 doetriuae.
602 2619 732 2674 Nam
757 2618 855 2673 etsi
883 2616 982 2670 sub
1011 2615 1203 2683 exiguo
1246 2624 1485 2680 tempore
1516 2612 1651 2663 intra
1681 2622 1866 2662 eorum

293 2717 468 2774 lucida
502 2725 715 2786 pectora
746 2721 795 2767 et
837 2710 1112 2781 perspicua
1146 2707 1434 2777 penetralia
1480 2702 1776 2757 introJuxit
1810 2715 1869 2755 se

295 2824 504 2864 morum
535 2804 763 2860 candida
794 2803 1017 2873 puritas,
1050 2808 1104 2854 et
1133 2797 1387 2867 praeclara
1429 2793 1743 2862 simplicitas
1775 2806 1867 2860 per

294 2915 451 2970 quam
485 2897 682 2952 divinte
712 2892 957 2963 imaginis
973 2891 1245 2961 speculum
1268 2888 1320 2941 in
1346 2886 1612 2940 interioris
1635 2882 1864 2937 hominis

296 2992 473 3047 nitore
504 2988 796 3059 perfulget;
822 2985 1035 3048 divina},
1069 2982 1303 3049 inquam,
1339 2976 1605 3047 imaginis.
1636 2974 1709 3028 Ita
1731 2974 1871 3027 enim

298 3082 367 3136 de
398 3079 622 3134 Domino
658 3077 879 3147 legimus
911 3090 923 3128 :
954 3073 1144 3136 Purus,
1188 3069 1447 3137 simplex,
1495 3065 1721 3120 subtilis.
1769 3063 1872 3118 Sed

1962 1900 2151 1954 melius
2194 1899 2262 1953 sit
2299 1899 2499 1965 locare,
2548 1900 2629 1953 vel
2668 1900 3061 1965 administrare,
3121 1899 3204 1952 vel
3241 1898 3539 1951 distrahere

1956 1988 2231 2058 propriam
2262 1989 2582 2057 portionem.

2034 2080 2270 2132 Primum
2305 2095 2488 2134 revera
2527 2080 2723 2133 bonum
2763 2089 2939 2144 esset,
2981 2090 3037 2133 ut
3076 2079 3271 2133 Christi
3318 2078 3543 2131 famulus

1968 2171 2168 2225 Christi
2204 2172 2452 2239 pauperis
2498 2171 2615 2224 vias
2653 2186 2719 2225 ex
2750 2180 2862 2224 toto
2892 2186 3092 2239 pauper
3124 2171 3362 2224 studeret
3403 2171 3545 2223 ince-

1967 2264 2114 2327 dere,
2159 2263 2202 2316 si
2252 2264 2540 2332 perlectam
2575 2263 2751 2332 magni
2790 2262 3014 2330 alicujus
3056 2260 3363 2315 monasterii
3392 2261 3545 2314 seho~

1970 2355 2095 2418 Iam,
2122 2354 2201 2406 vel
2227 2362 2373 2407 certe
2404 2354 2631 2407 insulam
2660 2354 2919 2423 angelicae
2945 2353 3374 2421 congregationis
3403 2353 3547 2404 mili-

1973 2446 2097 2498 tiam
2136 2444 2318 2499 liceret
2340 2453 2609 2511 expetere.
2655 2444 2786 2497 Nam
2820 2444 2873 2497 in
2904 2445 3079 2497 medio
3124 2444 3301 2497 sa'culi
3341 2444 3548 2496 iustitu~

1974 2538 2174 2589 tionem
2221 2535 2549 2587 crcmitieam
2591 2535 2849 2603 proﬁteri,
2896 2545 3091 2603 quanta
3124 2533 3549 2602 magnanimitas,

1972 2632 2117 2679 tanta
2148 2633 2229 2678 est
2262 2623 2565 2678 difficultas.

2042 2714 2164 2769 Suis
2192 2712 2324 2786 [Al.,
2356 2712 2511 2783 senis]
2541 2729 2670 2770 vero
2698 2714 2838 2768 vitiis
2881 2728 2992 2767 sua:
3024 2712 3229 2782 pondus
3256 2712 3551 2781 imponere,

1973 2807 2264 2861 secundum
2305 2821 2404 2876 pro
2433 2806 2624 2859 animte
2656 2806 2986 2860 revelatione
3017 2805 3412 2873 compendium.
3446 2803 3553 2857 Sed

1976 2899 2377 2968 pervidendum,
2411 2899 2455 2953 si
2482 2898 2674 2966 aliquis
2706 2898 2931 2953 ﬁliorum
2961 2907 3066 2951 tam
3090 2897 3255 2950 arduo
3282 2895 3554 2948 sufficiens

1974 3004 2095 3044 csse
2126 2990 2292 3060 possit
2323 2988 2606 3057 obsequio.
2638 2986 2666 3024 ι)
2704 2986 2778 3041 Ne
2821 2985 2957 3040 forte
2999 2993 3212 3052 paterna
3253 2985 3368 3050 ejus
3412 2982 3556 3038 sonis

1978 3082 2084 3153 [AL
2116 3079 2269 3151 senis]
2298 3080 2586 3133 auctoritas
2618 3081 2669 3131 in
2700 3090 3021 3146 patrem.....
3072 3076 3344 3145 Optimum
3384 3082 3467 3127 est
3505 3074 3559 3127 itt

298 3171 466 3226 multo
494 3167 637 3223 aliud
661 3167 855 3222 indicat
883 3164 1059 3219 divina
1100 3162 1189 3216 illa
1232 3159 1567 3229 simplicitas.
1600 3155 1873 3225 Siquidem
1901 3150 1945 3212 C
1979 3150 2215 3224 gemma,
2254 3150 2420 3239 gradu
2451 3168 2551 3223 sub
2594 3169 2754 3222 ηοίίο
2802 3167 3075 3222 beneﬁciis
3123 3165 3559 3219 administratom

300 3263 352 3317 in
385 3261 539 3316 nobis
566 3258 756 3327 duplex
790 3256 949 3324 inest,
982 3256 1034 3309 in
1064 3254 1253 3323 spiritu
1292 3258 1347 3306 et
1380 3264 1540 3305 carne
1562 3246 1875 3304 substantia.

300 3354 409 3408 Nos
436 3349 577 3420 quod
608 3348 886 3413 habemus,
927 3343 1261 3414 accepimus;
1294 3340 1448 3395 nobis
1476 3338 1688 3395 diversa
1720 3337 1881 3390 virtu-

304 3441 747 3497 tumcharismata
771 3437 1019 3507 adjuncta
1038 3443 1181 3499 sunt;
1198 3447 1306 3487 non
1333 3431 1535 3485 innata.
1568 3430 1696 3483 Sine
1718 3426 1879 3481 dubio

303 3533 608 3603 appoaitur,
640 3530 778 3600 quod
822 3527 1018 3582 auferri
1067 3533 1244 3596 potest
1276 3542 1289 3578 :
1317 3532 1375 3577 ut
1415 3520 1540 3577 boni
1570 3519 1766 3580 simus,
1814 3516 1881 3571 de

305 3624 540 3680 auctoris
587 3636 773 3676 smnus
824 3619 1061 3675 bonitate
1105 3616 1350 3672 mutttati.
1409 3612 1493 3668 Ea:
1529 3612 1616 3666 illo
1666 3609 1880 3680 quidem

307 3718 550 3781 uit-imus;
582 3712 675 3769 sed
698 3712 827 3781 vita,
859 3710 998 3767 sicut
1017 3710 1105 3765 ille
1128 3718 1229 3775 est,
1255 3723 1359 3762 non
1381 3720 1583 3762 sumus.
1606 3703 1739 3758 Jusi
1764 3715 1884 3756 ese

310 3822 612 3880 possumus,
639 3806 842 3877 iustitia
870 3819 989 3860 esse
1020 3817 1124 3859 non
1170 3813 1470 3871 possumus.
1503 3799 1593 3851 ItIe
1615 3796 1735 3849 ideo
1756 3796 1886 3848 sint-

310 3906 456 3976 plex,
483 3904 605 3973 quia
651 3902 780 3957 nihil
823 3902 871 3957 ei
929 3916 996 3955 ex
1040 3897 1314 3955 accedenti
1358 3895 1603 3965 largitate
1633 3894 1883 3947 collatum

311 4005 414 4052 cst.
445 3996 541 4063 Qui
572 4011 636 4051 ex
668 4009 726 4049 se
763 3991 1037 4058 subsistit,
1069 3990 1281 4045 aliunde
1311 3990 1440 4043 nihil
1469 3984 1714 4051 sumpsit.
1749 3984 1887 4037 Deus

312 4097 369 4143 et
415 4089 600 4142 vivens
630 4086 826 4156 pariter
868 4094 923 4139 et
948 4084 1090 4146 vita;
1123 4083 1294 4139 bonus
1322 4092 1376 4138 et
1411 4081 1651 4143 bonitas;
1682 4077 1888 4133 miseri-

312 4194 439 4235 cors
463 4189 518 4233 et
544 4177 942 4241 misericordia;
975 4175 1028 4231 in
1053 4177 1307 4231 virtutum
1330 4190 1543 4230 suarum
1565 4173 1754 4244 gloria,
1790 4170 1890 4224 hoc

312 4282 401 4327 est
424 4269 558 4341 ipse,
596 4269 739 4340 quod
769 4269 1004 4339 possidet
1033 4268 1196 4323 verbo
1237 4278 1390 4323 tenus
1420 4268 1577 4321 homo
1604 4265 1891 4320 deauratus

312 4370 419 4418 est.
462 4361 601 4415 Deus
622 4375 810 4414 aurum
851 4369 934 4413 est
965 4377 978 4411 :
1007 4357 1149 4428 quod
1175 4358 1227 4411 in
1260 4359 1473 4411 homine
1517 4356 1683 4425 gratia
1710 4363 1811 4417 est,
1838 4354 1889 4407 itt

314 4451 431 4507 Deo
460 4461 643 4506 natura
670 4460 770 4505 est.
795 4451 860 4505 Et
884 4460 1190 4521 propterea,
1220 4449 1345 4519 quia
1381 4446 1512 4502 nihil
1543 4449 1591 4502 ei
1631 4447 1893 4501 extrinse-

314 4558 415 4599 cus
439 4544 691 4611 accessit,
742 4544 874 4599 nihil
909 4543 958 4600 ei
1001 4542 1208 4598 detrahi
1260 4550 1453 4608 potest.
1504 4540 1889 4595 Detrimentum

318 4650 428 4689 non
456 4636 662 4704 recipit,
689 4635 813 4704 quia
837 4634 1010 4690 nesvit
1039 4641 1403 4704 augmentum.
1441 4633 1559 4701 Ipse
1582 4641 1636 4686 et
1663 4631 1760 4685 sibi
1792 4646 1890 4685 au-

315 4735 437 4780 ctor
456 4734 507 4779 et
529 4724 684 4789 Filio,
718 4725 839 4794 quia
860 4740 963 4782 una
988 4724 1138 4794 origo
1160 4733 1242 4779 est
1267 4732 1321 4778 et
1350 4722 1531 4788 fontis,
1556 4732 1609 4776 et
1638 4722 1887 4776 ﬂuminis.

318 4816 401 4869 Ex
428 4813 528 4877 his,
560 4830 679 4883 qua:
720 4816 923 4885 absque
969 4814 1123 4871 initio
1172 4814 1392 4883 habent,
1440 4813 1744 4869 communio
1784 4822 1889 4880 est,

320 4906 609 4962 transfusio
641 4921 745 4960 non
776 4914 878 4961 est.

394 4998 462 5053 Et
486 4997 607 5067 quia
646 4998 712 5052 de
758 4997 893 5052 Filio
936 4998 1196 5067 legimus:
1242 4996 1482 5067 splendor
1526 5004 1599 5050 est
1645 4995 1891 5048 claritatis

322 5088 453 5156 Dei;
482 5092 619 5143 sicut
646 5103 916 5158 nunquam
944 5088 1084 5143 Deus
1122 5089 1237 5142 sine
1278 5087 1583 5156 splendore,
1620 5086 1693 5141 ita
1735 5086 1894 5141 Pater

322 5193 593 5248 nunquam
627 5178 725 5232 fuit
753 5179 870 5231 sine
900 5176 1018 5231 Filii
1045 5177 1340 5246 majestate.
1375 5177 1440 5230 Et
1460 5177 1595 5232 sicut
1621 5177 1894 5247 utriusque

320 5283 558 5337 :Pquteva
606 5279 732 5323 sunt
779 5268 997 5322 nomina
1050 5268 1176 5338 (nisi
1234 5268 1375 5322 enim
1418 5268 1517 5321 iste
1563 5279 1891 5335 nasceretur,

320 5361 484 5415 Pater
505 5360 594 5415 itte
637 5374 742 5414 non
790 5359 1102 5429 diceretur),
1149 5359 1220 5413 ita
1269 5373 1363 5414 eos
1410 5360 1525 5414 sine
1559 5361 1897 5428 separatione

320 5450 555 5505 concitat
576 5449 731 5504 unius
755 5449 1087 5519 paternitatis
1113 5449 1434 5520 antiquitas;
1466 5464 1531 5505 ex
1554 5449 1643 5504 illo
1672 5459 1775 5515 est,
1800 5451 1893 5506 sed

314 5544 590 5615 posterior
615 5542 708 5598 illo
731 5558 836 5598 non
863 5550 945 5599 est
969 5560 980 5595 :
1002 5543 1140 5600 sicut
1162 5543 1325 5598 facies
1348 5542 1415 5597 de
1436 5543 1609 5611 capite
1636 5544 1890 5614 nascitur,

395 5667 419 5692 ι·
454 5654 579 5710 Haec
607 5654 825 5723 epistola
858 5656 992 5723 apttd
1024 5653 1291 5710 Canisium
1320 5664 1531 5710 notatur
1563 5653 1621 5711 V.
1652 5682 1655 5685 ι

394 5726 421 5763 δ
464 5726 637 5781 Locus
666 5726 905 5782 vitiosus.
1723 5724 1739 5738 ‘

1981 3261 2298 3325 consistere,
2332 3259 2379 3314 si
2402 3258 2485 3313 vel
2516 3262 2762 3313 voluntas
2793 3266 3059 3327 suppr-tat,
3099 3256 3183 3311 vel
3217 3256 3439 3311 facultas
3467 3271 3562 3310 ne-

1982 3350 2287 3406 cessititem
2317 3364 2506 3402 annuae
2537 3349 2815 3418 pensionis
2838 3348 3161 3415 impleverit.

2051 3440 2293 3493 Ter-ium
2325 3450 2403 3492 εει
2432 3453 2524 3505 per
2547 3438 2778 3491 fidelium
2812 3437 3127 3489 famulorum
3157 3436 3326 3490 electi
3350 3436 3561 3500 solatia,

1984 3530 2247 3599 impositae
2280 3527 2671 3597 procurationis
2706 3526 2919 3590 officiis,
2958 3526 3058 3579 sub
3100 3527 3311 3593 propria
3354 3541 3416 3578 ac
3459 3524 3564 3577 mi.

1984 3634 2115 3673 nore
2147 3616 2509 3673 sollicitudine
2553 3616 2906 3685 quantitatem
2949 3624 3233 3668 reservata:
3269 3615 3563 3681 gubernare

1985 3715 2321 3775 substantiae,
2354 3723 2407 3767 et
2435 3728 2555 3767 eum
2598 3728 2694 3781 per
2719 3712 2857 3764 viam
2892 3709 3085 3779 regiam
3133 3718 3236 3761 tota
3281 3708 3565 3762 mediocri-

1988 3815 2095 3865 tate
2124 3807 2373 3877 dirigere.
2404 3806 2554 3873 Quod
2583 3820 2704 3860 cum
2735 3804 2955 3868 suadeo,
2986 3803 3172 3858 videor
3204 3803 3289 3857 vel
3329 3814 3563 3856 nostram

1988 3900 2305 3964 utilitatem,
2358 3898 2443 3952 vel
2487 3911 2782 3967 pauperum
2835 3898 3089 3962 (Oglliil‘e.
3143 3895 3197 3948 ln
3237 3910 3342 3963 quo
3379 3894 3567 3948 ordine

1991 4005 2095 4043 non
2143 4004 2326 4058 parum
2371 3996 2455 4042 est
2500 3988 2654 4053 lucri,
2694 3988 2737 4040 si
2784 3995 3054 4039 reservato
3096 3982 3222 4049 usu',
3273 3986 3568 4052 proprietas

1991 4078 2339 4134 diStrahatur.
2376 4078 2555 4146 Itaque
2583 4076 2816 4132 breviter
2838 4076 3131 4129 indicantes
3165 4075 3288 4142 quid
3312 4077 3563 4143 primum,

1992 4170 2113 4239 quid
2144 4169 2459 4233 secundum,
2494 4166 2688 4237 quidve
2718 4167 2787 4219 sit
2816 4167 3048 4231 tertium,
3081 4165 3398 4218 electionem
3422 4163 3569 4231 judi-

1992 4262 2078 4317 cio
2113 4262 2198 4316 vel
2243 4260 2574 4330 possibilitati
2608 4258 2998 4313 reservavimus
3039 4255 3387 4310 consulentis.
3430 4252 3569 4318 Quid

1994 4356 2162 4424 magis
2189 4364 2459 4422 competat
2488 4354 2635 4421 quod
2674 4352 2971 4421 promptius
3015 4350 3182 4416 possit
3216 4347 3447 4415 impleri,
3483 4346 3570 4399 ille

1996 4448 2269 4501 insinuare
2299 4446 2569 4513 dignetur,
2595 4460 2690 4513 pro
2712 4444 2859 4512 cujus
2886 4444 3077 4495 timore
3097 4448 3151 4493 et
3174 4462 3180 4486 ε
3205 4453 3351 4492 more
3380 4452 3572 4491 conso-

1918 4516 1968 4575 Ῑ)
1996 4539 2126 4593 latio
2154 4538 2265 4606 ipsa
2316 4545 2593 4590 tractatur.
2628 4536 2884 4588 Dominus
2925 4533 3064 4586 Deus
3100 4540 3281 4584 noster
3318 4530 3573 4583 beneﬁcia

1993 4630 2045 4683 in
2078 4627 2230 4683 nobis
2257 4642 2351 4682 sua
2385 4627 2526 4680 felici
2549 4640 2611 4680 ac
2638 4625 2829 4694 placita
2866 4622 3199 4690 longaevitate
3230 4621 3569 4689 tnultiplicet,

1994 4724 2207 4777 domine
2239 4722 2475 4792 piissime
2518 4732 2570 4775 et
2615 4721 2667 4775 in
2713 4718 2929 4774 Christo
2958 4734 3169 4772 summo
3200 4718 3325 4771 mihi
3368 4718 3572 4771 honore

1995 4817 2343 4885 singulariter
2370 4814 2663 4871 excolendo
2694 4815 2789 4867 fili.

2512 4905 2846 4961 EPISTULA
2883 4904 2993 4959 VIII
3029 4917 3075 4962 ο.

2071 5000 2298 5055 Domino
2343 4999 2746 5055 dcviuetissimo
2786 5008 2839 5053 et
2870 5007 2975 5053 tota
3012 4999 3221 5068 pietatis
3249 4999 3444 5053 virtute
3475 4997 3576 5054 sin-

2000 5090 2254 5161 gulariter
2279 5080 2572 5145 excolendo
2604 5089 2749 5144 fratri
2782 5088 2998 5143 Ruricio
3028 5088 3295 5153 Faustus,

2072 5184 2307 5253 Propitia
2353 5182 2633 5238 divini'ate
2671 5184 2722 5236 in
2765 5190 2974 5236 secreto
3024 5182 3297 5251 religionis
3346 5195 3578 5249 congruo

2003 5288 2056 5333 et
2086 5276 2525 5345 tranquillissime
2566 5275 2620 5330 in
2666 5276 2877 5330 silentio
2916 5276 3213 5340 constituti,
3250 5275 3304 5327 in
3338 5290 3441 5339 quo
3475 5273 3573 5324 Do-

2004 5368 2182 5422 minus
2232 5368 2299 5421 ad
2348 5368 2643 5436 rubiginem
2694 5367 2848 5436 longa
2906 5369 3190 5421 securitate
3245 5370 3571 5417 contractam

2002 5459 2294 5514 salutifera:
2325 5460 2447 5515 lima
2480 5459 2845 5529 castigationis
2875 5458 3168 5510 admonuit.
3221 5454 3276 5506 In
3326 5454 3442 5517 hac,
3491 5454 3574 5504 iu-

2003 5567 2186 5620 quam,
2216 5553 2303 5622 qui
2334 5562 2383 5607 et
2417 5567 2629 5622 magna,
2675 5552 2718 5606 si
2750 5561 3121 5621 agnoscamus,
3165 5546 3443 5599 vacatione
3477 5543 3573 5599 do-

2083 5671 2104 5698 °
2144 5662 2266 5717 Ilaec
2295 5661 2517 5733 epistola
2548 5660 2687 5731 apud
2717 5656 2981 5714 Canisittm
3010 5666 3223 5711 notatur
3256 5653 3348 5719 γι.
