4002 6188
432 301 537 365 859

1667 296 1721 349 ς.
1769 294 2009 350 FAUSTI
2050 294 2458 353 BilEGIENSlS

3582 307 3685 366 860

431 425 562 489 nati,
588 422 713 477 dum
746 433 914 475 novos
938 416 1084 472 cives
1108 413 1433 468 commercio
1480 410 1721 469 caritatis
1768 409 1999 478 acquiri.
2027 412 2079 468 Α
2103 410 2192 464 ubi
2216 410 2302 465 ille
2330 410 2641 480 magniﬁcus
2662 411 2915 479 llelcana,
2948 415 3037 483 qui
3085 416 3356 483 possessio
3387 418 3480 470 Dci
3510 420 3679 476 inter-

432 531 572 582 mus,
604 514 729 569 dum
772 513 839 568 de
877 509 1256 579 acquisitorum
1301 505 1470 561 salute
1504 503 1829 574 gaudemus,
1863 502 2003 558 inter

433 606 547 663 hare
589 602 742 673 positi
785 602 953 664 bona,
1004 597 1255 668 praesenti
1302 595 1621 651 insultamus
1666 594 1887 659 exsilio,
1948 601 2003 648 et

430 702 635 764 patrem
685 708 781 749 nos
824 706 927 749 non
954 688 1232 753 amisisse,
1266 686 1361 744 sed
1398 693 1760 741 commutasse
1802 696 2001 752 cogno-

430 788 647 847 scimus.
680 785 809 839 Nam
839 782 964 841 dum
991 781 1172 837 fideles
1195 778 1377 835 famuli
1402 778 1493 834 Dei
1518 778 1569 834 in
1592 775 2002 834 necessitatibus

430 881 627 937 nostris
653 876 941 933 bonitatem
970 888 1082 930 sua:
1113 870 1414 927 devotionis
1437 878 1712 933 exercent,
1738 868 1855 925 sine
1873 868 2001 924 sede

432 968 644 1038 propria
678 979 1041 1039 possessores,
1066 962 1181 1018 sine
1210 960 1548 1029 possessione
1575 959 1769 1016 divites
1792 972 1998 1016 sumus.

433 1058 542 1112 imo
563 1071 657 1111 eos
677 1056 767 1126 qui
792 1055 856 1109 de
878 1063 1056 1108 nostra
1082 1052 1311 1109 fructum
1332 1050 1995 1120 accipiuntconsolatione,

430 1149 695 1213 ditamus;
742 1147 877 1202 miro
908 1145 1068 1203 modo
1094 1144 1462 1199 consolatores
1487 1145 1653 1198 nostri
1686 1142 1753 1197 de
1779 1157 2003 1211 pauper-

429 1242 565 1299 culis
591 1240 946 1309 negotiantur,
976 1246 1033 1295 et
1062 1237 1127 1293 de
1154 1236 1334 1306 egi-nis
1363 1236 1507 1292 lucra
1532 1244 1781 1305 perpetui
1809 1249 2001 1290 conse-

430 1346 683 1405 quuntur.
730 1335 839 1404 Ego
884 1343 1058 1390 autem
1102 1332 1239 1389 hanc
1286 1332 1511 1401 primam
1558 1332 1998 1397 munificentiam,

431 1427 658 1480 Domino
705 1425 993 1494 largiente,
1042 1423 1297 1491 percepi,
1346 1422 1485 1491 quod
1530 1421 1801 1490 piiSsimus
1850 1435 2000 1478 meus

432 1519 683 1577 Ruricius
707 1527 821 1586 post
852 1517 975 1570 vita:
1008 1514 1163 1582 liuius
1188 1514 1506 1583 iactationes
1534 1512 1600 1570 ad
1633 1521 1841 1581 portum
1874 1510 2000 1565 reli-
2050 1572 2057 1580 ,

430 1609 622 1680 gionis,
681 1622 893 1677 proram
933 1606 1143 1669 salutis,
1188 1604 1399 1663 Escelsi
1445 1617 1605 1661 manu
1647 1602 1994 1667 gubernante,

430 1705 715 1767 convertit,
746 1700 885 1771 quod
917 1710 1035 1769 post
1061 1699 1277 1755 umbras
1306 1696 1673 1752 seducentium
1705 1695 1995 1749 vanitatum

2105 509 2358 569 prelatur,
2389 504 2472 556 vir
2500 518 2635 556 unus
2662 503 2885 574 mystico
2909 515 3245 573 nuncupatur
3266 507 3501 577 eloquio.
3531 508 3678 578 Erat,

2102 592 2291 661 inquit,
2321 593 2396 646 vir
2424 609 2576 657 unus,
2606 594 2707 647 hoc
2732 602 2833 659 est,
2864 610 3081 663 semper
3103 595 3266 651 idem.
3299 598 3431 664 Quia
3465 600 3597 654 nihil
3626 602 3677 656 in

2100 684 2479 750 eoapparebat
2518 684 2763 749 dttbium,
2812 685 2948 740 nihil
3000 686 3217 755 duplex,
3269 689 3398 744 nihil
3448 692 3677 761 varium,

2101 772 2230 827 nihil
2257 774 2547 843 diversum,
2587 776 2681 829 sed
2724 792 2844 830 cum
2890 778 2941 830 in
2993 787 3135 834 statu
3183 780 3436 836 virtutum
3484 784 3677 837 incon-

2101 880 2261 920 cusso
2282 866 2469 919 ordine
2497 878 2922 935 permanentem,
2947 872 3251 925 accedentia
3277 874 3326 927 in
3347 877 3676 931 contrarium

2100 970 2208 1010 non
2246 957 2696 1023 commovebant;
2754 960 3024 1015 mutabilia
3065 969 3302 1031 tempora
3348 981 3453 1019 non
3496 978 3677 1022 muta-

2101 1045 2260 1110 bant;
2304 1062 2403 1101 nec
2443 1063 2588 1113 eum,
2626 1058 2684 1103 ut
2713 1051 2918 1119 magnis
2946 1052 3230 1109 virtutibus
3268 1056 3432 1109 moris
3479 1066 3583 1122 est,
3621 1060 3677 1113 io

2100 1138 2331 1193 alternas
2353 1150 2532 1208 partes
2569 1141 2705 1195 levia
2736 1155 3017 1198 ventorum
3050 1144 3215 1199 flabra
3248 1149 3556 1203 versabant.
3598 1151 3674 1206 ita

2100 1237 2154 1283 et
2173 1229 2434 1285 sollicitus
2464 1230 2555 1286 Dei
2583 1232 2812 1287 famulus
2848 1245 2994 1289 vasta
3036 1237 3179 1290 mole
3223 1236 3343 1292 fidei
3395 1238 3669 1308 fundatus,

2102 1319 2152 1372 in
2178 1318 2279 1373 hoc
2308 1328 2532 1387 tardum,
2562 1322 2775 1376 Christo
2808 1324 2859 1377 in
2906 1340 2965 1379 se
3003 1336 3281 1394 operante,
3324 1340 3581 1397 mutatur,
3614 1341 3674 1387 ut

2099 1409 2252 1462 novis
2280 1424 2492 1478 semper
2511 1413 2693 1479 gratiis
2718 1413 2988 1471 induatur.
3027 1417 3079 1470 In
3109 1432 3237 1482 agro
3266 1422 3502 1486 pectoris
3525 1423 3674 1490 plan-

2100 1506 2280 1554 tentur
2308 1501 2489 1567 utilia;
2521 1504 2674 1556 noxia
2714 1505 3077 1561 succidantur.
3132 1507 3197 1562 Et
3240 1510 3362 1577 quia
3410 1512 3670 1570 militibus

2099 1593 2210 1645 suis
2236 1595 2490 1661 prtecepit
2512 1611 2690 1649 sermo
2718 1597 2949 1653 divinus.
2980 1599 3130 1663 Cum,
3164 1600 3355 1668 inquit,
3387 1605 3458 1655 ad
3484 1605 3669 1658 bellum

2099 1684 2434 1752 processeris,
2463 1695 2509 1739 et
2531 1687 2662 1739 inter
2691 1688 2915 1757 reliquas
2941 1692 3140 1757 pradas
3167 1692 3369 1761 petieris
3402 1694 3669 1765 virginem,

430 1805 482 1851 ει
509 1794 787 1849 “lusione;
818 1789 1255 1848 transvolantium
1283 1787 1635 1853 somniorum,
1666 1799 1911 1839 mansura
1939 1793 1992 1839 et
2024 1772 2069 1830 Β
2093 1775 2351 1829 abscindes
2371 1794 2563 1847 ungues
2590 1787 2638 1831 et
2677 1780 2838 1833 crines
2861 1785 2990 1852 ejus,
3021 1792 3068 1835 et
3091 1783 3161 1837 ita
3185 1800 3296 1837 eam
3318 1786 3408 1838 tibi
3428 1788 3673 1858 conjugio

430 1885 599 1941 solida
625 1881 949 1949 concupivit,
971 1890 1022 1935 et
1044 1878 1297 1947 despecto
1321 1876 1531 1935 tandem
1555 1874 1754 1930 szecnlo
1780 1873 1993 1937 infelici,

431 1985 598 2029 artem
627 1973 742 2041 eius
771 1985 1012 2039 magnam
1039 1969 1233 2037 rapuit,
1264 1968 1571 2024 felicitatem
1596 1973 1649 2018 et
1683 1964 1887 2017 lucrum
1916 1963 1996 2018 sui

431 2065 497 2119 de
518 2062 716 2121 mundo
746 2067 1000 2129 pereunte
1026 2056 1326 2126 acquisivit,
1356 2066 1472 2110 arte
1502 2053 1663 2118 fideli,
1701 2063 1857 2122 atque
1884 2052 1996 2106 col-

431 2155 719 2211 labentium
748 2166 925 2209 rerum
958 2150 1073 2217 fuga
1107 2148 1439 2217 praeteriens,
1468 2160 1570 2215 qua
1600 2160 1729 2214 opes
1758 2153 2001 2201 contem-

433 2256 529 2315 ptu
558 2262 655 2300 suo
693 2240 913 2303 contulit
941 2285 956 2309 ,
989 2256 1106 2309 qua
1145 2239 1255 2308 iam
1302 2251 1401 2294 usu
1445 2252 1543 2293 suo
1583 2236 1830 2294 conferre
1868 2236 1999 2289 nihil

431 2344 697 2408 poterant.
727 2334 872 2391 Unde
902 2340 1100 2401 quanta
1132 2328 1332 2383 dudum
1357 2326 1632 2384 alacritate
1656 2325 1999 2385 saecularibus

430 2426 620 2485 studiis
650 2425 1016 2489 militavimus,
1070 2429 1215 2474 tanta
1266 2434 1409 2474 nunc
1455 2417 1741 2475 devotione
1773 2416 2001 2473 Domino

431 2520 747 2584 serviamus.
780 2516 844 2577 Et
887 2515 1009 2585 quia
1058 2528 1145 2568 me
1190 2502 1454 2569 austerius
1500 2508 1643 2578 loqui
1693 2523 1873 2563 secum
1905 2523 2000 2577 pro

434 2620 773 2682 peccatorum
813 2606 1108 2667 curatione,
1153 2604 1323 2673 pietas
1364 2610 1540 2661 vestra
1568 2599 1915 2668 constringit,
1947 2606 2002 2655 et

433 2704 573 2763 illius
608 2698 891 2754 sententiae
923 2704 1026 2752 non
1068 2696 1323 2751 observat
1360 2693 1637 2755 invidiam,
1669 2705 1786 2760 qua)
1827 2690 1954 2744 dicit
1984 2707 1997 2741 :

431 2792 609 2851 Justus
635 2791 687 2844 in
717 2788 971 2860 principio
996 2787 1079 2840 sui
1106 2794 1179 2840 ert
1200 2781 1677 2861 accusator‘(Prov.
1709 2796 1855 2846 xvtu,
1888 2779 1998 2850 l7).

433 2884 696 2954 imprimis
726 2898 852 2951 ergo
898 2883 1076 2946 lapsus
1120 2881 1229 2933 oris
1272 2875 1561 2943 cordisque
1601 2876 1848 2928 vitemus.
1894 2872 1999 2928 Sed

432 2978 569 3048 quod
603 2975 704 3031 oris
736 2972 966 3029 diximus
988 3016 1001 3038 ,
1041 2970 1085 3025 si
1113 2969 1263 3025 cordi
1294 2966 1561 3021 studueris
1607 2964 1864 3021 adbibere
1901 2979 2000 3019 cu-

433 3068 682 3134 stodiam,
731 3066 811 3118 ori
854 3077 958 3117 non
1005 3054 1272 3119 laborabis
1326 3058 1602 3126 imponere
1642 3056 1995 3122 disciplinam.

2100 1868 2360 1930 capulubis
2386 1866 2562 1939 (Deut.
2598 1885 2716 1937 ut,
2740 1868 2830 1939 ιι)
2854 1887 2868 1933 ;
2896 1873 2963 1927 ita
2998 1887 3094 1925 nos
3122 1872 3190 1946 ad
3220 1885 3483 1943 sanctam,
3511 1876 3663 1930 Chri-

2101 1959 2168 2011 sri
2203 1959 2392 2013 timore
2421 1960 2716 2029 pra-cincti,
2750 1962 3084 2030 prudentiam
3128 1966 3336 2033 sazculi,
3382 1981 3504 2035 quas
3542 1968 3675 2019 sim-

2102 2048 2248 2115 plex,
2282 2048 2607 2118 incorrupta,
2637 2053 2867 2115 sincera,
2901 2067 2931 2105 a
2965 2053 3075 2107 Deo
3105 2052 3244 2110 iacta
3273 2064 3377 2120 est,
3404 2055 3672 2125 captivam

2102 2140 2329 2209 spiritali
2368 2141 2643 2206 sapientia:
2689 2142 3095 2211 subiungamus,
3128 2159 3192 2199 ac
3232 2146 3499 2214 superﬂua
3532 2147 3672 2215 eius,

2099 2232 2387 2301 amputatis
2416 2232 2578 2293 vitiis.
2603 2233 3003 2304 abscindamus,
3046 2245 3101 2291 et
3126 2246 3343 2307 pectore
3370 2248 3519 2292 casta
3537 2254 3672 2292 con-

2097 2322 2371 2391 iunctione
2394 2324 2676 2379 sociemus.

2172 2420 2309 2469 Ante
2344 2416 2521 2469 omnia
2562 2416 2615 2471 in
2653 2427 2929 2486 quantum,
2974 2419 3261 2487 adiuvante
3302 2418 3434 2484 Deo.
3483 2434 3678 2490 possu-

2102 2519 2240 2567 mus,
2288 2505 2409 2560 illas
2448 2506 2498 2559 in
2537 2508 2688 2561 nobis
2716 2508 2990 2563 debellare
3015 2524 3264 2563 curemus
3284 2510 3521 2579 quinque
3550 2525 3678 2566 sen-

2101 2611 2255 2650 suum
2302 2598 2597 2665 passiones.
2638 2598 2903 2667 Quidquid
2944 2600 3087 2652 enim
3147 2600 3467 2667 pulclrresclt
3511 2602 3628 2655 visu
3653 2642 3672 2668 ,

2101 2687 2353 2755 quidquid
2405 2688 2677 2741 blanditur
2720 2688 2977 2753 odoratu,
3032 2690 3286 2759 quidquid
3340 2692 3678 2745 lenocinatur

2102 2789 2325 2846 attactu,
2345 2780 2597 2851 quidquid
2625 2780 2883 2836 dulcescit
2898 2793 3076 2851 gustu,
3096 2782 3349 2852 quidquid
3370 2786 3673 2851 corrumpit

2101 2871 2304 2935 auditu,
2352 2871 2465 2926 lucc
2493 2874 2693 2935 omnia,
2739 2872 2784 2925 si
2834 2871 2919 2927 his
2965 2873 3267 2936 abutamur,
3321 2874 3678 2929 intentionem

2103 2964 2297 3016 mentis
2328 2963 2394 3016 de
2426 2962 2754 3029 spiritalibus
2784 2964 2850 3021 ad
2884 2973 3091 3019 terrena
3119 2965 3424 3019 devolvent.
3458 2967 3523 3022 Et
3552 2966 3679 3021 ideo

2103 3054 2240 3106 sicut
2263 3064 2412 3121 pater
2443 3054 2561 3108 fidei
2599 3053 2750 3123 (Gen.
2783 3071 2890 3123 xw,
2921 3056 3008 3124 ii)
3037 3058 3265 3126 quinque
3293 3058 3412 3112 illos
3437 3072 3592 3127 reges
3617 3057 3676 3113 in

433 3156 558 3217 sine
583 3133 891 3211 difficultate
924 3149 1109 3203 ostium
1153 3147 1547 3201 circumstantia:
1595 3160 1867 3213 opponere
1900 3160 1996 3215 po-
2028 3133 2074 3197 C
2109 3145 2361 3198 trecentis
2400 3145 2583 3200 decem
2633 3155 2689 3201 et
2734 3156 2857 3202 octo
2880 3189 2893 3212 ,
2940 3149 3195 3218 mysterio
3226 3148 3421 3203 in......
3474 3150 3679 3205 latente

433 3246 553 3305 terit
580 3244 726 3297 labiis
755 3242 861 3299 suis
889 3239 1011 3309 (Ps.
1043 3254 1164 3303 cn,
1194 3238 1272 3304 5).
1306 3237 1434 3292 illud
1461 3236 1720 3305 siquidem
1753 3252 1883 3293 voce
1907 3236 2001 3291 de-

434 3339 711 3410 promitur.
744 3334 883 3405 quod
918 3334 1062 3403 prius
1104 3332 1156 3386 in
1188 3330 1401 3387 officina
1433 3330 1780 3387 conscientia:
1824 3329 2003 3385 defer.

434 3439 626 3483 matur.
680 3428 791 3483 [ioc
835 3424 1072 3480 exterior
1114 3422 1309 3487 reddit,
1361 3420 1503 3490 quod
1550 3419 1715 3475 dictat
1760 3419 1999 3477 interior.

434 3522 580 3576 Meus
608 3525 821 3574 exercet
865 3515 1145 3584 imperium
1171 3530 1185 3577 ;
1219 3514 1403 3583 lingua
1430 3510 1764 3566 famulatum.
1790 3511 1856 3565 Et
1882 3528 2003 3581 pro-

435 3625 615 3683 pterea
645 3609 952 3666 cmlestibus
973 3608 1263 3663 edocemcr
1283 3604 1564 3674 colloquiis
1589 3622 1601 3656 :
1638 3603 1717 3657 Ea:
1738 3604 2003 3659 abundatio

433 3709 504 3759 tia
533 3705 698 3759 cordis
723 3719 777 3755 os
808 3702 1031 3768 loquitur
1071 3698 1285 3769 (.lfattlt.
1324 3713 1393 3753 su
1415 3736 1430 3759 ,
1462 3695 1574 3765 δι).
1608 3695 1758 3762 Quod
1790 3695 1857 3749 de
1886 3710 2003 3751 ser-

434 3810 592 3851 mone
620 3791 765 3848 nasci
788 3791 1020 3853 videtur,
1050 3790 1198 3857 prius
1220 3785 1542 3855 cogitatione
1569 3784 1888 3854 concipitur.
1938 3784 2005 3842 Ut

434 3884 543 3945 uris
571 3893 733 3939 sonus
768 3879 978 3948 indigna
1009 3893 1114 3932 non
1150 3874 1416 3946 proferat,
1462 3874 1835 3943 animusjnsta
1868 3890 2004 3943 prae-

433 3970 612 4040 cipiat.

507 4061 575 4119 Et
594 4059 717 4130 quia
742 4058 850 4115 duo
877 4064 1002 4117 sunt
1025 4055 1349 4126 ieiuniorum
1378 4071 1597 4125 genera,
1632 4070 1791 4111 unum
1822 4054 2005 4113 incon.

434 4151 673 4207 tinentia:
700 4148 992 4220 appetitum
1021 4162 1049 4202 a
1075 4145 1210 4201 male
1250 4145 1458 4203 blandis
1492 4144 1798 4198 deliciarum
1829 4143 2005 4203 suavi.

433 4245 631 4301 tatibus
650 4254 922 4305 coercere,
943 4237 1243 4293 utexterior
1265 4248 1319 4291 et
1343 4245 1589 4293 terrenus
1613 4234 1771 4293 homo
1791 4249 2004 4295 veniere

433 4335 610 4393 crucis
654 4328 921 4387 edomitus
974 4326 1252 4383 commoda
1303 4324 1609 4380 infirmitate
1660 4334 1999 4393 maerescat;

432 4428 656 4481 alterum
677 4418 1012 4476 abstinentia:
1036 4431 1202 4487 genus
1224 4424 1306 4471 est
1332 4416 1498 4469 multo
1520 4413 1818 4475 sublimius,
1836 4415 2002 4471 multo

2104 3236 2333 3301 dnvicit;
2381 3239 2449 3291 ita
2484 3254 2577 3303 per
2604 3239 2926 3307 adiutorium
2953 3240 3197 3310 Domini,
3230 3253 3283 3297 et
3333 3260 3430 3310 per
3459 3260 3675 3298 crucem

2102 3340 2252 3379 suam
2288 3327 2382 3379 has
2409 3329 2638 3393 quinque
2666 3329 3037 3397 principalium
3082 3331 3331 3385 vitiorum
3372 3349 3680 3403 expugnare

2102 3416 2407 3471 studeamus
2436 3419 2735 3473 illecebras.
2771 3420 2869 3475 i‘er
2896 3421 3068 3475 crucis
3088 3422 3227 3475 enim
3255 3423 3487 3491 signum,
3506 3435 3560 3478 et
3581 3440 3681 3492 per

2103 3523 2312 3564 Iterum
2337 3510 2463 3565 Jesu
2495 3527 2712 3577 nomen,
2751 3512 2889 3579 apud
2922 3512 3136 3568 Graecos
3173 3513 3316 3567 Hera
3345 3517 3517 3571 utrius
3548 3532 3680 3585 sup-

2104 3602 2391 3671 putationis
2425 3603 2765 3671 imprimitur.
2815 3604 3020 3671 Quibus
3052 3605 3217 3659 armis
3255 3608 3491 3663 carnalia
3532 3608 3681 3663 dele-

2103 3702 2371 3747 ctamenta
2421 3704 2739 3762 superantes
2777 3696 3123 3749 merebuntur
3162 3696 3347 3750 audire
3382 3715 3395 3749 :
3445 3698 3680 3756 Vincenti

2103 3783 2237 3836 dabo
2284 3800 2524 3838 coronam
2567 3786 2699 3839 vim.
2758 3786 2864 3840 Et:
2911 3786 3011 3853 Qui
3054 3788 3226 3841 vicerit
3270 3805 3370 3843 non
3411 3790 3616 3844 la'aitur
3646 3810 3681 3847 a

2106 3884 2265 3927 morte
2300 3876 2521 3928 secunda
2562 3876 2752 3946 (Apoc.
2785 3877 2874 3946 tt).
2923 3878 3074 3933 Unde
3113 3879 3226 3945 ipsa
3267 3880 3418 3934 facile
3466 3892 3679 3941 terrena

2103 3963 2269 4031 despir
2290 3964 2353 4029 is,
2401 3965 2482 4019 vel
2536 3967 2822 4021 Tenerantis
2862 3983 3009 4025 more
3036 3968 3341 4037 dispensas,
3386 3970 3511 4023 dum
3545 3972 3679 4026 illud

2102 4055 2303 4123 cogitas
2332 4064 2544 4122 tempus
2574 4071 2681 4124 quo
2722 4067 3015 4113 esurentur
3059 4069 3369 4126 peccatores
3416 4061 3555 4116 sicut
3603 4062 3682 4116 fe.

2104 4160 2251 4211 num,
2274 4161 2379 4215 quo
2404 4156 2693 4203 tuatuantes
2722 4148 2980 4217 gehennae
3001 4148 3182 4203 furore
3210 4161 3491 4218 perpetuo,
3520 4153 3681 4221 cujus

2105 4238 2273 4301 [tuitus
2314 4239 2539 4291 ascendit
2582 4240 2635 4293 in
2672 4240 2860 4297 uacula
2897 4240 3198 4294 seculorum
3245 4244 3426 4309 (Apoc.
3456 4259 3572 4307 vut.
3601 4248 3678 4313 7).

2107 4327 2167 4380 ili
2198 4326 2283 4395 qui
2324 4328 2674 4395 neglexerunt
2702 4328 2898 4394 oblata.
2954 4329 3047 4385 tuli
3076 4341 3248 4385 morte
3276 4333 3592 4401 punientur;
3624 4349 3677 4389 ut

2106 4419 2183 4471 eis
2232 4417 2365 4473 mori
2412 4417 2463 4472 in
2509 4417 2697 4478 dolore
2746 4434 2853 4475 non
2899 4419 3098 4477 liceat:
3146 4422 3388 4477 morituri
3431 4425 3577 4492 vitae,
3626 4436 3683 4483 et

434 4514 743 4587 pretiosius,
782 4509 867 4566 cui
895 4509 1037 4564 nulla
1067 4506 1438 4561 contradicere
1474 4505 1642 4575 possit
1682 4505 1987 4570 infirmitas,
2031 4504 2074 4563 Ι)
2102 4510 2258 4565 morti
2289 4511 2404 4565 sine
2427 4511 2532 4564 line
2558 4512 2771 4569 victuri.
2824 4514 2953 4570 Dum
2985 4515 3134 4582 illud,
3180 4515 3416 4585 inquam,
3469 4528 3684 4590 tempus

435 4616 611 4661 motus
634 4601 799 4663 animi
827 4617 1037 4671 regere,
1070 4609 1123 4654 et
1151 4598 1542 4655 irrationabiles
1570 4597 2003 4667 perturbationes

436 4694 936 4752 vclcolluctautium
960 4692 1098 4745 inter
1128 4706 1186 4745 se
1209 4691 1349 4759 ergit
1386 4691 1422 4742 ti
1464 4704 1589 4747 num
1621 4689 1897 4756 tumultus,
1924 4689 2003 4743 io-

436 4785 874 4854 ti-riorisiudiciu
913 4782 1208 4846 refrenare,
1254 4794 1307 4837 et
1347 4793 1534 4843 contra
1579 4783 2004 4851 impugnationes

435 4877 702 4940 occultas,
768 4874 850 4929 vel
917 4882 1099 4928 cintra
1155 4874 1480 4929 domesticos
1535 4873 1780 4927 inimicos
1834 4875 2000 4927 rixam

435 4967 719 5039 quamdam
752 4966 1065 5031 irascentes,
1110 4964 1229 5019 iidci
1260 4965 1576 5021 auctoritate
1603 4972 1905 5030 conterere,
1946 4976 2001 5018 et

436 5075 530 5132 per
580 5056 1034 5117 benevolentiam.
1096 5055 1597 5120 mansuetudinem,
1649 5052 1996 5124 patientiam,

435 5149 890 5224 tranquillitatem,
960 5146 1052 5201 Dei
1104 5146 1387 5216 imaginem
1438 5148 1489 5201 in
1545 5146 1677 5201 facie
1732 5145 1999 5199 interioris

433 5246 723 5309 excolere:
774 5242 924 5310 cujus
970 5239 1132 5295 decus
1174 5255 1275 5299 non
1311 5241 1362 5294 in
1403 5240 1645 5307 corporis
1686 5256 1998 5313 personam,

433 5337 531 5401 sed
560 5335 614 5390 in
640 5332 797 5391 animi
832 5332 1052 5387 formam
1077 5331 1290 5387 solertia
1324 5330 1542 5389 factoris
1570 5330 1859 5400 impressit.

509 5428 689 5483 Virum
710 5423 1002 5493 spiritualia
1023 5432 1076 5477 et
1104 5423 1280 5483 divina
1304 5422 1622 5491 cogit-mem
1653 5422 1864 5481 tristitia
1890 5439 1995 5481 non

434 5516 665 5585 frangat,
714 5514 896 5569 lzntitia
938 5528 1043 5569 non
1085 5511 1335 5575 resolvat,
1374 5512 1666 5573 stabilitum
1712 5515 1765 5569 in
1810 5514 1999 5574 timore

436 5604 533 5661 Dei
558 5614 740 5672 pectus
775 5602 1179 5669 magnanimitas
1205 5601 1521 5671 mqttalitatls
1546 5603 1813 5669 ostendat,
1860 5616 1917 5665 ut
1948 5615 2003 5660 et

436 5694 593 5751 nobis
620 5693 851 5764 cooptari
881 5694 1043 5763 pwssit
1065 5692 1225 5749 libelli
1262 5692 1402 5748 illius
1421 5692 1627 5763 insigne
1660 5694 2001 5765 principium,

2104 4610 2228 4656 ante
2250 4600 2436 4657 oculos
2460 4610 2580 4659 tuos
2609 4602 2832 4668 provida
2863 4602 2913 4657 in
2940 4605 3170 4661 futurum
3203 4618 3385 4663 mente
3412 4608 3681 4678 disponis,

2105 4691 2171 4743 de
2193 4705 2298 4760 quo
2320 4691 2546 4759 legimus
2576 4708 2590 4749 ε
2619 4690 2850 4749 Introibo
2881 4694 2930 4749 in
2958 4695 3007 4753 άι
3028 4712 3162 4749 nium
3204 4706 3343 4753 tuam
3379 4715 3495 4751 cum
3537 4701 3684 4756 holo-

2105 4783 2293 4841 caustis
2315 4781 2432 4853 (Ps.
2465 4799 2589 4847 ων,
2624 4784 2711 4853 l5)
2746 4802 2759 4843 :
2794 4784 2845 4842 id
2876 4794 2982 4851 est,
3020 4788 3232 4855 quando
3261 4792 3524 4847 honorum
3554 4809 3686 4861 ope-

2107 4892 2222 4929 rum
2255 4877 2426 4930 fructu
2466 4876 2888 4943 subsarcinatus,
2925 4888 2981 4932 et
3014 4878 3237 4947 iustitia:
3270 4881 3570 4950 insignibus
3600 4901 3687 4938 re.

2106 4966 2322 5023 diruitus
2345 4966 2564 5034 ianuam
2612 4968 2738 5023 vita:
2776 4982 2897 5021 cum
2949 4968 3215 5037 triumpho
3260 4972 3449 5025 evicta:
3502 4975 3687 5027 carnis

2109 5056 2349 5113 intrabis.
2380 5056 2455 5113 De
2485 5072 2589 5124 quo
2618 5057 2841 5127 legimus
2877 5076 2889 5109 :
2934 5058 3234 5115 Adorabunt
3261 5076 3378 5113 eum
3411 5063 3537 5129 [ilice
3562 5062 3688 5132 Tyri

2106 5149 2157 5209 in
2197 5149 2487 5207 muneribus
2529 5146 2645 5217 (Ps.
2678 5165 2817 5214 κων,
2854 5148 2962 5221 15),
3015 5149 3064 5203 id
3094 5160 3195 5216 est,
3242 5152 3434 5204 animre
3466 5151 3688 5206 Christo

2107 5240 2173 5293 de
2198 5238 2444 5307 gentibus
2474 5240 2768 5307 acquisitte,
2811 5255 3029 5296 munera
3065 5257 3168 5295 non
3200 5243 3268 5295 de
3297 5258 3395 5296 suo
3425 5243 3685 5307 offerent,

2106 5348 2225 5391 cum
2268 5334 2556 5401 gratiarum
2600 5332 3114 5389 actione'dictnrte:
3151 5336 3289 5391 Ecce
3334 5334 3686 5405 multiplicari

2108 5424 2364 5483 talentum
2394 5424 2533 5491 quod
2558 5423 2772 5480 dedisti.
2823 5424 3019 5495 Recipe
3060 5440 3179 5480 cum
3211 5442 3370 5484 usura
3395 5472 3409 5495 ,
3440 5428 3686 5492 domine,

2110 5513 2262 5569 fenus
2284 5524 2451 5568 tuum.
2483 5516 2594 5570 Erit
2619 5515 2758 5571 enim
2791 5524 2900 5572 tum
2937 5518 3206 5587 quoddam
3242 5519 3400 5573 dandi
3434 5529 3491 5576 et
3535 5523 3687 5575 acci-

2110 5605 2286 5673 piendi
2318 5606 2696 5661 commercium
2726 5606 2867 5661 inter
2890 5607 3160 5664 hominem
3192 5619 3246 5665 et
3277 5609 3464 5665 Deum.
3514 5612 3688 5665 llonto

2110 5694 2299 5751 ai’fcrct
2325 5695 2461 5764 quod
2489 5694 2788 5760 laboravit;
2826 5706 2881 5752 et
2911 5698 3048 5753 Deus
3098 5699 3345 5756 restituet
3381 5700 3520 5770 quod
3546 5716 3686 5770 pro-
