4002 6188
272 280 367 335 861

1736 272 2106 333 εριδτοιιε.

3405 285 3509 341 869

269 393 433 447 misit.
460 392 579 459 Quo
605 398 844 461 tempore
876 403 997 443 cum
1022 398 1237 444 sanctus
1260 388 1395 444 alter
1420 403 1516 459 pro
1542 389 1712 446 altero
1744 403 1835 447 re-
1862 389 1917 451 Α
1943 389 2234 449 visceribus
2263 390 2585 456 avellantur,
2617 400 2673 446 ut
2700 391 2786 450 hic
2826 393 3046 451 vulnera
3074 375 3205 463 ipsis
3245 393 3353 455 alte
3390 410 3511 455 tne-

270 486 659 551 munerandus,
686 500 883 540 corona
913 482 1107 553 duplici
1132 496 1230 555 pro
1262 490 1441 536 mutua
1480 482 1651 538 salute
1680 480 1841 541 deco-

268 577 493 644 randus,
524 575 707 630 audire
729 573 1016 629 mereberis
1045 590 1059 626 :
1087 571 1250 645 Euge,
1274 588 1412 627 serve
1437 573 1561 627 boue
1579 584 1624 627 et
1650 573 1838 643 ﬁdelis,

265 672 387 741 quia
408 685 563 736 super
591 681 759 736 pauca
791 666 939 737 fuisti
966 664 1154 733 ﬁdelis,
1185 681 1341 733 super
1367 665 1529 723 multa
1565 676 1611 720 te
1649 667 1841 723 consti-

266 772 409 814 tuam
432 775 452 824 ;
484 760 613 813 intra
640 758 694 811 in
720 756 967 826 gaudium
996 756 1198 810 Domini
1225 757 1319 811 tui.

339 850 491 904 Tunc
522 863 673 903 usum
706 844 1049 917 przesentium
1097 845 1149 900 in
1200 856 1518 901 aeternorum
1551 847 1841 916 proprieta-

274 948 382 995 tem
416 939 672 994 transisse
715 938 1023 1006 miraberis,
1064 946 1117 993 et
1151 953 1249 1009 pro
1288 938 1564 994 datoribus
1595 940 1697 999 tuis
1725 939 1841 1008 glo-

268 1030 596 1095 rificandus,
649 1029 945 1087 debitorem
999 1038 1049 1085 te
1107 1032 1157 1086 ei
1214 1029 1331 1085 fieri
1377 1029 1607 1100 jucunda
1656 1045 1836 1087 rerum

266 1122 564 1175 mutatione
593 1119 868 1189 gaudebis.

333 1209 669 1265 lndividuum
702 1208 865 1262 tilium
903 1216 1139 1266 nostrum
1176 1206 1486 1281 Leontium,
1518 1225 1840 1281 omnemque

264 1302 483 1365 domum
536 1301 638 1371 piis
692 1300 810 1359 il!os
863 1317 983 1355 cum
1040 1301 1329 1372 majoribus
1383 1302 1471 1373 pio
1518 1305 1839 1375 sospitamus

264 1393 467 1449 ofﬁcio.
502 1391 757 1446 Dominus
783 1391 920 1447 Deus
951 1401 1135 1448 noster
1156 1390 1414 1448 beneficia
1456 1394 1508 1448 in
1538 1395 1690 1450 vobis
1718 1410 1836 1463 sua,

178 1558 181 1559 ν
265 1486 407 1543 felici
435 1496 488 1541 et
515 1486 706 1556 placita
735 1485 835 1541 sibi
867 1485 1205 1554 longazvitate
1235 1485 1545 1555 multiplicet
1566 1528 1580 1551 ,
1623 1486 1839 1542 domine

266 1576 667 1634 devinctissime
717 1586 770 1631 et
816 1574 929 1631 sola
981 1574 1193 1645 pietatis
1237 1574 1433 1631 virtute
1494 1576 1834 1646 singulariter

266 1668 560 1725 escolende
590 1669 771 1724 frater.

802 1758 1131 1817 EPISTOLA
1172 1758 1242 1814 IX
1271 1768 1319 1814 λ.

342 1853 575 1907 Domino
596 1850 1015 1919 devinctissimo,
1033 1851 1235 1911 honore
1250 1851 1516 1922 praecipuo
1536 1849 1836 1921 Specialiter

270 1942 582 2009 excolendo,
617 1941 833 1996 Ruricio
862 1942 970 1994 filio
992 1941 1238 1997 Faustus.

340 2032 551 2087 Gratias
600 2030 857 2099 Domino,
912 2030 1002 2100 qui
1051 2029 1102 2083 id
1158 2030 1394 2105 generali
1445 2029 1840 2099 dispensatione

271 2124 489 2195 largitus
516 2132 619 2190 est,
645 2131 704 2177 ut
733 2122 873 2176 inter
897 2135 992 2176 eos
1016 2135 1147 2192 quos
1184 2121 1419 2176 locorum
1442 2120 1719 2175 intervalla
1758 2120 1839 2174 di-

271 2214 601 2277 scriminant,
626 2212 759 2268 liber
783 2226 847 2266 ac
870 2211 1034 2267 nullis
1057 2211 1338 2266 conclusus
1357 2209 1615 2265 absentiae
1636 2208 1839 2278 legibus

270 2306 479 2383 animus
500 2312 844 2369 commearet,
861 2301 1100 2374 nihilque
1125 2312 1263 2357 esset
1292 2310 1395 2357 tam
1419 2298 1837 2373 impenetrabile,

272 2397 413 2469 quod
445 2396 639 2451 mentis
664 2393 970 2465 aspectibus
1000 2409 1103 2447 non
1136 2400 1381 2467 pateret;
1417 2390 1510 2446 sed
1541 2405 1634 2461 per
1664 2390 1840 2446 cordis

272 2489 521 2544 intuitum
565 2486 688 2542 inde
716 2500 776 2543 se
805 2486 1031 2540 invicem
1060 2485 1193 2550 cari,
1229 2485 1399 2555 gratia
1428 2479 1853 2551 intercurrente,

270 2578 662 2649 conSpicerent,
701 2575 788 2632 ubi
818 2576 1012 2630 caritas
1043 2574 1152 2647 ipsa
1185 2573 1459 2631 consistit.

346 2670 520 2725 liabet
569 2667 829 2739 siquidem
883 2674 936 2721 et
986 2664 1207 2719 interior
1247 2673 1430 2718 noster
1467 2662 1649 2718 oculos
1689 2674 1836 2728 suos,

271 2765 467 2835 quibus
492 2777 550 2817 se
580 2760 918 2818 conscientiae
944 2758 1096 2814 teStis
1132 2756 1459 2828 introspicit;
1488 2754 1680 2825 quibus
1704 2753 1758 2806 in
1783 2765 1841 2805 se

271 2867 569 2911 conversus
598 2859 688 2906 aut
716 2849 1110 2919 erubescenda,
1150 2857 1242 2902 aut
1286 2845 1561 2919 gaudenda
1599 2842 1844 2900 conside-

272 2954 387 3015 ret;
414 2943 605 3015 quibus
636 2942 780 3008 diem
811 2940 1055 2995 ultimum
1083 2938 1357 3009 pervidet;
1387 2936 1577 3008 quibus
1597 2935 1681 2989 vel
1710 2948 1841 2988 con-

272 3037 542 3093 fusibilem
570 3034 682 3099 vel,
715 3033 822 3087 Deo
851 3031 1117 3086 tribuente
1136 3071 1150 3098 ,
1179 3028 1497 3084 laudabilem
1528 3028 1689 3081 totius
1718 3025 1840 3079 vita:

1865 1751 1914 1815 B

1942 482 2100 540 dullis
2134 482 2390 553 impressa
2432 490 2713 550 curentur,
2754 493 2809 538 ut
2846 484 2933 541 hic
2964 484 3182 545 maculae
3222 486 3511 547 invisibiles

1941 574 2246 647 diluantur,
2288 582 2348 632 ut
2377 575 2465 633 hic
2498 584 2695 635 aeterna
2724 576 2914 645 gaudia
2949 576 3181 634 fidelium
3212 577 3512 639 Studiorum

1943 664 2127 722 labore
2178 673 2577 733 comparentur.
2636 664 2749 719 illic
2799 665 3012 736 quidem
3067 668 3174 723 vita
3229 668 3509 738 prmmium

1942 755 2096 811 istius
2121 756 2251 821 erit;
2279 757 2373 811 sed
2408 766 2617 826 oportet
2648 765 2703 812 ut
2733 758 2873 811 illius
2900 758 2999 812 ista
3027 757 3097 813 sit
3126 760 3375 827 pretium.

2012 846 2252 901 Prmlatis
2282 846 2458 918 itaque
2484 847 2777 917 obsequiis,
2808 863 2991 915 quaeso
3018 858 3079 902 ut
3106 864 3228 905 eum
3257 865 3316 907 se
3343 849 3510 911 facul-

1944 946 2022 991 tas
2052 947 2350 1007 Opportune
2376 928 2679 1005 ίιτςυιιιιριὶι,
2714 938 2945 1007 gaudere
2986 954 3082 993 nos
3111 939 3180 993 de
3219 950 3393 994 vestra
3425 954 3509 993 so-

1940 1029 2132 1096 spitate
2158 1042 2219 1082 ac
2249 1030 2572 1098 proprietate
2594 1029 2820 1085 faciatis.
2850 1030 2951 1085 Pro
2975 1030 3096 1084 filiis
3114 1038 3168 1084 et
3197 1030 3509 1089 diaconibus

1943 1117 2076 1173 meis
2100 1118 2291 1173 uberes
2323 1118 2497 1174 refero
2541 1121 2758 1190 gratias.
2813 1121 3092 1181 Dominam
3127 1121 3289 1179 filiam
3335 1137 3507 1181 meam

1941 1208 2213 1287 religionis
2252 1210 2555 1279 Speculum,
2593 1220 2646 1263 et
2688 1209 2898 1279 pietatis
2943 1210 3285 1278 exemplum,
3329 1210 3508 1267 debito

1941 1303 2085 1355 cultu
2114 1311 2396 1384 veneratus
2419 1301 2610 1357 saluto.
2646 1302 2901 1359 Dominus
2926 1303 3064 1359 Deus
3094 1302 3510 1375 nostertnagni-

1943 1393 2200 1448 ficandam
2244 1393 2374 1448 mihi
2412 1394 2705 1448 bonitatem
2750 1402 3003 1461 vestram,
3053 1402 3110 1449 et
3156 1396 3507 1463 praesentibus

1941 1485 2145 1555 rep'eat
2182 1484 2356 1551 bonis,
2409 1493 2463 1540 et
2505 1484 2716 1555 dignam
2764 1485 2952 1540 reddat
2998 1487 3244 1556 aeternis,
3291 1486 3507 1543 domine

1910 1576 2337 1633 'dcvinctissime
2367 1585 2421 1634 et
2464 1580 2665 1632 honore
2708 1577 2977 1651 praecipuo
3015 1577 3318 1647 specialiter
3345 1591 3506 1635 exco-

1941 1669 2093 1724 lende
2117 1670 2208 1724 fili.

2412 1742 2423 1752 ‘
2474 1758 2805 1819 El’lSTOLA
2841 1760 2890 1819 Χ
2917 1771 2962 1817 ο.

2010 1852 2231 1908 Domino
2276 1851 2587 1909 beatissimo
2633 1861 2687 1912 et
2725 1868 2936 1911 summo
2978 1854 3106 1909 mihi
3144 1854 3344 1909 honore
3380 1862 3503 1911 ante

1938 1960 2123 1999 omnes
2151 1946 2490 2013 singulariter
2507 1945 2818 2013 excolendo,
2844 1944 2993 2005 fratri
3024 1945 3238 2000 Ruricio
3253 1947 3504 2017 episcopo

1940 2034 2186 2089 Faustus.
2538 2026 2545 2034 ’

2009 2125 2176 2183 Tanta
2205 2121 2334 2178 mihi
2362 2121 2430 2199 de
2458 2122 2621 2179 animi
2650 2124 2813 2183 vestri
2840 2124 3166 2193 benignitate
3188 2124 3377 2181 fiducia
3402 2136 3503 2190 est,

1941 2223 1999 2268 ut
2038 2229 2105 2269 ex
2144 2213 2260 2283 ejus
2303 2212 2450 2277 fonte
2484 2214 2769 2284 puriesimo
2803 2229 2909 2269 non
2946 2215 3055 2285 jam
3099 2214 3245 2273 solus
3294 2217 3506 2272 haurire

1940 2314 2221 2377 contentus
2250 2306 2375 2370 sim,
2421 2304 2517 2362 sed
2547 2305 2685 2365 alios
2718 2302 2956 2383 quoque,
3000 2307 3088 2377 qui
3120 2307 3235 2380 ejus
3265 2324 3361 2363 usu
3394 2322 3506 2367 me.

1941 2412 2063 2453 cum
2096 2396 2431 2462 reficiantur,
2462 2397 2703 2453 invitem.
2745 2396 3045 2459 Prmscrtim
3075 2414 3193 2454 cum
3224 2410 3505 2470 prorogata

1943 2487 2098 2557 hujus
2128 2487 2346 2557 largitas
2374 2486 2428 2543 in
2459 2486 2662 2544 lucrum
2694 2496 2928 2545 transeat
2952 2488 3256 2558 largientis;
3283 2489 3505 2558 ejusque

1942 2576 2083 2631 bono
2106 2578 2174 2630 ita
2201 2586 2512 2632 muneretur
2536 2578 2828 2647 accipiens,
2858 2587 2917 2641 ut
2942 2592 3045 2633 non
3070 2579 3366 2634 minoretur
3407 2580 3504 2635 im-

1942 2664 2209 2735 pertiens;
2238 2673 2290 2725 et
2315 2663 2367 2720 in
2395 2679 2599 2720 morem
2631 2665 2829 2725 fenoris
2855 2666 2938 2727 sui
2972 2676 3186 2723 crescat
3233 2669 3503 2737 expensis,

1942 2756 2158 2829 domine
2214 2756 2520 2817 beatissime
2583 2766 2637 2814 et
2694 2772 2903 2815 sommo
2945 2759 3075 2815 mihi
3131 2757 3335 2823 honore
3382 2770 3506 2817 ante

1941 2862 2127 2903 omnes
2154 2839 2827 2917 singulariter'escolende.

2014 2939 2107 3002 His
2135 2940 2313 3008 itaque
2341 2938 2580 3001 caritatis
2611 2938 3014 2999 inessolubilem
3046 2941 3375 3009 pensionem,
3403 2954 3506 3009 quo

1943 3029 2196 3085 solventis
2228 3029 2393 3098 magis
2422 3043 2616 3101 census
2645 3028 2857 3094 dilatus,
2883 3028 3133 3097 exhibeo,
3155 3040 3208 3086 et
3228 3030 3508 3085 materiam

274 3130 575 3193 historiam,
601 3133 722 3180 ante
737 3123 927 3179 animm
948 3137 1057 3177 sua:
1074 3120 1270 3177 faciem
1295 3119 1511 3191 provida
1534 3117 1587 3172 in
1611 3116 1840 3173 futurum
1870 3100 1916 3165 (ἶ
1946 3116 2071 3173 boni
2097 3117 2278 3187 operis
2299 3119 2541 3186 ingerere
2567 3134 2664 3188 pro
2688 3118 3019 3175 laborantum
3047 3117 3507 3177 commendatione

274 3216 601 3289 cogitatione
629 3215 887 3284 disponit,
914 3221 970 3267 et
998 3212 1050 3266 in
1084 3210 1419 3281 prtesentiam
1452 3208 1669 3278 trepida:
1697 3207 1844 3262 solli-

274 3306 525 3363 citudinis
558 3313 764 3374 tempus
800 3299 1086 3358 reddendae
1126 3300 1346 3355 rationis
1391 3297 1647 3365 adducit;
1694 3306 1749 3351 et
1781 3310 1843 3351 ea

275 3416 389 3470 quae
417 3398 614 3470 pararit
646 3396 784 3449 Deus
822 3392 1147 3469 diligentibus
1195 3409 1247 3446 se
1290 3390 1340 3461 (Ι
1374 3391 1492 3444 Cor.
1541 3405 1613 3455 tt,
1642 3388 1744 3458 9-),
1789 3388 1843 3442 in

275 3500 480 3549 secreta
499 3487 727 3560 pectoris
753 3487 832 3542 sui
852 3485 1062 3556 pagina,
1094 3499 1188 3554 spe
1210 3482 1553 3554 imaginante,
1581 3480 1839 3551 depingit.

276 3584 444 3651 Quos,
491 3588 549 3635 ut
584 3587 731 3648 poto,
772 3577 956 3632 oculos
995 3589 1047 3631 et
1080 3576 1194 3646 ipse
1235 3574 1301 3628 ad
1343 3570 1603 3629 tremendi
1645 3571 1844 3626 Judicis

279 3677 532 3734 thronum
558 3686 773 3741 semper
800 3668 1025 3737 attollis,
1053 3678 1110 3725 ut
1144 3668 1210 3729 de
1242 3675 1292 3729 te
1322 3666 1449 3723 illud
1479 3663 1844 3736 propheticum

276 3768 471 3823 merito
532 3764 635 3820 dici
682 3763 898 3833 possit:
948 3761 1210 3829 Sapientis
1250 3760 1383 3815 oculi
1424 3760 1478 3812 in
1524 3758 1689 3826 capite
1735 3758 1845 3826 ejus

277 3858 447 3932 (Eccl.
480 3873 540 3923 ιι,
570 3855 680 3927 14).
705 3854 733 3893 ι’
763 3853 891 3910 inde
913 3862 1013 3919 est,
1046 3856 1109 3908 ah
1142 3869 1202 3908 eo
1235 3852 1373 3908 enim
1419 3851 1525 3905 illic
1560 3850 1699 3903 filius
1728 3862 1844 3902 ma-

279 3962 476 4005 ter.....
508 3948 711 4003 ditores
746 3955 888 4001 tuos.
936 3945 1062 4000 lnde
1102 3956 1205 4011 est,
1246 3944 1481 4013 inquam,
1526 3941 1668 4012 quod
1710 3955 1846 4010 prae-

275 4041 508 4096 seuiium
561 4053 740 4094 rerum
786 4037 1132 4107 relinquenda
1164 4035 1432 4100 subsidia,
1486 4033 1636 4103 quasi
1662 4032 1846 4087 avidus

278 4134 587 4195 fenerator;
618 4144 715 4200 per
744 4128 909 4197 pretia
941 4126 1300 4197 captivorum,
1338 4126 1389 4179 in
1430 4125 1553 4179 sinu
1601 4137 1849 4179 remune-

275 4220 494 4287 ratoris,
526 4204 837 4274 seminantis
863 4232 1031 4281 more,
1062 4216 1437 4279 commendas;
1478 4215 1544 4269 de
1576 4229 1674 4269 usu
1719 4228 1843 4284 pro-

274 4314 563 4383 prietatem
595 4309 745 4370 facis.
793 4315 848 4363 et
885 4306 938 4361 in
980 4319 1243 4375 perennes
1291 4306 1570 4360 thesauros
1615 4304 1849 4373 peritura

275 4404 571 4458 convert‘s.
622 4398 749 4452 Inde
791 4407 874 4452 est
907 4397 1045 4466 quod
1078 4411 1198 4452 cum
1243 4396 1548 4450 fidelissima
1587 4395 1713 4450 Sara
1760 4404 1846 4449 tua

1946 3223 2229 3278 praesumo.
2259 3208 2393 3276 Quia
2419 3210 2517 3265 etsi
2540 3209 2951 3265 insinuationem
2978 3225 3151 3266 meam
3186 3210 3249 3264 ad
3283 3210 3511 3266 lrurtum

1943 3299 2179 3356 vestrum
2219 3304 2487 3371 pertinere
2530 3301 2778 3367 confido,
2818 3309 2874 3357 et
2912 3301 3031 3358 ideo
3066 3302 3509 3368 misericordiam,

1944 3408 2099 3463 quam
2130 3394 2337 3448 miseris
2364 3393 2725 3448 ecclesiastica
2750 3394 2991 3462 prmbere
3017 3396 3292 3449 consuevit
3320 3395 3512 3449 huma-

1944 3484 2105 3549 nitas,
2128 3469 2327 3537 harum
2360 3484 2627 3553 portitori,
2672 3486 2760 3553 qui
2808 3484 2857 3537 in
2901 3484 3241 3554 Lugdunensi
3294 3487 3511 3555 pertulit

1946 3575 2324 3643 captivitatem,
2368 3590 2565 3645 negare
2602 3561 2706 3630 non
2750 3577 2915 3645 potui.
2964 3577 3179 3637 Utinam
3212 3587 3315 3632 tam
3345 3580 3511 3646 possit

1946 3675 2188 3736 prompta
2230 3680 2349 3720 esse
2389 3665 2627 3721 fidelium
2669 3666 2912 3735 largitas,
2960 3681 3114 3737 quam
3158 3668 3311 3738 hujus
3354 3670 3511 3723 nimis

1947 3757 2221 3813 manifesta
2244 3757 2537 3812 necessitas
2565 3757 2682 3812 est!
2730 3757 2795 3811 Et
2824 3758 2945 3826 qu'a
2984 3759 3038 3812 in
3083 3772 3141 3813 se
3182 3758 3512 3828 aliquatenus

1946 3852 2260 3916 absolutus,
2306 3851 2359 3904 in
2410 3864 2576 3904 uxore
2617 3850 2699 3904 vel
2741 3850 2967 3905 filiorum
3009 3857 3218 3905 tenetur
3257 3851 3513 3906 servitute

1946 3945 2207 4012 capti-vus,
2233 3942 2467 4019 prmlatis
2493 3940 2707 4004 officiis,
2733 3957 2914 4012 quaeso
2943 3950 3001 3995 ut
3035 3957 3238 3997 morem
3274 3941 3515 4010 benigni-

1950 4034 2073 4089 tatis
2102 4022 2315 4100 vestra‘,
2347 4034 2507 4089 etiam
2549 4034 2599 4087 in
2645 4033 2804 4105 hujus
2835 4034 3203 4087 consolatione
3246 4034 3512 4097 teneatis;

1947 4136 2001 4180 et
2026 4123 2163 4193 apud
2192 4131 2316 4178 ante
2345 4122 2574 4192 positos,
2616 4136 2722 4193 quo
2751 4121 3123 4191 poposcerint,
3162 4120 3357 4175 litteris
3386 4135 3511 4191 pro-

1948 4215 2214 4285 sequaris.

2016 4303 2344 4372 Cunservus,
2378 4310 2432 4357 et
2470 4303 2741 4372 praecipue
2775 4300 3067 4357 admirator
3108 4309 3309 4367 vester,
3354 4300 3514 4354 frater

1950 4410 2126 4459 meus,
2181 4394 2461 4464 presbyter
2490 4392 2777 4449 Memorius
2829 4407 3037 4448 mecum
3082 4389 3515 4447 reverentissime

274 4493 376 4547 sub
408 4508 515 4545 uno
555 4489 754 4545 Christi
790 4489 914 4560 jugo
952 4489 1019 4544 ad
1060 4502 1395 4542 communem
1434 4488 1656 4541 tendens
1697 4502 1849 4543 θοι-ο-
1876 4463 1928 4531 Ῐ)
1951 4487 2233 4555 sospitant.
2262 4484 2512 4539 Dominus
2536 4483 2674 4539 Deus
2700 4491 2884 4538 noster
2914 4496 3203 4537 memorem
3239 4480 3340 4535 mei
3374 4481 3515 4551 piam

276 4599 424 4654 nam,
457 4591 793 4637 terrenarum
826 4581 1128 4648 despector,
1166 4589 1218 4634 et
1258 4578 1555 4634 etelestium
1585 4578 1847 4647 competi-

278 4684 383 4739 tor,
406 4672 588 4727 saeculi
609 4674 939 4747 peregrinus,
964 4684 1011 4724 et
1031 4669 1267 4725 Paradisi
1293 4668 1634 4736 candidatus;
1653 4669 1850 4724 mundo

280 4767 426 4830 huic,
463 4765 551 4833 qui
570 4763 677 4833 jam
703 4779 812 4817 non
852 4762 1011 4817 habet
1042 4762 1182 4817 unde
1217 4762 1444 4832 decipiat
1489 4762 1571 4817 vel
1609 4762 1847 4829 seducat,

278 4856 435 4911 miles
466 4853 665 4909 Christi
696 4862 938 4908 secretus
963 4852 1176 4918 illudis;
1209 4868 1328 4907 cum
1362 4853 1506 4923 regni
1542 4852 1851 4907 intermina-

277 4947 401 5003 bilis
431 4927 573 4999 socia
597 4943 843 5014 jejuuiis,
889 4951 944 4997 et
985 4942 1333 5008 orationibus,
1375 4951 1430 4998 et
1458 4943 1681 5012 quadam
1727 4942 1847 5005 fidei

278 5052 445 5093 manu
486 5034 701 5106 januam
749 5034 890 5099 vita},
939 5033 1022 5104 pia
1067 5033 1453 5102 conjnratione,
1502 5034 1744 5103 pulsatis,
1792 5040 1851 5087 ut

275 5130 551 5198 duplicem
583 5127 814 5197 palmam
842 5125 907 5181 de
939 5135 1117 5180 mutua
1145 5125 1313 5183 salute
1340 5125 1582 5192 capiatis.

351 5219 461 5278 Sed
506 5220 646 5281 inter
694 5218 809 5274 haec
855 5233 1039 5292 parum
1087 5226 1199 5281 est,
1241 5216 1497 5293 quidquid
1540 5217 1743 5288 agitur,
1789 5222 1852 5270 ut

274 5328 463 5371 caus-'9.
491 5311 809 5371 insanabiles
857 5310 942 5365 hic
985 5320 1263 5378 sanentur,
1306 5318 1362 5363 ut
1406 5308 1849 5379 inexstinguibilis

276 5403 425 5474 ignis
447 5402 533 5456 hic
561 5402 952 5472 exstinguatur,
980 5408 1049 5469 ,ιιι
1088 5398 1454 5457 ineluctabiles
1504 5398 1851 5453 necessitates

277 5495 371 5549 hic
395 5500 735 5561 superentur,
768 5502 824 5547 ut
850 5491 936 5546 hic
965 5500 1303 5561 peccatorum
1331 5488 1533 5561 sagitta:
1561 5490 1629 5546 de
1658 5491 1848 5546 animae

356 5618 382 5644 ιι
418 5606 543 5661 “ch
571 5604 791 5674 epistola
822 5613 1035 5663 notatur
1060 5602 1149 5666 ιἰι
1179 5600 1318 5674 apud
1348 5599 1641 5658 Canisium.

353 5678 382 5717 ι
427 5677 601 5732 Locus
623 5676 865 5731 vitiosus.

1950 4577 2329 4633 beatitudinem
2358 4583 2589 4630 vestram
2624 4574 2878 4629 Ecclesiae
2898 4587 3008 4627 sua:
3035 4571 3358 4642 profectibus
3376 4571 3516 4626 felici

1949 4667 2286 4737 loagtevitate
2308 4673 2614 4731 conservet,
2648 4663 2864 4719 domine
2894 4663 3204 4719 beatissime
3230 4671 3287 4719 et
3308 4676 3516 4717 summo

1953 4760 2081 4813 mihi.
2136 4757 2341 4813 hunore
2390 4764 2516 4812 ante
2569 4770 2757 4811 omnes
2817 4755 3164 4825 singulariter
3220 4754 3515 4811 excolende

1954 4850 2134 4905 frater.

2483 4936 2811 4993 EPISTOLA
2847 4936 2919 4992 XI
2941 4933 2990 4992 ⁸.

2028 5032 2251 5088 Domino
2302 5031 2645 5096 beatissimo,
2694 5030 2868 5085 debita
2920 5030 3118 5100 pietate
3155 5026 3515 5098 suspiciende.

1955 5134 2115 5194 atque
2173 5120 2462 5193 apostolica
2526 5121 2656 5177 sede
2704 5121 3048 5192 dignissimo,
3104 5121 3253 5175 fratri
3309 5120 3515 5174 Ruricio

1957 5217 2227 5285 episcopo,
2260 5212 2504 5267 Faustus.

2027 5306 2235 5362 Gratias
2277 5303 2342 5359 ad
2388 5319 2507 5377 vos,
2551 5302 2677 5366 dum
2720 5303 2872 5361 vobis
2911 5304 2980 5359 de
3020 5304 3189 5375 patria
3218 5302 3516 5367 scribimus,

1956 5399 2043 5468 qui
2074 5397 2227 5453 nobis
2258 5394 2480 5467 patriam
2515 5395 2567 5449 in
2600 5395 3023 5466 peregrinatione
3054 5394 3270 5457 fecistis.
3310 5392 3399 5461 qui
3441 5393 3516 5445 iu~

1958 5488 2164 5545 defessa
2215 5488 2535 5543 liberalitate
2593 5489 2779 5558 patria:
2832 5485 3516 5559 desideriagtempcrastis;

2035 5610 2055 5666 ς
2098 5597 2220 5651 llaec
2242 5595 2469 5666 epistola
2497 5595 2635 5666 apud
2659 5594 2923 5666 Canisium
2948 5602 3157 5653 notatur
3191 5595 3318 5652 \‘lil.

2031 5665 2055 5704 ά
2098 5668 2250 5736 Apud
2276 5664 2546 5723 Canisiuui
2579 5674 2793 5721 notatur
2819 5664 2906 5718 IX.
