  <div class='ocr_page' id='page_1' title='image "/cluster/home/n/w/nwhite01/storage/ocr_20150623/58/hvd.32044073505109/467.png"; bbox 0 0 4046 6188; ppageno 0'>
   <div class='ocr_carea' id='block_1_1' title="bbox 492 320 600 376">
    <p class='ocr_par' dir='ltr' id='par_1_1' title="bbox 492 320 600 376">
     <span class='ocr_line' id='line_1_1' title="bbox 492 320 600 376; baseline 0 0"><span class='ocrx_word' id='word_1_1' title='bbox 492 320 600 376; x_wconf 72' lang='lat'><strong>863</strong></span> 
     </span>
    </p>
   </div>
   <div class='ocr_carea' id='block_1_2' title="bbox 1726 310 2512 371">
    <p class='ocr_par' dir='ltr' id='par_1_2' title="bbox 1726 310 2512 371">
     <span class='ocr_line' id='line_1_2' title="bbox 1726 310 2512 371; baseline -0.009 0"><span class='ocrx_word' id='word_1_2' title='bbox 1726 316 1785 371; x_wconf 75' lang='grc' dir='ltr'><strong>ς.</strong></span> <span class='ocrx_word' id='word_1_3' title='bbox 1823 314 2069 371; x_wconf 77' lang='lat' dir='ltr'><strong>FAUSTI</strong></span> <span class='ocrx_word' id='word_1_4' title='bbox 2111 310 2512 369; x_wconf 70' lang='lat' dir='ltr'><strong>RliEGIENSIS</strong></span> 
     </span>
    </p>
   </div>
   <div class='ocr_carea' id='block_1_3' title="bbox 3635 320 3733 373">
    <p class='ocr_par' dir='ltr' id='par_1_3' title="bbox 3635 320 3733 373">
     <span class='ocr_line' id='line_1_3' title="bbox 3635 320 3733 373; baseline 0.041 -5"><span class='ocrx_word' id='word_1_5' title='bbox 3635 320 3733 373; x_wconf 68' lang='grc' dir='ltr'><strong>δϋι</strong></span> 
     </span>
    </p>
   </div>
   <div class='ocr_carea' id='block_1_4' title="bbox 491 421 3731 502">
    <p class='ocr_par' dir='ltr' id='par_1_4' title="bbox 491 421 3731 502">
     <span class='ocr_line' id='line_1_4' title="bbox 491 421 3731 502; baseline -0.001 -16"><span class='ocrx_word' id='word_1_6' title='bbox 491 436 598 488; x_wconf 99' lang='lat' dir='ltr'><strong>vim</strong></span> <span class='ocrx_word' id='word_1_7' title='bbox 632 431 913 502; x_wconf 78' lang='lat' dir='ltr'><strong>quamdam</strong></span> <span class='ocrx_word' id='word_1_8' title='bbox 942 429 1136 485; x_wconf 68' lang='lat' dir='ltr'><strong>divina:</strong></span> <span class='ocrx_word' id='word_1_9' title='bbox 1171 428 1395 497; x_wconf 70' lang='lat' dir='ltr'><strong>iustitiae</strong></span> <span class='ocrx_word' id='word_1_10' title='bbox 1422 426 1829 481; x_wconf 66' lang='lat' dir='ltr'><strong>succedentibus</strong></span> <span class='ocrx_word' id='word_1_11' title='bbox 1858 424 1954 478; x_wconf 68' lang='lat' dir='ltr'><strong>sibi</strong></span> <span class='ocrx_word' id='word_1_12' title='bbox 1974 426 2063 477; x_wconf 84' lang='lat' dir='ltr'><strong>be-</strong></span> <span class='ocrx_word' id='word_1_13' title='bbox 2091 423 2142 483; x_wconf 82' lang='grc' dir='ltr'><strong>Α</strong></span> <span class='ocrx_word' id='word_1_14' title='bbox 2170 421 2349 477; x_wconf 88' lang='lat' dir='ltr'><strong>debito</strong></span> <span class='ocrx_word' id='word_1_15' title='bbox 2377 422 2523 477; x_wconf 76' lang='lat' dir='ltr'><strong>etltu</strong></span> <span class='ocrx_word' id='word_1_16' title='bbox 2550 423 2888 492; x_wconf 71' lang='lat' dir='ltr'><strong>singulariter</strong></span> <span class='ocrx_word' id='word_1_17' title='bbox 2921 424 3256 481; x_wconf 85' lang='lat' dir='ltr'><strong>observando</strong></span> <span class='ocrx_word' id='word_1_18' title='bbox 3295 427 3347 481; x_wconf 91' lang='lat' dir='ltr'><strong>in</strong></span> <span class='ocrx_word' id='word_1_19' title='bbox 3384 427 3599 483; x_wconf 72' lang='lat' dir='ltr'><strong>Clirism</strong></span> <span class='ocrx_word' id='word_1_20' title='bbox 3643 445 3731 497; x_wconf 80' lang='lat' dir='ltr'><strong>pa-</strong></span> 
     </span>
    </p>
   </div>
   <div class='ocr_carea' id='block_1_5' title="bbox 489 520 2057 593">
    <p class='ocr_par' dir='ltr' id='par_1_5' title="bbox 489 520 2057 593">
     <span class='ocr_line' id='line_1_5' title="bbox 489 520 2057 593; baseline -0.006 -12"><span class='ocrx_word' id='word_1_21' title='bbox 489 528 694 583; x_wconf 87' lang='lat' dir='ltr'><strong>neficiis</strong></span> <span class='ocrx_word' id='word_1_22' title='bbox 730 527 1051 581; x_wconf 82' lang='lat' dir='ltr'><strong>inferentes:</strong></span> <span class='ocrx_word' id='word_1_23' title='bbox 1097 534 1155 579; x_wconf 89' lang='lat' dir='ltr'><strong>ut</strong></span> <span class='ocrx_word' id='word_1_24' title='bbox 1200 524 1340 593; x_wconf 91' lang='lat' dir='ltr'><strong>quod</strong></span> <span class='ocrx_word' id='word_1_25' title='bbox 1384 523 1638 577; x_wconf 89' lang='lat' dir='ltr'><strong>intulerat</strong></span> <span class='ocrx_word' id='word_1_26' title='bbox 1663 520 1727 574; x_wconf 90' lang='lat' dir='ltr'><strong>ad</strong></span> <span class='ocrx_word' id='word_1_27' title='bbox 1753 520 2057 588; x_wconf 77' lang='lat' dir='ltr'><strong>castigatio-</strong></span> 
     </span>
    </p>
   </div>
   <div class='ocr_carea' id='block_1_6' title="bbox 490 609 2059 681">
    <p class='ocr_par' dir='ltr' id='par_1_6' title="bbox 490 609 2059 681">
     <span class='ocr_line' id='line_1_6' title="bbox 490 609 2059 681; baseline -0.006 -10"><span class='ocrx_word' id='word_1_28' title='bbox 490 632 634 681; x_wconf 86' lang='lat' dir='ltr'><strong>nem,</strong></span> <span class='ocrx_word' id='word_1_29' title='bbox 662 624 1000 671; x_wconf 87' lang='lat' dir='ltr'><strong>converteret</strong></span> <span class='ocrx_word' id='word_1_30' title='bbox 1027 616 1091 668; x_wconf 88' lang='lat' dir='ltr'><strong>ad</strong></span> <span class='ocrx_word' id='word_1_31' title='bbox 1116 615 1394 679; x_wconf 76' lang='lat' dir='ltr'><strong>honorem,</strong></span> <span class='ocrx_word' id='word_1_32' title='bbox 1430 613 1699 666; x_wconf 87' lang='lat' dir='ltr'><strong>conferret</strong></span> <span class='ocrx_word' id='word_1_33' title='bbox 1721 609 1786 664; x_wconf 88' lang='lat' dir='ltr'><strong>ad</strong></span> <span class='ocrx_word' id='word_1_34' title='bbox 1817 610 2059 664; x_wconf 81' lang='lat' dir='ltr'><strong>consola-</strong></span> 
     </span>
    </p>
   </div>
   <div class='ocr_carea' id='block_1_7' title="bbox 489 706 2059 777">
    <p class='ocr_par' dir='ltr' id='par_1_7' title="bbox 489 706 2059 777">
     <span class='ocr_line' id='line_1_7' title="bbox 489 706 2059 777; baseline -0.004 -15"><span class='ocrx_word' id='word_1_35' title='bbox 489 710 712 775; x_wconf 78' lang='lat' dir='ltr'><strong>tionem,</strong></span> <span class='ocrx_word' id='word_1_36' title='bbox 749 716 982 763; x_wconf 89' lang='lat' dir='ltr'><strong>mutaret</strong></span> <span class='ocrx_word' id='word_1_37' title='bbox 1006 707 1071 762; x_wconf 90' lang='lat' dir='ltr'><strong>ad</strong></span> <span class='ocrx_word' id='word_1_38' title='bbox 1112 706 1346 777; x_wconf 88' lang='lat' dir='ltr'><strong>requiem</strong></span> <span class='ocrx_word' id='word_1_39' title='bbox 1378 706 1600 767; x_wconf 87' lang='lat' dir='ltr'><strong>mentis;</strong></span> <span class='ocrx_word' id='word_1_40' title='bbox 1635 714 1809 757; x_wconf 89' lang='lat' dir='ltr'><strong>nostra</strong></span> <span class='ocrx_word' id='word_1_41' title='bbox 1843 710 2059 771; x_wconf 69' lang='lat' dir='ltr'><strong>printer-</strong></span> 
     </span>
    </p>
   </div>
   <div class='ocr_carea' id='block_1_8' title="bbox 488 796 2059 869">
    <p class='ocr_par' dir='ltr' id='par_1_8' title="bbox 488 796 2059 869">
     <span class='ocr_line' id='line_1_8' title="bbox 488 796 2059 869; baseline -0.004 -16"><span class='ocrx_word' id='word_1_42' title='bbox 488 799 748 869; x_wconf 86' lang='lat' dir='ltr'><strong>mitteret,</strong></span> <span class='ocrx_word' id='word_1_43' title='bbox 774 808 834 853; x_wconf 91' lang='lat' dir='ltr'><strong>ut</strong></span> <span class='ocrx_word' id='word_1_44' title='bbox 858 808 1033 854; x_wconf 85' lang='lat' dir='ltr'><strong>vestra</strong></span> <span class='ocrx_word' id='word_1_45' title='bbox 1062 799 1391 862; x_wconf 81' lang='lat' dir='ltr'><strong>cumularet;</strong></span> <span class='ocrx_word' id='word_1_46' title='bbox 1424 796 1597 850; x_wconf 88' lang='lat' dir='ltr'><strong>debita</strong></span> <span class='ocrx_word' id='word_1_47' title='bbox 1629 796 1977 857; x_wconf 70' lang='lat' dir='ltr'><strong>obliviscens,</strong></span> <span class='ocrx_word' id='word_1_48' title='bbox 2006 806 2059 847; x_wconf 86' lang='lat' dir='ltr'><strong>et</strong></span> 
     </span>
    </p>
   </div>
   <div class='ocr_carea' id='block_1_9' title="bbox 491 889 2059 959">
    <p class='ocr_par' dir='ltr' id='par_1_9' title="bbox 491 889 2059 959">
     <span class='ocr_line' id='line_1_9' title="bbox 491 889 2059 959; baseline -0.004 -14"><span class='ocrx_word' id='word_1_49' title='bbox 491 892 637 946; x_wconf 85' lang='lat' dir='ltr'><strong>lucra</strong></span> <span class='ocrx_word' id='word_1_50' title='bbox 688 901 863 947; x_wconf 87' lang='lat' dir='ltr'><strong>vestra</strong></span> <span class='ocrx_word' id='word_1_51' title='bbox 914 891 1305 959; x_wconf 82' lang='lat' dir='ltr'><strong>multiplicans;</strong></span> <span class='ocrx_word' id='word_1_52' title='bbox 1374 889 1509 958; x_wconf 86' lang='lat' dir='ltr'><strong>apud</strong></span> <span class='ocrx_word' id='word_1_53' title='bbox 1566 896 1820 956; x_wconf 86' lang='lat' dir='ltr'><strong>utrasque</strong></span> <span class='ocrx_word' id='word_1_54' title='bbox 1882 897 2059 953; x_wconf 71' lang='lat' dir='ltr'><strong>[artes</strong></span> 
     </span>
    </p>
   </div>
   <div class='ocr_carea' id='block_1_10' title="bbox 491 980 2059 1050">
    <p class='ocr_par' dir='ltr' id='par_1_10' title="bbox 491 980 2059 1050">
     <span class='ocr_line' id='line_1_10' title="bbox 491 980 2059 1050; baseline -0.004 -15"><span class='ocrx_word' id='word_1_55' title='bbox 491 982 913 1050; x_wconf 71' lang='lat' dir='ltr'><strong>magnitudinem</strong></span> <span class='ocrx_word' id='word_1_56' title='bbox 961 996 1072 1035; x_wconf 69' lang='lat' dir='ltr'><strong>sum</strong></span> <span class='ocrx_word' id='word_1_57' title='bbox 1114 980 1367 1034; x_wconf 81' lang='lat' dir='ltr'><strong>bonitatis</strong></span> <span class='ocrx_word' id='word_1_58' title='bbox 1406 993 1681 1042; x_wconf 85' lang='lat' dir='ltr'><strong>exercens,</strong></span> <span class='ocrx_word' id='word_1_59' title='bbox 1735 992 1830 1031; x_wconf 89' lang='lat' dir='ltr'><strong>nos</strong></span> <span class='ocrx_word' id='word_1_60' title='bbox 1881 986 2059 1030; x_wconf 89' lang='lat' dir='ltr'><strong>vestro</strong></span> 
     </span>
    </p>
   </div>
   <div class='ocr_carea' id='block_1_11' title="bbox 488 1068 2055 1142">
    <p class='ocr_par' dir='ltr' id='par_1_11' title="bbox 488 1068 2055 1142">
     <span class='ocr_line' id='line_1_11' title="bbox 488 1068 2055 1142; baseline -0.004 -17"><span class='ocrx_word' id='word_1_61' title='bbox 488 1071 838 1142; x_wconf 86' lang='lat' dir='ltr'><strong>locupletaret</strong></span> <span class='ocrx_word' id='word_1_62' title='bbox 886 1072 1171 1140; x_wconf 90' lang='lat' dir='ltr'><strong>obsequio,</strong></span> <span class='ocrx_word' id='word_1_63' title='bbox 1223 1086 1316 1123; x_wconf 89' lang='lat' dir='ltr'><strong>vos</strong></span> <span class='ocrx_word' id='word_1_64' title='bbox 1375 1080 1558 1123; x_wconf 89' lang='lat' dir='ltr'><strong>nostro</strong></span> <span class='ocrx_word' id='word_1_65' title='bbox 1606 1069 1801 1123; x_wconf 90' lang='lat' dir='ltr'><strong>ditaret</strong></span> <span class='ocrx_word' id='word_1_66' title='bbox 1848 1068 2055 1121; x_wconf 78' lang='lat' dir='ltr'><strong>exsilio.</strong></span> 
     </span>
    </p>
   </div>
   <div class='ocr_carea' id='block_1_12' title="bbox 494 1158 2056 1231">
    <p class='ocr_par' dir='ltr' id='par_1_12' title="bbox 494 1158 2056 1231">
     <span class='ocr_line' id='line_1_12' title="bbox 494 1158 2056 1231; baseline -0.004 -13"><span class='ocrx_word' id='word_1_67' title='bbox 494 1163 643 1218; x_wconf 85' lang='lat' dir='ltr'><strong>Unde</strong></span> <span class='ocrx_word' id='word_1_68' title='bbox 675 1162 872 1217; x_wconf 84' lang='lat' dir='ltr'><strong>factum</strong></span> <span class='ocrx_word' id='word_1_69' title='bbox 904 1172 987 1216; x_wconf 86' lang='lat' dir='ltr'><strong>est</strong></span> <span class='ocrx_word' id='word_1_70' title='bbox 1014 1171 1071 1216; x_wconf 93' lang='lat' dir='ltr'><strong>ut</strong></span> <span class='ocrx_word' id='word_1_71' title='bbox 1093 1162 1203 1231; x_wconf 90' lang='lat' dir='ltr'><strong>jam</strong></span> <span class='ocrx_word' id='word_1_72' title='bbox 1246 1163 1297 1215; x_wconf 90' lang='lat' dir='ltr'><strong>in</strong></span> <span class='ocrx_word' id='word_1_73' title='bbox 1332 1162 1575 1230; x_wconf 71' lang='lat' dir='ltr'><strong>praesenti</strong></span> <span class='ocrx_word' id='word_1_74' title='bbox 1608 1158 2056 1225; x_wconf 87' lang='lat' dir='ltr'><strong>benedictionem,</strong></span> 
     </span>
    </p>
   </div>
   <div class='ocr_carea' id='block_1_13' title="bbox 493 1248 2057 1319">
    <p class='ocr_par' dir='ltr' id='par_1_13' title="bbox 493 1248 2057 1319">
     <span class='ocr_line' id='line_1_13' title="bbox 493 1248 2057 1319; baseline -0.001 -16"><span class='ocrx_word' id='word_1_75' title='bbox 493 1249 787 1303; x_wconf 85' lang='lat' dir='ltr'><strong>futurorum</strong></span> <span class='ocrx_word' id='word_1_76' title='bbox 828 1251 1143 1318; x_wconf 81' lang='lat' dir='ltr'><strong>impatiens,</strong></span> <span class='ocrx_word' id='word_1_77' title='bbox 1183 1250 1539 1319; x_wconf 86' lang='lat' dir='ltr'><strong>dispensaret,</strong></span> <span class='ocrx_word' id='word_1_78' title='bbox 1593 1260 1649 1304; x_wconf 92' lang='lat' dir='ltr'><strong>et</strong></span> <span class='ocrx_word' id='word_1_79' title='bbox 1693 1248 2057 1302; x_wconf 88' lang='lat' dir='ltr'><strong>fidelissimum</strong></span> 
     </span>
    </p>
   </div>
   <div class='ocr_carea' id='block_1_14' title="bbox 490 1341 2062 1410">
    <p class='ocr_par' dir='ltr' id='par_1_14' title="bbox 490 1341 2062 1410">
     <span class='ocr_line' id='line_1_14' title="bbox 490 1341 2062 1410; baseline -0.001 -15"><span class='ocrx_word' id='word_1_80' title='bbox 490 1341 751 1395; x_wconf 87' lang='lat' dir='ltr'><strong>famulum</strong></span> <span class='ocrx_word' id='word_1_81' title='bbox 779 1357 934 1395; x_wconf 90' lang='lat' dir='ltr'><strong>suum</strong></span> <span class='ocrx_word' id='word_1_82' title='bbox 959 1358 1119 1410; x_wconf 83' lang='lat' dir='ltr'><strong>super</strong></span> <span class='ocrx_word' id='word_1_83' title='bbox 1141 1342 1520 1397; x_wconf 74' lang='lat' dir='ltr'><strong>candelabrum</strong></span> <span class='ocrx_word' id='word_1_84' title='bbox 1544 1342 1732 1394; x_wconf 89' lang='lat' dir='ltr'><strong>domus</strong></span> <span class='ocrx_word' id='word_1_85' title='bbox 1760 1356 1872 1394; x_wconf 69' lang='lat' dir='ltr'><strong>sua:</strong></span> <span class='ocrx_word' id='word_1_86' title='bbox 1892 1382 1905 1402; x_wconf 91' lang='lat'><strong>,</strong></span> <span class='ocrx_word' id='word_1_87' title='bbox 1935 1355 2062 1394; x_wconf 87' lang='lat' dir='ltr'><strong>coo-</strong></span> 
     </span>
    </p>
   </div>
   <div class='ocr_carea' id='block_1_15' title="bbox 488 1430 2060 1502">
    <p class='ocr_par' dir='ltr' id='par_1_15' title="bbox 488 1430 2060 1502">
     <span class='ocr_line' id='line_1_15' title="bbox 488 1430 2060 1502; baseline -0.003 -15"><span class='ocrx_word' id='word_1_88' title='bbox 488 1443 708 1502; x_wconf 87' lang='lat' dir='ltr'><strong>perante</strong></span> <span class='ocrx_word' id='word_1_89' title='bbox 737 1434 1119 1494; x_wconf 87' lang='lat' dir='ltr'><strong>misericordia.</strong></span> <span class='ocrx_word' id='word_1_90' title='bbox 1140 1434 1374 1499; x_wconf 88' lang='lat' dir='ltr'><strong>justitia,</strong></span> <span class='ocrx_word' id='word_1_91' title='bbox 1418 1432 1742 1493; x_wconf 83' lang='lat' dir='ltr'><strong>sinceritate,</strong></span> <span class='ocrx_word' id='word_1_92' title='bbox 1775 1430 2060 1483; x_wconf 81' lang='lat' dir='ltr'><strong>continen-</strong></span> 
     </span>
    </p>
   </div>
   <div class='ocr_carea' id='block_1_16' title="bbox 490 1521 2057 1592">
    <p class='ocr_par' dir='ltr' id='par_1_16' title="bbox 490 1521 2057 1592">
     <span class='ocr_line' id='line_1_16' title="bbox 490 1521 2057 1592; baseline -0.002 -17"><span class='ocrx_word' id='word_1_93' title='bbox 490 1522 588 1587; x_wconf 85' lang='lat' dir='ltr'><strong>tia,</strong></span> <span class='ocrx_word' id='word_1_94' title='bbox 617 1524 964 1592; x_wconf 72' lang='lat' dir='ltr'><strong>benignitate,</strong></span> <span class='ocrx_word' id='word_1_95' title='bbox 1016 1524 1063 1577; x_wconf 93' lang='lat' dir='ltr'><strong>id</strong></span> <span class='ocrx_word' id='word_1_96' title='bbox 1096 1532 1201 1587; x_wconf 88' lang='lat' dir='ltr'><strong>est,</strong></span> <span class='ocrx_word' id='word_1_97' title='bbox 1251 1523 1563 1578; x_wconf 79' lang='lat' dir='ltr'><strong>domeSticis</strong></span> <span class='ocrx_word' id='word_1_98' title='bbox 1597 1521 2057 1589; x_wconf 74' lang='lat' dir='ltr'><strong>suffragatoribus,</strong></span> 
     </span>
    </p>
   </div>
   <div class='ocr_carea' id='block_1_17' title="bbox 488 1614 2059 1683">
    <p class='ocr_par' dir='ltr' id='par_1_17' title="bbox 488 1614 2059 1683">
     <span class='ocr_line' id='line_1_17' title="bbox 488 1614 2059 1683; baseline -0.002 -15"><span class='ocrx_word' id='word_1_99' title='bbox 488 1614 823 1668; x_wconf 86' lang='lat' dir='ltr'><strong>sublimaret.</strong></span> <span class='ocrx_word' id='word_1_100' title='bbox 875 1616 1011 1669; x_wconf 84' lang='lat' dir='ltr'><strong>Ecce</strong></span> <span class='ocrx_word' id='word_1_101' title='bbox 1054 1615 1194 1683; x_wconf 85' lang='lat' dir='ltr'><strong>quali</strong></span> <span class='ocrx_word' id='word_1_102' title='bbox 1244 1618 1412 1683; x_wconf 90' lang='lat' dir='ltr'><strong>pretio</strong></span> <span class='ocrx_word' id='word_1_103' title='bbox 1454 1614 1703 1669; x_wconf 84' lang='lat' dir='ltr'><strong>Ruricius</strong></span> <span class='ocrx_word' id='word_1_104' title='bbox 1738 1630 1888 1667; x_wconf 90' lang='lat' dir='ltr'><strong>meus</strong></span> <span class='ocrx_word' id='word_1_105' title='bbox 1917 1627 2059 1665; x_wconf 88' lang='lat' dir='ltr'><strong>sum-</strong></span> 
     </span>
    </p>
   </div>
   <div class='ocr_carea' id='block_1_18' title="bbox 490 1705 2057 1774">
    <p class='ocr_par' dir='ltr' id='par_1_18' title="bbox 490 1705 2057 1774">
     <span class='ocr_line' id='line_1_18' title="bbox 490 1705 2057 1774; baseline -0.001 -16"><span class='ocrx_word' id='word_1_106' title='bbox 490 1720 635 1758; x_wconf 90' lang='lat' dir='ltr'><strong>mum</strong></span> <span class='ocrx_word' id='word_1_107' title='bbox 687 1706 1044 1759; x_wconf 88' lang='lat' dir='ltr'><strong>sacerdotium</strong></span> <span class='ocrx_word' id='word_1_108' title='bbox 1082 1706 1428 1773; x_wconf 75' lang='lat' dir='ltr'><strong>comparavit.</strong></span> <span class='ocrx_word' id='word_1_109' title='bbox 1489 1705 1638 1761; x_wconf 89' lang='lat' dir='ltr'><strong>Unde</strong></span> <span class='ocrx_word' id='word_1_110' title='bbox 1683 1706 1831 1769; x_wconf 85' lang='lat' dir='ltr'><strong>emit,</strong></span> <span class='ocrx_word' id='word_1_111' title='bbox 1888 1707 2057 1774; x_wconf 90' lang='lat' dir='ltr'><strong>ipsum</strong></span> 
     </span>
    </p>
   </div>
   <div class='ocr_carea' id='block_1_19' title="bbox 490 1786 2136 1867">
    <p class='ocr_par' dir='ltr' id='par_1_19' title="bbox 490 1786 2136 1867">
     <span class='ocr_line' id='line_1_19' title="bbox 490 1786 2136 1867; baseline -0.004 -16"><span class='ocrx_word' id='word_1_112' title='bbox 490 1806 569 1851; x_wconf 84' lang='lat' dir='ltr'><strong>est</strong></span> <span class='ocrx_word' id='word_1_113' title='bbox 591 1797 729 1865; x_wconf 92' lang='lat' dir='ltr'><strong>quod</strong></span> <span class='ocrx_word' id='word_1_114' title='bbox 761 1798 917 1863; x_wconf 87' lang='lat' dir='ltr'><strong>emit;</strong></span> <span class='ocrx_word' id='word_1_115' title='bbox 948 1807 1003 1851; x_wconf 90' lang='lat' dir='ltr'><strong>et</strong></span> <span class='ocrx_word' id='word_1_116' title='bbox 1031 1797 1251 1851; x_wconf 78' lang='lat' dir='ltr'><strong>teStibus</strong></span> <span class='ocrx_word' id='word_1_117' title='bbox 1275 1799 1504 1867; x_wconf 87' lang='lat' dir='ltr'><strong>propriis</strong></span> <span class='ocrx_word' id='word_1_118' title='bbox 1534 1799 1970 1860; x_wconf 76' lang='lat' dir='ltr'><strong>acclamantibus,</strong></span> <span class='ocrx_word' id='word_1_119' title='bbox 2008 1799 2057 1850; x_wconf 90' lang='lat' dir='ltr'><strong>in</strong></span> <span class='ocrx_word' id='word_1_120' title='bbox 2092 1786 2136 1845; x_wconf 84' lang='grc' dir='ltr'><strong>Β</strong></span> 
     </span>
    </p>
   </div>
   <div class='ocr_carea' id='block_1_20' title="bbox 486 1888 2057 1957">
    <p class='ocr_par' dir='ltr' id='par_1_20' title="bbox 486 1888 2057 1957">
     <span class='ocr_line' id='line_1_20' title="bbox 486 1888 2057 1957; baseline 0.001 -16"><span class='ocrx_word' id='word_1_121' title='bbox 486 1904 545 1942; x_wconf 89' lang='lat' dir='ltr'><strong>se</strong></span> <span class='ocrx_word' id='word_1_122' title='bbox 570 1888 787 1943; x_wconf 90' lang='lat' dir='ltr'><strong>honoris</strong></span> <span class='ocrx_word' id='word_1_123' title='bbox 820 1904 1028 1953; x_wconf 89' lang='lat' dir='ltr'><strong>causas,</strong></span> <span class='ocrx_word' id='word_1_124' title='bbox 1059 1890 1258 1957; x_wconf 73' lang='lat' dir='ltr'><strong>refugio</strong></span> <span class='ocrx_word' id='word_1_125' title='bbox 1291 1890 1509 1943; x_wconf 87' lang='lat' dir='ltr'><strong>honoris</strong></span> <span class='ocrx_word' id='word_1_126' title='bbox 1538 1890 1802 1947; x_wconf 81' lang='lat' dir='ltr'><strong>exhibuit.</strong></span> <span class='ocrx_word' id='word_1_127' title='bbox 1829 1890 2057 1942; x_wconf 88' lang='lat' dir='ltr'><strong>Tantum</strong></span> 
     </span>
    </p>
   </div>
   <div class='ocr_carea' id='block_1_21' title="bbox 487 1978 2057 2047">
    <p class='ocr_par' dir='ltr' id='par_1_21' title="bbox 487 1978 2057 2047">
     <span class='ocr_line' id='line_1_21' title="bbox 487 1978 2057 2047; baseline -0.001 -16"><span class='ocrx_word' id='word_1_128' title='bbox 487 1979 668 2047; x_wconf 87' lang='lat' dir='ltr'><strong>itaque</strong></span> <span class='ocrx_word' id='word_1_129' title='bbox 697 1994 889 2031; x_wconf 89' lang='lat' dir='ltr'><strong>munus</strong></span> <span class='ocrx_word' id='word_1_130' title='bbox 930 1979 1028 2031; x_wconf 87' lang='lat' dir='ltr'><strong>scit</strong></span> <span class='ocrx_word' id='word_1_131' title='bbox 1076 1978 1126 2031; x_wconf 93' lang='lat' dir='ltr'><strong>in</strong></span> <span class='ocrx_word' id='word_1_132' title='bbox 1168 1978 1368 2031; x_wconf 74' lang='lat' dir='ltr'><strong>(&#39;hristi</strong></span> <span class='ocrx_word' id='word_1_133' title='bbox 1405 1979 1619 2032; x_wconf 87' lang='lat' dir='ltr'><strong>nomine</strong></span> <span class='ocrx_word' id='word_1_134' title='bbox 1660 1978 1929 2031; x_wconf 89' lang='lat' dir='ltr'><strong>custodire</strong></span> <span class='ocrx_word' id='word_1_135' title='bbox 1971 1979 2057 2045; x_wconf 89' lang='lat' dir='ltr'><strong>qui</strong></span> 
     </span>
    </p>
   </div>
   <div class='ocr_carea' id='block_1_22' title="bbox 488 2070 975 2138">
    <p class='ocr_par' dir='ltr' id='par_1_22' title="bbox 488 2070 975 2138">
     <span class='ocr_line' id='line_1_22' title="bbox 488 2070 975 2138; baseline 0.008 -15"><span class='ocrx_word' id='word_1_136' title='bbox 488 2070 646 2123; x_wconf 82' lang='lat' dir='ltr'><strong>scivit</strong></span> <span class='ocrx_word' id='word_1_137' title='bbox 674 2070 975 2138; x_wconf 86' lang='lat' dir='ltr'><strong>acquirere.</strong></span> 
     </span>
    </p>
   </div>
   <div class='ocr_carea' id='block_1_23' title="bbox 560 2159 2057 2228">
    <p class='ocr_par' dir='ltr' id='par_1_23' title="bbox 560 2159 2057 2228">
     <span class='ocr_line' id='line_1_23' title="bbox 560 2159 2057 2228; baseline 0 -17"><span class='ocrx_word' id='word_1_138' title='bbox 560 2159 756 2212; x_wconf 89' lang='lat' dir='ltr'><strong>llarnm</strong></span> <span class='ocrx_word' id='word_1_139' title='bbox 804 2169 979 2213; x_wconf 89' lang='lat' dir='ltr'><strong>autem</strong></span> <span class='ocrx_word' id='word_1_140' title='bbox 1033 2161 1343 2227; x_wconf 88' lang='lat' dir='ltr'><strong>portitorem</strong></span> <span class='ocrx_word' id='word_1_141' title='bbox 1392 2168 1635 2213; x_wconf 90' lang='lat' dir='ltr'><strong>sanctum</strong></span> <span class='ocrx_word' id='word_1_142' title='bbox 1689 2159 2057 2228; x_wconf 74' lang='lat' dir='ltr'><strong>presbyterum</strong></span> 
     </span>
    </p>
   </div>
   <div class='ocr_carea' id='block_1_24' title="bbox 488 2246 2061 2319">
    <p class='ocr_par' dir='ltr' id='par_1_24' title="bbox 488 2246 2061 2319">
     <span class='ocr_line' id='line_1_24' title="bbox 488 2246 2061 2319; baseline -0.001 -17"><span class='ocrx_word' id='word_1_143' title='bbox 488 2246 817 2302; x_wconf 86' lang='lat' dir='ltr'><strong>Florentium</strong></span> <span class='ocrx_word' id='word_1_144' title='bbox 850 2248 975 2301; x_wconf 89' lang='lat' dir='ltr'><strong>mihi</strong></span> <span class='ocrx_word' id='word_1_145' title='bbox 1004 2250 1111 2317; x_wconf 88' lang='lat' dir='ltr'><strong>jam</strong></span> <span class='ocrx_word' id='word_1_146' title='bbox 1143 2250 1231 2303; x_wconf 92' lang='lat' dir='ltr'><strong>diu</strong></span> <span class='ocrx_word' id='word_1_147' title='bbox 1262 2250 1554 2317; x_wconf 88' lang='lat' dir='ltr'><strong>cognitum,</strong></span> <span class='ocrx_word' id='word_1_148' title='bbox 1587 2259 1641 2302; x_wconf 90' lang='lat' dir='ltr'><strong>et</strong></span> <span class='ocrx_word' id='word_1_149' title='bbox 1670 2248 2061 2319; x_wconf 49' lang='lat' dir='ltr'><strong>exemplis‘ma-</strong></span> 
     </span>
    </p>
   </div>
   <div class='ocr_carea' id='block_1_25' title="bbox 487 2338 2061 2409">
    <p class='ocr_par' dir='ltr' id='par_1_25' title="bbox 487 2338 2061 2409">
     <span class='ocr_line' id='line_1_25' title="bbox 487 2338 2061 2409; baseline 0.001 -21"><span class='ocrx_word' id='word_1_150' title='bbox 487 2338 656 2405; x_wconf 86' lang='lat' dir='ltr'><strong>gistri,</strong></span> <span class='ocrx_word' id='word_1_151' title='bbox 686 2351 739 2391; x_wconf 89' lang='lat' dir='ltr'><strong>et</strong></span> <span class='ocrx_word' id='word_1_152' title='bbox 772 2354 975 2391; x_wconf 85' lang='lat' dir='ltr'><strong>morum</strong></span> <span class='ocrx_word' id='word_1_153' title='bbox 1015 2340 1234 2393; x_wconf 89' lang='lat' dir='ltr'><strong>floribus</strong></span> <span class='ocrx_word' id='word_1_154' title='bbox 1271 2339 1627 2403; x_wconf 89' lang='lat' dir='ltr'><strong>adornatum;</strong></span> <span class='ocrx_word' id='word_1_155' title='bbox 1674 2339 1761 2409; x_wconf 90' lang='lat' dir='ltr'><strong>qui</strong></span> <span class='ocrx_word' id='word_1_156' title='bbox 1811 2355 1903 2405; x_wconf 86' lang='lat' dir='ltr'><strong>pro</strong></span> <span class='ocrx_word' id='word_1_157' title='bbox 1942 2355 2061 2407; x_wconf 85' lang='lat' dir='ltr'><strong>ger-</strong></span> 
     </span>
    </p>
   </div>
   <div class='ocr_carea' id='block_1_26' title="bbox 491 2429 2060 2498">
    <p class='ocr_par' dir='ltr' id='par_1_26' title="bbox 491 2429 2060 2498">
     <span class='ocr_line' id='line_1_26' title="bbox 491 2429 2060 2498; baseline 0.001 -17"><span class='ocrx_word' id='word_1_158' title='bbox 491 2443 662 2481; x_wconf 61' lang='lat' dir='ltr'><strong>manae</strong></span> <span class='ocrx_word' id='word_1_159' title='bbox 716 2443 827 2481; x_wconf 74' lang='lat' dir='ltr'><strong>sua:</strong></span> <span class='ocrx_word' id='word_1_160' title='bbox 878 2430 1214 2484; x_wconf 86' lang='lat' dir='ltr'><strong>absolutione</strong></span> <span class='ocrx_word' id='word_1_161' title='bbox 1261 2430 1648 2498; x_wconf 76' lang='lat' dir='ltr'><strong>peregrinatur,</strong></span> <span class='ocrx_word' id='word_1_162' title='bbox 1690 2430 1923 2492; x_wconf 88' lang='lat' dir='ltr'><strong>insinuo,</strong></span> <span class='ocrx_word' id='word_1_163' title='bbox 1970 2429 2060 2498; x_wconf 88' lang='lat' dir='ltr'><strong>qui</strong></span> 
     </span>
    </p>
   </div>
   <div class='ocr_carea' id='block_1_27' title="bbox 492 2520 2058 2589">
    <p class='ocr_par' dir='ltr' id='par_1_27' title="bbox 492 2520 2058 2589">
     <span class='ocr_line' id='line_1_27' title="bbox 492 2520 2058 2589; baseline -0.001 -16"><span class='ocrx_word' id='word_1_164' title='bbox 492 2520 622 2573; x_wconf 80' lang='lat' dir='ltr'><strong>mihi</strong></span> <span class='ocrx_word' id='word_1_165' title='bbox 655 2530 1009 2589; x_wconf 89' lang='lat' dir='ltr'><strong>opportunum</strong></span> <span class='ocrx_word' id='word_1_166' title='bbox 1042 2522 1303 2575; x_wconf 84' lang='lat' dir='ltr'><strong>mediator</strong></span> <span class='ocrx_word' id='word_1_167' title='bbox 1325 2522 1566 2589; x_wconf 78' lang='lat' dir='ltr'><strong>ingessit.</strong></span> <span class='ocrx_word' id='word_1_168' title='bbox 1592 2522 1814 2573; x_wconf 83' lang='lat' dir='ltr'><strong>Omnem</strong></span> <span class='ocrx_word' id='word_1_169' title='bbox 1845 2522 2058 2573; x_wconf 89' lang='lat' dir='ltr'><strong>domum</strong></span> 
     </span>
    </p>
   </div>
   <div class='ocr_carea' id='block_1_28' title="bbox 490 2611 2058 2680">
    <p class='ocr_par' dir='ltr' id='par_1_28' title="bbox 490 2611 2058 2680">
     <span class='ocr_line' id='line_1_28' title="bbox 490 2611 2058 2680; baseline -0.001 -16"><span class='ocrx_word' id='word_1_170' title='bbox 490 2620 516 2647; x_wconf 79' lang='grc'><strong><em>⁸</em></strong></span> <span class='ocrx_word' id='word_1_171' title='bbox 549 2622 807 2676; x_wconf 91' lang='lat' dir='ltr'><strong>nostram,</strong></span> <span class='ocrx_word' id='word_1_172' title='bbox 834 2612 1071 2665; x_wconf 90' lang='lat' dir='ltr'><strong>seniores</strong></span> <span class='ocrx_word' id='word_1_173' title='bbox 1116 2627 1237 2665; x_wconf 92' lang='lat' dir='ltr'><strong>cum</strong></span> <span class='ocrx_word' id='word_1_174' title='bbox 1283 2612 1583 2679; x_wconf 88' lang='lat' dir='ltr'><strong>junioribus</strong></span> <span class='ocrx_word' id='word_1_175' title='bbox 1626 2620 1850 2680; x_wconf 89' lang='lat' dir='ltr'><strong>paterno</strong></span> <span class='ocrx_word' id='word_1_176' title='bbox 1892 2611 2058 2678; x_wconf 77' lang='lat' dir='ltr'><strong>Sospi-</strong></span> 
     </span>
    </p>
   </div>
   <div class='ocr_carea' id='block_1_29' title="bbox 492 2701 2059 2767">
    <p class='ocr_par' dir='ltr' id='par_1_29' title="bbox 492 2701 2059 2767">
     <span class='ocr_line' id='line_1_29' title="bbox 492 2701 2059 2767; baseline 0 -13"><span class='ocrx_word' id='word_1_177' title='bbox 492 2715 666 2757; x_wconf 87' lang='lat' dir='ltr'><strong>tamus</strong></span> <span class='ocrx_word' id='word_1_178' title='bbox 694 2701 906 2756; x_wconf 78' lang='lat' dir='ltr'><strong>aﬁ&#39;cctu.</strong></span> <span class='ocrx_word' id='word_1_179' title='bbox 940 2702 1191 2757; x_wconf 89' lang='lat' dir='ltr'><strong>Conservi</strong></span> <span class='ocrx_word' id='word_1_180' title='bbox 1233 2704 1360 2767; x_wconf 91' lang='lat' dir='ltr'><strong>mei,</strong></span> <span class='ocrx_word' id='word_1_181' title='bbox 1391 2703 1659 2757; x_wconf 86' lang='lat' dir='ltr'><strong>debitores</strong></span> <span class='ocrx_word' id='word_1_182' title='bbox 1688 2710 1742 2756; x_wconf 90' lang='lat' dir='ltr'><strong>et</strong></span> <span class='ocrx_word' id='word_1_183' title='bbox 1767 2702 2059 2755; x_wconf 82' lang='lat' dir='ltr'><strong>admirato-</strong></span> 
     </span>
    </p>
   </div>
   <div class='ocr_carea' id='block_1_30' title="bbox 489 2792 2059 2863">
    <p class='ocr_par' dir='ltr' id='par_1_30' title="bbox 489 2792 2059 2863">
     <span class='ocr_line' id='line_1_30' title="bbox 489 2792 2059 2863; baseline 0 -15"><span class='ocrx_word' id='word_1_184' title='bbox 489 2809 575 2848; x_wconf 87' lang='lat' dir='ltr'><strong>res</strong></span> <span class='ocrx_word' id='word_1_185' title='bbox 599 2794 781 2861; x_wconf 81' lang='lat' dir='ltr'><strong>veSIri,</strong></span> <span class='ocrx_word' id='word_1_186' title='bbox 808 2811 1013 2849; x_wconf 91' lang='lat' dir='ltr'><strong>mecum</strong></span> <span class='ocrx_word' id='word_1_187' title='bbox 1038 2798 1468 2850; x_wconf 84' lang='lat' dir='ltr'><strong>reverentissime</strong></span> <span class='ocrx_word' id='word_1_188' title='bbox 1498 2797 1780 2863; x_wconf 79' lang='lat' dir='ltr'><strong>sOSpitant.</strong></span> <span class='ocrx_word' id='word_1_189' title='bbox 1805 2792 2059 2848; x_wconf 84' lang='lat' dir='ltr'><strong>Dominus</strong></span> 
     </span>
    </p>
   </div>
   <div class='ocr_carea' id='block_1_31' title="bbox 486 2887 2057 2955">
    <p class='ocr_par' dir='ltr' id='par_1_31' title="bbox 486 2887 2057 2955">
     <span class='ocr_line' id='line_1_31' title="bbox 486 2887 2057 2955; baseline 0.002 -15"><span class='ocrx_word' id='word_1_190' title='bbox 486 2897 671 2941; x_wconf 89' lang='lat' dir='ltr'><strong>noster</strong></span> <span class='ocrx_word' id='word_1_191' title='bbox 712 2887 1154 2955; x_wconf 83' lang='lat' dir='ltr'><strong>magnificandam</strong></span> <span class='ocrx_word' id='word_1_192' title='bbox 1206 2889 1334 2943; x_wconf 89' lang='lat' dir='ltr'><strong>mihi</strong></span> <span class='ocrx_word' id='word_1_193' title='bbox 1384 2888 1765 2943; x_wconf 81' lang='lat' dir='ltr'><strong>beatitudinem</strong></span> <span class='ocrx_word' id='word_1_194' title='bbox 1823 2898 2057 2943; x_wconf 70' lang='lat' dir='ltr'><strong>vestram</strong></span> 
     </span>
    </p>
   </div>
   <div class='ocr_carea' id='block_1_32' title="bbox 489 2978 2057 3049">
    <p class='ocr_par' dir='ltr' id='par_1_32' title="bbox 489 2978 2057 3049">
     <span class='ocr_line' id='line_1_32' title="bbox 489 2978 2057 3049; baseline 0.003 -20"><span class='ocrx_word' id='word_1_195' title='bbox 489 2978 739 3032; x_wconf 54' lang='lat' dir='ltr'><strong>Eeelesix</strong></span> <span class='ocrx_word' id='word_1_196' title='bbox 767 2993 876 3032; x_wconf 76' lang='lat' dir='ltr'><strong>sua:</strong></span> <span class='ocrx_word' id='word_1_197' title='bbox 906 2978 1249 3047; x_wconf 79' lang='lat' dir='ltr'><strong>profectibus,</strong></span> <span class='ocrx_word' id='word_1_198' title='bbox 1270 2980 1568 3048; x_wconf 83' lang='lat' dir='ltr'><strong>nostrisque</strong></span> <span class='ocrx_word' id='word_1_199' title='bbox 1598 2980 1803 3049; x_wconf 78' lang='lat' dir='ltr'><strong>gaudiis</strong></span> <span class='ocrx_word' id='word_1_200' title='bbox 1827 2980 2057 3048; x_wconf 87' lang='lat' dir='ltr'><strong>perfecta</strong></span> 
     </span>
    </p>
   </div>
   <div class='ocr_carea' id='block_1_33' title="bbox 488 3067 2051 3137">
    <p class='ocr_par' dir='ltr' id='par_1_33' title="bbox 488 3067 2051 3137">
     <span class='ocr_line' id='line_1_33' title="bbox 488 3067 2051 3137; baseline 0.001 -18"><span class='ocrx_word' id='word_1_201' title='bbox 488 3067 823 3135; x_wconf 72' lang='lat' dir='ltr'><strong>longievitate</strong></span> <span class='ocrx_word' id='word_1_202' title='bbox 846 3078 1156 3133; x_wconf 82' lang='lat' dir='ltr'><strong>conservet,</strong></span> <span class='ocrx_word' id='word_1_203' title='bbox 1208 3068 1423 3123; x_wconf 92' lang='lat' dir='ltr'><strong>domine</strong></span> <span class='ocrx_word' id='word_1_204' title='bbox 1475 3069 1789 3123; x_wconf 86' lang='lat' dir='ltr'><strong>beatissime</strong></span> <span class='ocrx_word' id='word_1_205' title='bbox 1817 3114 1831 3137; x_wconf 93' lang='lat'><strong>,</strong></span> <span class='ocrx_word' id='word_1_206' title='bbox 1876 3068 2051 3123; x_wconf 89' lang='lat' dir='ltr'><strong>debita</strong></span> 
     </span>
    </p>
   </div>
   <div class='ocr_carea' id='block_1_34' title="bbox 489 3134 2126 3230">
    <p class='ocr_par' dir='ltr' id='par_1_34' title="bbox 489 3134 2126 3230">
     <span class='ocr_line' id='line_1_34' title="bbox 489 3134 2126 3230; baseline 0.002 -20"><span class='ocrx_word' id='word_1_207' title='bbox 489 3134 684 3227; x_wconf 81' lang='lat' dir='ltr'><strong>pietate</strong></span> <span class='ocrx_word' id='word_1_208' title='bbox 741 3158 1075 3227; x_wconf 82' lang='lat' dir='ltr'><strong>suspiciende</strong></span> <span class='ocrx_word' id='word_1_209' title='bbox 1137 3169 1294 3227; x_wconf 89' lang='lat' dir='ltr'><strong>atque</strong></span> <span class='ocrx_word' id='word_1_210' title='bbox 1350 3160 1641 3227; x_wconf 90' lang='lat' dir='ltr'><strong>apostolica</strong></span> <span class='ocrx_word' id='word_1_211' title='bbox 1684 3134 1826 3214; x_wconf 79' lang='lat' dir='ltr'><strong>sede</strong></span> <span class='ocrx_word' id='word_1_212' title='bbox 1856 3160 2051 3230; x_wconf 85' lang='lat' dir='ltr'><strong>digois-</strong></span> <span class='ocrx_word' id='word_1_213' title='bbox 2080 3134 2126 3201; x_wconf 61' lang='grc' dir='ltr'><strong>(ἶ</strong></span> 
     </span>
    </p>
   </div>
   <div class='ocr_carea' id='block_1_35' title="bbox 489 3246 826 3301">
    <p class='ocr_par' dir='ltr' id='par_1_35' title="bbox 489 3246 826 3301">
     <span class='ocr_line' id='line_1_35' title="bbox 489 3246 826 3301; baseline 0.003 -1"><span class='ocrx_word' id='word_1_214' title='bbox 489 3246 620 3301; x_wconf 86' lang='lat' dir='ltr'><strong>sitne</strong></span> <span class='ocrx_word' id='word_1_215' title='bbox 644 3247 826 3301; x_wconf 84' lang='lat' dir='ltr'><strong>frater.</strong></span> 
     </span>
    </p>
   </div>
   <div class='ocr_carea' id='block_1_36' title="bbox 820 3342 1709 3401">
    <p class='ocr_par' dir='ltr' id='par_1_36' title="bbox 820 3342 1709 3401">
     <span class='ocr_line' id='line_1_36' title="bbox 820 3342 1709 3401; baseline 0.003 -4"><span class='ocrx_word' id='word_1_216' title='bbox 820 3342 1173 3397; x_wconf 56' lang='lat' dir='ltr'><strong>EPISTULA]</strong></span> <span class='ocrx_word' id='word_1_217' title='bbox 1228 3343 1709 3401; x_wconf 65' lang='lat' dir='ltr'><strong>PSEUDONYME</strong></span> 
     </span>
    </p>
   </div>
   <div class='ocr_carea' id='block_1_37' title="bbox 489 3452 2053 3530">
    <p class='ocr_par' dir='ltr' id='par_1_37' title="bbox 489 3452 2053 3530">
     <span class='ocr_line' id='line_1_37' title="bbox 489 3452 2053 3530; baseline 0.003 -22"><span class='ocrx_word' id='word_1_218' title='bbox 489 3454 533 3508; x_wconf 78' lang='grc' dir='ltr'><strong><em>Δ</em></strong></span> <span class='ocrx_word' id='word_1_219' title='bbox 569 3452 761 3508; x_wconf 79' lang='lat' dir='ltr'><strong>Fausto</strong></span> <span class='ocrx_word' id='word_1_220' title='bbox 792 3457 858 3509; x_wconf 84' lang='lat' dir='ltr'><strong>ad</strong></span> <span class='ocrx_word' id='word_1_221' title='bbox 886 3456 1155 3530; x_wconf 81' lang='lat' dir='ltr'><strong>Ruricium</strong></span> <span class='ocrx_word' id='word_1_222' title='bbox 1205 3456 1602 3530; x_wconf 70' lang='grc' dir='ltr'><strong>Ιιεηιριιὶςεηιεηι</strong></span> <span class='ocrx_word' id='word_1_223' title='bbox 1650 3459 1938 3530; x_wconf 75' lang='lat' dir='ltr'><strong>episcopum</strong></span> <span class='ocrx_word' id='word_1_224' title='bbox 1966 3460 2053 3513; x_wconf 82' lang='lat' dir='ltr'><strong>sub</strong></span> 
     </span>
    </p>
   </div>
   <div class='ocr_carea' id='block_1_38' title="bbox 858 3528 1669 3599">
    <p class='ocr_par' dir='ltr' id='par_1_38' title="bbox 858 3528 1669 3599">
     <span class='ocr_line' id='line_1_38' title="bbox 858 3528 1669 3599; baseline 0.009 -21"><span class='ocrx_word' id='word_1_225' title='bbox 858 3528 1114 3579; x_wconf 82' lang='lat' dir='ltr'><strong>variorum</strong></span> <span class='ocrx_word' id='word_1_226' title='bbox 1142 3528 1425 3580; x_wconf 83' lang='lat' dir='ltr'><strong>nominibus</strong></span> <span class='ocrx_word' id='word_1_227' title='bbox 1450 3531 1669 3599; x_wconf 65' lang='lat' dir='ltr'><strong>scripta.</strong></span> 
     </span>
    </p>
   </div>
   <div class='ocr_carea' id='block_1_39' title="bbox 999 3618 1531 3674">
    <p class='ocr_par' dir='ltr' id='par_1_39' title="bbox 999 3618 1531 3674">
     <span class='ocr_line' id='line_1_39' title="bbox 999 3618 1531 3674; baseline 0.006 -3"><span class='ocrx_word' id='word_1_228' title='bbox 999 3618 1325 3673; x_wconf 80' lang='lat' dir='ltr'><strong>EPISTULA</strong></span> <span class='ocrx_word' id='word_1_229' title='bbox 1367 3619 1454 3673; x_wconf 80' lang='grc' dir='ltr'><strong>ΧΙΙ</strong></span> <span class='ocrx_word' id='word_1_230' title='bbox 1482 3619 1531 3674; x_wconf 73' lang='grc' dir='ltr'><strong>δ.</strong></span> 
     </span>
    </p>
   </div>
   <div class='ocr_carea' id='block_1_40' title="bbox 562 3730 2055 3801">
    <p class='ocr_par' dir='ltr' id='par_1_40' title="bbox 562 3730 2055 3801">
     <span class='ocr_line' id='line_1_40' title="bbox 562 3730 2055 3801; baseline 0.005 -17"><span class='ocrx_word' id='word_1_231' title='bbox 562 3734 781 3787; x_wconf 89' lang='lat' dir='ltr'><strong>Domino</strong></span> <span class='ocrx_word' id='word_1_232' title='bbox 811 3730 1082 3801; x_wconf 77' lang='lat' dir='ltr'><strong>religionis</strong></span> <span class='ocrx_word' id='word_1_233' title='bbox 1121 3732 1322 3787; x_wconf 85' lang='lat' dir='ltr'><strong>honore</strong></span> <span class='ocrx_word' id='word_1_234' title='bbox 1358 3732 1574 3787; x_wconf 90' lang='lat' dir='ltr'><strong>sublimi</strong></span> <span class='ocrx_word' id='word_1_235' title='bbox 1617 3748 1680 3790; x_wconf 87' lang='lat' dir='ltr'><strong>ac</strong></span> <span class='ocrx_word' id='word_1_236' title='bbox 1703 3734 1823 3790; x_wconf 91' lang='lat' dir='ltr'><strong>fidei</strong></span> <span class='ocrx_word' id='word_1_237' title='bbox 1855 3736 2055 3792; x_wconf 86' lang='lat' dir='ltr'><strong>meritis</strong></span> 
     </span>
    </p>
   </div>
   <div class='ocr_carea' id='block_1_41' title="bbox 488 3821 1520 3887">
    <p class='ocr_par' dir='ltr' id='par_1_41' title="bbox 488 3821 1520 3887">
     <span class='ocr_line' id='line_1_41' title="bbox 488 3821 1520 3887; baseline 0.004 -13"><span class='ocrx_word' id='word_1_238' title='bbox 488 3821 875 3887; x_wconf 89' lang='lat' dir='ltr'><strong>magnificando</strong></span> <span class='ocrx_word' id='word_1_239' title='bbox 901 3822 1007 3875; x_wconf 90' lang='lat' dir='ltr'><strong>filio</strong></span> <span class='ocrx_word' id='word_1_240' title='bbox 1035 3822 1252 3877; x_wconf 81' lang='lat' dir='ltr'><strong>Ruricio</strong></span> <span class='ocrx_word' id='word_1_241' title='bbox 1281 3824 1520 3879; x_wconf 64' lang='lat' dir='ltr'><strong>Grarcus.</strong></span> 
     </span>
    </p>
   </div>
   <div class='ocr_carea' id='block_1_42' title="bbox 554 3915 2059 3986">
    <p class='ocr_par' dir='ltr' id='par_1_42' title="bbox 554 3915 2059 3986">
     <span class='ocr_line' id='line_1_42' title="bbox 554 3915 2059 3986; baseline 0.005 -16"><span class='ocrx_word' id='word_1_242' title='bbox 554 3915 762 3970; x_wconf 87' lang='lat' dir='ltr'><strong>Gratias</strong></span> <span class='ocrx_word' id='word_1_243' title='bbox 793 3916 1034 3981; x_wconf 91' lang='lat' dir='ltr'><strong>Domino,</strong></span> <span class='ocrx_word' id='word_1_244' title='bbox 1068 3917 1209 3986; x_wconf 92' lang='lat' dir='ltr'><strong>quod</strong></span> <span class='ocrx_word' id='word_1_245' title='bbox 1238 3918 1360 3973; x_wconf 86' lang='lat' dir='ltr'><strong>fidei</strong></span> <span class='ocrx_word' id='word_1_246' title='bbox 1402 3926 1593 3975; x_wconf 77' lang='lat' dir='ltr'><strong>vestra:</strong></span> <span class='ocrx_word' id='word_1_247' title='bbox 1634 3921 1880 3977; x_wconf 90' lang='lat' dir='ltr'><strong>meritum</strong></span> <span class='ocrx_word' id='word_1_248' title='bbox 1918 3923 2059 3978; x_wconf 85' lang='lat' dir='ltr'><strong>sicut</strong></span> 
     </span>
    </p>
   </div>
   <div class='ocr_carea' id='block_1_43' title="bbox 489 4004 2057 4082">
    <p class='ocr_par' dir='ltr' id='par_1_43' title="bbox 489 4004 2057 4082">
     <span class='ocr_line' id='line_1_43' title="bbox 489 4004 2057 4082; baseline 0.006 -24"><span class='ocrx_word' id='word_1_249' title='bbox 489 4004 700 4073; x_wconf 88' lang='lat' dir='ltr'><strong>proficit</strong></span> <span class='ocrx_word' id='word_1_250' title='bbox 729 4007 1047 4075; x_wconf 81' lang='lat' dir='ltr'><strong>devotione,</strong></span> <span class='ocrx_word' id='word_1_251' title='bbox 1097 4007 1166 4060; x_wconf 88' lang='lat' dir='ltr'><strong>ita</strong></span> <span class='ocrx_word' id='word_1_252' title='bbox 1211 4010 1402 4063; x_wconf 88' lang='lat' dir='ltr'><strong>crescit</strong></span> <span class='ocrx_word' id='word_1_253' title='bbox 1446 4022 1498 4063; x_wconf 87' lang='lat' dir='ltr'><strong>et</strong></span> <span class='ocrx_word' id='word_1_254' title='bbox 1546 4027 1733 4082; x_wconf 87' lang='lat' dir='ltr'><strong>opere.</strong></span> <span class='ocrx_word' id='word_1_255' title='bbox 1784 4013 2057 4067; x_wconf 84' lang='lat' dir='ltr'><strong>Laboran-</strong></span> 
     </span>
    </p>
   </div>
   <div class='ocr_carea' id='block_1_44' title="bbox 488 4098 2058 4172">
    <p class='ocr_par' dir='ltr' id='par_1_44' title="bbox 488 4098 2058 4172">
     <span class='ocr_line' id='line_1_44' title="bbox 488 4098 2058 4172; baseline 0.005 -21"><span class='ocrx_word' id='word_1_256' title='bbox 488 4099 615 4151; x_wconf 85' lang='lat' dir='ltr'><strong>tiom</strong></span> <span class='ocrx_word' id='word_1_257' title='bbox 648 4098 989 4153; x_wconf 76' lang='lat' dir='ltr'><strong>necessitates</strong></span> <span class='ocrx_word' id='word_1_258' title='bbox 1029 4098 1390 4155; x_wconf 87' lang='lat' dir='ltr'><strong>sollicitudine</strong></span> <span class='ocrx_word' id='word_1_259' title='bbox 1424 4104 1702 4171; x_wconf 85' lang='lat' dir='ltr'><strong>praevenis,</strong></span> <span class='ocrx_word' id='word_1_260' title='bbox 1735 4102 2058 4172; x_wconf 78' lang='lat' dir='ltr'><strong>ben‘gnitate</strong></span> 
     </span>
    </p>
   </div>
   <div class='ocr_carea' id='block_1_45' title="bbox 488 4187 2055 4262">
    <p class='ocr_par' dir='ltr' id='par_1_45' title="bbox 488 4187 2055 4262">
     <span class='ocr_line' id='line_1_45' title="bbox 488 4187 2055 4262; baseline 0.005 -21"><span class='ocrx_word' id='word_1_261' title='bbox 488 4187 660 4250; x_wconf 87' lang='lat' dir='ltr'><strong>foves,</strong></span> <span class='ocrx_word' id='word_1_262' title='bbox 689 4187 1018 4244; x_wconf 89' lang='lat' dir='ltr'><strong>humanitate</strong></span> <span class='ocrx_word' id='word_1_263' title='bbox 1043 4200 1332 4246; x_wconf 80' lang='lat' dir='ltr'><strong>sustentas.</strong></span> <span class='ocrx_word' id='word_1_264' title='bbox 1368 4194 1459 4245; x_wconf 91' lang='lat' dir='ltr'><strong>llis</strong></span> <span class='ocrx_word' id='word_1_265' title='bbox 1501 4194 1643 4247; x_wconf 91' lang='lat' dir='ltr'><strong>enim</strong></span> <span class='ocrx_word' id='word_1_266' title='bbox 1699 4194 1879 4259; x_wconf 90' lang='lat' dir='ltr'><strong>rebus,</strong></span> <span class='ocrx_word' id='word_1_267' title='bbox 1906 4195 2055 4262; x_wconf 84' lang='lat' dir='ltr'><strong>juxta</strong></span> 
     </span>
    </p>
   </div>
   <div class='ocr_carea' id='block_1_46' title="bbox 487 4280 2060 4356">
    <p class='ocr_par' dir='ltr' id='par_1_46' title="bbox 487 4280 2060 4356">
     <span class='ocr_line' id='line_1_46' title="bbox 487 4280 2060 4356; baseline 0.004 -22"><span class='ocrx_word' id='word_1_268' title='bbox 487 4280 823 4349; x_wconf 79' lang='lat' dir='ltr'><strong>Apostolum,</strong></span> <span class='ocrx_word' id='word_1_269' title='bbox 852 4281 1033 4347; x_wconf 79' lang='lat' dir='ltr'><strong>spiritu</strong></span> <span class='ocrx_word' id='word_1_270' title='bbox 1072 4283 1341 4349; x_wconf 80' lang='lat' dir='ltr'><strong>ferventes,</strong></span> <span class='ocrx_word' id='word_1_271' title='bbox 1384 4281 1604 4336; x_wconf 85' lang='lat' dir='ltr'><strong>Domino</strong></span> <span class='ocrx_word' id='word_1_272' title='bbox 1632 4286 1922 4350; x_wconf 82' lang='lat' dir='ltr'><strong>servientes,</strong></span> <span class='ocrx_word' id='word_1_273' title='bbox 1969 4304 2060 4356; x_wconf 82' lang='lat' dir='ltr'><strong>spe</strong></span> 
     </span>
    </p>
   </div>
   <div class='ocr_carea' id='block_1_47' title="bbox 486 4372 2057 4443">
    <p class='ocr_par' dir='ltr' id='par_1_47' title="bbox 486 4372 2057 4443">
     <span class='ocr_line' id='line_1_47' title="bbox 486 4372 2057 4443; baseline 0.005 -19"><span class='ocrx_word' id='word_1_274' title='bbox 486 4372 759 4441; x_wconf 76' lang='lat' dir='ltr'><strong>gaudentes</strong></span> <span class='ocrx_word' id='word_1_275' title='bbox 790 4373 968 4443; x_wconf 84' lang='lat' dir='ltr'><strong>(Rom.</strong></span> <span class='ocrx_word' id='word_1_276' title='bbox 1004 4389 1097 4439; x_wconf 69' lang='grc' dir='ltr'><strong>χιι,</strong></span> <span class='ocrx_word' id='word_1_277' title='bbox 1136 4374 1247 4443; x_wconf 75' lang='lat' dir='ltr'><strong>ii),</strong></span> <span class='ocrx_word' id='word_1_278' title='bbox 1298 4374 1503 4429; x_wconf 88' lang='lat' dir='ltr'><strong>divinas</strong></span> <span class='ocrx_word' id='word_1_279' title='bbox 1532 4377 1680 4431; x_wconf 83' lang='lat' dir='ltr'><strong>vobis</strong></span> <span class='ocrx_word' id='word_1_280' title='bbox 1724 4388 2057 4434; x_wconf 65' lang='lat' dir='ltr'><strong>:eternarre-</strong></span> 
     </span>
    </p>
   </div>
   <div class='ocr_carea' id='block_1_48' title="bbox 488 4464 2055 4534">
    <p class='ocr_par' dir='ltr' id='par_1_48' title="bbox 488 4464 2055 4534">
     <span class='ocr_line' id='line_1_48' title="bbox 488 4464 2055 4534; baseline 0.003 -16"><span class='ocrx_word' id='word_1_281' title='bbox 488 4464 798 4519; x_wconf 87' lang='lat' dir='ltr'><strong>tributiones</strong></span> <span class='ocrx_word' id='word_1_282' title='bbox 828 4465 1124 4534; x_wconf 89' lang='lat' dir='ltr'><strong>acquiritis.</strong></span> <span class='ocrx_word' id='word_1_283' title='bbox 1156 4466 1258 4520; x_wconf 87' lang='lat' dir='ltr'><strong>Sed</strong></span> <span class='ocrx_word' id='word_1_284' title='bbox 1301 4466 1352 4521; x_wconf 90' lang='lat' dir='ltr'><strong>in</strong></span> <span class='ocrx_word' id='word_1_285' title='bbox 1381 4467 1707 4522; x_wconf 90' lang='lat' dir='ltr'><strong>sublimitate</strong></span> <span class='ocrx_word' id='word_1_286' title='bbox 1752 4481 1927 4523; x_wconf 90' lang='lat' dir='ltr'><strong>vestra</strong></span> <span class='ocrx_word' id='word_1_287' title='bbox 1960 4471 2055 4524; x_wconf 90' lang='lat' dir='ltr'><strong>ista</strong></span> 
     </span>
    </p>
   </div>
   <div class='ocr_carea' id='block_1_49' title="bbox 490 4558 2061 4630">
    <p class='ocr_par' dir='ltr' id='par_1_49' title="bbox 490 4558 2061 4630">
     <span class='ocr_line' id='line_1_49' title="bbox 490 4558 2061 4630; baseline 0.004 -21"><span class='ocrx_word' id='word_1_288' title='bbox 490 4571 595 4609; x_wconf 90' lang='lat' dir='ltr'><strong>non</strong></span> <span class='ocrx_word' id='word_1_289' title='bbox 628 4572 762 4610; x_wconf 90' lang='lat' dir='ltr'><strong>nova</strong></span> <span class='ocrx_word' id='word_1_290' title='bbox 787 4567 950 4623; x_wconf 89' lang='lat' dir='ltr'><strong>sunt;</strong></span> <span class='ocrx_word' id='word_1_291' title='bbox 986 4558 1108 4627; x_wconf 89' lang='lat' dir='ltr'><strong>quia</strong></span> <span class='ocrx_word' id='word_1_292' title='bbox 1135 4558 1345 4612; x_wconf 90' lang='lat' dir='ltr'><strong>animus</strong></span> <span class='ocrx_word' id='word_1_293' title='bbox 1373 4567 1549 4613; x_wconf 85' lang='lat' dir='ltr'><strong>vester</strong></span> <span class='ocrx_word' id='word_1_294' title='bbox 1588 4559 1720 4613; x_wconf 91' lang='lat' dir='ltr'><strong>sicut</strong></span> <span class='ocrx_word' id='word_1_295' title='bbox 1754 4560 1945 4630; x_wconf 88' lang='lat' dir='ltr'><strong>plenus</strong></span> <span class='ocrx_word' id='word_1_296' title='bbox 1980 4570 2061 4615; x_wconf 89' lang='lat' dir='ltr'><strong>est</strong></span> 
     </span>
    </p>
   </div>
   <div class='ocr_carea' id='block_1_50' title="bbox 488 4646 2053 4720">
    <p class='ocr_par' dir='ltr' id='par_1_50' title="bbox 488 4646 2053 4720">
     <span class='ocr_line' id='line_1_50' title="bbox 488 4646 2053 4720; baseline 0.004 -22"><span class='ocrx_word' id='word_1_297' title='bbox 488 4646 581 4699; x_wconf 88' lang='lat' dir='ltr'><strong>Dei</strong></span> <span class='ocrx_word' id='word_1_298' title='bbox 617 4646 829 4713; x_wconf 86' lang='lat' dir='ltr'><strong>timore,</strong></span> <span class='ocrx_word' id='word_1_299' title='bbox 854 4649 922 4701; x_wconf 89' lang='lat' dir='ltr'><strong>ita</strong></span> <span class='ocrx_word' id='word_1_300' title='bbox 948 4649 1133 4716; x_wconf 86' lang='lat' dir='ltr'><strong>plenus</strong></span> <span class='ocrx_word' id='word_1_301' title='bbox 1159 4658 1240 4703; x_wconf 86' lang='lat' dir='ltr'><strong>est</strong></span> <span class='ocrx_word' id='word_1_302' title='bbox 1262 4651 1515 4714; x_wconf 90' lang='lat' dir='ltr'><strong>caritate;</strong></span> <span class='ocrx_word' id='word_1_303' title='bbox 1548 4652 1790 4714; x_wconf 84' lang='lat' dir='ltr'><strong>caritate,</strong></span> <span class='ocrx_word' id='word_1_304' title='bbox 1819 4652 2053 4720; x_wconf 81' lang='lat' dir='ltr'><strong>inquam,</strong></span> 
     </span>
    </p>
   </div>
   <div class='ocr_carea' id='block_1_51' title="bbox 487 4738 2057 4813">
    <p class='ocr_par' dir='ltr' id='par_1_51' title="bbox 487 4738 2057 4813">
     <span class='ocr_line' id='line_1_51' title="bbox 487 4738 2057 4813; baseline 0.006 -24"><span class='ocrx_word' id='word_1_305' title='bbox 487 4752 606 4806; x_wconf 63' lang='lat' dir='ltr'><strong>quae</strong></span> <span class='ocrx_word' id='word_1_306' title='bbox 627 4738 742 4791; x_wconf 90' lang='lat' dir='ltr'><strong>solo</strong></span> <span class='ocrx_word' id='word_1_307' title='bbox 766 4753 860 4791; x_wconf 87' lang='lat' dir='ltr'><strong>usu</strong></span> <span class='ocrx_word' id='word_1_308' title='bbox 892 4740 1119 4807; x_wconf 85' lang='lat' dir='ltr'><strong>proficit,</strong></span> <span class='ocrx_word' id='word_1_309' title='bbox 1150 4753 1201 4795; x_wconf 88' lang='lat' dir='ltr'><strong>et</strong></span> <span class='ocrx_word' id='word_1_310' title='bbox 1221 4742 1493 4811; x_wconf 79' lang='lat' dir='ltr'><strong>largiendo</strong></span> <span class='ocrx_word' id='word_1_311' title='bbox 1516 4745 1826 4809; x_wconf 86' lang='lat' dir='ltr'><strong>succrescit,</strong></span> <span class='ocrx_word' id='word_1_312' title='bbox 1842 4758 1898 4798; x_wconf 88' lang='lat' dir='ltr'><strong>et</strong></span> <span class='ocrx_word' id='word_1_313' title='bbox 1922 4759 2057 4813; x_wconf 88' lang='lat' dir='ltr'><strong>pcn-</strong></span> 
     </span>
    </p>
   </div>
   <div class='ocr_carea' id='block_1_52' title="bbox 488 4829 2055 4894">
    <p class='ocr_par' dir='ltr' id='par_1_52' title="bbox 488 4829 2055 4894">
     <span class='ocr_line' id='line_1_52' title="bbox 488 4829 2055 4894; baseline 0.005 -14"><span class='ocrx_word' id='word_1_314' title='bbox 488 4842 604 4881; x_wconf 91' lang='lat' dir='ltr'><strong>sum</strong></span> <span class='ocrx_word' id='word_1_315' title='bbox 636 4829 831 4894; x_wconf 88' lang='lat' dir='ltr'><strong>sciens,</strong></span> <span class='ocrx_word' id='word_1_316' title='bbox 857 4837 911 4882; x_wconf 88' lang='lat' dir='ltr'><strong>et</strong></span> <span class='ocrx_word' id='word_1_317' title='bbox 956 4829 1274 4884; x_wconf 90' lang='lat' dir='ltr'><strong>detrimenta</strong></span> <span class='ocrx_word' id='word_1_318' title='bbox 1317 4847 1418 4887; x_wconf 92' lang='lat' dir='ltr'><strong>non</strong></span> <span class='ocrx_word' id='word_1_319' title='bbox 1448 4835 1701 4889; x_wconf 90' lang='lat' dir='ltr'><strong>sentiens.</strong></span> <span class='ocrx_word' id='word_1_320' title='bbox 1738 4835 1867 4888; x_wconf 88' lang='lat' dir='ltr'><strong>Dum</strong></span> <span class='ocrx_word' id='word_1_321' title='bbox 1915 4839 2055 4889; x_wconf 90' lang='lat' dir='ltr'><strong>enim</strong></span> 
     </span>
    </p>
   </div>
   <div class='ocr_carea' id='block_1_53' title="bbox 486 4920 2051 4996">
    <p class='ocr_par' dir='ltr' id='par_1_53' title="bbox 486 4920 2051 4996">
     <span class='ocr_line' id='line_1_53' title="bbox 486 4920 2051 4996; baseline 0.006 -23"><span class='ocrx_word' id='word_1_322' title='bbox 486 4920 824 4985; x_wconf 67' lang='lat' dir='ltr'><strong>dependitur,</strong></span> <span class='ocrx_word' id='word_1_323' title='bbox 851 4937 954 4975; x_wconf 92' lang='lat' dir='ltr'><strong>non</strong></span> <span class='ocrx_word' id='word_1_324' title='bbox 986 4924 1341 4991; x_wconf 83' lang='lat' dir='ltr'><strong>cxpenditur;</strong></span> <span class='ocrx_word' id='word_1_325' title='bbox 1373 4925 1463 4979; x_wconf 89' lang='lat' dir='ltr'><strong>sed</strong></span> <span class='ocrx_word' id='word_1_326' title='bbox 1498 4927 1686 4994; x_wconf 84' lang='lat' dir='ltr'><strong>magis,</strong></span> <span class='ocrx_word' id='word_1_327' title='bbox 1712 4928 1836 4979; x_wconf 90' lang='lat' dir='ltr'><strong>dum</strong></span> <span class='ocrx_word' id='word_1_328' title='bbox 1863 4944 2051 4996; x_wconf 82' lang='lat' dir='ltr'><strong>proro-</strong></span> 
     </span>
    </p>
   </div>
   <div class='ocr_carea' id='block_1_54' title="bbox 486 5011 2032 5082">
    <p class='ocr_par' dir='ltr' id='par_1_54' title="bbox 486 5011 2032 5082">
     <span class='ocr_line' id='line_1_54' title="bbox 486 5011 2032 5082; baseline 0.005 -24"><span class='ocrx_word' id='word_1_329' title='bbox 486 5020 658 5076; x_wconf 75' lang='lat' dir='ltr'><strong>grttur,</strong></span> <span class='ocrx_word' id='word_1_330' title='bbox 682 5020 932 5079; x_wconf 82' lang='lat' dir='ltr'><strong>augetur;</strong></span> <span class='ocrx_word' id='word_1_331' title='bbox 964 5011 1185 5080; x_wconf 52' lang='lat' dir='ltr'><strong>eju‘qne</strong></span> <span class='ocrx_word' id='word_1_332' title='bbox 1208 5015 1371 5082; x_wconf 84' lang='lat' dir='ltr'><strong>gratia</strong></span> <span class='ocrx_word' id='word_1_333' title='bbox 1409 5016 1478 5068; x_wconf 85' lang='lat' dir='ltr'><strong>ita</strong></span> <span class='ocrx_word' id='word_1_334' title='bbox 1503 5025 1832 5076; x_wconf 85' lang='lat' dir='ltr'><strong>muneratur,</strong></span> <span class='ocrx_word' id='word_1_335' title='bbox 1858 5018 2032 5082; x_wconf 82' lang='lat' dir='ltr'><strong>perci-</strong></span> 
     </span>
    </p>
   </div>
   <div class='ocr_carea' id='block_1_55' title="bbox 490 5101 2056 5175">
    <p class='ocr_par' dir='ltr' id='par_1_55' title="bbox 490 5101 2056 5175">
     <span class='ocr_line' id='line_1_55' title="bbox 490 5101 2056 5175; baseline 0.006 -24"><span class='ocrx_word' id='word_1_336' title='bbox 490 5101 638 5167; x_wconf 86' lang='lat' dir='ltr'><strong>piens</strong></span> <span class='ocrx_word' id='word_1_337' title='bbox 652 5118 665 5165; x_wconf 89' lang='lat'><strong>;</strong></span> <span class='ocrx_word' id='word_1_338' title='bbox 681 5113 733 5155; x_wconf 91' lang='lat' dir='ltr'><strong>et</strong></span> <span class='ocrx_word' id='word_1_339' title='bbox 755 5117 858 5156; x_wconf 92' lang='lat' dir='ltr'><strong>non</strong></span> <span class='ocrx_word' id='word_1_340' title='bbox 875 5104 1168 5157; x_wconf 89' lang='lat' dir='ltr'><strong>minoratnr</strong></span> <span class='ocrx_word' id='word_1_341' title='bbox 1182 5105 1510 5172; x_wconf 87' lang='lat' dir='ltr'><strong>impertiens,</strong></span> <span class='ocrx_word' id='word_1_342' title='bbox 1527 5122 1641 5175; x_wconf 73' lang='lat' dir='ltr'><strong>qua:</strong></span> <span class='ocrx_word' id='word_1_343' title='bbox 1656 5106 1720 5159; x_wconf 85' lang='lat' dir='ltr'><strong>ad</strong></span> <span class='ocrx_word' id='word_1_344' title='bbox 1742 5106 2056 5161; x_wconf 88' lang='lat' dir='ltr'><strong>similitudi-</strong></span> 
     </span>
    </p>
   </div>
   <div class='ocr_carea' id='block_1_56' title="bbox 487 5192 2053 5266">
    <p class='ocr_par' dir='ltr' id='par_1_56' title="bbox 487 5192 2053 5266">
     <span class='ocr_line' id='line_1_56' title="bbox 487 5192 2053 5266; baseline 0.006 -22"><span class='ocrx_word' id='word_1_345' title='bbox 487 5204 607 5245; x_wconf 90' lang='lat' dir='ltr'><strong>nem</strong></span> <span class='ocrx_word' id='word_1_346' title='bbox 627 5192 923 5248; x_wconf 88' lang='lat' dir='ltr'><strong>Divinitatis</strong></span> <span class='ocrx_word' id='word_1_347' title='bbox 938 5195 1027 5248; x_wconf 85' lang='lat' dir='ltr'><strong>dat</strong></span> <span class='ocrx_word' id='word_1_348' title='bbox 1041 5196 1180 5264; x_wconf 91' lang='lat' dir='ltr'><strong>quod</strong></span> <span class='ocrx_word' id='word_1_349' title='bbox 1198 5196 1374 5262; x_wconf 86' lang='lat' dir='ltr'><strong>habet,</strong></span> <span class='ocrx_word' id='word_1_350' title='bbox 1392 5196 1654 5266; x_wconf 80' lang='lat' dir='ltr'><strong>habetque</strong></span> <span class='ocrx_word' id='word_1_351' title='bbox 1670 5196 1807 5266; x_wconf 89' lang='lat' dir='ltr'><strong>quod</strong></span> <span class='ocrx_word' id='word_1_352' title='bbox 1826 5196 2053 5253; x_wconf 88' lang='lat' dir='ltr'><strong>dederit.</strong></span> 
     </span>
    </p>
   </div>
   <div class='ocr_carea' id='block_1_57' title="bbox 992 5329 1554 5384">
    <p class='ocr_par' dir='ltr' id='par_1_57' title="bbox 992 5329 1554 5384">
     <span class='ocr_line' id='line_1_57' title="bbox 992 5329 1554 5384; baseline 0 -1"><span class='ocrx_word' id='word_1_353' title='bbox 992 5329 1321 5384; x_wconf 74' lang='lat' dir='ltr'><strong>EPISTOLA</strong></span> <span class='ocrx_word' id='word_1_354' title='bbox 1352 5330 1466 5384; x_wconf 77' lang='lat' dir='ltr'><strong>XIII</strong></span> <span class='ocrx_word' id='word_1_355' title='bbox 1504 5340 1554 5383; x_wconf 77' lang='grc' dir='ltr'><strong>ο.</strong></span> 
     </span>
    </p>
   </div>
   <div class='ocr_carea' id='block_1_58' title="bbox 555 5439 2055 5509">
    <p class='ocr_par' dir='ltr' id='par_1_58' title="bbox 555 5439 2055 5509">
     <span class='ocr_line' id='line_1_58' title="bbox 555 5439 2055 5509; baseline 0.001 -13"><span class='ocrx_word' id='word_1_356' title='bbox 555 5439 781 5496; x_wconf 89' lang='lat' dir='ltr'><strong>Domino</strong></span> <span class='ocrx_word' id='word_1_357' title='bbox 813 5440 1119 5495; x_wconf 87' lang='lat' dir='ltr'><strong>beatissimo</strong></span> <span class='ocrx_word' id='word_1_358' title='bbox 1151 5455 1213 5494; x_wconf 89' lang='lat' dir='ltr'><strong>ac</strong></span> <span class='ocrx_word' id='word_1_359' title='bbox 1237 5440 1672 5497; x_wconf 57' lang='lat' dir='ltr'><strong>reverentissimo</strong></span> <span class='ocrx_word' id='word_1_360' title='bbox 1724 5448 1885 5509; x_wconf 87' lang='lat' dir='ltr'><strong>atque</strong></span> <span class='ocrx_word' id='word_1_361' title='bbox 1913 5457 1942 5496; x_wconf 92' lang='lat' dir='ltr'><strong>a</strong></span> <span class='ocrx_word' id='word_1_362' title='bbox 1969 5457 2055 5497; x_wconf 90' lang='lat' dir='ltr'><strong>me</strong></span> 
     </span>
    </p>
   </div>
   <div class='ocr_carea' id='block_1_59' title="bbox 559 5581 1042 5637">
    <p class='ocr_par' dir='ltr' id='par_1_59' title="bbox 559 5581 1042 5637">
     <span class='ocr_line' id='line_1_59' title="bbox 559 5581 1042 5637; baseline 0.002 -2"><span class='ocrx_word' id='word_1_363' title='bbox 559 5592 581 5618; x_wconf 81' lang='grc'><strong><em>⁸</em></strong></span> <span class='ocrx_word' id='word_1_364' title='bbox 618 5581 776 5635; x_wconf 80' lang='lat' dir='ltr'><strong>Forte</strong></span> <span class='ocrx_word' id='word_1_365' title='bbox 809 5594 1042 5637; x_wconf 81' lang='lat' dir='ltr'><strong>vestram.</strong></span> 
     </span>
    </p>
   </div>
   <div class='ocr_carea' id='block_1_60' title="bbox 559 5652 1159 5715">
    <p class='ocr_par' dir='ltr' id='par_1_60' title="bbox 559 5652 1159 5715">
     <span class='ocr_line' id='line_1_60' title="bbox 559 5652 1159 5715; baseline 0.01 -16"><span class='ocrx_word' id='word_1_366' title='bbox 559 5652 584 5688; x_wconf 73' lang='grc' dir='ltr'><strong>ι)</strong></span> <span class='ocrx_word' id='word_1_367' title='bbox 612 5654 757 5715; x_wconf 57' lang='grc' dir='ltr'><strong>λίνιιιι</strong></span> <span class='ocrx_word' id='word_1_368' title='bbox 790 5653 1059 5707; x_wconf 78' lang='lat' dir='ltr'><strong>Canisittttt</strong></span> <span class='ocrx_word' id='word_1_369' title='bbox 1092 5652 1159 5707; x_wconf 75' lang='grc' dir='ltr'><strong>Χ.</strong></span> 
     </span>
    </p>
   </div>
   <div class='ocr_carea' id='block_1_61' title="bbox 562 5721 1183 5785">
    <p class='ocr_par' dir='ltr' id='par_1_61' title="bbox 562 5721 1183 5785">
     <span class='ocr_line' id='line_1_61' title="bbox 562 5721 1183 5785; baseline 0.01 -15"><span class='ocrx_word' id='word_1_370' title='bbox 562 5735 579 5758; x_wconf 73' lang='grc' dir='ltr'><strong><em>ο</em></strong></span> <span class='ocrx_word' id='word_1_371' title='bbox 616 5722 765 5785; x_wconf 75' lang='lat' dir='ltr'><strong>Apud</strong></span> <span class='ocrx_word' id='word_1_372' title='bbox 796 5721 1063 5777; x_wconf 73' lang='lat' dir='ltr'><strong>Cauisium</strong></span> <span class='ocrx_word' id='word_1_373' title='bbox 1098 5723 1183 5776; x_wconf 77' lang='grc' dir='ltr'><strong>λΙ.</strong></span> 
     </span>
    </p>
   </div>
   <div class='ocr_carea' id='block_1_62' title="bbox 2159 514 3181 584">
    <p class='ocr_par' dir='ltr' id='par_1_62' title="bbox 2159 514 3181 584">
     <span class='ocr_line' id='line_1_62' title="bbox 2159 514 3181 584; baseline 0.007 -17"><span class='ocrx_word' id='word_1_374' title='bbox 2159 521 2313 568; x_wconf 89' lang='lat' dir='ltr'><strong>trono</strong></span> <span class='ocrx_word' id='word_1_375' title='bbox 2343 514 2556 570; x_wconf 80' lang='lat' dir='ltr'><strong>Ruricio</strong></span> <span class='ocrx_word' id='word_1_376' title='bbox 2576 516 2825 584; x_wconf 89' lang='lat' dir='ltr'><strong>episc0po</strong></span> <span class='ocrx_word' id='word_1_377' title='bbox 2854 516 3181 574; x_wconf 83' lang='lat' dir='ltr'><strong>Victorinus.</strong></span> 
     </span>
    </p>
   </div>
   <div class='ocr_carea' id='block_1_63' title="bbox 2229 606 3735 675">
    <p class='ocr_par' dir='ltr' id='par_1_63' title="bbox 2229 606 3735 675">
     <span class='ocr_line' id='line_1_63' title="bbox 2229 606 3735 675; baseline 0.007 -15"><span class='ocrx_word' id='word_1_378' title='bbox 2229 606 2358 660; x_wconf 87' lang='lat' dir='ltr'><strong>Cotn</strong></span> <span class='ocrx_word' id='word_1_379' title='bbox 2384 608 2764 661; x_wconf 84' lang='lat' dir='ltr'><strong>beatitudinem</strong></span> <span class='ocrx_word' id='word_1_380' title='bbox 2800 616 3034 663; x_wconf 85' lang='lat' dir='ltr'><strong>vestram</strong></span> <span class='ocrx_word' id='word_1_381' title='bbox 3066 610 3264 675; x_wconf 84' lang='lat' dir='ltr'><strong>videre,</strong></span> <span class='ocrx_word' id='word_1_382' title='bbox 3314 621 3369 665; x_wconf 88' lang='lat' dir='ltr'><strong>et</strong></span> <span class='ocrx_word' id='word_1_383' title='bbox 3417 612 3735 670; x_wconf 89' lang='lat' dir='ltr'><strong>brevissimo</strong></span> 
     </span>
    </p>
   </div>
   <div class='ocr_carea' id='block_1_64' title="bbox 2159 701 3735 770">
    <p class='ocr_par' dir='ltr' id='par_1_64' title="bbox 2159 701 3735 770">
     <span class='ocr_line' id='line_1_64' title="bbox 2159 701 3735 770; baseline 0.005 -18"><span class='ocrx_word' id='word_1_384' title='bbox 2159 706 2421 767; x_wconf 88' lang='lat' dir='ltr'><strong>tempore,</strong></span> <span class='ocrx_word' id='word_1_385' title='bbox 2452 709 2504 753; x_wconf 94' lang='lat' dir='ltr'><strong>et</strong></span> <span class='ocrx_word' id='word_1_386' title='bbox 2528 715 2628 753; x_wconf 89' lang='lat' dir='ltr'><strong>una</strong></span> <span class='ocrx_word' id='word_1_387' title='bbox 2668 710 2869 754; x_wconf 87' lang='lat' dir='ltr'><strong>tantum</strong></span> <span class='ocrx_word' id='word_1_388' title='bbox 2904 701 3017 755; x_wconf 86' lang='lat' dir='ltr'><strong>vice</strong></span> <span class='ocrx_word' id='word_1_389' title='bbox 3063 703 3348 755; x_wconf 90' lang='lat' dir='ltr'><strong>meruerim</strong></span> <span class='ocrx_word' id='word_1_390' title='bbox 3378 748 3391 770; x_wconf 91' lang='lat'><strong>,</strong></span> <span class='ocrx_word' id='word_1_391' title='bbox 3442 704 3510 758; x_wconf 89' lang='lat' dir='ltr'><strong>ita</strong></span> <span class='ocrx_word' id='word_1_392' title='bbox 3558 715 3735 760; x_wconf 87' lang='lat' dir='ltr'><strong>tamen</strong></span> 
     </span>
    </p>
   </div>
   <div class='ocr_carea' id='block_1_65' title="bbox 2159 791 3737 868">
    <p class='ocr_par' dir='ltr' id='par_1_65' title="bbox 2159 791 3737 868">
     <span class='ocr_line' id='line_1_65' title="bbox 2159 791 3737 868; baseline 0.007 -25"><span class='ocrx_word' id='word_1_393' title='bbox 2159 791 2224 844; x_wconf 88' lang='lat' dir='ltr'><strong>ad</strong></span> <span class='ocrx_word' id='word_1_394' title='bbox 2277 792 2505 860; x_wconf 91' lang='lat' dir='ltr'><strong>primum</strong></span> <span class='ocrx_word' id='word_1_395' title='bbox 2553 802 2744 845; x_wconf 65' lang='lat' dir='ltr'><strong>vestrae</strong></span> <span class='ocrx_word' id='word_1_396' title='bbox 2798 793 3116 862; x_wconf 80' lang='lat' dir='ltr'><strong>cognitionis</strong></span> <span class='ocrx_word' id='word_1_397' title='bbox 3164 798 3737 868; x_wconf 88' lang='lat' dir='ltr'><strong>contemplationisque</strong></span> 
     </span>
    </p>
   </div>
   <div class='ocr_carea' id='block_1_66' title="bbox 2162 886 3737 959">
    <p class='ocr_par' dir='ltr' id='par_1_66' title="bbox 2162 886 3737 959">
     <span class='ocr_line' id='line_1_66' title="bbox 2162 886 3737 959; baseline 0.01 -27"><span class='ocrx_word' id='word_1_398' title='bbox 2162 896 2507 951; x_wconf 87' lang='lat' dir='ltr'><strong>congressum</strong></span> <span class='ocrx_word' id='word_1_399' title='bbox 2558 900 2748 937; x_wconf 78' lang='lat' dir='ltr'><strong>sensm</strong></span> <span class='ocrx_word' id='word_1_400' title='bbox 2804 900 2953 940; x_wconf 87' lang='lat' dir='ltr'><strong>meos</strong></span> <span class='ocrx_word' id='word_1_401' title='bbox 3002 886 3146 939; x_wconf 88' lang='lat' dir='ltr'><strong>fonte</strong></span> <span class='ocrx_word' id='word_1_402' title='bbox 3188 888 3472 955; x_wconf 91' lang='lat' dir='ltr'><strong>purissimo</strong></span> <span class='ocrx_word' id='word_1_403' title='bbox 3521 892 3737 959; x_wconf 75' lang='lat' dir='ltr'><strong>benigni</strong></span> 
     </span>
    </p>
   </div>
   <div class='ocr_carea' id='block_1_67' title="bbox 2164 974 3738 1046">
    <p class='ocr_par' dir='ltr' id='par_1_67' title="bbox 2164 974 3738 1046">
     <span class='ocr_line' id='line_1_67' title="bbox 2164 974 3738 1046; baseline 0.006 -21"><span class='ocrx_word' id='word_1_404' title='bbox 2164 974 2392 1038; x_wconf 83' lang='lat' dir='ltr'><strong>pectoris</strong></span> <span class='ocrx_word' id='word_1_405' title='bbox 2422 975 2683 1040; x_wconf 86' lang='lat' dir='ltr'><strong>intrastis,</strong></span> <span class='ocrx_word' id='word_1_406' title='bbox 2715 983 2792 1038; x_wconf 92' lang='lat' dir='ltr'><strong>ut,</strong></span> <span class='ocrx_word' id='word_1_407' title='bbox 2822 974 3115 1042; x_wconf 89' lang='lat' dir='ltr'><strong>quamlibet</strong></span> <span class='ocrx_word' id='word_1_408' title='bbox 3156 977 3508 1046; x_wconf 67' lang='lat' dir='ltr'><strong>alloqnivrutn</strong></span> <span class='ocrx_word' id='word_1_409' title='bbox 3532 991 3738 1035; x_wconf 59' lang='lat' dir='ltr'><strong>vestrm</strong></span> 
     </span>
    </p>
   </div>
   <div class='ocr_carea' id='block_1_68' title="bbox 2163 1066 3737 1137">
    <p class='ocr_par' dir='ltr' id='par_1_68' title="bbox 2163 1066 3737 1137">
     <span class='ocr_line' id='line_1_68' title="bbox 2163 1066 3737 1137; baseline 0.007 -20"><span class='ocrx_word' id='word_1_410' title='bbox 2163 1080 2277 1117; x_wconf 88' lang='lat' dir='ltr'><strong>rum</strong></span> <span class='ocrx_word' id='word_1_411' title='bbox 2309 1080 2525 1117; x_wconf 89' lang='lat' dir='ltr'><strong>munera</strong></span> <span class='ocrx_word' id='word_1_412' title='bbox 2559 1066 2787 1134; x_wconf 90' lang='lat' dir='ltr'><strong>pretiosa</strong></span> <span class='ocrx_word' id='word_1_413' title='bbox 2824 1082 2930 1121; x_wconf 91' lang='lat' dir='ltr'><strong>non</strong></span> <span class='ocrx_word' id='word_1_414' title='bbox 2978 1067 3206 1137; x_wconf 88' lang='lat' dir='ltr'><strong>capiam,</strong></span> <span class='ocrx_word' id='word_1_415' title='bbox 3264 1072 3600 1137; x_wconf 68' lang='lat' dir='ltr'><strong>priscntiam</strong></span> <span class='ocrx_word' id='word_1_416' title='bbox 3654 1084 3737 1128; x_wconf 87' lang='lat' dir='ltr'><strong>ta-</strong></span> 
     </span>
    </p>
   </div>
   <div class='ocr_carea' id='block_1_69' title="bbox 2164 1155 3738 1229">
    <p class='ocr_par' dir='ltr' id='par_1_69' title="bbox 2164 1155 3738 1229">
     <span class='ocr_line' id='line_1_69' title="bbox 2164 1155 3738 1229; baseline 0.009 -23"><span class='ocrx_word' id='word_1_417' title='bbox 2164 1167 2285 1207; x_wconf 91' lang='lat' dir='ltr'><strong>tnen</strong></span> <span class='ocrx_word' id='word_1_418' title='bbox 2311 1164 2540 1207; x_wconf 87' lang='lat' dir='ltr'><strong>vestram</strong></span> <span class='ocrx_word' id='word_1_419' title='bbox 2567 1155 2705 1208; x_wconf 90' lang='lat' dir='ltr'><strong>intra</strong></span> <span class='ocrx_word' id='word_1_420' title='bbox 2734 1159 2927 1211; x_wconf 83' lang='lat' dir='ltr'><strong>mentis</strong></span> <span class='ocrx_word' id='word_1_421' title='bbox 2967 1157 3230 1226; x_wconf 88' lang='lat' dir='ltr'><strong>profunda</strong></span> <span class='ocrx_word' id='word_1_422' title='bbox 3275 1162 3576 1229; x_wconf 64' lang='lat' dir='ltr'><strong>possideam</strong></span> <span class='ocrx_word' id='word_1_423' title='bbox 3610 1181 3623 1216; x_wconf 92' lang='lat'><strong>:</strong></span> <span class='ocrx_word' id='word_1_424' title='bbox 3677 1175 3738 1220; x_wconf 89' lang='lat' dir='ltr'><strong>ut</strong></span> 
     </span>
    </p>
   </div>
   <div class='ocr_carea' id='block_1_70' title="bbox 2161 1245 3737 1309">
    <p class='ocr_par' dir='ltr' id='par_1_70' title="bbox 2161 1245 3737 1309">
     <span class='ocr_line' id='line_1_70' title="bbox 2161 1245 3737 1309; baseline 0.006 -10"><span class='ocrx_word' id='word_1_425' title='bbox 2161 1245 2261 1299; x_wconf 86' lang='lat' dir='ltr'><strong>etsi</strong></span> <span class='ocrx_word' id='word_1_426' title='bbox 2290 1258 2478 1299; x_wconf 87' lang='lat' dir='ltr'><strong>causas</strong></span> <span class='ocrx_word' id='word_1_427' title='bbox 2504 1245 2755 1300; x_wconf 87' lang='lat' dir='ltr'><strong>desiderii</strong></span> <span class='ocrx_word' id='word_1_428' title='bbox 2786 1246 3061 1303; x_wconf 83' lang='lat' dir='ltr'><strong>refovendi</strong></span> <span class='ocrx_word' id='word_1_429' title='bbox 3088 1251 3418 1305; x_wconf 80' lang='lat' dir='ltr'><strong>extrinsecus</strong></span> <span class='ocrx_word' id='word_1_430' title='bbox 3462 1267 3566 1303; x_wconf 89' lang='lat' dir='ltr'><strong>non</strong></span> <span class='ocrx_word' id='word_1_431' title='bbox 3598 1256 3737 1309; x_wconf 86' lang='lat' dir='ltr'><strong>acci-</strong></span> 
     </span>
    </p>
   </div>
   <div class='ocr_carea' id='block_1_71' title="bbox 2164 1337 3738 1409">
    <p class='ocr_par' dir='ltr' id='par_1_71' title="bbox 2164 1337 3738 1409">
     <span class='ocr_line' id='line_1_71' title="bbox 2164 1337 3738 1409; baseline 0.007 -20"><span class='ocrx_word' id='word_1_432' title='bbox 2164 1339 2326 1407; x_wconf 88' lang='lat' dir='ltr'><strong>piam,</strong></span> <span class='ocrx_word' id='word_1_433' title='bbox 2360 1337 2495 1391; x_wconf 84' lang='lat' dir='ltr'><strong>intra</strong></span> <span class='ocrx_word' id='word_1_434' title='bbox 2528 1354 2612 1392; x_wconf 93' lang='lat' dir='ltr'><strong>me</strong></span> <span class='ocrx_word' id='word_1_435' title='bbox 2646 1353 2737 1392; x_wconf 91' lang='lat' dir='ltr'><strong>eas</strong></span> <span class='ocrx_word' id='word_1_436' title='bbox 2767 1346 2941 1393; x_wconf 91' lang='lat' dir='ltr'><strong>tamen</strong></span> <span class='ocrx_word' id='word_1_437' title='bbox 2973 1339 3101 1393; x_wconf 91' lang='lat' dir='ltr'><strong>dum</strong></span> <span class='ocrx_word' id='word_1_438' title='bbox 3132 1342 3318 1409; x_wconf 66' lang='lat' dir='ltr'><strong>gratim</strong></span> <span class='ocrx_word' id='word_1_439' title='bbox 3349 1350 3541 1395; x_wconf 75' lang='lat' dir='ltr'><strong>vestra:</strong></span> <span class='ocrx_word' id='word_1_440' title='bbox 3574 1345 3738 1400; x_wconf 88' lang='lat' dir='ltr'><strong>remi-</strong></span> 
     </span>
    </p>
   </div>
   <div class='ocr_carea' id='block_1_72' title="bbox 2162 1429 3735 1497">
    <p class='ocr_par' dir='ltr' id='par_1_72' title="bbox 2162 1429 3735 1497">
     <span class='ocr_line' id='line_1_72' title="bbox 2162 1429 3735 1497; baseline 0.002 -12"><span class='ocrx_word' id='word_1_441' title='bbox 2162 1432 2363 1493; x_wconf 86' lang='lat' dir='ltr'><strong>niscor,</strong></span> <span class='ocrx_word' id='word_1_442' title='bbox 2412 1429 2698 1481; x_wconf 83' lang='lat' dir='ltr'><strong>inveniam.</strong></span> <span class='ocrx_word' id='word_1_443' title='bbox 2759 1429 2936 1497; x_wconf 69' lang='lat' dir='ltr'><strong>Neque</strong></span> <span class='ocrx_word' id='word_1_444' title='bbox 2983 1430 3125 1483; x_wconf 91' lang='lat' dir='ltr'><strong>enim</strong></span> <span class='ocrx_word' id='word_1_445' title='bbox 3176 1430 3252 1484; x_wconf 83' lang='lat' dir='ltr'><strong>fas</strong></span> <span class='ocrx_word' id='word_1_446' title='bbox 3298 1442 3398 1495; x_wconf 89' lang='lat' dir='ltr'><strong>est,</strong></span> <span class='ocrx_word' id='word_1_447' title='bbox 3452 1443 3503 1485; x_wconf 92' lang='lat' dir='ltr'><strong>ut</strong></span> <span class='ocrx_word' id='word_1_448' title='bbox 3539 1432 3735 1488; x_wconf 91' lang='lat' dir='ltr'><strong>bonum</strong></span> 
     </span>
    </p>
   </div>
   <div class='ocr_carea' id='block_1_73' title="bbox 2162 1520 3736 1590">
    <p class='ocr_par' dir='ltr' id='par_1_73' title="bbox 2162 1520 3736 1590">
     <span class='ocr_line' id='line_1_73' title="bbox 2162 1520 3736 1590; baseline 0.002 -15"><span class='ocrx_word' id='word_1_449' title='bbox 2162 1522 2291 1576; x_wconf 88' lang='lat' dir='ltr'><strong>illud</strong></span> <span class='ocrx_word' id='word_1_450' title='bbox 2321 1538 2385 1574; x_wconf 82' lang='lat' dir='ltr'><strong>ex</strong></span> <span class='ocrx_word' id='word_1_451' title='bbox 2416 1520 2790 1575; x_wconf 83' lang='lat' dir='ltr'><strong>accedentibus</strong></span> <span class='ocrx_word' id='word_1_452' title='bbox 2835 1530 3035 1574; x_wconf 92' lang='lat' dir='ltr'><strong>tantum</strong></span> <span class='ocrx_word' id='word_1_453' title='bbox 3086 1522 3319 1589; x_wconf 87' lang='lat' dir='ltr'><strong>requirat</strong></span> <span class='ocrx_word' id='word_1_454' title='bbox 3346 1522 3625 1590; x_wconf 64' lang='lat' dir='ltr'><strong>adiutoriis</strong></span> <span class='ocrx_word' id='word_1_455' title='bbox 3658 1526 3736 1578; x_wconf 91' lang='lat' dir='ltr'><strong>in-</strong></span> 
     </span>
    </p>
   </div>
   <div class='ocr_carea' id='block_1_74' title="bbox 2161 1610 3735 1679">
    <p class='ocr_par' dir='ltr' id='par_1_74' title="bbox 2161 1610 3735 1679">
     <span class='ocr_line' id='line_1_74' title="bbox 2161 1610 3735 1679; baseline 0 -12"><span class='ocrx_word' id='word_1_456' title='bbox 2161 1624 2511 1676; x_wconf 76' lang='lat' dir='ltr'><strong>crementum,</strong></span> <span class='ocrx_word' id='word_1_457' title='bbox 2542 1611 2681 1679; x_wconf 89' lang='lat' dir='ltr'><strong>quod</strong></span> <span class='ocrx_word' id='word_1_458' title='bbox 2707 1610 2951 1664; x_wconf 82' lang='lat' dir='ltr'><strong>medullis</strong></span> <span class='ocrx_word' id='word_1_459' title='bbox 2978 1620 3187 1664; x_wconf 86' lang='lat' dir='ltr'><strong>constat</strong></span> <span class='ocrx_word' id='word_1_460' title='bbox 3212 1610 3464 1664; x_wconf 85' lang='lat' dir='ltr'><strong>infusum.</strong></span> <span class='ocrx_word' id='word_1_461' title='bbox 3518 1613 3634 1677; x_wconf 86' lang='lat' dir='ltr'><strong>Quo</strong></span> <span class='ocrx_word' id='word_1_462' title='bbox 3679 1613 3735 1667; x_wconf 87' lang='lat' dir='ltr'><strong>fit</strong></span> 
     </span>
    </p>
   </div>
   <div class='ocr_carea' id='block_1_75' title="bbox 2162 1701 3733 1771">
    <p class='ocr_par' dir='ltr' id='par_1_75' title="bbox 2162 1701 3733 1771">
     <span class='ocr_line' id='line_1_75' title="bbox 2162 1701 3733 1771; baseline -0.001 -11"><span class='ocrx_word' id='word_1_463' title='bbox 2162 1716 2219 1761; x_wconf 92' lang='lat' dir='ltr'><strong>ut</strong></span> <span class='ocrx_word' id='word_1_464' title='bbox 2248 1705 2458 1769; x_wconf 85' lang='lat' dir='ltr'><strong>caritas,</strong></span> <span class='ocrx_word' id='word_1_465' title='bbox 2491 1719 2605 1771; x_wconf 72' lang='lat' dir='ltr'><strong>qua:</strong></span> <span class='ocrx_word' id='word_1_466' title='bbox 2634 1705 2684 1756; x_wconf 93' lang='lat' dir='ltr'><strong>in</strong></span> <span class='ocrx_word' id='word_1_467' title='bbox 2731 1702 3023 1756; x_wconf 85' lang='lat' dir='ltr'><strong>visceribus</strong></span> <span class='ocrx_word' id='word_1_468' title='bbox 3074 1704 3205 1753; x_wconf 89' lang='lat' dir='ltr'><strong>meis</strong></span> <span class='ocrx_word' id='word_1_469' title='bbox 3233 1701 3336 1771; x_wconf 69' lang='lat' dir='ltr'><strong>iugi</strong></span> <span class='ocrx_word' id='word_1_470' title='bbox 3382 1702 3733 1758; x_wconf 84' lang='lat' dir='ltr'><strong>recollatione</strong></span> 
     </span>
    </p>
   </div>
   <div class='ocr_carea' id='block_1_76' title="bbox 2162 1795 3737 1859">
    <p class='ocr_par' dir='ltr' id='par_1_76' title="bbox 2162 1795 3737 1859">
     <span class='ocr_line' id='line_1_76' title="bbox 2162 1795 3737 1859; baseline -0.001 -6"><span class='ocrx_word' id='word_1_471' title='bbox 2162 1801 2324 1854; x_wconf 88' lang='lat' dir='ltr'><strong>vestri</strong></span> <span class='ocrx_word' id='word_1_472' title='bbox 2346 1799 2595 1851; x_wconf 88' lang='lat' dir='ltr'><strong>iunovata</strong></span> <span class='ocrx_word' id='word_1_473' title='bbox 2618 1795 2895 1859; x_wconf 86' lang='lat' dir='ltr'><strong>dulcescit,</strong></span> <span class='ocrx_word' id='word_1_474' title='bbox 2925 1795 3159 1849; x_wconf 90' lang='lat' dir='ltr'><strong>caritatis</strong></span> <span class='ocrx_word' id='word_1_475' title='bbox 3191 1796 3316 1848; x_wconf 89' lang='lat' dir='ltr'><strong>mihi</strong></span> <span class='ocrx_word' id='word_1_476' title='bbox 3359 1806 3551 1850; x_wconf 69' lang='lat' dir='ltr'><strong>vestra:</strong></span> <span class='ocrx_word' id='word_1_477' title='bbox 3578 1797 3737 1852; x_wconf 80' lang='lat' dir='ltr'><strong>vicis-</strong></span> 
     </span>
    </p>
   </div>
   <div class='ocr_carea' id='block_1_77' title="bbox 2162 1885 3737 1955">
    <p class='ocr_par' dir='ltr' id='par_1_77' title="bbox 2162 1885 3737 1955">
     <span class='ocr_line' id='line_1_77' title="bbox 2162 1885 3737 1955; baseline 0.001 -15"><span class='ocrx_word' id='word_1_478' title='bbox 2162 1888 2444 1940; x_wconf 90' lang='lat' dir='ltr'><strong>situdinem</strong></span> <span class='ocrx_word' id='word_1_479' title='bbox 2474 1886 2824 1953; x_wconf 84' lang='lat' dir='ltr'><strong>repromittat.</strong></span> <span class='ocrx_word' id='word_1_480' title='bbox 2854 1886 2931 1939; x_wconf 87' lang='lat' dir='ltr'><strong>Ac</strong></span> <span class='ocrx_word' id='word_1_481' title='bbox 2956 1886 3031 1938; x_wconf 89' lang='lat' dir='ltr'><strong>sic</strong></span> <span class='ocrx_word' id='word_1_482' title='bbox 3055 1885 3279 1939; x_wconf 68' lang='lat' dir='ltr'><strong>affectus</strong></span> <span class='ocrx_word' id='word_1_483' title='bbox 3305 1902 3427 1955; x_wconf 87' lang='lat' dir='ltr'><strong>erga</strong></span> <span class='ocrx_word' id='word_1_484' title='bbox 3461 1902 3556 1939; x_wconf 87' lang='lat' dir='ltr'><strong>vos</strong></span> <span class='ocrx_word' id='word_1_485' title='bbox 3586 1903 3737 1942; x_wconf 89' lang='lat' dir='ltr'><strong>meus</strong></span> 
     </span>
    </p>
   </div>
   <div class='ocr_carea' id='block_1_78' title="bbox 2161 1976 3811 2046">
    <p class='ocr_par' dir='ltr' id='par_1_78' title="bbox 2161 1976 3811 2046">
     <span class='ocr_line' id='line_1_78' title="bbox 2161 1976 3811 2046; baseline 0.003 -17"><span class='ocrx_word' id='word_1_486' title='bbox 2161 1978 2320 2031; x_wconf 89' lang='lat' dir='ltr'><strong>vestri</strong></span> <span class='ocrx_word' id='word_1_487' title='bbox 2355 1976 2479 2029; x_wconf 89' lang='lat' dir='ltr'><strong>mihi</strong></span> <span class='ocrx_word' id='word_1_488' title='bbox 2506 1977 2667 2029; x_wconf 90' lang='lat' dir='ltr'><strong>anlmi</strong></span> <span class='ocrx_word' id='word_1_489' title='bbox 2701 1976 2981 2043; x_wconf 86' lang='lat' dir='ltr'><strong>fidejussor</strong></span> <span class='ocrx_word' id='word_1_490' title='bbox 3006 1976 3230 2041; x_wconf 85' lang='lat' dir='ltr'><strong>accedit,</strong></span> <span class='ocrx_word' id='word_1_491' title='bbox 3261 1989 3313 2031; x_wconf 91' lang='lat' dir='ltr'><strong>et</strong></span> <span class='ocrx_word' id='word_1_492' title='bbox 3341 1979 3735 2046; x_wconf 89' lang='lat' dir='ltr'><strong>quodammodo</strong></span> <span class='ocrx_word' id='word_1_493' title='bbox 3804 2004 3811 2007; x_wconf 83' lang='lat'><em>-</em></span> 
     </span>
    </p>
   </div>
   <div class='ocr_carea' id='block_1_79' title="bbox 2159 2066 3737 2123">
    <p class='ocr_par' dir='ltr' id='par_1_79' title="bbox 2159 2066 3737 2123">
     <span class='ocr_line' id='line_1_79' title="bbox 2159 2066 3737 2123; baseline 0.001 -1"><span class='ocrx_word' id='word_1_494' title='bbox 2159 2067 2488 2122; x_wconf 89' lang='lat' dir='ltr'><strong>conscientia</strong></span> <span class='ocrx_word' id='word_1_495' title='bbox 2518 2066 2787 2120; x_wconf 79' lang='lat' dir='ltr'><strong>interioris</strong></span> <span class='ocrx_word' id='word_1_496' title='bbox 2808 2068 2908 2119; x_wconf 93' lang='lat' dir='ltr'><strong>mei</strong></span> <span class='ocrx_word' id='word_1_497' title='bbox 2942 2076 3124 2119; x_wconf 91' lang='lat' dir='ltr'><strong>mutuo</strong></span> <span class='ocrx_word' id='word_1_498' title='bbox 3173 2068 3298 2119; x_wconf 92' lang='lat' dir='ltr'><strong>mihi</strong></span> <span class='ocrx_word' id='word_1_499' title='bbox 3347 2079 3536 2121; x_wconf 77' lang='lat' dir='ltr'><strong>vestra:</strong></span> <span class='ocrx_word' id='word_1_500' title='bbox 3586 2071 3737 2123; x_wconf 88' lang='lat' dir='ltr'><strong>testis</strong></span> 
     </span>
    </p>
   </div>
   <div class='ocr_carea' id='block_1_80' title="bbox 2161 2158 3735 2228">
    <p class='ocr_par' dir='ltr' id='par_1_80' title="bbox 2161 2158 3735 2228">
     <span class='ocr_line' id='line_1_80' title="bbox 2161 2158 3735 2228; baseline 0.001 -15"><span class='ocrx_word' id='word_1_501' title='bbox 2161 2158 2463 2213; x_wconf 89' lang='lat' dir='ltr'><strong>dilectionis</strong></span> <span class='ocrx_word' id='word_1_502' title='bbox 2504 2159 2752 2212; x_wconf 66' lang='lat' dir='ltr'><strong>assistit:</strong></span> <span class='ocrx_word' id='word_1_503' title='bbox 2795 2167 3263 2228; x_wconf 88' lang='lat' dir='ltr'><strong>quantumcunque</strong></span> <span class='ocrx_word' id='word_1_504' title='bbox 3310 2160 3437 2213; x_wconf 89' lang='lat' dir='ltr'><strong>mihi</strong></span> <span class='ocrx_word' id='word_1_505' title='bbox 3488 2162 3553 2213; x_wconf 85' lang='lat' dir='ltr'><strong>de</strong></span> <span class='ocrx_word' id='word_1_506' title='bbox 3585 2161 3735 2215; x_wconf 85' lang='lat' dir='ltr'><strong>vobis</strong></span> 
     </span>
    </p>
   </div>
   <div class='ocr_carea' id='block_1_81' title="bbox 2162 2250 3731 2321">
    <p class='ocr_par' dir='ltr' id='par_1_81' title="bbox 2162 2250 3731 2321">
     <span class='ocr_line' id='line_1_81' title="bbox 2162 2250 3731 2321; baseline 0.001 -17"><span class='ocrx_word' id='word_1_507' title='bbox 2162 2264 2486 2321; x_wconf 76' lang='lat' dir='ltr'><strong>pr.t:sumere</strong></span> <span class='ocrx_word' id='word_1_508' title='bbox 2514 2250 2761 2312; x_wconf 87' lang='lat' dir='ltr'><strong>debeam,</strong></span> <span class='ocrx_word' id='word_1_509' title='bbox 2794 2258 3023 2303; x_wconf 90' lang='lat' dir='ltr'><strong>mentem</strong></span> <span class='ocrx_word' id='word_1_510' title='bbox 3064 2264 3257 2314; x_wconf 90' lang='lat' dir='ltr'><strong>meam,</strong></span> <span class='ocrx_word' id='word_1_511' title='bbox 3288 2265 3405 2318; x_wconf 74' lang='lat' dir='ltr'><strong>quze</strong></span> <span class='ocrx_word' id='word_1_512' title='bbox 3445 2258 3558 2303; x_wconf 89' lang='lat' dir='ltr'><strong>toto</strong></span> <span class='ocrx_word' id='word_1_513' title='bbox 3602 2266 3731 2319; x_wconf 82' lang='lat' dir='ltr'><strong>erga</strong></span> 
     </span>
    </p>
   </div>
   <div class='ocr_carea' id='block_1_82' title="bbox 2160 2340 3735 2409">
    <p class='ocr_par' dir='ltr' id='par_1_82' title="bbox 2160 2340 3735 2409">
     <span class='ocr_line' id='line_1_82' title="bbox 2160 2340 3735 2409; baseline -0.003 -12"><span class='ocrx_word' id='word_1_514' title='bbox 2160 2358 2255 2397; x_wconf 84' lang='lat' dir='ltr'><strong>vos</strong></span> <span class='ocrx_word' id='word_1_515' title='bbox 2281 2342 2476 2395; x_wconf 75' lang='lat' dir='ltr'><strong>amoris</strong></span> <span class='ocrx_word' id='word_1_516' title='bbox 2506 2341 2698 2395; x_wconf 90' lang='lat' dir='ltr'><strong>ardore</strong></span> <span class='ocrx_word' id='word_1_517' title='bbox 2722 2340 2932 2409; x_wconf 83' lang='lat' dir='ltr'><strong>flagrat,</strong></span> <span class='ocrx_word' id='word_1_518' title='bbox 2957 2341 3248 2409; x_wconf 88' lang='lat' dir='ltr'><strong>interrogo.</strong></span> <span class='ocrx_word' id='word_1_519' title='bbox 3280 2341 3431 2396; x_wconf 88' lang='lat' dir='ltr'><strong>Unde</strong></span> <span class='ocrx_word' id='word_1_520' title='bbox 3461 2341 3735 2395; x_wconf 85' lang='lat' dir='ltr'><strong>salutatio-</strong></span> 
     </span>
    </p>
   </div>
   <div class='ocr_carea' id='block_1_83' title="bbox 2160 2430 3734 2499">
    <p class='ocr_par' dir='ltr' id='par_1_83' title="bbox 2160 2430 3734 2499">
     <span class='ocr_line' id='line_1_83' title="bbox 2160 2430 3734 2499; baseline -0.001 -13"><span class='ocrx_word' id='word_1_521' title='bbox 2160 2448 2280 2486; x_wconf 89' lang='lat' dir='ltr'><strong>nem</strong></span> <span class='ocrx_word' id='word_1_522' title='bbox 2308 2431 2575 2495; x_wconf 84' lang='lat' dir='ltr'><strong>deferens,</strong></span> <span class='ocrx_word' id='word_1_523' title='bbox 2607 2440 2661 2485; x_wconf 90' lang='lat' dir='ltr'><strong>et</strong></span> <span class='ocrx_word' id='word_1_524' title='bbox 2693 2432 3131 2485; x_wconf 87' lang='lat' dir='ltr'><strong>intercessionem</strong></span> <span class='ocrx_word' id='word_1_525' title='bbox 3163 2430 3458 2499; x_wconf 82' lang='lat' dir='ltr'><strong>deposcens</strong></span> <span class='ocrx_word' id='word_1_526' title='bbox 3505 2448 3599 2499; x_wconf 89' lang='lat' dir='ltr'><strong>pro</strong></span> <span class='ocrx_word' id='word_1_527' title='bbox 3642 2432 3734 2484; x_wconf 86' lang='lat' dir='ltr'><strong>ba-</strong></span> 
     </span>
    </p>
   </div>
   <div class='ocr_carea' id='block_1_84' title="bbox 2159 2521 3730 2590">
    <p class='ocr_par' dir='ltr' id='par_1_84' title="bbox 2159 2521 3730 2590">
     <span class='ocr_line' id='line_1_84' title="bbox 2159 2521 3730 2590; baseline 0 -14"><span class='ocrx_word' id='word_1_528' title='bbox 2159 2538 2274 2576; x_wconf 90' lang='lat' dir='ltr'><strong>rum</strong></span> <span class='ocrx_word' id='word_1_529' title='bbox 2302 2522 2577 2589; x_wconf 89' lang='lat' dir='ltr'><strong>portitore,</strong></span> <span class='ocrx_word' id='word_1_530' title='bbox 2609 2521 2991 2576; x_wconf 84' lang='lat' dir='ltr'><strong>insnfficientes</strong></span> <span class='ocrx_word' id='word_1_531' title='bbox 3015 2522 3210 2589; x_wconf 85' lang='lat' dir='ltr'><strong>gratias</strong></span> <span class='ocrx_word' id='word_1_532' title='bbox 3248 2521 3448 2576; x_wconf 88' lang='lat' dir='ltr'><strong>refero.</strong></span> <span class='ocrx_word' id='word_1_533' title='bbox 3504 2522 3565 2575; x_wconf 87' lang='lat' dir='ltr'><strong>Et</strong></span> <span class='ocrx_word' id='word_1_534' title='bbox 3604 2524 3730 2590; x_wconf 85' lang='lat' dir='ltr'><strong>quia</strong></span> 
     </span>
    </p>
   </div>
   <div class='ocr_carea' id='block_1_85' title="bbox 2160 2613 3733 2683">
    <p class='ocr_par' dir='ltr' id='par_1_85' title="bbox 2160 2613 3733 2683">
     <span class='ocr_line' id='line_1_85' title="bbox 2160 2613 3733 2683; baseline -0.001 -15"><span class='ocrx_word' id='word_1_535' title='bbox 2160 2614 2424 2669; x_wconf 88' lang='lat' dir='ltr'><strong>infelicem</strong></span> <span class='ocrx_word' id='word_1_536' title='bbox 2449 2615 2612 2680; x_wconf 88' lang='lat' dir='ltr'><strong>ipsius</strong></span> <span class='ocrx_word' id='word_1_537' title='bbox 2642 2614 2900 2678; x_wconf 86' lang='lat' dir='ltr'><strong>laborem,</strong></span> <span class='ocrx_word' id='word_1_538' title='bbox 2934 2628 3039 2683; x_wconf 91' lang='lat' dir='ltr'><strong>quo</strong></span> <span class='ocrx_word' id='word_1_539' title='bbox 3068 2629 3165 2682; x_wconf 91' lang='lat' dir='ltr'><strong>pro</strong></span> <span class='ocrx_word' id='word_1_540' title='bbox 3214 2613 3549 2668; x_wconf 78' lang='lat' dir='ltr'><strong>absolutione</strong></span> <span class='ocrx_word' id='word_1_541' title='bbox 3595 2630 3733 2667; x_wconf 69' lang='lat' dir='ltr'><strong>uxo-</strong></span> 
     </span>
    </p>
   </div>
   <div class='ocr_carea' id='block_1_86' title="bbox 2159 2701 3727 2773">
    <p class='ocr_par' dir='ltr' id='par_1_86' title="bbox 2159 2701 3727 2773">
     <span class='ocr_line' id='line_1_86' title="bbox 2159 2701 3727 2773; baseline -0.002 -16"><span class='ocrx_word' id='word_1_542' title='bbox 2159 2705 2237 2758; x_wconf 89' lang='lat' dir='ltr'><strong>ris</strong></span> <span class='ocrx_word' id='word_1_543' title='bbox 2282 2719 2377 2773; x_wconf 88' lang='lat' dir='ltr'><strong>per</strong></span> <span class='ocrx_word' id='word_1_544' title='bbox 2425 2702 2754 2757; x_wconf 88' lang='lat' dir='ltr'><strong>diversarum</strong></span> <span class='ocrx_word' id='word_1_545' title='bbox 2802 2703 3076 2771; x_wconf 87' lang='lat' dir='ltr'><strong>regionum</strong></span> <span class='ocrx_word' id='word_1_546' title='bbox 3122 2712 3204 2756; x_wconf 82' lang='lat' dir='ltr'><strong>est</strong></span> <span class='ocrx_word' id='word_1_547' title='bbox 3239 2701 3471 2770; x_wconf 88' lang='lat' dir='ltr'><strong>jactatus</strong></span> <span class='ocrx_word' id='word_1_548' title='bbox 3517 2702 3727 2766; x_wconf 51' lang='lat' dir='ltr'><strong>exilia,</strong></span> 
     </span>
    </p>
   </div>
   <div class='ocr_carea' id='block_1_87' title="bbox 2160 2792 3735 2863">
    <p class='ocr_par' dir='ltr' id='par_1_87' title="bbox 2160 2792 3735 2863">
     <span class='ocr_line' id='line_1_87' title="bbox 2160 2792 3735 2863; baseline -0.001 -14"><span class='ocrx_word' id='word_1_549' title='bbox 2160 2810 2305 2849; x_wconf 90' lang='lat' dir='ltr'><strong>mors</strong></span> <span class='ocrx_word' id='word_1_550' title='bbox 2335 2794 2624 2862; x_wconf 73' lang='lat' dir='ltr'><strong>redempta:</strong></span> <span class='ocrx_word' id='word_1_551' title='bbox 2647 2792 2889 2863; x_wconf 89' lang='lat' dir='ltr'><strong>protinus</strong></span> <span class='ocrx_word' id='word_1_552' title='bbox 2915 2795 3197 2847; x_wconf 89' lang='lat' dir='ltr'><strong>subsecuta</strong></span> <span class='ocrx_word' id='word_1_553' title='bbox 3232 2793 3485 2853; x_wconf 82' lang='lat' dir='ltr'><strong>cassavit,</strong></span> <span class='ocrx_word' id='word_1_554' title='bbox 3518 2804 3571 2848; x_wconf 90' lang='lat' dir='ltr'><strong>et</strong></span> <span class='ocrx_word' id='word_1_555' title='bbox 3593 2810 3735 2848; x_wconf 88' lang='lat' dir='ltr'><strong>nunc</strong></span> 
     </span>
    </p>
   </div>
   <div class='ocr_carea' id='block_1_88' title="bbox 2158 2884 3734 2954">
    <p class='ocr_par' dir='ltr' id='par_1_88' title="bbox 2158 2884 3734 2954">
     <span class='ocr_line' id='line_1_88' title="bbox 2158 2884 3734 2954; baseline -0.003 -15"><span class='ocrx_word' id='word_1_556' title='bbox 2158 2900 2341 2939; x_wconf 87' lang='lat' dir='ltr'><strong>rursus</strong></span> <span class='ocrx_word' id='word_1_557' title='bbox 2374 2901 2468 2954; x_wconf 83' lang='lat' dir='ltr'><strong>pro</strong></span> <span class='ocrx_word' id='word_1_558' title='bbox 2501 2885 2619 2938; x_wconf 55' lang='lat' dir='ltr'><strong>filiae</strong></span> <span class='ocrx_word' id='word_1_559' title='bbox 2644 2884 3009 2952; x_wconf 88' lang='lat' dir='ltr'><strong>redemptione</strong></span> <span class='ocrx_word' id='word_1_560' title='bbox 3029 2885 3267 2938; x_wconf 82' lang='lat' dir='ltr'><strong>anxietas</strong></span> <span class='ocrx_word' id='word_1_561' title='bbox 3290 2894 3510 2951; x_wconf 89' lang='lat' dir='ltr'><strong>paterna</strong></span> <span class='ocrx_word' id='word_1_562' title='bbox 3535 2884 3734 2938; x_wconf 68' lang='lat' dir='ltr'><strong>disten-</strong></span> 
     </span>
    </p>
   </div>
   <div class='ocr_carea' id='block_1_89' title="bbox 2158 2976 3731 3047">
    <p class='ocr_par' dir='ltr' id='par_1_89' title="bbox 2158 2976 3731 3047">
     <span class='ocr_line' id='line_1_89' title="bbox 2158 2976 3731 3047; baseline -0.001 -17"><span class='ocrx_word' id='word_1_563' title='bbox 2158 2976 2321 3040; x_wconf 87' lang='lat' dir='ltr'><strong>ditur,</strong></span> <span class='ocrx_word' id='word_1_564' title='bbox 2351 2977 2543 3031; x_wconf 82' lang='lat' dir='ltr'><strong>veSIris</strong></span> <span class='ocrx_word' id='word_1_565' title='bbox 2571 2992 2695 3031; x_wconf 89' lang='lat' dir='ltr'><strong>eum</strong></span> <span class='ocrx_word' id='word_1_566' title='bbox 2746 2977 2940 3031; x_wconf 91' lang='lat' dir='ltr'><strong>litteris</strong></span> <span class='ocrx_word' id='word_1_567' title='bbox 2990 2976 3236 3047; x_wconf 88' lang='lat' dir='ltr'><strong>prosequi</strong></span> <span class='ocrx_word' id='word_1_568' title='bbox 3282 2990 3377 3045; x_wconf 90' lang='lat' dir='ltr'><strong>pro</strong></span> <span class='ocrx_word' id='word_1_569' title='bbox 3415 2976 3731 3029; x_wconf 88' lang='lat' dir='ltr'><strong>cumulanda</strong></span> 
     </span>
    </p>
   </div>
   <div class='ocr_carea' id='block_1_90' title="bbox 2159 3066 3185 3135">
    <p class='ocr_par' dir='ltr' id='par_1_90' title="bbox 2159 3066 3185 3135">
     <span class='ocr_line' id='line_1_90' title="bbox 2159 3066 3185 3135; baseline -0.003 -14"><span class='ocrx_word' id='word_1_570' title='bbox 2159 3066 2424 3121; x_wconf 88' lang='lat' dir='ltr'><strong>mercedis</strong></span> <span class='ocrx_word' id='word_1_571' title='bbox 2447 3076 2636 3121; x_wconf 76' lang='lat' dir='ltr'><strong>vestra:</strong></span> <span class='ocrx_word' id='word_1_572' title='bbox 2667 3066 2910 3121; x_wconf 88' lang='lat' dir='ltr'><strong>ubertate</strong></span> <span class='ocrx_word' id='word_1_573' title='bbox 2934 3066 3185 3135; x_wconf 90' lang='lat' dir='ltr'><strong>jubeatis.</strong></span> 
     </span>
    </p>
   </div>
   <div class='ocr_carea' id='block_1_91' title="bbox 2227 3156 3733 3212">
    <p class='ocr_par' dir='ltr' id='par_1_91' title="bbox 2227 3156 3733 3212">
     <span class='ocr_line' id='line_1_91' title="bbox 2227 3156 3733 3212; baseline 0.002 -3"><span class='ocrx_word' id='word_1_574' title='bbox 2227 3156 2351 3209; x_wconf 86' lang='lat' dir='ltr'><strong>Pius</strong></span> <span class='ocrx_word' id='word_1_575' title='bbox 2379 3156 2637 3210; x_wconf 89' lang='lat' dir='ltr'><strong>Dominus</strong></span> <span class='ocrx_word' id='word_1_576' title='bbox 2674 3158 3021 3211; x_wconf 83' lang='lat' dir='ltr'><strong>reverendam</strong></span> <span class='ocrx_word' id='word_1_577' title='bbox 3066 3157 3192 3211; x_wconf 90' lang='lat' dir='ltr'><strong>mihi</strong></span> <span class='ocrx_word' id='word_1_578' title='bbox 3236 3157 3613 3212; x_wconf 91' lang='lat' dir='ltr'><strong>beatitudinem</strong></span> <span class='ocrx_word' id='word_1_579' title='bbox 3644 3173 3733 3212; x_wconf 86' lang='lat' dir='ltr'><strong>ve-</strong></span> 
     </span>
    </p>
   </div>
   <div class='ocr_carea' id='block_1_92' title="bbox 2156 3248 3726 3317">
    <p class='ocr_par' dir='ltr' id='par_1_92' title="bbox 2156 3248 3726 3317">
     <span class='ocr_line' id='line_1_92' title="bbox 2156 3248 3726 3317; baseline 0 -16"><span class='ocrx_word' id='word_1_580' title='bbox 2156 3258 2319 3302; x_wconf 88' lang='lat' dir='ltr'><strong>stram</strong></span> <span class='ocrx_word' id='word_1_581' title='bbox 2342 3250 2404 3302; x_wconf 89' lang='lat' dir='ltr'><strong>ad</strong></span> <span class='ocrx_word' id='word_1_582' title='bbox 2430 3248 2720 3317; x_wconf 87' lang='lat' dir='ltr'><strong>profectum</strong></span> <span class='ocrx_word' id='word_1_583' title='bbox 2752 3258 2805 3303; x_wconf 92' lang='lat' dir='ltr'><strong>et</strong></span> <span class='ocrx_word' id='word_1_584' title='bbox 2835 3258 3079 3303; x_wconf 91' lang='lat' dir='ltr'><strong>ornatum</strong></span> <span class='ocrx_word' id='word_1_585' title='bbox 3110 3249 3362 3305; x_wconf 69' lang='lat' dir='ltr'><strong>Ecclesia:</strong></span> <span class='ocrx_word' id='word_1_586' title='bbox 3391 3264 3519 3317; x_wconf 64' lang='lat' dir='ltr'><strong>suae,</strong></span> <span class='ocrx_word' id='word_1_587' title='bbox 3546 3260 3599 3304; x_wconf 90' lang='lat' dir='ltr'><strong>et</strong></span> <span class='ocrx_word' id='word_1_588' title='bbox 3632 3266 3726 3301; x_wconf 89' lang='lat' dir='ltr'><strong>an-</strong></span> 
     </span>
    </p>
   </div>
   <div class='ocr_carea' id='block_1_93' title="bbox 2156 3338 3734 3409">
    <p class='ocr_par' dir='ltr' id='par_1_93' title="bbox 2156 3338 3734 3409">
     <span class='ocr_line' id='line_1_93' title="bbox 2156 3338 3734 3409; baseline -0.002 -16"><span class='ocrx_word' id='word_1_589' title='bbox 2156 3339 2238 3393; x_wconf 91' lang='lat' dir='ltr'><strong>nis</strong></span> <span class='ocrx_word' id='word_1_590' title='bbox 2274 3339 2624 3408; x_wconf 77' lang='lat' dir='ltr'><strong>multiplicare</strong></span> <span class='ocrx_word' id='word_1_591' title='bbox 2658 3340 2905 3409; x_wconf 86' lang='lat' dir='ltr'><strong>dignetur</strong></span> <span class='ocrx_word' id='word_1_592' title='bbox 2933 3348 2985 3394; x_wconf 90' lang='lat' dir='ltr'><strong>et</strong></span> <span class='ocrx_word' id='word_1_593' title='bbox 3021 3341 3244 3407; x_wconf 89' lang='lat' dir='ltr'><strong>meritis,</strong></span> <span class='ocrx_word' id='word_1_594' title='bbox 3276 3339 3489 3393; x_wconf 89' lang='lat' dir='ltr'><strong>domine</strong></span> <span class='ocrx_word' id='word_1_595' title='bbox 3540 3338 3734 3392; x_wconf 83' lang='lat' dir='ltr'><strong>beatis-</strong></span> 
     </span>
    </p>
   </div>
   <div class='ocr_carea' id='block_1_94' title="bbox 2157 3430 3731 3501">
    <p class='ocr_par' dir='ltr' id='par_1_94' title="bbox 2157 3430 3731 3501">
     <span class='ocr_line' id='line_1_94' title="bbox 2157 3430 3731 3501; baseline 0.001 -17"><span class='ocrx_word' id='word_1_596' title='bbox 2157 3430 2290 3484; x_wconf 90' lang='lat' dir='ltr'><strong>sime</strong></span> <span class='ocrx_word' id='word_1_597' title='bbox 2329 3445 2393 3483; x_wconf 90' lang='lat' dir='ltr'><strong>ac</strong></span> <span class='ocrx_word' id='word_1_598' title='bbox 2436 3431 2905 3497; x_wconf 64' lang='lat' dir='ltr'><strong>reverentissime,</strong></span> <span class='ocrx_word' id='word_1_599' title='bbox 2951 3440 3109 3501; x_wconf 90' lang='lat' dir='ltr'><strong>atque</strong></span> <span class='ocrx_word' id='word_1_600' title='bbox 3156 3447 3186 3485; x_wconf 90' lang='lat' dir='ltr'><strong>a</strong></span> <span class='ocrx_word' id='word_1_601' title='bbox 3233 3447 3319 3485; x_wconf 92' lang='lat' dir='ltr'><strong>me</strong></span> <span class='ocrx_word' id='word_1_602' title='bbox 3366 3431 3544 3485; x_wconf 88' lang='lat' dir='ltr'><strong>debito</strong></span> <span class='ocrx_word' id='word_1_603' title='bbox 3589 3431 3731 3485; x_wconf 90' lang='lat' dir='ltr'><strong>cultu</strong></span> 
     </span>
    </p>
   </div>
   <div class='ocr_carea' id='block_1_95' title="bbox 2157 3520 3440 3593">
    <p class='ocr_par' dir='ltr' id='par_1_95' title="bbox 2157 3520 3440 3593">
     <span class='ocr_line' id='line_1_95' title="bbox 2157 3520 3440 3593; baseline 0.003 -18"><span class='ocrx_word' id='word_1_604' title='bbox 2157 3520 2497 3592; x_wconf 87' lang='lat' dir='ltr'><strong>singulariter</strong></span> <span class='ocrx_word' id='word_1_605' title='bbox 2526 3522 2856 3578; x_wconf 68' lang='lat' dir='ltr'><strong>observ-aude</strong></span> <span class='ocrx_word' id='word_1_606' title='bbox 2886 3523 2937 3577; x_wconf 93' lang='lat' dir='ltr'><strong>in</strong></span> <span class='ocrx_word' id='word_1_607' title='bbox 2961 3523 3169 3577; x_wconf 88' lang='lat' dir='ltr'><strong>Christo</strong></span> <span class='ocrx_word' id='word_1_608' title='bbox 3198 3532 3440 3593; x_wconf 89' lang='lat' dir='ltr'><strong>patrone.</strong></span> 
     </span>
    </p>
   </div>
   <div class='ocr_carea' id='block_1_96' title="bbox 2657 3676 3209 3735">
    <p class='ocr_par' dir='ltr' id='par_1_96' title="bbox 2657 3676 3209 3735">
     <span class='ocr_line' id='line_1_96' title="bbox 2657 3676 3209 3735; baseline -0.004 -1"><span class='ocrx_word' id='word_1_609' title='bbox 2657 3678 2989 3735; x_wconf 79' lang='lat' dir='ltr'><strong>EPISTULA</strong></span> <span class='ocrx_word' id='word_1_610' title='bbox 3016 3678 3130 3734; x_wconf 81' lang='lat' dir='ltr'><strong>XIV</strong></span> <span class='ocrx_word' id='word_1_611' title='bbox 3162 3676 3209 3732; x_wconf 74' lang='grc' dir='ltr'><em>δ.</em></span> 
     </span>
    </p>
   </div>
   <div class='ocr_carea' id='block_1_97' title="bbox 2230 3815 3733 3885">
    <p class='ocr_par' dir='ltr' id='par_1_97' title="bbox 2230 3815 3733 3885">
     <span class='ocr_line' id='line_1_97' title="bbox 2230 3815 3733 3885; baseline 0.005 -16"><span class='ocrx_word' id='word_1_612' title='bbox 2230 3815 2452 3870; x_wconf 91' lang='lat' dir='ltr'><strong>Domino</strong></span> <span class='ocrx_word' id='word_1_613' title='bbox 2474 3826 2661 3871; x_wconf 89' lang='lat' dir='ltr'><strong>sancto</strong></span> <span class='ocrx_word' id='word_1_614' title='bbox 2683 3833 2744 3872; x_wconf 93' lang='lat' dir='ltr'><strong>ac</strong></span> <span class='ocrx_word' id='word_1_615' title='bbox 2770 3818 3099 3885; x_wconf 87' lang='lat' dir='ltr'><strong>beatissimo,</strong></span> <span class='ocrx_word' id='word_1_616' title='bbox 3139 3828 3193 3875; x_wconf 89' lang='lat' dir='ltr'><strong>et</strong></span> <span class='ocrx_word' id='word_1_617' title='bbox 3233 3820 3378 3873; x_wconf 89' lang='lat' dir='ltr'><strong>omni</strong></span> <span class='ocrx_word' id='word_1_618' title='bbox 3420 3820 3553 3874; x_wconf 88' lang='lat' dir='ltr'><strong>tuihl</strong></span> <span class='ocrx_word' id='word_1_619' title='bbox 3592 3822 3733 3877; x_wconf 90' lang='lat' dir='ltr'><strong>cultu</strong></span> 
     </span>
    </p>
   </div>
   <div class='ocr_carea' id='block_1_98' title="bbox 2158 3905 3729 3976">
    <p class='ocr_par' dir='ltr' id='par_1_98' title="bbox 2158 3905 3729 3976">
     <span class='ocr_line' id='line_1_98' title="bbox 2158 3905 3729 3976; baseline 0.003 -17"><span class='ocrx_word' id='word_1_620' title='bbox 2158 3914 2318 3975; x_wconf 90' lang='lat' dir='ltr'><strong>atque</strong></span> <span class='ocrx_word' id='word_1_621' title='bbox 2349 3905 2554 3960; x_wconf 86' lang='lat' dir='ltr'><strong>honore</strong></span> <span class='ocrx_word' id='word_1_622' title='bbox 2579 3907 2883 3961; x_wconf 90' lang='lat' dir='ltr'><strong>venerando</strong></span> <span class='ocrx_word' id='word_1_623' title='bbox 2915 3910 3071 3976; x_wconf 89' lang='lat' dir='ltr'><strong>patri,</strong></span> <span class='ocrx_word' id='word_1_624' title='bbox 3102 3916 3155 3963; x_wconf 87' lang='lat' dir='ltr'><strong>et</strong></span> <span class='ocrx_word' id='word_1_625' title='bbox 3187 3909 3236 3962; x_wconf 95' lang='lat' dir='ltr'><strong>in</strong></span> <span class='ocrx_word' id='word_1_626' title='bbox 3271 3907 3483 3964; x_wconf 87' lang='lat' dir='ltr'><strong>Christo</strong></span> <span class='ocrx_word' id='word_1_627' title='bbox 3510 3909 3729 3965; x_wconf 85' lang='lat' dir='ltr'><strong>Domino</strong></span> 
     </span>
    </p>
   </div>
   <div class='ocr_carea' id='block_1_99' title="bbox 2161 3995 3274 4064">
    <p class='ocr_par' dir='ltr' id='par_1_99' title="bbox 2161 3995 3274 4064">
     <span class='ocr_line' id='line_1_99' title="bbox 2161 3995 3274 4064; baseline 0.002 -17"><span class='ocrx_word' id='word_1_628' title='bbox 2161 4004 2386 4064; x_wconf 91' lang='lat' dir='ltr'><strong>patrono</strong></span> <span class='ocrx_word' id='word_1_629' title='bbox 2411 3995 2624 4049; x_wconf 91' lang='lat' dir='ltr'><strong>Ruricio</strong></span> <span class='ocrx_word' id='word_1_630' title='bbox 2647 3997 2895 4062; x_wconf 88' lang='lat' dir='ltr'><strong>episeopo</strong></span> <span class='ocrx_word' id='word_1_631' title='bbox 2925 4005 2950 4032; x_wconf 71' lang='grc' dir='ltr'>ε</span> <span class='ocrx_word' id='word_1_632' title='bbox 2972 3995 3274 4050; x_wconf 81' lang='lat' dir='ltr'><strong>Turentius.</strong></span> 
     </span>
    </p>
   </div>
   <div class='ocr_carea' id='block_1_100' title="bbox 2229 4085 3730 4157">
    <p class='ocr_par' dir='ltr' id='par_1_100' title="bbox 2229 4085 3730 4157">
     <span class='ocr_line' id='line_1_100' title="bbox 2229 4085 3730 4157; baseline 0.001 -17"><span class='ocrx_word' id='word_1_633' title='bbox 2229 4085 2443 4140; x_wconf 59' lang='lat' dir='ltr'><strong>Litterae</strong></span> <span class='ocrx_word' id='word_1_634' title='bbox 2468 4088 2769 4140; x_wconf 70' lang='lat' dir='ltr'><strong>sanctitatis</strong></span> <span class='ocrx_word' id='word_1_635' title='bbox 2800 4095 2992 4140; x_wconf 69' lang='lat' dir='ltr'><strong>vestra:</strong></span> <span class='ocrx_word' id='word_1_636' title='bbox 3024 4102 3109 4142; x_wconf 90' lang='lat' dir='ltr'><strong>me</strong></span> <span class='ocrx_word' id='word_1_637' title='bbox 3129 4087 3351 4156; x_wconf 88' lang='lat' dir='ltr'><strong>spiritali</strong></span> <span class='ocrx_word' id='word_1_638' title='bbox 3383 4088 3502 4141; x_wconf 89' lang='lat' dir='ltr'><strong>cibo</strong></span> <span class='ocrx_word' id='word_1_639' title='bbox 3525 4098 3730 4157; x_wconf 90' lang='lat' dir='ltr'><strong>pastum</strong></span> 
     </span>
    </p>
   </div>
   <div class='ocr_carea' id='block_1_101' title="bbox 2161 4174 3731 4247">
    <p class='ocr_par' dir='ltr' id='par_1_101' title="bbox 2161 4174 3731 4247">
     <span class='ocr_line' id='line_1_101' title="bbox 2161 4174 3731 4247; baseline 0.003 -20"><span class='ocrx_word' id='word_1_640' title='bbox 2161 4174 2518 4229; x_wconf 87' lang='lat' dir='ltr'><strong>incitaverunt</strong></span> <span class='ocrx_word' id='word_1_641' title='bbox 2548 4176 2613 4229; x_wconf 90' lang='lat' dir='ltr'><strong>ad</strong></span> <span class='ocrx_word' id='word_1_642' title='bbox 2643 4190 2793 4243; x_wconf 91' lang='lat' dir='ltr'><strong>spem</strong></span> <span class='ocrx_word' id='word_1_643' title='bbox 2825 4176 3142 4242; x_wconf 86' lang='lat' dir='ltr'><strong>futurorum,</strong></span> <span class='ocrx_word' id='word_1_644' title='bbox 3190 4188 3242 4231; x_wconf 90' lang='lat' dir='ltr'><strong>et</strong></span> <span class='ocrx_word' id='word_1_645' title='bbox 3285 4177 3448 4230; x_wconf 89' lang='lat' dir='ltr'><strong>verba</strong></span> <span class='ocrx_word' id='word_1_646' title='bbox 3498 4178 3731 4247; x_wconf 85' lang='lat' dir='ltr'><strong>prepbe-</strong></span> 
     </span>
    </p>
   </div>
   <div class='ocr_carea' id='block_1_102' title="bbox 2162 4266 3731 4335">
    <p class='ocr_par' dir='ltr' id='par_1_102' title="bbox 2162 4266 3731 4335">
     <span class='ocr_line' id='line_1_102' title="bbox 2162 4266 3731 4335; baseline 0.001 -14"><span class='ocrx_word' id='word_1_647' title='bbox 2162 4266 2264 4321; x_wconf 89' lang='lat' dir='ltr'><strong>tica</strong></span> <span class='ocrx_word' id='word_1_648' title='bbox 2316 4268 2556 4323; x_wconf 85' lang='lat' dir='ltr'><strong>claritate</strong></span> <span class='ocrx_word' id='word_1_649' title='bbox 2605 4268 2865 4323; x_wconf 87' lang='lat' dir='ltr'><strong>radiantia</strong></span> <span class='ocrx_word' id='word_1_650' title='bbox 2902 4310 2916 4335; x_wconf 91' lang='lat'><strong>,</strong></span> <span class='ocrx_word' id='word_1_651' title='bbox 2969 4268 3033 4322; x_wconf 92' lang='lat' dir='ltr'><strong>ad</strong></span> <span class='ocrx_word' id='word_1_652' title='bbox 3088 4269 3448 4323; x_wconf 89' lang='lat' dir='ltr'><strong>discutiendas</strong></span> <span class='ocrx_word' id='word_1_653' title='bbox 3489 4284 3731 4323; x_wconf 90' lang='lat' dir='ltr'><strong>errorum</strong></span> 
     </span>
    </p>
   </div>
   <div class='ocr_carea' id='block_1_103' title="bbox 2162 4359 3730 4428">
    <p class='ocr_par' dir='ltr' id='par_1_103' title="bbox 2162 4359 3730 4428">
     <span class='ocr_line' id='line_1_103' title="bbox 2162 4359 3730 4428; baseline -0.001 -15"><span class='ocrx_word' id='word_1_654' title='bbox 2162 4359 2430 4424; x_wconf 88' lang='lat' dir='ltr'><strong>tenebras,</strong></span> <span class='ocrx_word' id='word_1_655' title='bbox 2456 4359 2735 4428; x_wconf 83' lang='lat' dir='ltr'><strong>purissima</strong></span> <span class='ocrx_word' id='word_1_656' title='bbox 2764 4360 2881 4415; x_wconf 90' lang='lat' dir='ltr'><strong>luce</strong></span> <span class='ocrx_word' id='word_1_657' title='bbox 2909 4359 3187 4414; x_wconf 87' lang='lat' dir='ltr'><strong>fulserunt.</strong></span> <span class='ocrx_word' id='word_1_658' title='bbox 3235 4360 3576 4426; x_wconf 83' lang='lat' dir='ltr'><strong>Recognosce</strong></span> <span class='ocrx_word' id='word_1_659' title='bbox 3618 4360 3730 4426; x_wconf 86' lang='lat' dir='ltr'><strong>plc-</strong></span> 
     </span>
    </p>
   </div>
   <div class='ocr_carea' id='block_1_104' title="bbox 2165 4451 3732 4521">
    <p class='ocr_par' dir='ltr' id='par_1_104' title="bbox 2165 4451 3732 4521">
     <span class='ocr_line' id='line_1_104' title="bbox 2165 4451 3732 4521; baseline 0 -17"><span class='ocrx_word' id='word_1_660' title='bbox 2165 4465 2290 4505; x_wconf 91' lang='lat' dir='ltr'><strong>num</strong></span> <span class='ocrx_word' id='word_1_661' title='bbox 2320 4451 2559 4506; x_wconf 88' lang='lat' dir='ltr'><strong>caritatis</strong></span> <span class='ocrx_word' id='word_1_662' title='bbox 2587 4451 2853 4519; x_wconf 74' lang='lat' dir='ltr'><strong>affectum,</strong></span> <span class='ocrx_word' id='word_1_663' title='bbox 2884 4460 2939 4505; x_wconf 90' lang='lat' dir='ltr'><strong>et</strong></span> <span class='ocrx_word' id='word_1_664' title='bbox 2967 4451 3323 4505; x_wconf 86' lang='lat' dir='ltr'><strong>sinceritatem</strong></span> <span class='ocrx_word' id='word_1_665' title='bbox 3364 4452 3463 4521; x_wconf 67' lang='lat' dir='ltr'><strong>piae</strong></span> <span class='ocrx_word' id='word_1_666' title='bbox 3502 4453 3732 4519; x_wconf 86' lang='lat' dir='ltr'><strong>castiga-</strong></span> 
     </span>
    </p>
   </div>
   <div class='ocr_carea' id='block_1_105' title="bbox 2167 4541 3732 4611">
    <p class='ocr_par' dir='ltr' id='par_1_105' title="bbox 2167 4541 3732 4611">
     <span class='ocr_line' id='line_1_105' title="bbox 2167 4541 3732 4611; baseline 0 -16"><span class='ocrx_word' id='word_1_667' title='bbox 2167 4543 2344 4595; x_wconf 85' lang='lat' dir='ltr'><strong>tionis.</strong></span> <span class='ocrx_word' id='word_1_668' title='bbox 2376 4542 2681 4611; x_wconf 81' lang='lat' dir='ltr'><strong>Atnplector</strong></span> <span class='ocrx_word' id='word_1_669' title='bbox 2712 4542 3067 4609; x_wconf 89' lang='lat' dir='ltr'><strong>eloquentiam</strong></span> <span class='ocrx_word' id='word_1_670' title='bbox 3102 4541 3153 4595; x_wconf 91' lang='lat' dir='ltr'><strong>in</strong></span> <span class='ocrx_word' id='word_1_671' title='bbox 3176 4542 3371 4607; x_wconf 88' lang='lat' dir='ltr'><strong>verbis,</strong></span> <span class='ocrx_word' id='word_1_672' title='bbox 3398 4542 3448 4594; x_wconf 89' lang='lat' dir='ltr'><strong>in</strong></span> <span class='ocrx_word' id='word_1_673' title='bbox 3473 4541 3732 4609; x_wconf 80' lang='lat' dir='ltr'><strong>exemplis</strong></span> 
     </span>
    </p>
   </div>
   <div class='ocr_carea' id='block_1_106' title="bbox 2166 4631 3732 4701">
    <p class='ocr_par' dir='ltr' id='par_1_106' title="bbox 2166 4631 3732 4701">
     <span class='ocr_line' id='line_1_106' title="bbox 2166 4631 3732 4701; baseline -0.001 -16"><span class='ocrx_word' id='word_1_674' title='bbox 2166 4631 2565 4701; x_wconf 85' lang='lat' dir='ltr'><strong>perfectionem,</strong></span> <span class='ocrx_word' id='word_1_675' title='bbox 2600 4632 2652 4685; x_wconf 90' lang='lat' dir='ltr'><strong>in</strong></span> <span class='ocrx_word' id='word_1_676' title='bbox 2687 4631 2911 4686; x_wconf 92' lang='lat' dir='ltr'><strong>consilio</strong></span> <span class='ocrx_word' id='word_1_677' title='bbox 2947 4633 3191 4700; x_wconf 85' lang='lat' dir='ltr'><strong>gratiam,</strong></span> <span class='ocrx_word' id='word_1_678' title='bbox 3244 4631 3295 4685; x_wconf 91' lang='lat' dir='ltr'><strong>in</strong></span> <span class='ocrx_word' id='word_1_679' title='bbox 3340 4632 3518 4685; x_wconf 81' lang='lat' dir='ltr'><strong>officio</strong></span> <span class='ocrx_word' id='word_1_680' title='bbox 3562 4632 3732 4685; x_wconf 84' lang='lat' dir='ltr'><strong>indul-</strong></span> 
     </span>
    </p>
   </div>
   <div class='ocr_carea' id='block_1_107' title="bbox 2163 4721 3731 4793">
    <p class='ocr_par' dir='ltr' id='par_1_107' title="bbox 2163 4721 3731 4793">
     <span class='ocr_line' id='line_1_107' title="bbox 2163 4721 3731 4793; baseline -0.001 -17"><span class='ocrx_word' id='word_1_681' title='bbox 2163 4724 2415 4793; x_wconf 84' lang='lat' dir='ltr'><strong>gentiam.</strong></span> <span class='ocrx_word' id='word_1_682' title='bbox 2468 4724 2518 4777; x_wconf 93' lang='lat' dir='ltr'><strong>in</strong></span> <span class='ocrx_word' id='word_1_683' title='bbox 2567 4724 2793 4779; x_wconf 89' lang='lat' dir='ltr'><strong>veritate</strong></span> <span class='ocrx_word' id='word_1_684' title='bbox 2844 4724 3229 4786; x_wconf 70' lang='lat' dir='ltr'><strong>conSIantiam,</strong></span> <span class='ocrx_word' id='word_1_685' title='bbox 3272 4723 3322 4775; x_wconf 90' lang='lat' dir='ltr'><strong>in</strong></span> <span class='ocrx_word' id='word_1_686' title='bbox 3370 4721 3731 4775; x_wconf 83' lang='lat' dir='ltr'><strong>admonitione</strong></span> 
     </span>
    </p>
   </div>
   <div class='ocr_carea' id='block_1_108' title="bbox 2164 4810 3731 4879">
    <p class='ocr_par' dir='ltr' id='par_1_108' title="bbox 2164 4810 3731 4879">
     <span class='ocr_line' id='line_1_108' title="bbox 2164 4810 3731 4879; baseline -0.003 -14"><span class='ocrx_word' id='word_1_687' title='bbox 2164 4812 2441 4867; x_wconf 88' lang='lat' dir='ltr'><strong>veritatem</strong></span> <span class='ocrx_word' id='word_1_688' title='bbox 2469 4821 2522 4868; x_wconf 90' lang='lat' dir='ltr'><strong>et</strong></span> <span class='ocrx_word' id='word_1_689' title='bbox 2552 4812 2847 4867; x_wconf 83' lang='lat' dir='ltr'><strong>scientiam.</strong></span> <span class='ocrx_word' id='word_1_690' title='bbox 2882 4812 3124 4866; x_wconf 75' lang='lat' dir='ltr'><strong>Probatis</strong></span> <span class='ocrx_word' id='word_1_691' title='bbox 3154 4812 3205 4864; x_wconf 90' lang='lat' dir='ltr'><strong>in</strong></span> <span class='ocrx_word' id='word_1_692' title='bbox 3235 4810 3480 4879; x_wconf 82' lang='lat' dir='ltr'><strong>dogmate</strong></span> <span class='ocrx_word' id='word_1_693' title='bbox 3517 4824 3612 4863; x_wconf 88' lang='lat' dir='ltr'><strong>vos</strong></span> <span class='ocrx_word' id='word_1_694' title='bbox 3637 4826 3731 4862; x_wconf 91' lang='lat' dir='ltr'><strong>an-</strong></span> 
     </span>
    </p>
   </div>
   <div class='ocr_carea' id='block_1_109' title="bbox 2166 4900 3729 4971">
    <p class='ocr_par' dir='ltr' id='par_1_109' title="bbox 2166 4900 3729 4971">
     <span class='ocr_line' id='line_1_109' title="bbox 2166 4900 3729 4971; baseline -0.002 -17"><span class='ocrx_word' id='word_1_695' title='bbox 2166 4902 2338 4969; x_wconf 89' lang='lat' dir='ltr'><strong>tiquos</strong></span> <span class='ocrx_word' id='word_1_696' title='bbox 2368 4902 2757 4971; x_wconf 87' lang='lat' dir='ltr'><strong>Scripturarum</strong></span> <span class='ocrx_word' id='word_1_697' title='bbox 2798 4903 3134 4970; x_wconf 90' lang='lat' dir='ltr'><strong>interpretes,</strong></span> <span class='ocrx_word' id='word_1_698' title='bbox 3165 4909 3218 4955; x_wconf 91' lang='lat' dir='ltr'><strong>et</strong></span> <span class='ocrx_word' id='word_1_699' title='bbox 3242 4901 3538 4954; x_wconf 83' lang='lat' dir='ltr'><strong>divinorum</strong></span> <span class='ocrx_word' id='word_1_700' title='bbox 3581 4900 3729 4951; x_wconf 81' lang='lat' dir='ltr'><strong>volu-</strong></span> 
     </span>
    </p>
   </div>
   <div class='ocr_carea' id='block_1_110' title="bbox 2164 4980 3730 5058">
    <p class='ocr_par' dir='ltr' id='par_1_110' title="bbox 2164 4980 3730 5058">
     <span class='ocr_line' id='line_1_110' title="bbox 2164 4980 3730 5058; baseline -0.003 -12"><span class='ocrx_word' id='word_1_701' title='bbox 2164 4993 2366 5046; x_wconf 92' lang='lat' dir='ltr'><strong>minum</strong></span> <span class='ocrx_word' id='word_1_702' title='bbox 2396 5001 2728 5057; x_wconf 88' lang='lat' dir='ltr'><strong>tractatores,</strong></span> <span class='ocrx_word' id='word_1_703' title='bbox 2768 4980 3064 5046; x_wconf 87' lang='lat' dir='ltr'><strong>veneranda</strong></span> <span class='ocrx_word' id='word_1_704' title='bbox 3096 4991 3221 5044; x_wconf 91' lang='lat' dir='ltr'><strong>mihi</strong></span> <span class='ocrx_word' id='word_1_705' title='bbox 3254 4990 3487 5055; x_wconf 90' lang='lat' dir='ltr'><strong>nomina,</strong></span> <span class='ocrx_word' id='word_1_706' title='bbox 3512 4990 3730 5058; x_wconf 78' lang='lat' dir='ltr'><strong>Cypria-</strong></span> 
     </span>
    </p>
   </div>
   <div class='ocr_carea' id='block_1_111' title="bbox 2161 5079 3729 5150">
    <p class='ocr_par' dir='ltr' id='par_1_111' title="bbox 2161 5079 3729 5150">
     <span class='ocr_line' id='line_1_111' title="bbox 2161 5079 3729 5150; baseline -0.004 -13"><span class='ocrx_word' id='word_1_707' title='bbox 2161 5099 2321 5149; x_wconf 90' lang='lat' dir='ltr'><strong>num,</strong></span> <span class='ocrx_word' id='word_1_708' title='bbox 2374 5084 2750 5150; x_wconf 80' lang='lat' dir='ltr'><strong>Augustinum,</strong></span> <span class='ocrx_word' id='word_1_709' title='bbox 2806 5082 3082 5144; x_wconf 86' lang='lat' dir='ltr'><strong>Hilarium,</strong></span> <span class='ocrx_word' id='word_1_710' title='bbox 3121 5080 3480 5145; x_wconf 82' lang='lat' dir='ltr'><strong>Ambrosium,</strong></span> <span class='ocrx_word' id='word_1_711' title='bbox 3534 5079 3626 5132; x_wconf 88' lang='lat' dir='ltr'><strong>sed</strong></span> <span class='ocrx_word' id='word_1_712' title='bbox 3681 5088 3729 5131; x_wconf 90' lang='lat' dir='ltr'><strong>et</strong></span> 
     </span>
    </p>
   </div>
   <div class='ocr_carea' id='block_1_112' title="bbox 2160 5168 3726 5231">
    <p class='ocr_par' dir='ltr' id='par_1_112' title="bbox 2160 5168 3726 5231">
     <span class='ocr_line' id='line_1_112' title="bbox 2160 5168 3726 5231; baseline -0.005 -4"><span class='ocrx_word' id='word_1_713' title='bbox 2160 5172 2392 5227; x_wconf 88' lang='lat' dir='ltr'><strong>illustres</strong></span> <span class='ocrx_word' id='word_1_714' title='bbox 2422 5171 2555 5225; x_wconf 88' lang='lat' dir='ltr'><strong>alios</strong></span> <span class='ocrx_word' id='word_1_715' title='bbox 2594 5171 2855 5225; x_wconf 70' lang='lat' dir='ltr'><strong>facundiae</strong></span> <span class='ocrx_word' id='word_1_716' title='bbox 2884 5169 3015 5224; x_wconf 90' lang='lat' dir='ltr'><strong>flore</strong></span> <span class='ocrx_word' id='word_1_717' title='bbox 3047 5178 3358 5231; x_wconf 86' lang='lat' dir='ltr'><strong>vernantes,</strong></span> <span class='ocrx_word' id='word_1_718' title='bbox 3404 5168 3540 5221; x_wconf 87' lang='lat' dir='ltr'><strong>alios</strong></span> <span class='ocrx_word' id='word_1_719' title='bbox 3575 5178 3629 5221; x_wconf 83' lang='lat' dir='ltr'><strong>et</strong></span> <span class='ocrx_word' id='word_1_720' title='bbox 3678 5168 3726 5219; x_wconf 90' lang='lat' dir='ltr'><strong>in</strong></span> 
     </span>
    </p>
   </div>
   <div class='ocr_carea' id='block_1_113' title="bbox 2163 5258 3728 5329">
    <p class='ocr_par' dir='ltr' id='par_1_113' title="bbox 2163 5258 3728 5329">
     <span class='ocr_line' id='line_1_113' title="bbox 2163 5258 3728 5329; baseline -0.005 -11"><span class='ocrx_word' id='word_1_721' title='bbox 2163 5265 2461 5319; x_wconf 88' lang='lat' dir='ltr'><strong>revelandis</strong></span> <span class='ocrx_word' id='word_1_722' title='bbox 2508 5261 3219 5329; x_wconf 76' lang='lat' dir='ltr'><strong>occultioribnsSpiritales,</strong></span> <span class='ocrx_word' id='word_1_723' title='bbox 3265 5260 3399 5313; x_wconf 87' lang='lat' dir='ltr'><strong>alios</strong></span> <span class='ocrx_word' id='word_1_724' title='bbox 3438 5258 3728 5312; x_wconf 71' lang='lat' dir='ltr'><strong>mulcendis</strong></span> 
     </span>
    </p>
   </div>
   <div class='ocr_carea' id='block_1_114' title="bbox 2166 5349 3722 5424">
    <p class='ocr_par' dir='ltr' id='par_1_114' title="bbox 2166 5349 3722 5424">
     <span class='ocr_line' id='line_1_114' title="bbox 2166 5349 3722 5424; baseline -0.004 -17"><span class='ocrx_word' id='word_1_725' title='bbox 2166 5357 2529 5424; x_wconf 76' lang='lat' dir='ltr'><strong>imperitorum</strong></span> <span class='ocrx_word' id='word_1_726' title='bbox 2559 5356 2805 5409; x_wconf 87' lang='lat' dir='ltr'><strong>sensibus</strong></span> <span class='ocrx_word' id='word_1_727' title='bbox 2834 5352 3187 5414; x_wconf 89' lang='lat' dir='ltr'><strong>blandientes,</strong></span> <span class='ocrx_word' id='word_1_728' title='bbox 3221 5351 3357 5404; x_wconf 88' lang='lat' dir='ltr'><strong>alios</strong></span> <span class='ocrx_word' id='word_1_729' title='bbox 3384 5353 3434 5405; x_wconf 94' lang='lat' dir='ltr'><strong>in</strong></span> <span class='ocrx_word' id='word_1_730' title='bbox 3476 5349 3595 5404; x_wconf 89' lang='lat' dir='ltr'><strong>fidei</strong></span> <span class='ocrx_word' id='word_1_731' title='bbox 3639 5363 3722 5402; x_wconf 85' lang='lat' dir='ltr'><strong>as-</strong></span> 
     </span>
    </p>
   </div>
   <div class='ocr_carea' id='block_1_115' title="bbox 2162 5440 3711 5515">
    <p class='ocr_par' dir='ltr' id='par_1_115' title="bbox 2162 5440 3711 5515">
     <span class='ocr_line' id='line_1_115' title="bbox 2162 5440 3711 5515; baseline -0.006 -15"><span class='ocrx_word' id='word_1_732' title='bbox 2162 5449 2397 5501; x_wconf 86' lang='lat' dir='ltr'><strong>sertione</strong></span> <span class='ocrx_word' id='word_1_733' title='bbox 2456 5454 2769 5515; x_wconf 83' lang='lat' dir='ltr'><strong>pugnantes.</strong></span> <span class='ocrx_word' id='word_1_734' title='bbox 2817 5440 3109 5497; x_wconf 57' lang='lat' dir='ltr'><strong>Prasterita:</strong></span> <span class='ocrx_word' id='word_1_735' title='bbox 3137 5441 3522 5496; x_wconf 82' lang='lat' dir='ltr'><strong>calumniamur</strong></span> <span class='ocrx_word' id='word_1_736' title='bbox 3562 5440 3711 5494; x_wconf 80' lang='lat' dir='ltr'><strong>:etati.</strong></span> 
     </span>
    </p>
   </div>
   <div class='ocr_carea' id='block_1_116' title="bbox 2240 5579 3073 5647">
    <p class='ocr_par' dir='ltr' id='par_1_116' title="bbox 2240 5579 3073 5647">
     <span class='ocr_line' id='line_1_116' title="bbox 2240 5579 3073 5647; baseline -0.007 -10"><span class='ocrx_word' id='word_1_737' title='bbox 2240 5583 2263 5621; x_wconf 74' lang='grc' dir='ltr'>ἀ</span> <span class='ocrx_word' id='word_1_738' title='bbox 2286 5585 2434 5647; x_wconf 76' lang='lat' dir='ltr'><strong>Apud</strong></span> <span class='ocrx_word' id='word_1_739' title='bbox 2466 5583 2733 5637; x_wconf 78' lang='lat' dir='ltr'><strong>Canisium</strong></span> <span class='ocrx_word' id='word_1_740' title='bbox 2765 5579 2886 5635; x_wconf 76' lang='lat' dir='ltr'><strong>XII.</strong></span> <span class='ocrx_word' id='word_1_741' title='bbox 3064 5619 3073 5626; x_wconf 94' lang='lat'><strong>.</strong></span> 
     </span>
    </p>
   </div>
   <div class='ocr_carea' id='block_1_117' title="bbox 2240 5647 3399 5717">
    <p class='ocr_par' dir='ltr' id='par_1_117' title="bbox 2240 5647 3399 5717">
     <span class='ocr_line' id='line_1_117' title="bbox 2240 5647 3399 5717; baseline -0.006 -10"><span class='ocrx_word' id='word_1_742' title='bbox 2240 5665 2261 5691; x_wconf 73' lang='grc' dir='ltr'><strong>ε</strong></span> <span class='ocrx_word' id='word_1_743' title='bbox 2290 5657 2452 5717; x_wconf 75' lang='lat' dir='ltr'><strong>Alias.</strong></span> <span class='ocrx_word' id='word_1_744' title='bbox 2484 5655 2729 5709; x_wconf 83' lang='lat' dir='ltr'><strong>Turitt‘us.</strong></span> <span class='ocrx_word' id='word_1_745' title='bbox 2757 5650 3038 5717; x_wconf 81' lang='lat' dir='ltr'><strong>Tureitius,</strong></span> <span class='ocrx_word' id='word_1_746' title='bbox 3069 5647 3399 5705; x_wconf 79' lang='lat' dir='ltr'><strong>Taureutius.</strong></span> 
     </span>
    </p>
   </div>
  </div>
