4046 6188
274 333 387 389 865

1730 326 2108 383 ΕΡΙΒΤΟΙΑΕ.

3426 339 3529 395 866

270 443 416 516 quod
443 441 585 496 viros
605 440 724 494 illos
750 436 1104 493 admiratione
1133 435 1474 506 dignissimos
1508 436 1625 490 haec
1666 441 1857 495 smcula
1884 439 1933 500 Δ
1962 440 2104 495 dicta
2130 449 2275 507 sunt,
2306 441 2589 497 desideriis
2612 442 2875 501 obsistunt
2899 463 2914 511 ;
2955 463 3106 518 rogo,
3146 457 3199 503 et
3243 463 3336 518 pc-r
3370 450 3526 505 Chri-

270 554 383 592 non
405 535 638 590 tulerunt
660 549 676 589 :
709 546 803 602 pro
822 539 971 587 certo
991 530 1286 585 doctrinam
1306 529 1534 598 junioris
1556 529 1849 595 ambirent,

270 630 363 698 qui
392 637 518 681 ante
544 625 861 679 docuerunt.
896 623 1005 692 Ego
1042 632 1217 677 autem
1236 631 1454 677 vetatem
1484 637 1602 677 eam
1632 637 1738 676 non
1788 622 1857 677 de

272 715 576 772 canentium
609 713 879 783 putamine
931 711 1239 781 capillorum
1269 750 1284 775 ,
1341 727 1458 778 nec,
1508 712 1647 766 sicut
1684 712 1855 766 benti-

271 807 402 859 tudo
428 815 606 860 vestra
632 804 698 856 de
727 802 968 857 smeulari
998 810 1214 856 auctore
1237 809 1472 856 mutuata
1513 810 1594 855 est
1615 842 1629 867 ,
1659 802 1726 856 de
1765 817 1856 856 co-

273 898 391 949 lore
421 894 596 948 barba:
633 891 863 945 albentis
892 904 1145 959 agnosco.
1199 891 1331 943 Cum
1371 890 1577 945 etiamsi
1618 905 1721 944 non
1767 906 1855 944 es—

277 1001 393 1041 sem
424 985 473 1038 in
504 993 757 1052 computo
785 983 1135 1046 senescentis,
1170 996 1339 1036 annos
1365 983 1666 1051 decrepEtos
1689 998 1855 1037 mem-

274 1066 493 1130 brorum
520 1090 612 1143 per
636 1073 804 1128 morbi
829 1074 1155 1128 incrementa
1181 1074 1457 1129 sentirem.
1485 1075 1587 1129 Sed
1616 1077 1853 1130 omnimn

276 1182 494 1236 precum
524 1166 823 1219 humilitate
845 1165 1096 1234 deposco,
1127 1174 1184 1219 ut
1230 1181 1326 1235 pro
1365 1168 1699 1221 correctione
1742 1184 1857 1222 mo-

274 1274 387 1311 rum
422 1272 680 1325 meorum,
712 1271 809 1325 pro
848 1256 1157 1324 insilirando
1202 1258 1329 1310 milii
1373 1256 1642 1311 desiderio
1684 1258 1855 1327 pretii-

275 1349 447 1413 tendi,
488 1363 583 1417 pro
632 1346 839 1400 Domini
889 1345 1058 1400 nostri
1102 1346 1497 1415 propitiatione,
1552 1347 1602 1399 in
1652 1332 1853 1401 sanctis

277 1440 471 1495 vestris
493 1438 821 1492 orationibus
852 1438 1178 1506 supplicetis,
1227 1446 1284 1491 ut
1330 1439 1417 1506 qui
1464 1437 1529 1490 ad
1579 1438 1850 1495 vitandum

278 1530 517 1598 proclive
544 1529 683 1582 illius
704 1529 803 1580 vim
834 1528 885 1580 in
917 1527 1211 1596 perniciosa
1248 1528 1536 1596 vergentis,
1563 1536 1762 1581 rectum
1797 1536 1851 1582 et

277 1639 396 1675 cum
429 1622 611 1675 labore
636 1617 981 1689 gradiendnm
1018 1619 1117 1672 iter
1144 1619 1446 1684 ostenditis,
1479 1627 1531 1672 et
1554 1621 1850 1688 ingressum

273 1713 397 1769 boni
418 1711 597 1782 operis
624 1721 677 1765 et
727 1710 826 1779 pia:
854 1709 1243 1764 emendationis
1267 1709 1550 1763 obtineatis
1579 1710 1843 1775 allectum,

1959 538 2102 584 stum
2134 544 2227 584 vos
2258 531 2468 599 adjnro,
2501 541 2559 586 ut
2583 547 2667 587 me
2708 535 2857 589 vobis
2883 547 3057 591 vestra
3100 552 3311 607 semper
3358 543 3530 610 pietas

1946 630 2326 689 .reprzesrntet.
2351 621 2459 675 Nec
2486 622 2755 691 patiamini
2795 632 2851 677 ut
2880 640 2975 694 pro
3016 626 3318 682 ofﬁciorum
3362 630 3529 684 tardi-

1962 719 2070 765 tate
2113 711 2388 766 caritatem
2433 714 2737 777 imminuat,
2790 723 2882 769 aut
2913 715 3135 771 oll‘uscet
3165 719 3380 785 oblivio,
3430 720 3525 774 sed

1958 814 2056 868 pro
2086 816 2191 865 me,
2243 803 2382 855 sicut
2433 802 2608 857 facere
2652 819 2746 858 vos
2794 815 2975 860 certus
3019 822 3154 873 sum,
3200 807 3531 866 incessanter

1958 890 2162 957 oretis;
2209 902 2262 946 ct
2312 893 2520 961 quoties
2559 904 2911 962 opportunum
2956 895 3147 963 fuerit,
3188 913 3399 954 servum
3439 916 3531 955 vc-

1957 990 2123 1036 strum
2154 997 2249 1051 per
2269 984 2535 1053 colloquia
2566 984 2861 1039 litterarum
2890 987 3107 1041 visitare
3130 987 3436 1058 dignemini.

2470 1094 2796 1150 EPISTULA
2822 1095 2936 1150 XVI
2968 1107 3014 1150 ο.

2027 1182 2249 1235 Domino
2277 1194 2461 1237 sancto
2488 1199 2550 1238 ac
2583 1185 2892 1240 beatissimo
2937 1197 2992 1241 et
3039 1190 3331 1258 apostolica
3356 1205 3529 1246 reve-

1953 1273 2126 1324 rentia
2153 1271 2512 1342 suscipiendo,
2547 1288 2720 1343 papae,
2760 1285 2814 1330 et
2839 1291 2959 1332 meo
2994 1279 3211 1347 speciali
3251 1280 3389 1349 apud
3419 1280 3523 1336 Do-

1953 1361 2153 1415 minum
2183 1372 2407 1430 patrono
2435 1364 2652 1419 Ruricio
2676 1366 2922 1422 Sedatus.

2022 1451 2225 1506 Refecit
2257 1469 2342 1508 me
2385 1454 2523 1509 ﬁlius
2567 1466 2768 1523 noster,
2818 1458 3064 1527 salutem,
3120 1461 3523 1519 salutationem-

1951 1556 2053 1610 qne
2076 1553 2215 1597 tuam
2248 1545 2496 1601 nuntians
2525 1562 2545 1601 :
2575 1562 2671 1617 per
2698 1565 2855 1617 quem
2881 1565 2979 1619 ego
3026 1566 3156 1621 quas
3206 1568 3310 1607 non
3358 1556 3531 1610 merui

1950 1630 2190 1687 litteras?
2220 1633 2351 1690 Dedi
2383 1651 2447 1691 ex
2478 1636 2578 1692 hoc
2608 1638 2872 1694 desiderio
2913 1655 3033 1694 meo
3083 1642 3437 1712 satisfaciens,
3486 1646 3533 1699 si

1952 1724 2033 1776 vel
2058 1722 2222 1779 ofﬁcii
2264 1726 2330 1780 ad
2370 1742 2465 1781 vos
2505 1730 2692 1797 pagina
2742 1731 3070 1798 perveniret.
3121 1733 3305 1787 Saluto
3354 1734 3531 1805 itaque

274 1822 377 1860 non
409 1807 461 1858 in
494 1805 702 1858 fervore
728 1802 977 1869 disciplin
997 1818 1047 1866 Ρ,
1081 1801 1173 1857 sed
1202 1802 1254 1856 in
1296 1801 1641 1873 indlllgeltliiﬂ
1679 1804 1848 1859 medi-
1878 1795 1927 1855 Β
1953 1813 2261 1883 plurimum,
2285 1825 2339 1870 et
2359 1832 2487 1887 rogo
2507 1795 2608 1886 per
2634 1795 2777 1872 illam
2805 1821 3083 1876 caritatem
3106 1837 3222 1891 quae
3257 1822 3385 1879 mihi
3433 1795 3520 1878 af-

273 1898 388 1952 cina
437 1906 487 1951 et
534 1894 916 1951 misericordia:
965 1894 1202 1950 lenitate.
1254 1896 1401 1950 lianc
1448 1912 1659 1967 quoque
1700 1898 1851 1953 Vobis

274 1989 510 2045 cnnferte
535 1988 835 2042 mercedem
871 2004 886 2041 :
926 1987 1135 2042 debetis
1161 1988 1301 2042 enim
1343 1987 1495 2042 fenus
1526 1988 1749 2043 Domino
1785 1989 1853 2045 de

278 2081 547 2146 thesauro,
580 2079 669 2147 qui
697 2078 821 2134 ﬁdei
853 2088 1046 2133 vestrae
1068 2079 1297 2134 traditus
1330 2088 1385 2133 et
1421 2080 1573 2134 vobis
1596 2080 1686 2134 illo
1708 2095 1855 2135 com-

274 2168 565 2225 mendante
595 2177 878 2238 susceptus
897 2178 998 2223 est.

330 2260 615 2329 Acquirite
635 2261 1010 2329 desperantes,
1051 2260 1256 2329 arguite
1299 2262 1651 2331 negligentes,
1695 2262 1848 2318 dedi-

274 2362 355 2405 tos
381 2366 571 2406 somno
601 2352 800 2420 ignavae
818 2352 1119 2405 securitatis
1147 2351 1404 2415 excutite,
1452 2350 1665 2406 desides
1706 2353 1852 2408 exci-

272 2452 398 2496 tate.
454 2442 613 2496 Decet
676 2455 829 2496 ovem
877 2441 1135 2511 perditam
1194 2442 1248 2495 in
1306 2442 1544 2497 humeris
1594 2442 1706 2497 suis
1762 2444 1857 2498 bo-

272 2548 398 2587 num
457 2541 732 2603 reportare
784 2544 1047 2600 pastoiem
1078 2572 1094 2598 ,
1148 2540 1204 2586 et
1260 2532 1637 2589 munitioribus
1689 2534 1856 2591 caulis

271 2641 362 2680 eas
384 2625 575 2695 quibus
613 2624 765 2694 lupus
794 2623 1072 2679 insidiatur
1102 2624 1393 2679 includere.

343 2718 597 2772 Sanctum
641 2718 1032 2787 Augustinum,
1084 2719 1222 2772 sicut
1276 2717 1592 2786 jusseratis,
1656 2718 1854 2786 inveni,

272 2826 430 2880 quem
478 2825 597 2864 cum
642 2811 753 2864 ﬁlio
794 2811 1063 2866 communi
1113 2811 1333 2865 Rustico
1377 2814 1692 2881 presbytero
1736 2827 1857 2868 esse

275 2904 584 2958 credebam.
605 2905 795 2972 Operae
822 2905 1047 2972 pretium
1075 2911 1157 2957 est
1180 2913 1237 2957 ut
1260 2902 1595 2957 admiremini
1624 2904 1856 2959 studium

274 3010 474 3061 meum,
523 2996 662 3064 quod
708 3010 827 3064 qua:
874 2994 1127 3063 epnscula
1184 2994 1530 3061 continebat,
1580 2994 1855 3063 hucusque

270 3088 470 3143 nescivi
503 3100 653 3152 sane,
676 3098 700 3124 ι
732 3085 1059 3154 capitulatim
1082 3086 1189 3155 jam
1220 3087 1412 3140 librum
1447 3087 1738 3141 traditurus
1771 3089 1853 3141 in-

1954 1905 2148 1961 fectum
2172 1907 2639 1979 dignationemque
2671 1920 2811 1964 tuam
2850 1914 3077 1978 nuntiat,
3128 1929 3194 1968 ne
3238 1923 3291 1970 te
3333 1917 3527 1986 pigeat,

1954 1998 2163 2065 quoties
2187 2006 2563 2069 opportunum,
2585 2015 2798 2054 servum
2824 2012 2967 2055 tuum
2993 2003 3286 2059 litterarum
3312 2021 3532 2062 munere

1954 2089 2190 2146 visitare.
2216 2090 2351 2157 Quia
2383 2099 2550 2146 testor
2580 2090 2859 2146 Dominum
2884 2093 3025 2162 quod
3058 2103 3174 2162 post
3199 2098 3532 2165 praesentiam

1958 2190 2100 2236 tuam
2130 2182 2259 2235 nihil
2289 2182 2416 2236 mihi
2450 2183 2652 2237 dulcius
2684 2193 2787 2249 est,
2813 2200 2969 2254 quam
2997 2187 3040 2239 si
3073 2186 3390 2256 colloquium
3437 2190 3533 2244 dc-

1962 2272 2401 2328 siderantissitna:
2428 2275 2658 2342 pietatis,
2701 2276 2785 2330 vel
2825 2277 3119 2333 litterarum
3167 2279 3529 2350 dignationem

1966 2379 2233 2420 meruero.
2263 2366 2410 2436 Rogo
2436 2369 2618 2434 etiam,
2646 2377 2696 2421 et
2721 2370 2864 2422 omni
2890 2385 3046 2438 prece
3068 2373 3319 2440 deposco,
3345 2383 3400 2427 ut
3435 2389 3532 2443 pro

1957 2470 2065 2521 me,
2090 2457 2226 2510 sicut
2255 2456 2428 2512 facere
2460 2472 2552 2511 vos
2582 2467 2757 2512 certus
2779 2475 2917 2525 sum,
2954 2462 3070 2515 sine
3109 2465 3405 2517 cessatione
3446 2465 3525 2517 in-

1959 2545 2233 2601 tercedere
2264 2556 2316 2601 et
2366 2562 2520 2601 orare
2549 2547 2859 2617 dignemini.
2892 2550 3060 2605 Filios
3099 2564 3307 2608 nostros
3355 2563 3408 2608 et
3437 2570 3529 2609 ve-

1966 2652 2159 2692 nerans
2190 2646 2244 2692 et
2271 2638 2583 2693 desiderans
2611 2640 2803 2695 saluto.

2460 2755 2788 2811 EPISTULA
2820 2756 2957 2812 XVII
2982 2753 3034 2811 δ.

2032 2863 2258 2918 Domino
2286 2875 2492 2934 sancto,
2522 2868 2726 2921 meritis
2761 2868 3088 2935 beatissimo,
3125 2885 3294 2939 papm,
3318 2871 3531 2929 honor's

1960 2952 2101 3007 cultu
2146 2956 2521 3023 suSpiciendo,
2589 2970 2747 3027 atque
2804 2961 3096 3029 apostolico
3142 2961 3276 3030 patri
3317 2962 3532 3018 domino

1960 3040 2176 3098 Ruricio
2205 3048 2456 3114 episcopo
2481 3047 2773 3103 Eufrasins.

273 3134 470 3188 ”’“’ῖ”
503 3134 653 3152 ”“”⁷’
736 3134 1189 3188 “’“τ”ἶ“’“”’”⁴““’
1449 3134 1821 3192 ””“”Ϊ”⁷.“’
1878 3160 1924 3219 C
2032 3134 2326 3189 deiosam
2377 3137 2625 3204 pietatem
2668 3148 2895 3192 vestram
2945 3156 3064 3196 tssc
3119 3141 3263 3196 tenui
3323 3157 3535 3198 rumore

273 3196 447 3247 spem.
477 3176 801 3232 Chartaceus
834 3178 965 3233 liber
993 3187 1097 3246 est,
1124 3190 1173 3232 et
1206 3178 1571 3233 adferendam
1607 3183 1850 3249 tnjurtam
1960 3227 2213 3249 ΛΑΜ-Μ,-
2265 3227 2354 3249 __,
2394 3226 2577 3249 Lm”
2633 3228 2863 3249 ,ηῌη-
3083 3247 3094 3249 4
3146 3233 3156 3244 ,
3214 3241 3263 3249 ,_
3303 3247 3311 3249 _
3372 3232 3417 3249 ί,
3459 3242 3471 3249 _

274 3284 459 3339 parum
484 3269 637 3324 fortis
666 3288 679 3322 :
726 3271 847 3339 quia
878 3270 1033 3325 citius
1055 3270 1259 3337 charta,
1292 3273 1429 3325 sicut
1460 3273 1628 3327 nostis
1649 3313 1663 3339 ,
1700 3284 1854 3327 vetu-

274 3375 303 3414 s
327 3371 413 3416 ate
443 3362 801 3426 consumitur;
834 3362 989 3430 legite
1015 3362 1058 3415 si
1091 3361 1258 3425 lubet,
1291 3371 1451 3430 atque
1494 3364 1852 3418 transcribite.

276 3450 341 3504 Et
368 3464 527 3519 Spero
562 3467 609 3503 ut
640 3460 916 3519 postquam
950 3451 1099 3504 vobis
1122 3451 1258 3504 bene
1301 3451 1544 3518 cognitus
1577 3453 1753 3517 fuerit,
1784 3452 1852 3505 a'l

277 3557 385 3605 me,
419 3542 500 3593 cui
533 3550 615 3594 est
665 3541 986 3610 incognitus,
1041 3543 1376 3605 remittatur;
1420 3541 1541 3608 quia
1589 3543 1856 3611 corrigere

278 3634 657 3701 negligentiam
705 3648 873 3685 meam
935 3634 1267 3701 lt'equeutata
1316 3632 1643 3688 membratim
1693 3636 1853 3704 ipsius

279 3724 505 3778 lectione
532 3726 774 3794 dispino.
805 3727 906 3777 Ora
940 3741 1031 3789 pro
1062 3740 1165 3781 me.

773 3814 1102 3870 EPISTOLA
1134 3816 1226 3869 XV
1254 3815 1303 3867 ιι.

354 3906 575 3961 Domino
604 3919 787 3961 sancto
836 3924 897 3961 ac
937 3908 1246 3963 beatissimo
1291 3916 1344 3963 et
1379 3910 1667 3978 apostolica
1700 3912 1863 3967 reve?

288 4002 458 4055 rentia
490 3999 847 4069 suscipiendo,
881 4014 1028 4068 papa:
1056 4000 1269 4053 Ruricio
1290 3999 1539 4055 Sedatus.

354 4090 494 4144 Satis
524 4089 747 4153 credidi,
779 4097 833 4141 et
857 4105 1014 4157 quam
1056 4090 1252 4143 habere
1283 4088 1383 4144 iter
1429 4090 1581 4144 vobis
1627 4090 1857 4144 laborioo

280 4196 409 4232 snm-
430 4190 593 4247 8858',
623 4191 675 4234 et
703 4179 1049 4233 vehementer
1071 4180 1245 4248 optavi
1276 4190 1333 4234 ut
1371 4180 1436 4234 ad
1478 4184 1853 4236 necessitatem

282 4274 459 4335 istam,
486 4286 604 4340 qua:
635 4272 718 4325 hic
745 4285 840 4325 nos
868 4271 1128 4334 exhibuit,
1170 4272 1423 4326 veniretis
1450 4273 1531 4328 vel
1576 4289 1668 4342 per
1697 4289 1856 4329 occa-

282 4364 518 4428 sionem;
554 4370 601 4414 ct
630 4362 1050 4415 benedictionem
1083 4369 1314 4415 vestram
1343 4378 1599 4424 mererer,
1634 4373 1683 4417 et
1716 4365 1858 4418 desi-

282 4452 488 4505 derium
520 4467 802 4506 commune
828 4463 1008 4504 mutuo
1035 4450 1317 4505 satiantur
1343 4460 1559 4519 aspectu
1585 4470 1598 4517 ;
1647 4463 1702 4507 et
1729 4470 1854 4508 vere

1957 3227 2215 3293 cognovi;
2264 3227 2356 3281 sed
2394 3226 2581 3283 harum
2631 3228 2867 3298 bajulum
2900 3231 3181 3298 destinavi,
3212 3241 3269 3286 ut
3294 3232 3534 3287 anxieta-

1960 3327 2063 3373 tem
2094 3333 2263 3372 meam
2304 3319 2370 3373 de
2418 3321 2710 3374 acerbitate
2761 3322 2927 3375 nuntii
2972 3324 3221 3377 celeriter
3258 3326 3533 3379 reveletis.

1957 3408 2089 3473 Quia
2119 3409 2216 3460 scit
2248 3409 2421 3460 divina
2468 3410 2635 3476 pietas
2680 3411 2818 3479 quod
2853 3420 2905 3463 et
2935 3413 3199 3465 tristitiam
3227 3422 3281 3467 et
3310 3414 3533 3467 inﬁrmi-

1959 3508 2118 3553 tatem
2143 3507 2370 3552 vestram
2406 3516 2507 3552 non
2537 3500 2936 3569 compatientis,
2964 3503 3057 3555 sed
3092 3505 3406 3571 perferentis
3442 3504 3534 3556 do-

1958 3590 2073 3644 lore
2100 3591 2379 3658 participe.
2412 3591 2498 3644 Sic
2544 3592 2613 3643 ita
2641 3590 2897 3645 concedat
2934 3592 3112 3645 divina
3145 3585 3434 3658 miseratio,
3478 3602 3533 3651 ut

1959 3682 2088 3735 mihi
2125 3684 2415 3747 permultos
2441 3696 2610 3735 annos
2639 3685 2918 3738 exterioris
2960 3684 3125 3738 vestri
3172 3686 3429 3752 vigorem,
3480 3695 3532 3741 ct

1956 3774 2288 3827 alacritatem
2340 3774 2559 3841 integra:
2602 3775 2843 3828 sanitatis
2894 3774 3183 3843 indulgeat.
3231 3776 3363 3843 Quia
3408 3793 3533 3833 vere

1960 3876 2084 3918 tunc
2116 3876 2417 3933 reparatum
2451 3880 2569 3919 esse
2601 3881 2685 3918 me
2715 3865 2908 3929 sentio,
2951 3865 2997 3921 si
3038 3866 3104 3920 de
3148 3869 3401 3936 sospitate
3444 3884 3533 3923 vn—

1961 3965 2069 4010 stra
2101 3958 2330 4011 celerius
2356 3968 2533 4025 optata
2565 3974 2883 4027 cognovero.

2449 4068 2775 4122 EPISTOLA
2801 4067 2962 4122 XVIII
2998 4078 3040 4120 ο.

2036 4180 2262 4234 Domino
2304 4190 2489 4233 sancto
2533 4178 2873 4232 meritissimo
2915 4181 2969 4231 in
3010 4176 3205 4232 CltriSti
3250 4178 3527 4236 luminaria

1963 4270 2307 4338 prml‘erendo
2366 4278 2418 4323 et
2484 4271 2761 4338 plurimum
2812 4268 2864 4321 in
2917 4268 3131 4321 Christo
3174 4268 3526 4324 desiderando

1959 4361 2199 4431 piissimo
2212 4361 2431 4413 domino
2453 4362 2667 4414 Ruricio
2685 4361 2935 4429 episcopo
2950 4359 3209 4413 Cwsarins
3225 4359 3523 4428 episcopus.

2033 4452 2165 4506 Dum
2197 4454 2413 4505 nimium
2447 4452 2783 4505 trtbularetur
2820 4451 3029 4503 animus
3059 4466 3227 4512 tncus,
3262 4465 3426 4519 quare
3460 4451 3527 4506 ad

285 4551 627 4610 posteaquam
655 4556 740 4595 me
764 4543 1060 4609 prtesentize
1102 4552 1292 4595 vestra:
1323 4556 1443 4609 spes
1474 4542 1723 4597 frustrata
1748 4553 1848 4609 est,

1965 4543 2224 4613 synodum
2239 4551 2466 4595 vestram
2485 4541 2816 4607 prmsentiam
2838 4555 2939 4591 non
2954 4539 3244 4591 meruimus
3261 4538 3527 4605 obtinere,

282 4634 430 4685 velut
454 4632 521 4685 de
558 4642 799 4685 votorum
831 4631 1061 4687 culmine
1087 4633 1345 4701 deiectus,
1372 4642 1424 4687 et
1461 4634 1629 4698 labor,
1658 4635 1744 4704 qui
1774 4636 1854 4688 in-

283 4723 488 4785 cubuit,
518 4733 572 4776 et
610 4722 848 4776 absentia
877 4722 1089 4787 domus,
1128 4734 1183 4776 et
1224 4724 1421 4787 omnia,
1469 4723 1657 4792 quibus
1701 4725 1854 4794 aegri-

284 4813 411 4865 tndn
433 4813 672 4881 decepta:
702 4812 834 4881 Spei,
868 4823 922 4866 et
948 4816 1191 4867 anxietas
1214 4814 1512 4869 cumulatur
1541 4816 1589 4867 in
1618 4816 1851 4868 animum

282 4918 462 4956 meum
495 4904 692 4970 pariter
718 4913 1102 4965 convenerunt.
1137 4905 1202 4959 Et
1249 4906 1350 4959 scit
1398 4903 1671 4969 Dominus,
1718 4906 1858 4973 quod

282 4998 329 5051 si
354 4997 500 5051 vires
526 5004 890 5067 suppeterent,
919 5008 1009 5053 aut
1039 5014 1226 5068 parere
1253 4998 1553 5062 desideriis,
1585 4999 1754 5054 aetatis
1782 5002 1862 5054 in-

285 5089 513 5143 ﬁrmitas
557 5099 856 5158 pateretur;
904 5100 995 5144 aut
1036 5091 1081 5144 si
1121 5098 1298 5145 essent
1346 5091 1613 5155 animalia,
1666 5092 1860 5160 quibus

285 5188 494 5234 tantum
544 5180 634 5235 tali
681 5192 919 5250 tempore
968 5193 1148 5251 posset
1193 5184 1396 5237 itineris
1451 5183 1714 5251 expediri,
1754 5201 1858 5239 non

286 5270 440 5338 prius
473 5284 573 5339 ego
604 5284 634 5323 a
661 5271 852 5326 Tolosa
878 5282 1197 5337 reverterer,
1224 5290 1378 5343 quam
1411 5275 1749 5329 beatitudinis
1770 5292 1862 5331 vc-

284 5373 421 5416 straa
451 5370 505 5416 et
541 5364 824 5433 singularis
854 5365 993 5419 illius
1023 5366 1256 5421 caritatis
1297 5366 1719 5423 benedictionem
1760 5370 1858 5424 de-

283 5452 731 5509 sideratissimam
758 5470 1109 5525 promererer.
1144 5456 1247 5512 Sed
1276 5459 1393 5528 quia
1419 5458 1531 5513 haec
1557 5475 1673 5527 quae
1700 5474 1858 5530 supra

363 5594 389 5620 ⁸
434 5584 592 5639 Forte
619 5585 857 5651 Capitula
887 5595 1050 5641 tamen
1071 5590 1273 5644 librum.

363 5653 392 5693 ι’
426 5657 574 5721 Apud
608 5656 873 5715 Canisitmt
906 5658 1040 5710 Xlll.

366 5735 387 5763 ε
422 5725 572 5785 Apud
600 5726 870 5784 Canisintn
914 5727 1046 5779 XW.

1960 4642 2172 4687 sanctus
2204 4641 2256 4686 et
2276 4632 2501 4685 domnus
2530 4644 2678 4685 meus
2696 4629 2863 4682 Verus
2887 4628 3169 4696 episcopus
3193 4630 3318 4682 mihi
3342 4629 3531 4699 digna-

1957 4731 2044 4777 tus
2076 4734 2157 4777 est
2189 4722 2388 4787 dicere,
2414 4720 2552 4791 quod
2578 4734 2669 4789 per
2683 4734 2833 4772 suum
2859 4718 3145 4771 diaconum
3168 4719 3296 4773 mihi
3322 4718 3341 4756 ί
3362 4723 3528 4789 Agatc

1958 4826 2162 4871 vestras
2194 4816 2396 4869 litteras
2421 4814 2761 4875 desainasset,
2790 4824 2919 4880 quas
2948 4824 3045 4879 ego
3072 4812 3251 4864 nescio
3274 4827 3380 4881 quo
3402 4828 3530 4866 casu

1962 4920 2053 4964 aut
2081 4924 2183 4978 qua
2213 4907 2530 4976 negligentia
2556 4919 2639 4959 me
2667 4919 2773 4957 non
2815 4904 3024 4957 retineo
3061 4903 3381 4971 suscepisse.
3424 4904 3531 4958 Sed

1962 5009 2141 5055 tamen
2166 5010 2352 5053 sancto
2378 5008 2432 5054 et
2461 4999 2675 5052 domino
2707 5010 2824 5049 meo
2851 4995 2998 5050 fratri
3029 5004 3206 5049 vestro
3236 4996 3532 5050 certissime

1961 5094 2158 5159 credo;
2189 5102 2243 5147 et
2272 5093 2412 5146 malo
2444 5092 2544 5146 hoc
2575 5089 2849 5161 portitoris
2883 5084 3218 5158 negligentia:
3248 5088 3531 5157 imputare.

1964 5187 2069 5243 Sed
2105 5186 2227 5239 licet
2251 5193 2466 5239 sanctos
2491 5194 2543 5239 et
2573 5182 2955 5238 desiderabiles
2986 5188 3190 5236 vestros
3225 5184 3406 5251 apices
3431 5183 3533 5236 mi-

1965 5279 2165 5344 seritis,
2198 5288 2378 5331 tamen
2406 5277 2544 5331 sicut
2570 5275 2671 5343 ipsi
2711 5273 2910 5343 optime
2954 5272 3143 5341 nostis,
3171 5272 3532 5343 dignissimum

1964 5370 2130 5424 fuerat
2158 5377 2214 5422 ut
2241 5380 2523 5436 personam
2546 5364 2845 5433 dirigeretis
2872 5378 2989 5433 qua:
3019 5362 3083 5416 ad
3112 5362 3278 5419 vicem
3304 5370 3531 5421 vestram

1962 5460 2356 5523 subscriberet;
2380 5468 2431 5513 et
2455 5456 2595 5527 quod
2618 5457 2785 5510 sancti
2811 5455 3000 5510 fratres
3026 5454 3187 5509 vestri
3210 5460 3529 5518 statuetunt,

2050 5593 2075 5633 δ
2100 5593 2248 5660 Apud
2281 5593 2547 5646 Canisiutn
2578 5590 2694 5645 XV.

2048 5673 2068 5701 ε
2097 5669 2245 5732 Aptnl
2275 5664 2544 5716 Cani~innt
2569 5660 2709 5714 idem
2737 5659 2917 5711 XVIII.

2053 5733 2245 5788 rForte
2276 5751 2305 5785 α
2335 5735 2579 5786 cfmritatc
2611 5740 2786 5782 vestra.
