4046 6188
486 370 592 426 867

1713 364 1772 420 S.
1818 360 2062 418 FAL'STI
2105 359 2508 416 RllEGIENSlS

3659 363 3761 419 868

484 489 538 542 in
571 494 798 552 persona
822 489 997 536 vestra
1039 479 1361 535 firmaretur.
1415 478 1521 534 Sed
1566 475 1688 548 quia
1737 477 1861 533 novi
1904 491 2066 546 quam
2094 475 2145 539 Α
2172 478 2338 530 rentia
2389 470 2727 542 suscipiendo
2753 473 2969 528 domino
2993 483 3045 531 et
3067 491 3218 546 papa:
3251 476 3472 531 Ruricio
3505 479 3758 552 episcopo

486 584 693 639 sancto,
719 583 780 625 ac
804 571 1088 642 frequenti,
1113 579 1167 626 et
1191 573 1277 640 pio
1303 565 1570 625 desiderio
1597 569 1858 625 interesse
1884 567 2065 622 volue-

485 664 604 718 ritis
645 663 894 718 omnibus
945 660 1198 716 fratribus
1245 661 1436 716 vestris
1465 701 1479 727 ,
1524 670 1704 716 v0tum
1742 669 1974 716 vestrum
2015 665 2069 711 et

483 765 722 809 sanctam
755 755 1079 809 voluntatem
1108 753 1350 823 exposui,
1385 768 1479 821 pro
1505 768 1607 822 qna
1631 769 1688 806 re
1719 750 1850 804 nihil
1885 749 2066 820 pietati

482 857 675 899 vestrae
717 845 800 900 vel
847 845 1147 914 potuimus,
1183 843 1271 898 vel
1306 842 1586 896 debuimus
1630 844 1908 910 imputare.
1960 839 2066 894 Sed

489 937 613 991 licet
645 936 1054 991 desiderabilem
1086 945 1317 989 vestram
1364 934 1700 1003 praesentiam
1732 949 1834 986 non
1869 931 2068 984 habue-

485 1031 688 1094 rimus,
745 1029 1048 1084 orationum
1097 1037 1274 1082 tamen
1329 1034 1624 1080 vestrarum
1673 1025 1919 1093 suffragia
1971 1039 2068 1078 nos

485 1121 746 1174 meruisse
770 1121 1221 1188 persentimus,et
1247 1119 1369 1174 ideo
1399 1119 1481 1172 his
1512 1118 1672 1171 dictis
1702 1117 1877 1170 saluto
1908 1113 2070 1182 pluri-

490 1225 634 1263 mum
666 1209 860 1264 affectu
892 1216 944 1263 et
970 1209 1195 1274 honore,
1235 1225 1341 1279 quo
1371 1209 1586 1279 dignum
1630 1217 1740 1271 est;
1780 1216 1831 1261 et
1855 1221 1982 1274 rogo
2013 1213 2071 1258 ut

485 1317 570 1356 mc
607 1301 805 1355 sanctis
839 1309 893 1355 et
941 1301 1238 1354 illustribus
1268 1303 1517 1370 precibus
1559 1300 1716 1355 simul
1757 1313 1819 1354 ac
1863 1299 2068 1352 meritis

485 1393 710 1447 Domino
729 1392 1142 1455 commendetis,
1163 1392 1433 1461 simulque
1457 1392 1630 1445 indico
1648 1390 1830 1460 pietati
1848 1396 2064 1454 vestrae,

484 1494 539 1539 et
561 1483 682 1554 quia
711 1482 850 1538 ﬁlius
872 1496 1048 1538 veSter
1080 1481 1400 1550 Eudomius,
1431 1485 1474 1539 sl
1502 1485 1734 1552 potuerit
1761 1483 1861 1536 hoc
1891 1480 2070 1535 elabo-

489 1591 626 1640 rare,
649 1575 916 1629 desiderat
943 1591 956 1639 ;
986 1585 1042 1628 ut
1071 1577 1483 1644 superveniente
1509 1589 1649 1630 anno
1673 1575 1883 1630 Tolosa:
1910 1587 2071 1642 syno-

488 1683 635 1741 pllﬂl,
667 1665 880 1720 Christo
923 1666 1171 1736 propitio,
1207 1666 1519 1734 habeamus,
1550 1667 1665 1732 ubi,
1702 1666 1863 1721 etiam
1901 1665 1945 1718 si
1978 1679 2071 1732 po-

491 1755 668 1815 tuerit,
705 1755 971 1824 Hispanos
1000 1755 1113 1811 vult
1142 1757 1424 1826 episcopos
1467 1758 1776 1812 convenire.
1834 1755 1900 1809 Et
1950 1755 2069 1808 ideo

491 1856 514 1882 ιι
547 1862 642 1900 oro
675 1857 723 1900 te
755 1857 812 1900 ut
843 1857 949 1901 tam
989 1857 1176 1902 saneto
1206 1843 1476 1903 desiderio
1527 1863 1624 1903 suo
1673 1847 1931 1902 Dominus
1977 1846 2072 1900 tri-
2103 1853 2148 1912 Β

491 1936 651 1991 buere
674 1936 918 2006 dignetur
941 1935 1215 1994 eliectum.

563 2029 816 2084 Sanctum
850 2043 978 2083 vero
1010 2038 1063 2083 et
1102 2029 1470 2084 dulcissimum
1517 2030 1732 2084 fratrem
1764 2043 1939 2085 meum
1969 2028 2069 2084 Ca-

493 2117 732 2187 pillntum
788 2118 1179 2188 presbyterum,
1226 2129 1519 2174 amatorem
1565 2130 1619 2175 et
1663 2120 2068 2188 praedicatorem

493 2215 746 2272 vestrum,
779 2213 972 2258 vestrae
1003 2205 1398 2272 sanctimoniae,
1427 2215 1620 2276 quanta
1649 2208 1804 2262 valeo
1838 2208 2071 2262 insinua-

490 2297 632 2352 tione
658 2297 1005 2364 commendo;
1048 2306 1102 2353 et
1127 2313 1222 2367 pro
1253 2301 1368 2369 ipso
1412 2299 1564 2354 vobis
1592 2300 1832 2370 ingentes
1861 2310 1914 2356 et
1944 2301 2074 2356 ube-

490 2403 577 2443 res
599 2389 797 2457 gratias
825 2405 946 2458 ago,
979 2389 1102 2458 quia
1132 2399 1389 2459 quantum
1427 2391 1542 2461 ipse
1579 2391 1829 2458 asseruit,
1864 2400 2068 2446 tantum

489 2494 547 2533 se
574 2480 716 2533 circa
756 2479 905 2532 illum
957 2477 1217 2548 impendit
1260 2479 1347 2550 pia
1377 2489 1431 2534 et
1461 2480 1671 2535 sincera
1697 2481 2069 2537 benevolentia

491 2581 668 2626 vestra
699 2614 714 2638 ,
775 2579 834 2625 ut
885 2571 989 2625 hoc
1034 2570 1213 2625 nullus
1260 2571 1533 2626 hominum
1569 2573 1736 2641 possit
1777 2587 2067 2643 exponere.

490 2662 641 2716 Nunc
670 2677 799 2731 ergo
829 2661 952 2732 quia
983 2677 1078 2731 pro
1109 2671 1292 2717 vestro
1327 2662 1594 2718 desiderio
1631 2673 1863 2718 aestuans
1901 2665 2072 2734 pieta-

490 2766 596 2811 tem
624 2764 854 2810 vestram
881 2755 1123 2824 expetiit,
1147 2756 1366 2826 dignum
1392 2755 1624 2826 iudicavi
1667 2765 1724 2810 ut
1771 2772 1863 2826 per
1895 2756 2068 2826 ipsum

491 2847 807 2920 humilitatis
855 2847 1063 2902 litteras
1111 2847 1475 2914 destinarem,
1527 2863 1632 2917 quo
1679 2859 1980 2916 remeante,
2024 2851 2067 2902 si

488 2941 732 2996 Christus
756 2941 1024 3007 annuerit,
1057 2941 1234 3011 aches
1261 2951 1492 3009 vestros,
1521 2943 1669 3011 quasi
1699 2943 1916 2998 caeleste
1948 2958 2067 2997 mu-

490 3047 590 3088 nus
615 3032 863 3088 desidero
890 3033 1209 3102 promereri.
1235 3032 1340 3088 Ora
1369 3049 1466 3103 pro
1493 3049 1599 3089 me.

1019 3207 1355 3263 EPISTULA
1393 3208 1534 3263 XIX.

560 3363 587 3404 ι)
617 3361 842 3419 Domino
872 3369 1057 3416 sancto
1087 3375 1150 3416 ac
1187 3360 1498 3417 beatissimo
1521 3370 1575 3417 et
1603 3364 1890 3433 apostolica
1919 3379 2070 3422 reve-

558 3511 583 3538 ο
610 3499 766 3554 Forte
792 3509 953 3553 orate.

558 3569 586 3608 δ
628 3571 862 3640 Epistula
893 3569 1146 3640 adquam
1179 3568 1266 3640 hic
1311 3569 1598 3638 respondet
1640 3570 1866 3640 sedatus
1895 3584 2073 3630 exstat

489 3643 538 3697 ln
563 3638 762 3695 Ruricii
788 3638 1142 3710 Epistolarum
1173 3638 1265 3694 lib.
1303 3654 1374 3705 ιι,
1415 3641 1573 3709 epist.
1617 3639 1683 3695 5i
1707 3682 1722 3706 ,
1764 3657 1924 3713 supra
1961 3646 2067 3701 col.

563 3792 584 3819 ο
612 3781 793 3854 Codex
837 3795 938 3834 ms.
970 3780 1082 3854 haec
1111 3779 1228 3834 sine
1256 3780 1364 3835 ulla
1391 3779 1748 3854 disiinctione‘
1777 3783 2068 3854 coniungit.

491 3851 606 3918 Ego
649 3851 869 3917 sejuugo
898 3861 952 3903 et
979 3850 1225 3904 lacunam
1277 3863 1422 3906 n0to.
1477 3851 1608 3906 Nam
1639 3853 1708 3907 ab
1737 3851 1838 3906 hoc
1869 3850 2067 3920 verbo,

489 3921 850 3992 quiqueetiam
873 3962 887 3985 ,
918 3934 1090 3992 usque
1115 3920 1182 3992 ad
1209 3921 1553 3992 finemilinjus
1578 3923 1820 3992 epistola:
1842 3966 1856 3989 ,
1891 3927 2070 3980 omnia

489 3988 556 4062 ad
583 3988 801 4044 verbum
829 3995 954 4062 sunt
979 3988 1185 4062 Sidonii
1235 3992 1301 4044 ad
1349 3988 1654 4045 lleedieium
1690 3993 1780 4046 lib.
1812 3988 1881 4059 tt,
1911 3996 2068 4062 epist.

495 4061 547 4126 1,
581 4076 697 4129 quae
738 4062 812 4112 sic
857 4060 1042 4126 incipit
1073 4076 1087 4110 :
1122 4057 1236 4113 Duo
1268 4076 1399 4113 nunc
1422 4062 1612 4129 pariter
1641 4063 1779 4114 mala
1823 4057 2070 4119 sustinent

495 4079 547 4126 1,
581 4079 697 4129 qua:
738 4079 812 4112 su:
857 4079 1042 4126 lllCIpll.
1073 4079 1087 4110 :
1122 4079 1236 4113 uua
1268 4079 1399 4113 nunc
1415 4079 1612 4182 pariter
1641 4079 1779 4114 mata
1823 4079 2070 4119 sustment

490 4131 698 4184 Arverni
725 4133 817 4182 tui.
855 4130 1140 4193 Quianam?
1183 4131 1367 4199 inquis.
1463 4134 1750 4185 ra'sentiant
1791 4133 2070 4198 Seronati,

489 4211 534 4255 et
562 4202 838 4274 absen'iiam
868 4212 1024 4274 tuam.
1062 4199 1295 4274 serenati
1317 4241 1329 4264 ,
1365 4202 1687 4274 inquanyide
1711 4203 1853 4268 cujus
1886 4215 1937 4256 ut
1967 4207 2073 4274 pri-

489 4287 625 4323 mum
675 4271 824 4322 etiam
866 4271 1342 4342 nomineloquar;
1383 4272 1456 4322 sic
1497 4272 1620 4322 milii
1667 4274 1882 4337 videtur,
1927 4271 2075 4342 quasi

487 4343 702 4410 prwscia
741 4342 1033 4410 futurorum
1064 4340 1257 4410 lusisse
1299 4339 1542 4410 fortuna,
1586 4342 1736 4393 sicuti
1774 4358 1836 4394 ex
1863 4339 2072 4399 aduerso

487 4409 704 4482 majores
744 4409 905 4464 nostri
944 4409 1122 4482 prazlia
1147 4450 1162 4477 ,
1209 4412 1390 4478 quibus
1431 4409 1656 4464 nihilost
1687 4413 1900 4481 [ωαξης.
1943 4417 2074 4469 bella

490 4481 726 4534 dixerunt
758 4497 776 4535 :
806 4483 991 4552 quique
1036 4481 1183 4533 etiam
1217 4482 1328 4552 pari
1354 4483 1707 4552 contrarietate
1730 4524 1744 4546 ,
1779 4483 1885 4549 fata
1910 4525 1923 4548 ,
1955 4487 2073 4552 quia

488 4567 590 4603 non
630 4549 918 4618 parcerent,
956 4550 1146 4603 Parcas
1191 4551 1486 4603 vocitavere.
1525 4549 1724 4616 Rediit,
1757 4561 1812 4607 et
1841 4549 2069 4621 caftera,

488 4635 609 4687 qua:
642 4635 808 4689 usque
835 4622 899 4673 ad
930 4621 1090 4674 tinem
1142 4622 1193 4674 in
1236 4636 1336 4674 ms.
1385 4629 1529 4674 sunt.
1572 4624 1851 4686 Quomodo
1893 4633 2069 4680 autem

489 4691 574 4760 hic
603 4704 754 4743 error
785 4693 1098 4759 contigerit,
1131 4701 1189 4744 ut
1233 4706 1354 4760 pars
1380 4693 1622 4760 epistola:
1651 4694 1832 4747 Sedati
1861 4695 1928 4748 ad
1960 4696 2072 4748 Ru-

490 4759 700 4820 ricium,
734 4769 786 4812 et
810 4775 931 4828 pars
951 4761 1189 4827 epistolae
1213 4759 1425 4816 Sidonii
1446 4762 1509 4815 ad
1555 4763 1860 4817 lleedieium
1883 4765 1951 4817 ab
1975 4780 2072 4818 ex-

491 4829 753 4896 scriptore
801 4830 1207 4900 lticiperperam
1239 4833 1347 4885 sint
1384 4831 1662 4900 conjuncta
1687 4874 1702 4896 ,
1751 4849 1857 4886 non
1911 4833 2066 4890 facile

491 4913 768 4973 assequor,
815 4898 914 4973 nisi
964 4898 1524 4973 scriba_inciderit_in
1568 4904 1806 4958 codicem
1858 4904 1909 4957 in
1959 4919 2064 4973 quo

490 4971 713 5042 pagella:
754 4971 995 5038 quasdam
1043 4970 1381 5025 exciderunt.
1413 4971 1712 5042 Contigisse
1755 4983 1930 5027 autem
1976 4970 2065 5029 hic

491 5039 651 5110 ialeni
683 5053 916 5093 errorem
949 5048 1091 5108 patet
1121 5054 1183 5094 ex
1215 5042 1553 5110 epistolarum
1574 5039 1764 5098 'indiee
1809 5047 1856 5097 in
1890 5044 2066 5099 fronte

491 5108 647 5170 libri,
675 5110 763 5162 ubi
798 5123 914 5176 pom
956 5111 1093 5164 hanc
1132 5108 1409 5180 epistolam
1453 5112 1634 5167 Sedati
1675 5115 1740 5167 ad
1791 5114 2061 5168 Ruricium

493 5186 744 5253 notantur
783 5180 943 5233 variae
989 5181 1230 5253 epistola:
1272 5182 1510 5247 Sidonii,
1551 5199 1774 5253 quarum
1820 5186 1961 5237 nulla
2007 5185 2060 5238 in

491 5263 594 5303 tus.
617 5249 802 5303 codice
829 5253 1023 5319 scripta
1054 5261 1154 5306 est.
1186 5252 1345 5308 Index
1369 5255 1511 5308 enim
1544 5249 1644 5310 hoc
1667 5255 1825 5310 modo
1851 5254 2012 5310 habet
2041 5271 2058 5310 :

633 5358 872 5425 Epistula
895 5359 1073 5415 Sedati
1098 5363 1165 5414 ad
1191 5362 1479 5417 Ruricium.

633 5429 874 5498 Epistula
901 5431 1106 5485 Sidonii
1127 5433 1194 5484 ad
1215 5434 1592 5491 Constantium.

635 5500 751 5552 Alia
781 5500 982 5554 Sidonii
1011 5503 1077 5552 ad
1109 5501 1398 5556 Eucerium.

634 5569 751 5622 Alia
781 5571 984 5625 Sidonii
1013 5572 1079 5623 ad
1109 5570 1428 5628 Tctradium.

635 5639 754 5711 Alia
767 5640 985 5711 Sidonii
1006 5643 1072 5692 ad
1098 5642 1362 5711 Asperum.

637 5709 720 5759 Al.
752 5710 953 5763 Sidonii
979 5713 1046 5763 ad
1072 5709 1366 5766 Proculum.

636 5777 723 5829 Al.
754 5779 956 5832 Sidonii
983 5783 1046 5832 ad
1078 5781 1400 5837 Domnolum.

2097 4794 2147 4855 D

2171 567 2397 624 Sedatus
2426 568 2729 636 episcopus.
2791 627 2796 633 _

2244 661 2448 728 Equum
2501 674 2656 727 quem
2689 673 2783 728 per
2828 657 3044 714 fratrem
3086 668 3328 715 nostrum
3386 659 3760 733 presbyterum

2171 751 2557 814 transmisistis,
2583 749 2784 819 accepi,
2819 749 3111 819 magniﬁcis
3141 751 3426 805 verborum
3457 765 3758 810 vestrorum

2173 842 2403 912 phaleris
2449 839 2764 894 honoratum
2801 857 2812 891 :
2849 843 2901 892 in
2934 842 3014 892 via
3044 840 3201 894 vilem
3228 883 3242 907 ,
3291 843 3344 895 in
3377 843 3604 911 epistola
3647 860 3763 913 pre-

2174 938 2402 999 tiosnm;
2435 943 2738 988 moventem
2792 948 2850 987 se
2898 947 3018 988 cum
3072 932 3268 988 foditur
3312 935 3646 1000 calcaribus,
3677 946 3764 992 aut

2173 1034 2391 1094 urgetur
2420 1023 2733 1078 verberibus
2755 1066 2769 1091 ,
2817 1036 2870 1078 ct
2917 1023 3045 1078 nihil
3078 1027 3290 1093 penitus
3321 1036 3761 1094 promoventem;

2173 1114 2344 1168 forma
2402 1112 2783 1176 deterrimum,
2827 1113 3008 1167 colore
3055 1115 3403 1184 vilissimum,
3459 1118 3765 1174 molliorem

2175 1206 2398 1276 plumis,
2428 1206 2616 1259 statuis
2646 1204 2934 1274 pigriorem
2953 1245 2968 1270 ,
3013 1206 3183 1260 solida
3215 1223 3440 1275 corpora
3469 1225 3767 1277 pavescen-

2173 1305 2302 1363 tem,
2343 1296 2558 1349 umbras
2594 1296 2800 1364 solum,
2841 1304 2898 1350 ut
2922 1295 3114 1361 credo,
3149 1298 3216 1352 de
3246 1302 3637 1357 consuetudine
3660 1317 3766 1358 non

2174 1386 2449 1441 timentem
2475 1402 2490 1448 ;
2517 1388 2788 1456 fugitivum
2813 1401 2933 1440 cum
2962 1386 3265 1452 dimittitur,
3291 1391 3616 1446 immobilem
3644 1408 3765 1448 cum

2172 1479 2425 1544 cmditur;
2457 1479 2508 1532 in
2542 1479 2714 1548 planis
2758 1488 2987 1534 stantem
3009 1519 3022 1545 ,
3066 1481 3121 1534 in
3151 1481 3360 1550 asperis
3389 1495 3762 1551 corruentem;

2171 1573 2260 1642 qui
2294 1574 2463 1627 teneri
2497 1574 2724 1640 neseiat,
2753 1574 3030 1629 ambulare
3053 1591 3161 1630 non
3186 1578 3384 1645 possit;
3407 1594 3564 1647 quem
3595 1581 3766 1647 prius-

2173 1679 2329 1732 quam
2364 1662 2624 1729 viderem,
2653 1665 2777 1716 dutn
2801 1665 3055 1733 epistolas
3079 1676 3286 1721 vestias
3316 1668 3513 1738 relego,
3551 1670 3766 1725 illorum

2174 1755 2240 1810 de
2263 1764 2419 1825 gente
2447 1770 2566 1810 esse
2588 1755 2790 1811 credidi
2822 1771 2956 1824 quos
2989 1756 3200 1810 Daedala
3231 1756 3416 1813 Circe:

2299 1868 2559 1930 Supposita
2579 1867 2641 1917 de
2667 1874 2823 1918 matre
2845 1869 3020 1919 nothos
3043 1867 3200 1920 furata
3219 1872 3418 1919 creavit.

2244 2003 2498 2060 Putabam
2538 2003 2684 2060 illum
2726 2002 2957 2059 calidum
3011 2005 3204 2059 animis
3227 2046 3241 2072 ,
3273 2019 3452 2061 acrem
3485 2008 3764 2073 cursibus;

2175 2095 2381 2164 ignem,
2423 2111 2543 2150 cum
2591 2091 2955 2162 exhiberetur,
2983 2093 3136 2150 elatis
3181 2096 3398 2150 naribus
3429 2096 3763 2167 efﬂaturum,

2173 2199 2555 2240 concussurum
2581 2185 2752 2240 solido
2780 2200 2947 2239 cornu
2978 2199 3230 2254 campos;
3263 2187 3542 2242 celeritate
3570 2197 3764 2243 ventos

2172 2287 2227 2333 et
2267 2277 2485 2332 flumina
2520 2291 2932 2346 prarcursurum.
2957 2273 3138 2331 Talem
3169 2277 3310 2331 enim
3352 2276 3481 2331 mihi
3528 2278 3768 2347 Splendi-

2173 2371 2423 2428 dissimus
2444 2371 2684 2440 epistola":
2709 2383 2888 2424 sermo
2913 2370 3248 2438 promiserat.
3273 2368 3570 2424 Credebam
3599 2371 3768 2424 etiam

2173 2462 2314 2531 quod
2341 2462 2489 2516 illum
2519 2461 2926 2515 manducantem
2958 2458 3174 2523 frenos,
3210 2469 3472 2515 terentem
3497 2462 3770 2515 morsibus

2175 2551 2406 2621 ferrum,
2463 2552 2567 2606 duo
2620 2551 2869 2606 fortiores
2916 2552 3016 2604 viri
3045 2566 3113 2605 ne
3147 2550 3399 2606 evaderet
3445 2552 3766 2606 retinerent.

2173 2641 2282 2697 Nec
2311 2657 2398 2698 me
2426 2642 2650 2709 fefellit;
2679 2657 2800 2696 nam
2833 2641 3116 2697 trahebant
3137 2659 3256 2697 cum
3281 2643 3517 2713 aliquot;
3567 2645 3768 2714 impin-

2173 2732 2365 2800 gcbant
2388 2733 2508 2791 alii.
2547 2743 2600 2789 et
2631 2733 2809 2801 plures
2839 2733 3135 2789 caedebant.
3163 2733 3330 2801 Quem
3361 2744 3417 2788 ut
3444 2737 3521 2790 sic
3550 2736 3768 2790 exhibi-

2173 2831 2282 2877 tum
2309 2824 2440 2890 vidi,
2468 2824 2647 2894 optavi
2677 2833 2734 2878 ut
2757 2824 2878 2879 talia
2908 2825 3082 2894 qualia
3105 2833 3277 2889 erant,
3307 2840 3414 2879 non
3443 2825 3620 2894 qualia
3651 2827 3771 2895 cpi-

2171 2915 2305 2969 stola
2352 2929 2468 2970 mea
2521 2915 2788 2984 continet,
2844 2929 3059 2984 semper
3105 2915 3246 2970 caris
3291 2916 3489 2969 vestris
3539 2931 3768 2969 munera

2174 3005 2473 3060 mitteretis.
2509 3006 2619 3075 Ego
2649 3014 2825 3060 tamen
2869 3006 2990 3075 quia
3041 3005 3171 3060 mihi
3220 3020 3325 3061 non
3378 3005 3677 3076 reliquistis
3713 3009 3769 3062 in

2175 3101 2471 3156 transmissi
2521 3100 2759 3156 muneris
2801 3099 2957 3155 laude
2987 3099 3127 3169 quod
3169 3099 3402 3156 dicerem
3455 3109 3478 3139 ο
3531 3115 3601 3156 ne
3647 3117 3774 3155 om-

2095 3225 2140 3284 C
2175 3193 2415 3247 nino.....

2242 3281 2268 3321 ιι
2298 3285 2507 3355 Quique
2536 3285 2700 3339 etiam
2744 3288 2858 3355 pari
2892 3285 3270 3341 contrarietate
3302 3285 3408 3339 fata
3429 3327 3444 3352 ,
3490 3300 3610 3355 qua:
3640 3286 3771 3354 quia

2181 3389 2286 3430 non
2320 3384 2626 3447 parcerent,
2661 3373 2853 3430 Parcas
2888 3376 3212 3433 vocitavere.
3262 3377 3438 3433 Rediit
3481 3379 3593 3448 ipse
3621 3376 3741 3432 (lati

2447 3512 2653 3584 Sidonii
2677 3514 2744 3567 ad
2775 3514 3167 3584 Nymphidium.

2317 3582 2402 3636 Al.
2438 3582 2644 3653 Sidonii
2671 3586 2738 3636 ad
2763 3582 3108 3653 Simplicium.

2319 3654 2402 3706 Al.
2431 3651 2637 3708 Sidonii
2667 3655 2734 3708 ad
2770 3651 3123 3711 Tauinastum.

2319 3723 2406 3779 Al.
2430 3723 2637 3778 Sidonii
2659 3725 2728 3777 ad
2759 3725 3047 3778 Ruricium.

2318 3793 2402 3847 Al.
2436 3794 2646 3848 Sidonii
2673 3797 2742 3848 ad
2777 3795 3149 3858 Papianillam.

2319 3863 2402 3916 Al.
2438 3863 2644 3918 Sidonii
2671 3866 2738 3918 ad
2769 3865 3053 3920 Patientem

2317 3933 2401 4007 Al.
2437 3933 2644 4007 Sidonii
2671 3936 2738 3988 ad
2763 3937 2961 4007 Lupum
2987 3939 3276 4007 episc0pum
3311 3938 3372 3988 γ.

2317 4004 2400 4057 Al.
2436 4003 2640 4059 Sidonii
2669 4007 2737 4057 ad
2766 4003 3082 4060 Censorium.

2321 4074 2442 4126 Alia
2474 4075 2682 4128 Sidonii
2708 4078 2776 4128 ad
2804 4077 3135 4132 Mamertum.

2465 4145 2670 4219 Sidonii
2696 4148 2764 4219 ad
2793 4149 3076 4219 Agrwrium
3097 4151 3419 4219 episcopum.

2317 4212 2435 4285 Alia
2466 4213 2672 4285 Sidonii
2699 4217 2764 4268 ad
2798 4212 3100 4285 sulpitium.

2314 4283 2430 4336 Alia
2454 4283 2659 4338 Sidonii
2679 4286 2745 4338 ad
2771 4283 3054 4342 Ruricium.

2314 4355 2434 4407 Alia
2461 4355 2668 4409 Sidonii
2692 4359 2761 4409 ad
2789 4356 3031 4412 Gothum.

2318 4425 2434 4500 Alia
2465 4424 2669 4500 Sidonii
2691 4430 2760 4500 ad
2788 4427 3110 4500 Erincipium
3139 4432 3456 4500 epismpum.

2316 4495 2433 4571 Alia
2690 4499 2762 4571 ad
2789 4495 3084 4571 [inueniunt
3114 4495 3426 4571 episcopum.

2318 4565 2435 4641 Alia
2696 4568 2763 4641 ad
2785 4567 3039 4641 austum
3067 4565 3380 4641 episcopum.

2315 4637 2433 4689 Alia
2462 4636 2665 4691 Sidonii
2686 4638 2752 4691 ad
2776 4637 3066 4694 Heresium.

2318 4706 2505 4788 Haliet.
2518 4707 2571 4759 in
2601 4709 2830 4788 sequenti
2849 4711 3184 4777 epistularum
3207 4711 3362 4765 libros
3391 4711 3425 4764 2
3446 4712 3633 4766 domm”
3659 4716 3779 4768 Ru-

2390 4793 2503 4830 rtcu
2532 4793 2774 4846 episcopi.

2317 4845 2511 4926 Deinde
2545 4845 2878 4926 epistularum
2908 4849 3092 4904 librum
3115 4868 3275 4905 unum
3300 4851 3472 4905 damni
3507 4852 3778 4909 Desiderii

2385 4931 2627 4983 episcopi.

2315 4985 2448 5040 Item
2500 4987 2743 5053 epistulas
2787 4989 3105 5046 diversorum
3141 4994 3207 5046 ad
3247 4993 3480 5048 eumdem
3509 4994 3774 5050 domuum

2382 5055 2727 5111 Desiderium.

2244 5227 2400 5305 Nulla
2442 5232 2664 5305 epistola
2694 5229 2897 5285 Sidonii
2938 5247 3008 5305 _cx
3043 5233 3135 5305 _his
3161 5233 3236 5305 _in
3287 5234 3472 5289 codice
3489 5249 3612 5305 _ms.
3646 5247 3775 5305 est,

2177 5297 2279 5355 nisi
2331 5297 2486 5368 quod
2523 5299 2822 5366 fragmento
2866 5303 3107 5368 epistola:
3153 5303 3332 5358 Sedati
3375 5307 3440 5357 ad
3484 5297 3779 5362 Ruricium

2178 5384 2455 5442 perperam
2480 5369 2593 5422 sine
2624 5369 3105 5442 ulladistinctione
3135 5374 3477 5442 coniunctum
3509 5385 3590 5430 est
3619 5379 3780 5432 aliud

2179 5441 2530 5510 fragmentum
2557 5439 2794 5510 epistola:
2821 5440 3027 5494 Sidonii
3070 5443 3137 5496 ad
3189 5439 3515 5498 lleedieium.
3549 5447 3618 5499 Et
3655 5460 3780 5502 sta-

2185 5508 2284 5563 tim'
2319 5518 2611 5576 sequuntur
2652 5509 2759 5562 duo
2805 5510 2925 5564 libri
2968 5512 3312 5579 epistolarum
3360 5515 3578 5569 Ruricii.
3642 5519 3782 5572 llaec

2180 5593 2398 5634 monere
2433 5580 2596 5633 volui.
2627 5579 2757 5633 Nam
2786 5580 2876 5635 diu
2899 5597 2984 5636 me
3011 5591 3239 5638 torserat
3282 5583 3368 5640 hic
3407 5588 3570 5640 locus.
3606 5587 3784 5643 Cust-

2179 5663 2313 5702 SlUS.‘

2249 5716 2279 5792 εξ
2307 5717 2762 5792 Quiesequuniur
2790 5731 2912 5792 sunt
2943 5736 3005 5774 ex
3030 5724 3251 5792 epislo'a
3283 5723 3486 5780 Sidonii
3529 5725 3594 5778 ad
3632 5726 3782 5782 Hcc-

2179 5783 2372 5839 dicitun
2399 5787 2490 5842 lib.
2523 5783 2580 5855 ti,
2612 5790 2769 5859 epist.
2804 5789 2855 5856 1,
2888 5805 3044 5861 supra
3065 5783 3177 5847 'col.
3209 5793 3329 5847 471.
