4046 6188
282 308 393 364 869

1738 299 2116 359 SEIlMONES.

3434 310 3540 371 8,70

208 403 237 426 ⁸
280 424 393 477 lina
421 418 604 475 saeculi
648 370 817 473 nostri
867 430 1036 486 nuper
1060 423 1088 452 ι
1116 415 1399 471 Aturribus
1420 453 1435 480 ,
1468 422 1525 469 ut
1551 413 1863 484 sanguinem
1893 419 1938 479 Α
1967 414 2128 470 οέθείει
2150 414 2381 485 jocatur,
2402 415 2454 468 in
2475 414 2723 470 convivio
2748 416 3019 484 praedicat,
3044 417 3095 471 in
3117 417 3362 473 cubiculo
3385 420 3539 477 dant-

279 515 632 581 fortunasque
657 508 999 572 miserorum,
1020 506 1049 546 θ’
1071 522 1192 576 qua:
1210 507 1313 562 sibi
1338 522 1405 562 ex
1437 514 1588 576 parte
1614 506 1863 576 propina-

279 612 456 670 verat,
488 610 552 658 es
574 616 696 657 esse
716 600 985 655 misceret.

354 697 559 751 Scitote
598 695 653 747 in
694 706 759 747 eo
787 706 885 763 per
908 690 1028 745 dies
1056 688 1302 759 spiritum
1325 688 1414 744 diu
1441 687 1757 744 dissimulati
1782 688 1865 743 l‘u-

279 788 425 843 roris
452 784 669 855 operiri.
692 784 892 851 Aperte
920 780 1143 846 invidet,
1171 779 1377 849 abjecte
1397 779 1569 848 ﬁngit,
1597 779 1865 834 serviliter

280 878 555 949 superbit,
583 885 606 915 ⁶
637 872 826 931 indicit
852 880 911 927 ut
947 862 1227 937 dominus,
1276 872 1442 940 exigit
1480 880 1539 925 ut
1567 881 1821 941 tyrannus
1848 911 1864 938 ,

282 970 486 1025 addicit
512 966 570 1023 ut
595 963 780 1036 judex,
802 963 1159 1019 calumniatur
1187 970 1244 1015 ut
1269 960 1551 1025 barbarus,
1579 969 1689 1014 toto
1721 962 1807 1015 die
1835 977 1867 1014 a

284 1071 434 1117 metu
463 1068 735 1123 onustus,
762 1057 831 1112 ab
859 1056 1077 1112 avaritia
1104 1056 1346 1126 jejunus,
1381 1069 1411 1109 a
1441 1055 1736 1124 cupiditate
1764 1066 1869 1110 ter-

285 1152 461 1207 ribilis
482 1192 497 1218 ,
531 1166 560 1204 a
589 1150 820 1204 vanitate
845 1147 1078 1202 crudelis
1098 1185 1112 1213 ,
1144 1143 1171 1183 ἀ
1200 1161 1306 1201 non
1336 1158 1509 1200 cessat
1548 1146 1707 1200 simul
1731 1146 1868 1202 furta

285 1246 372 1301 vel
400 1247 598 1310 facere,
632 1243 713 1297 vel
746 1243 956 1311 punire,
1003 1242 1178 1311 palam
1208 1249 1262 1295 et
1288 1239 1587 1295 ridentibus
1609 1254 1868 1295 convoca-

287 1341 381 1406 tis,
407 1346 582 1393 ructat
608 1336 746 1390 inter
773 1335 919 1389 cives
947 1346 1166 1402 pugnas,
1195 1332 1334 1385 inter
1355 1330 1614 1385 barbaros
1644 1330 1865 1384 litteras.

289 1429 599 1499 Epistolas,
648 1434 716 1482 ne
764 1425 951 1495 primis
998 1421 1210 1494 quidem
1262 1421 1505 1492 apicibus
1548 1420 1870 1476 sullicienter

293 1521 570 1583 initiatus,
603 1518 863 1587 publicea
888 1515 1140 1584 iactantia
1179 1511 1375 1576 dictat,
1430 1512 1500 1565 ab
1544 1511 1869 1581 impudentia

288 1610 579 1675 emendat;
618 1619 785 1663 totum
811 1606 953 1677 quod
995 1605 1357 1672 concupiscit,
1388 1603 1539 1673 quasi
1568 1610 1867 1673 comparat,

290 1716 395 1758 nec
414 1702 507 1755 dat
537 1700 703 1770 pretia
720 1704 1108 1764 ,contemnens
1125 1735 1140 1762 ,
1172 1710 1271 1749 nec
1300 1695 1493 1764 accipit
1521 1694 1869 1749 instrumenta

288 1797 604 1866 desperans.
632 1793 688 1848 In
714 1793 941 1848 concilio
963 1790 1133 1861 jubet,
1166 1788 1219 1843 in
1241 1786 1469 1843 consilio
1496 1795 1667 1855 tacet,
1699 1787 1753 1841 iu
1782 1800 1869 1842 ec-

1970 514 2091 571 nat,
2138 505 2194 559 in
2226 507 2522 574 quaestione
2562 505 2836 560 dormitat.
2870 505 3059 576 Implet
3086 507 3323 577 quotidie
3361 513 3541 582 sylvas

1965 597 2309 666 fugientibus,
2337 596 2492 650 villas
2516 605 2540 633 °
2572 595 2836 662 hostibus,
2874 593 2893 633 ί
2922 597 3109 651 altaria
3141 598 3268 665 reis,
3296 614 3539 657 carceres

1966 686 2206 750 clericis;
2256 685 2533 740 exsultans
2574 685 2797 763 Gothis,
2852 686 3217 755 insultansque
3255 687 3539 757 Romanis,

1967 774 2194 830 illudens
2232 776 2496 844 praelectio
2515 817 2527 837 .
2552 784 2578 823 ε
2601 775 2984 845 colludensque
3015 780 3326 834 numerariis
3345 816 3362 844 ,
3395 782 3541 851 leges

1968 866 2366 922 Theudosianas
2408 867 2658 932 calcans,
2710 867 3159 923 Theodoricianas
3203 884 3537 939 proponens;

1967 972 2173 1016 veteres
2197 962 2403 1030 culpas,
2428 976 2565 1016 nova
2587 962 2780 1016 tributa
2805 963 3079 1031 perquirit.
3114 963 3344 1020 Proinde
3364 957 3545 1025 moras

1970 1062 2086 1107 tuas
2134 1049 2159 1088 ιι
2199 1053 2353 1108 citius
2400 1052 2627 1122 explica.
2657 1051 2724 1106 Et
2748 1050 3003 1121 quidquid
3052 1052 3178 1108 illud
3208 1064 3292 1111 est
3320 1057 3459 1127 quod
3487 1067 3539 1114 te

1968 1153 2228 1207 retentat,
2268 1143 2281 1182 ί
2317 1145 2508 1200 incide.
2539 1145 2614 1199 Te
2649 1154 2921 1215 exspectat
2948 1146 3313 1217 palpitantium
3341 1152 3539 1211 civium

1969 1246 2205 1292 extrema
2227 1237 2462 1293 libertas.
2493 1238 2755 1307 Quidquid
2785 1239 3138 1308 sperandum.
3165 1242 3422 1313 quidquid
3448 1245 3537 1302 de-

1968 1330 2289 1398 sperandum
2320 1339 2400 1384 est
2418 1366 2434 1395 ,
2467 1329 2581 1385 lieri
2614 1342 2666 1385 te
2694 1330 2900 1395 medio,
2927 1339 2981 1386 te
3010 1333 3237 1400 presule
3263 1335 3453 1405 placet.
3482 1338 3541 1391 Si

1971 1419 2128 1473 nullae
2173 1434 2203 1473 e
2252 1419 2522 1489 republica
2569 1420 2749 1488 vires,
2799 1421 2943 1476 nulla
2983 1423 3264 1491 praesidia,
3308 1426 3353 1480 si
3382 1429 3540 1481 nullae

1972 1509 2265 1580 (quantum
2311 1525 2494 1565 rumor
2535 1508 2651 1580 est)
2701 1508 2716 1560 i
2759 1510 3029 1567 Anthemii
3079 1512 3331 1582 principis
3378 1530 3539 1584 opes,

1970 1605 2188 1670 statuit,
2223 1613 2273 1661 te
2301 1613 2553 1674 auctore,
2592 1604 2844 1661 nobilitas
2872 1619 2967 1662 seu
2998 1608 3219 1676 patriam
3250 1607 3539 1675 dimittere,

1971 1711 2065 1752 seu
2085 1697 2326 1767 capillos.
2354 1696 2526 1753 Vale.‘

368 1935 394 1963 ⁸
422 1929 495 1984 lta
522 1924 788 1995 expressis
836 1921 1033 1995 litteris
1063 1937 1163 1977 ms.
1198 1919 1359 1995 Recte
1402 1937 1529 1991 ergo
1570 1918 1770 1995 Savaro
1807 1924 1863 1977 in
1892 1930 1938 1988 Β
1967 1922 2042 1978 ιιἰί
2076 1938 2223 1995 esse,
2255 1932 2361 1977 neu
2391 1922 2601 1995 Sodali;
2651 1933 2771 1977 nam
2804 1922 3053 1995 Sidonius
3081 1923 3147 1980 de
3172 1926 3357 1980 eodem
3382 1924 3540 1981 Sero.

288 2008 451 2069 epist.
487 2000 537 2061 l,
570 1991 661 2069 lib.
691 2010 723 2049 ιι
754 1992 956 2069 Sidonii
988 1992 1065 2069 ita
1090 1991 1326 2069 correxit
1360 1994 1669 2069 et_no_tavi_t.
1705 1993 1863 2046 Atur-

289 2060 383 2125 res
407 2079 531 2122 sunt
548 2065 1073 2134 Novempopulanitg,
1098 2062 1165 2116 ab
1188 2063 1385 2134 Aturro
1407 2062 1602 2134 ﬂuvio,”
1617 2060 1858 2134 Aturres,

288 2153 350 2193 ut
380 2141 447 2192 ab
471 2137 696 2200 Astura,
724 2132 971 2197 Astures,
1004 2132 1160 2186 Floro
1190 2133 1281 2185 lib.
1324 2147 1403 2197 tv,
1431 2132 1535 2200 sub
1577 2132 1758 2185 linem.
1791 2133 1864 2186 De

286 2214 490 2264 Aturro
523 2216 578 2261 et
598 2198 843 2260 Aturrico
866 2205 1029 2272 pisce,
1062 2202 1183 2256 vide
1209 2201 1396 2257 Sidon.
1430 2198 1522 2272 lib.
1558 2215 1669 2272 viil,
1700 2202 1857 2269 epist.

288 2279 384 2333 η.
409 2277 597 2331 Civitas
631 2266 967 2329 Aturcnsimn
1000 2266 1161 2326 Non.
1196 2272 1443 2326 Provinc.
1476 2270 1525 2324 in
1566 2266 1865 2337 Novempo-

290 2350 491 2418 pulana
525 2346 794 2418 provincia
813 2344 1368 2418 ,_qnam__ltii_ierarium
1386 2341 1647 2418 .antonini
1670 2341 1865 2418 Διιιιιιι

289 2412 409 2472 rem
426 2412 600 2480 vocat,
625 2415 710 2469 ubi
729 2416 793 2467 de
814 2415 982 2469 Gallia
1007 2413 1355 2466 Narbonensi.
1385 2412 1449 2463 Et
1470 2412 1610 2479 quod
1634 2412 1865 2464 maxime

288 2489 421 2541 locit
449 2488 511 2539 ad
545 2487 680 2539 hanc
708 2494 938 2538 veterem
968 2484 1271 2546 lectionem,
1301 2491 1355 2534 et
1376 2481 1577 2536 Sidonii
1608 2490 1862 2544 mentem,

285 2567 410 2612 erat
450 2568 574 2611 tunc
615 2556 867 2622 tempatis
900 2552 1243 2607 Gothicarum
1278 2551 1520 2617 partium.
1553 2549 1864 2603 Commerui.

288 2632 489 2680 torium
521 2621 781 2679 'l‘imothei
811 2640 824 2676 :
860 2624 1084 2675 Arrianus
1129 2622 1201 2674 vir
1240 2621 1528 2688 spectabilis
1566 2635 1631 2673 ea:
1680 2634 1865 2685 prlece-

285 2699 467 2765 ptiane
490 2695 556 2748 ι).
598 2694 649 2747 Ν
658 2732 669 2747 ρ
713 2693 1060 2764 gloriosissimi
1084 2691 1244 2765 [tunc
1274 2691 1593 2765 Acodicentnde
1626 2688 1861 2765 Theodo-

284 2759 427 2819 siani
456 2766 645 2835 legibus
688 2759 837 2835 alque
880 2763 1138 2816 sententiis
1172 2761 1326 2835 juris
1357 2762 1433 2813 vel
1472 2760 1683 2835 diversis
1723 2759 1864 2835 libris

285 2829 654 2903 Adarisftinno
692 2829 762 2903 22
807 2849 864 2885 eo
911 2839 1147 2903 regnante
1190 2829 1327 2885 edidi
1376 2839 1523 2898 atque
1566 2829 1864 2898 subscripsi.

289 2905 468 2976 Vulgo
498 2902 641 2959 Aire.
673 2902 935 2976 CANISIUS.

368 2968 624 3032 Γδξιιυηίί
647 2975 888 3042 vulgatus
917 2971 1103 3035 codex,
1135 2987 1259 3039 quas
1280 2968 1373 3042 ille
1395 2968 1464 3022 ibi
1489 2978 1716 3042 exparte
1747 2984 1867 3042 pro-

288 3046 559 3114 pinaverat
581 3086 597 3112 ,
629 3044 710 3096 hic
738 3040 800 3096 Ex
820 3058 943 3114 asse
967 3043 1212 3114 misgrret.
1252 3041 1328 3093 Ex
1370 3054 1471 3108 qua
1509 3040 1865 3114 phrasi‘licet

289 3106 653 3184 conjecturam
683 3113 897 3179 ducere,
933 3111 1032 3165 hoc
1065 3106 1415 3179 fragmentum
1439 3110 1677 3177 epismlas
1706 3106 1864 3162 Sido-

1967 2001 2092 2046 nato
2121 1993 2214 2046 lib.
2244 2008 2333 2058 vn,
2349 2009 2433 2060 ep.
2458 1995 2512 2057 7,
2533 1991 2838 2047 Seronatum
2866 1993 3093 2048 barbaris
3119 1996 3402 2064 provincias
3422 2012 3540 2063 pro-

1967 2064 2248 2132 pinantem.
2277 2064 2424 2117 lusu.
3382 2117 3393 2131 ,

2043 2142 2064 2170 ε
2089 2132 2336 2186 Sidonius
2367 2132 2458 2185 lib.
2489 2148 2539 2196 v,
2567 2146 2654 2201 ep.
2686 2133 2773 2198 l5,
2796 2132 2864 2187 de
2888 2132 3075 2187 eodem
3100 2133 3382 2202 Seronato,
3406 2151 3541 2188 nunc

1968 2202 2213 2271 inauditis
2243 2203 2570 2255 indictionum
2596 2203 2863 2271 generibus
2894 2205 3143 2256 ivx/inurit.
3171 2205 3318 2257 IDEII.

2038 2270 2064 2344 fl
2090 2271 2316 2344 _Vulgata
2345 2272 2537 2333 editio,
2569 2270 2671 2344 non
2698 2282 2858 2344 cessat
2882 2274 3035 2344 simul
3064 2274 3204 2343 [arta
3233 2275 3311 2328 vel
3332 2276 3533 2344 punire,

1969 2340 2046 2395 vel
2074 2342 2240 2411 facere
2263 2344 2451 2411 palam,
2478 2352 2523 2393 et
2545 2341 2845 2395 ridentibus.
2880 2342 3025 2396 locu.

2045 2420 2067 2447 θ
2096 2411 2216 2475 llls.,
2250 2410 2548 2479 hospitibus.
2581 2410 2729 2463 lusit.
3514 2449 3523 2459 .

2002 2479 2065 2619 σῇ(
2092 2480 2166 2603 Illa
2197 2489 2250 2534 et
2279 2496 2378 2534 ms.
2398 2521 2414 2548 ,
2445 2480 2568 2534 licet
2590 2480 2644 2533 in
2672 2481 2909 2550 margine
2946 2480 3016 2534 sit
3051 2482 3220 2550 posita
3248 2479 3363 2537 haec
3402 2496 3535 2546 vox,

2002 2567 2012 2603 l
2058 2567 2099 2602 s.
2159 2564 2283 2603 usu.

1969 2564 2099 2603 "hs.
2135 2564 2283 2603 IDEM.

2044 2627 2069 2666 κ
2097 2621 2193 2673 Ms.
2232 2620 2441 2684 vitiose,
2478 2618 2918 2686 conclaudansquc
2943 2621 3262 2674 numerariis.
3290 2620 3363 2674 lta
3392 2619 3533 2675 enim

1972 2689 2024 2743 in
2058 2690 2236 2746 medio
2261 2692 2375 2742 haec
2406 2703 2507 2742 vox
2535 2703 2675 2753 rasa,
2708 2699 2761 2741 et
2784 2698 2964 2753 pestea
2994 2691 3175 2744 nescio
3195 2705 3223 2741 a
3245 2704 3345 2754 qua
3375 2706 3535 2743 manu

1971 2762 2122 2827 signo
2165 2761 2264 2813 hoc
2292 2760 2569 2827 conjuncta
2595 2768 2695 2812 est.
2727 2758 2855 2811 Vide
2882 2773 2999 2828 qua:
3029 2768 3176 2813 nutat
3218 2759 3417 2814 Savaro
3448 2760 3533 2814 hic

1973 2829 2039 2883 de
2062 2828 2395 2882 numerariis.
2440 2829 2589 2881 lusu.

2043 2894 2069 2969 if
2098 2899 2270 2969 Vnig.,
2302 2900 2450 2951 citus.
2475 2898 2621 2969 locst.

2051 2966 2067 3004 ί
2102 2966 2222 3032 Msf,
2252 2969 2475 3021 incidite.
2507 2968 2658 3020 lusit.

2049 3037 2064 3087 ἑ
2105 3039 2178 3091 Ita
2202 3041 2447 3107 legatum
2466 3038 2689 3103 Savaro,
2713 3049 2832 3089 nam
2849 3050 2949 3089 ms.
2964 3035 3051 3091 hic
3068 3034 3271 3103 mutile,
3286 3035 3432 3089 Ante.
3459 3035 3534 3089 lo.

1143 3322 1803 3437 FAUSTI
1949 3322 2769 3434 EPISGOPI

1488 3534 2120 3665 SERMON
2128 3536 2354 3663 ES.

814 3869 1042 3926 SERKIO
1085 3865 1357 3924 PRIMUS.

889 3964 967 4015 Ad
996 3959 1284 4015 monachos.

299 4059 410 4131 (Ex
451 4068 554 4113 ms.
578 4052 780 4109 domini
809 4051 1113 4131 Chauvelin
1140 4051 1404 4131 regiorum
1445 4048 1735 4117 sigillorum
1775 4062 1868 4103 cu-

981 4120 1192 4187 stodis.)

376 4244 430 4296 1.
471 4240 549 4295 Ad
589 4239 769 4294 locum
800 4236 971 4301 hunc,
1014 4233 1311 4298 carissimi,
1352 4248 1456 4287 non
1499 4231 1564 4287 ad
1606 4230 1867 4302 quietem,

302 4349 415 4387 non
454 4332 518 4386 ad
560 4330 922 4393 securitatem,
967 4326 1063 4382 sed
1102 4325 1169 4380 ad
1213 4330 1462 4394 pugnam,
1502 4324 1569 4378 ad
1595 4333 1867 4378 certamen

301 4420 677 4484 convenimus,
719 4418 786 4472 ad
816 4431 1039 4487 agonem
1078 4415 1180 4469 huc
1210 4412 1586 4483 processimus,
1619 4411 1685 4465 ad
1718 4426 1869 4466 eser-

300 4510 480 4566 ceada
526 4524 645 4563 cum
697 4508 841 4563 vitiis
891 4507 1029 4562 bella
1075 4504 1502 4560 conscendimus.
1562 4504 1678 4557 Vita
1728 4505 1867 4556 enim

302 4610 493 4655 nostra
520 4600 701 4654 hostes
728 4599 895 4653 nostri
922 4606 1079 4664 sunt,
1118 4596 1187 4651 de
1225 4596 1414 4664 quibus
1439 4595 1711 4663 Scriptura
1741 4607 1870 4664 pro-

302 4681 519 4745 nuntiat
538 4691 752 4747 dicens:
777 4688 906 4743 Care
930 4705 991 4742 ne
1012 4703 1228 4757 unquam
1253 4687 1435 4741 habeas
1455 4702 1568 4739 cum
1588 4687 1657 4739 eis
1677 4686 1864 4739 sedem.

302 4781 615 4837 Necessaria
646 4781 798 4835 nobis
824 4791 928 4840 est.
958 4780 1169 4844 fratres,
1194 4779 1409 4848 pervigil
1436 4793 1582 4842 cura,
1607 4776 1868 4831 indefessa

303 4873 567 4937 custodia,
597 4874 716 4940 quia
748 4872 1028 4926 conﬂictus
1076 4871 1177 4925 iste
1219 4872 1335 4925 sine
1382 4870 1507 4936 ﬁne,
1559 4868 1724 4923 hostis
1770 4870 1872 4924 iste

304 4968 426 5022 sine
454 4980 582 5035 pace
610 4975 710 5020 est.
744 4966 919 5019 llostis
946 4965 1043 5018 iste
1073 4965 1208 5018 vinci
1240 4970 1433 5031 potest,
1461 4962 1622 5031 recipi
1653 4962 1704 5016 in
1734 4962 1869 5015 ami-

304 5057 488 5112 citiam
513 5072 615 5109 non
642 5064 838 5124 potest.
870 5055 935 5108 Et
958 5055 1075 5108 ideo
1097 5052 1334 5123 praelium
1363 5052 1501 5106 istud
1528 5052 1665 5122 quod
1691 5066 1871 5107 susce-

303 5147 504 5218 pimus,
545 5148 675 5202 satis
714 5146 905 5201 durum
944 5146 1178 5214 satisque
1214 5144 1564 5211 periculosum
1593 5153 1706 5210 est,
1747 5145 1867 5214 quia

1892 3865 1938 3927 C
1973 3881 2088 3919 mos
2114 3864 2198 3920 vel
2229 3864 2417 3935 lingua:
2446 3865 2676 3935 gladium
2724 3867 3084 3924 retundamus.
3116 3870 3229 3925 Non
3258 3875 3427 3933 solum
3455 3881 3537 3935 ln~

1969 3956 2136 4010 vicem
2174 3970 2278 4009 non
2316 3954 2606 4012 inferamus
2636 3957 2883 4026 injurias,
2913 3959 3006 4014 sed
3044 3974 3145 4015 nec
3174 3961 3242 4017 ab
3268 3965 3389 4020 aliis
3415 3981 3540 4022 sem

1968 4050 2160 4104 tiamus
2188 4050 2380 4104 illatas.

2036 4142 2092 4195 2.
2137 4142 2478 4197 Peeuliariter
2502 4141 2642 4197 enim
2669 4142 2766 4198 ista
2793 4144 2858 4197 ad
2885 4144 3271 4214 professionem
3298 4155 3535 4203 nostram

1970 4234 2267 4304 pertinent,
2300 4234 2427 4289 nihil
2459 4237 2513 4289 in
2543 4236 2640 4289 hac
2667 4237 2772 4291 vita
2799 4237 3183 4293 consolationis
3224 4241 3496 4310 requirere
3516 4286 3533 4311 ,

1971 4324 2098 4378 nihil
2131 4324 2375 4390 honoris;
2410 4327 2751 4394 praesentium
2779 4342 2958 4382 rerum
2984 4328 3168 4383 solatia
3197 4330 3460 4399 relegere,
3478 4342 3538 4387 et

1968 4416 2034 4469 ad
2066 4416 2320 4485 promissa
2348 4428 2563 4470 aeterna:
2590 4418 3033 4473 remunerationis
3058 4420 3271 4487 praemia
3300 4421 3535 4475 animum

1970 4524 2289 4577 praeparare.
2340 4508 2683 4577 Suhjectione
2728 4518 2786 4562 et
2830 4509 3128 4577 abjectione
3173 4509 3433 4577 gaudere,
3480 4520 3536 4566 et

1970 4608 2331 4667 paupertatem
2363 4598 2537 4652 studio
2563 4614 2835 4666 qumrere;
2868 4609 2922 4653 et
2961 4612 3067 4653 non
3108 4600 3281 4655 solum
3310 4599 3535 4655 faculta-

1973 4699 2074 4757 tes,
2097 4690 2190 4744 scd
2215 4690 2353 4758 ipsas
2377 4690 2677 4744 voluntates
2702 4690 2770 4744 de
2798 4691 3046 4746 cordibus
3071 4692 3364 4747 eradicare.
3395 4692 3535 4749 Nihil

1971 4781 2110 4835 enim
2139 4782 2407 4848 proprium
2431 4779 2627 4834 habere
2654 4779 2920 4834 interdum
2946 4795 3033 4836 res
3059 4783 3393 4839 necessitatis
3418 4782 3536 4838 cxi-

1971 4873 2062 4942 git,
2092 4872 2220 4926 nihil
2250 4883 2424 4927 autem
2453 4872 2830 4939 concupiscere
2857 4887 2944 4927 res
2967 4872 3196 4932 virtutis.

2042 4969 2095 5021 5.
2136 4964 2267 5018 illud
2294 4968 2453 5018 etiam
2481 4964 2618 5019 scire
2645 4963 2930 5029 debemus,
2971 4966 3114 5035 quod
3143 4965 3233 5036 qui
3267 4966 3407 5022 inter
3436 4982 3536 5023 nos

1975 5056 2136 5110 vitam
2167 5057 2363 5110 habere
2392 5055 2786 5121 constituimus,
2811 5067 2902 5111 aut
2926 5072 3047 5112 cum
3080 5060 3265 5127 grandi
3299 5062 3539 5130 periculo

1972 5146 2053 5200 vel
2085 5147 2360 5215 diligentes
2386 5146 2470 5200 vel
2501 5146 2660 5201 etiam
2686 5147 3014 5216 negligentes
3038 5164 3244 5204 sumus.
3277 5151 3427 5207 Unde
3459 5153 3536 5207 l‘e-

303 5241 453 5293 inter
480 5238 745 5293 hominem
774 5242 995 5306 geritur,
1024 5246 1078 5290 et
1104 5236 1202 5289 nisi
1229 5249 1351 5289 cum
1381 5234 1495 5302 ipso
1524 5234 1738 5289 homine
1768 5251 1873 5290 non
1904 5224 1953 5284 Ι)
1979 5238 2043 5292 lis
2076 5249 2157 5294 est
2188 5239 2275 5293 illa
2306 5242 2478 5295 animo
2506 5255 2658 5310 qum,
2700 5241 2826 5295 dum
2867 5243 3006 5298 bene
3040 5243 3096 5297 in
3120 5246 3534 5315 congregatione

306 5327 513 5381 ﬁnitur.
560 5327 684 5381 Ideo
710 5340 807 5379 nos
834 5326 899 5379 ad
929 5325 1208 5394 tranquilla
1240 5324 1351 5376 hinc
1378 5333 1585 5377 secreta
1625 5332 1681 5378 et
1712 5325 1871 5395 spiri-

295 5412 474 5473 tualia
501 5429 677 5473 castra
707 5415 1045 5484 contulimus,
1098 5424 1152 5469 ut
1194 5414 1432 5484 quotidie
1479 5414 1712 5477 contriti,
1757 5430 1876 5484 pas-

304 5510 494 5566 siones
522 5517 731 5563 nostras
754 5506 1061 5576 infatigabili
1091 5504 1465 5574 congressione
1493 5514 1789 5569 certemus;
1818 5512 1876 5558 nt

303 5600 552 5671 quotidie
595 5597 833 5653 meritus
875 5597 1072 5652 nostris
1112 5597 1263 5665 quasi
1310 5594 1533 5649 famulas
1562 5596 1873 5649 voluntates

310 5703 525 5749 nostras
554 5690 918 5752 subjicianius,
946 5697 1002 5743 ut
1040 5685 1215 5743 cordis
1242 5687 1502 5751 nequitias
1530 5686 1875 5741 circumcida-

1973 5341 2234 5397 versatur,
2280 5333 2564 5386 multorum
2607 5333 2850 5401 gaudium
2880 5343 2993 5400 est,
3038 5340 3092 5389 et
3135 5335 3345 5404 plurimi
3375 5350 3439 5390 ca
3467 5350 3531 5389 ea

1975 5422 2057 5476 vel
2101 5424 2430 5478 aediﬁcantur
2466 5425 2551 5479 vel
2594 5423 2981 5481 illuminantur.
3030 5427 3173 5479 Bima
3216 5428 3357 5481 enim
3400 5428 3531 5481 dum

1976 5513 2156 5567 multis
2200 5515 2676 5582 communicantur,
2723 5516 3010 5573 adduntur.
3059 5516 3139 5572 Ad
3183 5516 3321 5585 quod
3370 5518 3530 5573 etiam

1977 5602 2353 5672 Sapientissimi
2383 5604 2522 5660 illius
2544 5610 2808 5662 sententia
2838 5606 3069 5675 reSpicit,
3092 5618 3213 5676 qua:
3236 5604 3359 5663 dicit
3386 5622 3400 5663 :
3427 5608 3455 5663 Ι
3478 5613 3531 5664 ili

1978 5692 2046 5743 mi
2069 5733 2084 5755 ,
2145 5693 2189 5744 ti
2228 5695 2423 5761 sapiens
2460 5696 2618 5756 {ueris
2643 5736 2658 5757 ,
2708 5697 2796 5748 tibi
2833 5703 2878 5747 ct
2916 5694 3158 5764 proximis
3204 5696 3305 5752 tuis
3348 5694 3531 5755 (Prov.
