4046 6188
486 310 585 367 871

1725 298 1780 355 S.
1819 295 2059 353 FAUSTI
2100 292 2500 349 RiiEGiENSlS

3640 288 3742 344 872

489 444 639 494 χχιιι,
674 424 782 495 15).
834 423 1013 492 Itaque
1050 419 1096 475 si
1137 414 1255 489 quis
1292 416 1346 471 in
1387 412 1799 485 congregatione
1829 413 2055 481 positus,
2085 413 2137 470 Λ
2163 408 2311 473 simi,
2345 404 2580 477 quandiu
2611 419 2729 473 qua:
2757 403 2822 457 ad
2852 403 3116 495 mundum
3146 402 3439 495 pertinent,
3472 400 3576 455 illis
3605 404 3739 457 acti~

491 517 841 572 humilitatem
864 529 922 568 se
943 510 1287 583 sequentibus
1306 517 1397 564 aut
1417 507 1722 578 patientiam
1748 504 2057 574 prmbuerit,

488 616 743 677 quantum
774 620 838 657 ex
864 619 923 658 se
948 602 1147 656 bonum
1192 597 1455 669 proximis
1484 594 1814 660 commodat,
1855 600 2060 646 tantum

492 697 546 751 in
578 711 637 750 se
665 695 886 749 aliorum
918 694 1060 748 lucra
1090 691 1373 747 convertit.
1404 688 1460 744 Si
1484 702 1613 743 vero
1643 686 1943 741 econtrario
1969 698 2063 753 per

491 784 903 841 inobedientiam
927 784 1010 838 vel
1037 782 1340 852 superbiam
1370 788 1592 848 quaeret,
1617 778 1757 848 quod
1784 776 1931 845 pejus
1955 784 2059 841 est,

492 878 697 932 facilius
726 875 950 930 inveniri
979 875 1133 940 solet,
1157 873 1221 927 ad
1250 872 1372 925 mali
1400 870 1702 937 exemplum
1730 867 1842 921 sive
1872 865 2065 935 iniqui—
2090 884 2091 887 η

495 968 617 1021 tatis
646 968 777 1020 alios
805 965 1113 1030 attraxerit,
1154 972 1381 1032 quantos
1408 961 1763 1024 destruxerit,
1804 958 1871 1013 de
1902 958 2063 1011 tantis

492 1062 783 1132 periculum
810 1059 1162 1114 damnationis
1187 1056 1426 1121 incurrit,
1448 1055 1662 1125 quantis
1682 1053 2059 1108 detrimentum

492 1152 619 1217 fuit,
661 1151 820 1204 tantis
849 1151 1042 1204 damna
1071 1148 1364 1211 contraxit,
1408 1154 1463 1201 et
1502 1154 1777 1216 peccatum
1816 1143 1958 1214 quod
1998 1143 2065 1197 ab

494 1243 586 1296 illo
616 1243 779 1296 semel
812 1240 1055 1305 recessit,
1086 1238 1149 1294 ad
1182 1254 1302 1294 eum
1333 1237 1695 1306 multipliciter
1722 1233 2061 1290 redundabit.

496 1332 850 1399 Quamobrem
900 1332 1036 1384 sicut
1082 1330 1172 1385 ille
1217 1329 1369 1383 valde
1411 1327 1755 1383 admirandus
1792 1335 1877 1385 εει
1907 1334 2066 1394 atque

494 1422 791 1477 laudandus
838 1430 921 1476 est
968 1420 1116 1489 cujus
1165 1435 1353 1474 cursus
1393 1418 1565 1473 bonus
1612 1418 1895 1471 multorum
1945 1430 2067 1483 pro-

498 1516 667 1568 fectus
697 1521 806 1578 est,
844 1513 914 1565 ita
957 1512 1048 1567 ille
1076 1526 1181 1565 non
1210 1510 1474 1565 immerito
1505 1509 1765 1579 lugendus
1794 1516 1875 1563 est
1911 1506 2066 1576 cujus

496 1604 604 1656 vita
635 1602 919 1655 multorum
948 1602 1102 1656 ruina
1130 1610 1231 1657 est.
1262 1600 1519 1670 Ideoque,
1550 1599 1744 1654 fratres
1772 1598 2062 1667 carissimi,

496 1707 616 1761 qure
643 1692 706 1745 ad
736 1691 1140 1745 aedificationem
1171 1690 1477 1759 pertinent,
1520 1704 1580 1744 ea
1621 1691 1673 1743 in
1705 1688 1882 1743 medio
1910 1688 2065 1757 positi

2166 498 2267 552 bus
2291 507 2342 551 et
2371 496 2595 566 negotiis
2625 508 2838 549 eramus
2868 494 3179 560 militantes,
3223 492 3273 546 in
3305 493 3499 562 quibus
3523 508 3663 548 nunc
3688 503 3739 549 et

2166 589 2549 650 erubescimus,
2582 595 2705 640 tunc
2751 586 2905 640 nobis
2946 585 3292 639 adversarius
3321 600 3426 639 non
3457 584 3736 654 obstabat,

2166 680 2273 734 imo
2300 679 2460 733 etiam
2486 677 2883 740 consentiebat,
2926 675 3068 744 quod
3099 674 3241 729 circa
3272 676 3635 731 miserabilem
3679 692 3742 733 ac

2166 768 2425 838 perditam
2451 768 2612 820 vitam
2644 779 2878 820 neStram
2911 781 3017 820 non
3044 766 3346 821 inveniebat
3374 767 3424 820 in
3451 782 3557 836 quo
3585 783 3742 822 exer-

2166 866 2313 913 ceret
2358 857 2608 912 invidiam
2656 873 2832 911 suatn.
2891 857 3303 911 Delectabantur
3353 857 3505 913 illum
3554 866 3741 913 nostra

2164 962 2356 1017 Opera,
2400 946 2843 1015 sufﬁciebantque
2873 945 2950 999 illi
2984 960 3075 1013 per
3109 960 3169 1001 se
3208 955 3388 1001 nostra
3417 947 3646 1002 crimina
3688 956 3743 1002 et

2167 1050 2405 1110 peccata.
2454 1039 2584 1107 Quis
2614 1039 2755 1093 enim
2784 1039 3041 1107 suscipiat
3078 1038 3276 1094 bellum
3304 1048 3489 1094 contra
3513 1041 3741 1095 militem

2164 1147 2341 1197 suum,
2391 1140 2447 1187 et
2491 1132 2611 1201 quis
2660 1130 2789 1185 velit
2837 1132 3147 1200 impugnare
3194 1130 3492 1200 subjectum
3536 1132 3741 1186 suum?

2168 1227 2275 1281 Sed
2304 1242 2465 1296 super
2492 1241 2706 1281 omnem
2757 1226 3117 1282 infelicitatem
3164 1236 3281 1283 erat
3308 1230 3417 1283 vita
3464 1229 3608 1284 illius
3652 1229 3739 1284 cui

2168 1334 2363 1373 nocere
2406 1318 2794 1388 dedignabatur
2820 1319 3083 1375 inimicus.
3135 1321 3204 1373 At
3231 1334 3358 1375 vero
3402 1336 3545 1375 nunc
3590 1328 3739 1388 post-

2165 1427 2322 1482 quam
2345 1412 2701 1481 voluptatibus
2725 1412 2865 1465 illius
2890 1411 3328 1477 renuntiavimus,
3347 1412 3483 1466 vidit
3501 1413 3737 1467 cultores

2165 1520 2291 1560 suos
2318 1505 2383 1558 ad
2413 1504 2609 1559 actoris
2641 1502 2847 1571 pristini
2878 1501 3102 1557 rediisse
3132 1501 3475 1567 famulatum,
3506 1503 3641 1557 vidit
3683 1504 3736 1559 in

2166 1598 2319 1652 nobis
2349 1595 2577 1667 quodam
2608 1592 2766 1648 modo
2798 1593 2937 1647 idola
2970 1607 3064 1647 sua
3102 1593 3155 1646 in
3186 1593 3277 1647 Dei
3319 1593 3573 1661 templum
3618 1609 3736 1648 mu-

2168 1689 2310 1756 tari,
2364 1697 2419 1743 et
2464 1686 2713 1742 frendens
2761 1694 2817 1740 et
2864 1695 3114 1754 tanquam
3160 1685 3246 1739 leo
3293 1687 3506 1757 rugiens
3548 1702 3737 1741 omnm

497 1798 654 1852 agere
680 1783 1007 1847 Studeamus,
1056 1798 1124 1836 ne
1172 1782 1254 1836 via
1298 1792 1478 1837 nostra
1528 1782 1751 1836 aliorum
1781 1780 2064 1834 virtutibus
2095 1765 2141 1824 Β
2170 1779 2395 1835 nocendi
2432 1778 2607 1832 aditus
2636 1776 2857 1846 pervigil
2896 1776 3173 1830 insidiator
3205 1776 3465 1844 explorat.
3517 1776 3592 1830 De
3632 1791 3737 1845 quo

497 1883 716 1938 noceat,
759 1886 811 1929 et
838 1890 904 1928 ne
930 1875 1154 1928 aliorum
1189 1873 1450 1929 fervorem
1484 1883 1633 1943 tepor
1660 1881 1843 1927 noster
1872 1872 2063 1927 debili-

502 1974 604 2030 tet;
632 1974 775 2018 etne
797 1964 1021 2017 aliorum
1050 1962 1353 2032 patientiam
1383 1973 1561 2017 nostra
1586 1963 1857 2017 iracundia
1879 1964 2058 2029 violet,

498 2070 599 2109 nec
625 2054 846 2118 aliorum
878 2054 1227 2106 humilitatem
1268 2053 1516 2121 superbia
1562 2064 1742 2107 neStra
1783 2053 2062 2121 depravet,

505 2160 572 2198 ne
604 2144 829 2198 aliorum
876 2142 1320 2212 pulchritudinem
1363 2144 1572 2198 foeditas
1602 2152 1778 2198 nostra
1809 2143 2066 2197 contami-

504 2244 593 2287 net
629 2252 641 2287 :
688 2250 751 2286 ne
792 2233 1011 2287 aliorum
1053 2234 1303 2289 ardentes
1332 2236 1733 2304 exstinguamus
1773 2234 2063 2301 lampades,

500 2322 544 2376 si
574 2331 778 2375 nostras
812 2321 1109 2376 illuminare
1136 2338 1237 2375 non
1270 2338 1568 2391 possumus.
1618 2324 1683 2378 Et
1709 2322 1921 2393 quidem
1962 2323 2065 2376 illa:

502 2412 658 2465 fatuae
689 2411 939 2480 virgines,
969 2412 1258 2479 quamlibet
1298 2411 1455 2465 fatuae
1496 2421 1705 2479 essent,
1740 2427 1843 2465 non
1888 2422 2065 2466 tamen

503 2500 703 2556 alienas
740 2501 1078 2570 exstinguere
1122 2501 1411 2569 lampades,
1460 2500 1553 2555 sed
1601 2515 1723 2555 suas
1771 2501 2066 2555 illuminare

506 2592 819 2659 cupiebant;
851 2599 904 2645 et
929 2591 1047 2645 ideo
1073 2592 1137 2645 ad
1169 2591 1385 2646 istarum
1416 2590 1849 2655 similitudinem,
1896 2592 1939 2644 si
1982 2592 2064 2645 cui

504 2692 741 2738 nostrum
771 2685 920 2739 deest
949 2685 1292 2752 pinguissima
1334 2684 1499 2753 gratia
1536 2683 1885 2747 humilitatis,
1931 2691 1986 2737 et
2023 2685 2064 2736 si

504 2777 653 2831 deest
682 2778 816 2847 ignis
847 2777 1001 2841 ﬁdei,
1049 2778 1093 2831 si
1125 2777 1335 2831 flamma
1363 2778 1615 2842 fervoris,
1652 2778 1696 2832 si
1727 2777 1900 2832 oleum
1933 2776 2068 2831 cari-

504 2868 645 2931 tatis,
668 2868 709 2920 si
741 2867 914 2920 lumen
942 2867 1296 2935 discretionis,
1323 2869 1500 2923 veniat
1527 2868 1590 2922 ad
1618 2882 1712 2922 eos
1737 2883 1868 2936 quos
1901 2869 2067 2936 magis

504 2957 771 3012 abundare
800 2957 1153 3026 prospexerit,
1187 2958 1413 3026 gratiam
1448 2959 1498 3010 in
1530 2972 1587 3012 se
1616 2972 1643 3010 a
1673 2958 1928 3026 proximis
1962 2972 2065 3010 non

505 3032 935 3113 auferendo,'scd
962 3048 1214 3103 imitando
1244 3049 1590 3114 transfundat,
1620 3060 1674 3104 et
1697 3048 1831 3103 bona
1859 3063 2067 3117 posses-

506 3139 672 3193 sionis
701 3139 886 3193 alienae
911 3154 1014 3193 non
1045 3139 1213 3193 solum
1245 3141 1358 3194 sine
1387 3141 1600 3207 damno,
1632 3141 1722 3195 sed
1751 3141 1909 3195 etiam
1945 3155 2065 3195 cum
2096 3117 2139 3179 Ο

508 3229 656 3286 lucro
685 3231 1005 3300 possessoris
1034 3230 1262 3285 invadat.
1315 3232 1589 3301 Nunquam
1622 3233 1761 3286 enim
1794 3233 1955 3286 sentit
1984 3233 2066 3286 lu-

508 3322 667 3376 minis
696 3322 946 3376 damnum
985 3322 1223 3392 plurimis
1254 3322 1390 3393 ignis
1419 3337 1696 3388 accensus,
1745 3339 1841 3378 nec
1883 3323 2071 3377 minuit

508 3414 635 3471 solis
664 3414 835 3470 lucem
858 3406 1636 3481 considerantiummultitudo,
1660 3416 1838 3486 quanti
1860 3415 1924 3469 ad
1946 3426 2067 3470 eum

508 3507 892 3575 perspexerint,
923 3506 1084 3560 tantis
1114 3521 1331 3560 munera
1362 3522 1456 3560 sua
1485 3506 1820 3572 commodat;
1866 3516 1918 3561 et
1958 3507 2071 3576 ipse

510 3606 683 3650 tamen
717 3610 929 3664 semper
956 3596 1160 3665 integer
1188 3606 1515 3666 perseverat.

577 3687 632 3741 4.
673 3688 953 3741 Benedicta
983 3687 1069 3741 illa
1099 3688 1275 3741 anima
1304 3697 1385 3742 est
1418 3704 1443 3739 a
1475 3688 1584 3743 Deo
1614 3688 1764 3757 cujus
1804 3689 2073 3743 humilitas

507 3774 723 3828 alterius
751 3775 1023 3828 confundit
1052 3778 1374 3844 superbiam,
1399 3776 1551 3846 cujus
1580 3778 1827 3845 patientia
1855 3778 2072 3831 alterius

508 3867 796 3935 exstinguit
829 3868 1177 3933 iracundiam,
1200 3869 1349 3937 cujus
1378 3868 1675 3923 obedientia
1702 3868 1964 3939 pigritiam
1997 3879 2075 3921 ta-

508 3957 613 4011 cite
643 3959 860 4012 alterius
889 3958 1155 4029 increpat;
1205 3962 1358 4029 cujus
1406 3961 1579 4016 fervor
1618 3963 1863 4017 inertiam
1913 3961 2073 4016 alieni

509 4049 706 4117 teporis
735 4051 1044 4117 exsuscitat,
1075 4051 1163 4120 qui
1195 4050 1418 4120 proximi
1450 4053 1529 4106 sui
1562 4068 1671 4122 pra:
1698 4054 1775 4106 ira
1806 4052 2070 4107 turbatum

508 4138 719 4191 oculum
740 4139 916 4193 cordis
938 4141 1102 4209 gratia
1128 4141 1505 4194 consolationis
1526 4154 1682 4210 atque
1707 4142 2073 4197 :edificationis

507 4228 790 4285 illuminat.
824 4231 1008 4285 Melius
1033 4240 1114 4285 est
1137 4232 1259 4285 huic
1284 4246 1440 4299 quam
1468 4233 1543 4285 illi
1571 4233 1657 4301 qui
1693 4233 1913 4287 fratrem
1944 4249 2075 4302 pau-

508 4320 671 4375 lulum
718 4322 785 4375 ab
831 4321 1005 4391 aliquo
1051 4322 1454 4384 contristatum,
1506 4338 1609 4376 non
1656 4331 1833 4377 tamen
1881 4324 2075 4379 solatio

507 4424 606 4466 suo
626 4422 863 4482 porrecta
894 4428 1050 4466 manu
1073 4427 1179 4467 non
1203 4414 1461 4478 sublevat,
1495 4414 1593 4468 sed.
1612 4415 1943 4481 titubantem,
1972 4421 2075 4472 sic-

512 4513 570 4557 ut
596 4481 847 4572 parietem
878 4505 1186 4559 inclinatum
1218 4505 1651 4575 maleloquiorum
1676 4507 1900 4576 impulsu
1922 4506 2071 4577 adju-
2104 4481 2153 4541 Ῑ)

512 4603 601 4645 vat
629 4593 694 4645 ad
722 4596 947 4659 ruinam,
997 4603 1050 4649 et
1090 4596 1374 4651 salubriter
1420 4611 1514 4664 pro
1543 4596 1838 4665 disciplima
1864 4598 2070 4653 ratione

509 4690 805 4736 correctum
836 4698 928 4749 per
949 4686 1162 4739 sinistra
1185 4686 1407 4741 consilia
1434 4687 1511 4741 sic
1537 4687 1742 4756 incitat,
1765 4695 1823 4741 ut
1851 4688 2065 4753 allidat;

508 4771 586 4826 sic
611 4782 798 4836 armat,
824 4782 882 4827 ut
908 4774 1149 4841 perimat.

578 4864 631 4917 5.
675 4863 874 4933 Itaque,
900 4864 1112 4931 fratres,
1137 4867 1222 4921 cui
1249 4868 1383 4923 mala
1411 4871 1620 4940 propria
1644 4885 1749 4926 non
1776 4871 2066 4938 sufficiunt,

508 4953 600 5010 ille
646 4955 725 5009 sic
768 4956 905 5024 agit,
954 4965 1012 5010 ut
1046 4955 1301 5025 judicium
1331 4960 1490 5015 etiam
1532 4962 1719 5017 aliena:
1760 4964 2073 5032 perditionis

508 5045 763 5100 incurrat.
791 5045 936 5100 Certi
956 5061 1158 5114 sumus,
1180 5050 1462 5117 carissimi,
1485 5053 1623 5121 quod
1647 5054 1747 5107 nisi
1768 5068 2070 5123 caveamus,

509 5136 610 5191 nisi
642 5147 851 5192 nostras
875 5138 1108 5208 quotidie
1134 5142 1405 5210 passiones
1429 5158 1737 5200 resecemus
1765 5154 1819 5200 et
1845 5148 2074 5201 circum-

507 5225 767 5292 cidamus,
798 5227 1090 5285 deteriores
1131 5233 1355 5287 multum
1399 5248 1498 5288 nos
1532 5234 1669 5289 effici
1706 5250 1861 5305 quam
1892 5237 2070 5292 fuera-

508 5330 646 5384 mus,
690 5315 816 5373 dum
864 5319 917 5373 in
962 5318 1065 5375 hoc
1108 5323 1305 5378 sacqu
1343 5324 1685 5381 viveremus:
1735 5327 1804 5381 ita
1845 5336 1902 5382 ut
1942 5328 2073 5384 fiant

504 5420 745 5466 extrema
772 5422 949 5468 nostra
978 5413 1157 5484 pejora
1188 5416 1474 5484 prioribus.
1526 5418 1594 5472 Et
1621 5418 1833 5489 quidem
1852 5464 1866 5489 ,
1895 5420 2067 5476 caris-

579 5586 686 5658 ‘S.
714 5587 966 5644 Honorati
996 5588 1133 5643 haud
1162 5590 1407 5651 dubium.
1445 5590 1533 5658 qui
1564 5591 1800 5646 fundavit
1827 5608 1890 5649 ac
1916 5594 2053 5649 rexit

513 5651 796 5712 Lcriuense
834 5662 1239 5725 monasterium,
1285 5661 1349 5715 ad
1381 5651 1527 5729 cujus
1557 5662 1844 5719 monachos
1874 5666 2055 5732 loque-

2165 1872 2317 1926 leone
2343 1870 2613 1939 apostolus
2650 1868 2785 1921 bene
2815 1873 3132 1921 attestatur:
3170 1864 3422 1936 Vigilate,
3472 1866 3593 1935 quia
3638 1866 3737 1917 ad-

2163 1961 2412 2015 uersarius
2436 1969 2592 2013 vester
2618 1958 2873 2024 diabolus,
2899 1965 2954 2009 ut
2979 1956 3057 2010 leo
3084 1956 3289 2026 rugiens
3309 1956 3486 2008 circuit
3508 1971 3738 2025 quaerens

2163 2066 2308 2119 quem
2337 2049 2534 2101 devoret
2562 2044 2614 2117 (1
2650 2044 2787 2099 Pelr.
2811 2061 2866 2109 v,
2888 2044 2965 2115 8).
3000 2044 3144 2099 Beati
3177 2057 3310 2113 quos
3338 2043 3425 2098 hic
3452 2044 3536 2099 leo
3566 2044 3740 2113 inqui-

2164 2141 2358 2195 rendos
2383 2138 2583 2207 judicat
2606 2145 2661 2191 et
2682 2134 2982 2206 sequendos
3007 2136 3192 2205 utique
3218 2136 3473 2190 virtutum
3498 2134 3739 2203 vestigiis

2164 2239 2218 2286 et
2245 2229 2407 2284 odore
2436 2228 2765 2284 meritorum.
2819 2226 2933 2281 Non
2975 2227 3115 2281 enim
3155 2225 3222 2280 ab
3258 2226 3351 2279 illo
3396 2226 3740 2294 inquiruntur

2165 2320 2264 2377 nisi
2311 2322 2469 2389 boni,
2513 2322 2635 2390 quia
2680 2335 2739 2375 se
2787 2318 2928 2373 ultro
2976 2320 3220 2388 ingerunt
3250 2319 3394 2373 mali.
3445 2317 3571 2373 Post
3616 2319 3739 2373 illos

2165 2414 2431 2469 violenter
2450 2413 2637 2468 currit.
2667 2411 2775 2466 Hos
2796 2411 2955 2465 etiam
2980 2410 3306 2479 negligenter
3326 2409 3565 2464 incurrit.
3590 2408 3739 2466 Beati

2167 2506 2326 2576 igitur
2353 2519 2488 2575 quos
2518 2505 2603 2558 hic
2632 2504 2716 2558 leo
2743 2503 2937 2556 invidia
2968 2503 3178 2570 cogitur
3207 2515 3469 2569 quaerere,
3497 2509 3551 2554 et
3579 2500 3741 2553 mali-

2169 2598 2239 2649 tia
2260 2610 2364 2649 non
2382 2593 2702 2665 permittitur
2716 2592 2976 2647 invenire.
2996 2591 3328 2646 Terribiliter
3348 2591 3559 2658 quidem
3583 2599 3739 2643 sonat

2170 2689 2224 2744 in
2250 2688 2466 2743 auribus
2505 2687 2701 2742 nostris
2731 2684 2856 2739 dum
2897 2683 3195 2737 audivimus
3225 2681 3492 2750 Tanquam
3531 2680 3607 2735 (eo
3646 2697 3740 2733 ru-

2169 2783 2327 2853 giens.
2372 2781 2476 2836 Sed
2506 2781 2626 2848 quia
2655 2778 2855 2834 dictum
2893 2786 3011 2832 est:
3047 2776 3192 2830 Escw
3229 2780 3341 2847 ejus
3376 2774 3547 2828 electa
3579 2785 3737 2837 sunt;

2169 2871 2307 2941 quod
2335 2870 2528 2940 quaerit
2555 2869 2831 2924 electionis
2858 2877 2971 2933 est;
3015 2867 3151 2937 quod
3186 2867 3325 2935 rugit
3350 2865 3741 2933 desperationis

2169 2973 2269 3017 est.
2300 2962 2449 3017 Sicut
2478 2961 2530 3015 in
2559 2960 2662 3015 alio
2690 2960 2809 3014 loco
2839 2958 3098 3028 legimus:
3136 2958 3377 3011 Dentibus
3405 2958 3511 3011 suis
3539 2957 3742 3025 frendet

2170 3066 2217 3111 el
2244 3058 2479 3110 tabescet.
2512 3056 2585 3110 Ila
2610 3055 2724 3110 haec
2753 3055 2986 3125 loquitur
3011 3067 3188 3108 sermo
3214 3053 3442 3116 divinus,
3468 3062 3521 3103 ut
3548 3051 3744 3105 terrori

2171 3150 2453 3217 conjuncta
2480 3150 2550 3201 sit
2574 3146 2886 3202 consolatio.
2917 3145 3135 3199 Cruenti
3162 3144 3373 3212 quidem
3403 3150 3483 3195 est
3508 3141 3743 3211 (render;

2170 3240 2263 3295 sed
2309 3239 2433 3295 victi
2483 3239 2620 3308 quod
2666 3238 2889 3293 tabescit.
2961 3237 3026 3291 Et
3071 3237 3211 3289 inter
3265 3242 3458 3304 quanta
3503 3234 3611 3286 sint
3651 3232 3745 3288 illa

2171 3346 2288 3401 qum
2346 3346 2375 3384 a
2433 3332 2542 3387 Deo
2586 3339 2884 3400 prreparata
2945 3334 3067 3381 sunt
3123 3325 3321 3380 homini
3386 3325 3521 3379 livor
3566 3323 3747 3393 prodit

2172 3426 2392 3480 inimici.

2249 3518 2301 3571 6.
2343 3518 2466 3571 llaec
2503 3517 2710 3585 itaque,
2753 3513 3042 3573 rarissimi,
3086 3509 3410 3579 cogitantes,
3452 3516 3501 3562 et
3547 3508 3600 3560 in
3640 3506 3746 3560 hoc

2184 3621 2353 3677 agone
2382 3606 2704 3660 desudantes
2729 3604 2940 3672 gloriosi
2978 3610 3031 3657 et
3058 3601 3294 3668 praeclari
3327 3608 3353 3635 ⁸
3385 3598 3548 3667 patris
3576 3597 3746 3652 nostri

2175 3714 2272 3752 nos
2310 3708 2362 3751 et
2391 3695 2681 3763 discipulos
2712 3694 3106 3749 meminerimus
3138 3707 3255 3747 esse
3290 3699 3341 3745 et
3363 3690 3521 3744 filios.
3556 3688 3745 3754 Rapia-

2180 3805 2298 3845 mus
2328 3787 2688 3856 unusquisque
2714 3788 2850 3856 quod
2895 3800 3174 3854 possumus
3216 3783 3280 3837 de
3322 3781 3473 3835 bouis
3505 3780 3746 3834 intestati

2175 3879 2430 3950 parentis.
2464 3877 2559 3932 llic
2582 3877 2649 3931 de
2681 3876 2988 3930 hmreditate
3016 3884 3249 3927 as=umat
3278 3871 3396 3925 fidei
3427 3869 3744 3923 olozericam

2174 3982 2441 4041 gestorum
2469 3970 2782 4023 varietatem
2828 3968 3136 4036 pretiosam.
3189 3965 3281 4018 llic
3323 3959 3747 4016 mansuetudinis

2174 4076 2237 4115 ac
2266 4059 2619 4129 simplicitatis
2643 4066 2869 4126 occupet
2898 4057 3171 4110 talentum.
3213 4054 3301 4107 llle
3325 4054 3487 4106 decus
3518 4050 3749 4118 pectoris

2175 4150 2559 4207 benevolentim
2590 4165 2649 4202 ac
2679 4148 2954 4216 sapientiae
2989 4145 3186 4199 monile
3220 4144 3319 4197 sibi
3351 4142 3601 4195 vindicet.
3649 4139 3749 4192 ilic

2177 4240 2514 4310 margaritam
2563 4238 2987 4308 compunctionis
3032 4246 3085 4290 et
3130 4236 3436 4289 thesaurum
3487 4231 3749 4287 east'tatis

2176 4331 2409 4386 invadat.
2443 4329 2594 4384 Licet
2621 4330 2762 4383 enim
2795 4327 2885 4381 ille
2917 4325 3363 4393 locupletissimus
3396 4322 3488 4377 Dei
3518 4319 3746 4383 amicus,

2176 4421 2429 4493 quidquid
2474 4418 2657 4475 habuit
2700 4420 2964 4487 integrum
3010 4430 3188 4471 secum
3237 4415 3448 4478 tulerit,
3497 4421 3550 4466 et
3592 4411 3747 4464 non

2180 4528 2377 4579 tamen,
2409 4514 2454 4568 si
2485 4514 2751 4573 volumus.
2779 4519 2946 4565 totum
2978 4508 3215 4577 reliquit.
3271 4505 3289 4559 1
3317 4521 3346 4558 a
3377 4518 3505 4573 ergo
3529 4517 3749 4571 agamus

2176 4608 2314 4663 bona
2362 4606 2504 4661 illius
2549 4612 2833 4670 sectantes,
2883 4611 2939 4655 ut
2980 4601 3068 4666 qui
3119 4601 3171 4654 in
3220 4607 3475 4653 aeternam
3523 4595 3749 4666 gloriam

2175 4695 2515 4752 suscitandus
2569 4694 2669 4749 sub
2716 4692 2820 4747 fine
2874 4692 3191 4746 saeculorum
3257 4686 3551 4751 reddetur,
3608 4699 3753 4738 nunc

2177 4786 2430 4841 Ecclesia).
2477 4785 2624 4854 prole
2662 4782 2840 4836 divina
2880 4780 2932 4835 in
2976 4780 3098 4834 filiis
3142 4792 3236 4846 per
3276 4777 3467 4832 merita
3505 4776 3615 4845 jam
3659 4790 3752 4829 re-

2174 4884 2378 4946 surgat.

2797 4961 3026 5017 SERMO
3063 4959 3126 5015 Il.

2745 5054 2827 5106 Ad
2878 5051 3171 5110 monachos.

2248 5148 2297 5200 1.
2338 5146 2488 5215 Quod
2518 5145 2802 5216 supplente
2839 5154 2893 5199 et
2933 5142 3161 5213 quodam
3192 5139 3351 5196 modo
3377 5153 3498 5195 cum
3526 5136 3755 5193 caritate

2170 5239 2389 5309 jubente
2437 5239 2547 5293 Deo
2596 5247 2651 5292 et
2694 5246 2870 5292 vestra
2918 5234 3275 5300 fraternitate,
3323 5229 3755 5301 qualemcunque

2174 5342 2481 5385 sermonem
2512 5326 2763 5397 profero;
2817 5325 2951 5380 facio
2996 5324 3099 5378 hoc
3137 5338 3241 5376 non
3284 5336 3351 5377 ex
3390 5319 3568 5389 aliqua
3608 5332 3753 5385 pra:-

2174 5422 2506 5492 sumptione,
2544 5420 2639 5476 sed
2677 5435 2742 5476 ex
2770 5433 2895 5475 vera
2923 5425 2979 5472 et
3001 5416 3206 5486 integra
3235 5413 3479 5470 caritate.
3528 5409 3598 5464 Et
3624 5408 3757 5462 licet

2159 5595 2316 5651 batur
2356 5593 2414 5650 S.
2457 5592 2684 5648 Faustus
2733 5600 2789 5647 et
2841 5594 2955 5661 ipse
3001 5592 3163 5648 etiam
3211 5595 3330 5645 ante
3375 5584 3770 5658 episcopatum

2163 5665 2399 5732 ejusdem
2434 5663 2539 5718 loci
2569 5661 2893 5717 monachus.
