4046 6188
409 237 514 292 873

1841 222 2222 283 SERMDNES.

3547 233 3645 287 8'7!

411 362 517 404 tam
544 347 765 418 perfecti
791 344 899 400 Deo
925 343 1154 413 propitio
1176 342 1314 399 sitis.
1339 350 1396 396 ut
1415 340 1776 395 admonitione
1799 347 1978 391 nostra
2009 338 2058 396 Α
2088 337 2190 391 hoc
2213 337 2406 391 mundo
2430 353 2534 392 non
2559 340 2860 409 corrigitur,
2889 341 2939 394 iu
2970 341 3145 395 futuro
3166 342 3363 396 saeculo
3385 345 3646 413 punietur.

413 438 639 493 minime
666 434 906 504 egeatis:
942 443 1119 486 tamen
1164 432 1457 499 imperante
1492 428 1715 484 caritate
1741 442 1859 494 qua:
1886 441 1980 480 ne-

410 532 513 583 scit
541 530 755 591 timere,
776 524 947 579 'etiam
969 522 1113 592 quod
1141 522 1342 591 optime
1369 520 1591 588 implere
1617 531 1709 572 vos
1739 518 1981 570 novimus

401 611 699 687 suggerere
726 625 783 669 et
807 614 1099 667 admonere
1122 626 1245 665 cum
1275 624 1398 662 vera
1439 606 1736 661 humilitate
1774 614 1826 659 et
1860 621 1982 673 per—

411 710 549 762 facta
597 707 820 762 caritate
870 704 1260 773 praesumimus,
1311 714 1415 754 non
1466 706 1641 752 tamen
1687 697 1803 753 sine
1832 710 1983 750 vere-

413 799 630 862 cundia,
660 811 781 851 cum
834 807 933 848 nos
980 791 1207 847 necdum
1252 790 1476 844 idoneos
1519 787 1824 842 noverimus
1862 800 1983 840 esse

413 888 728 958 discipulos,
776 895 831 941 et
871 885 938 938 ad
984 898 1119 952 opus
1158 890 1399 936 sanctum
1433 879 1712 936 videamur
1752 878 1985 932 excitare

416 979 724 1048 magistros.
753 974 886 1028 Cum
912 974 1080 1029 simus
1108 972 1266 1041 tepidi
1291 972 1533 1042 cogimur
1564 970 1849 1027 admonere
1882 969 1984 1021 ler-

414 1076 637 1130 veutes;
689 1080 810 1123 cum
851 1064 1020 1117 simus
1070 1070 1412 1131 peccatores,
1462 1060 1734 1128 argoimus
1775 1058 1983 1125 justas;

415 1172 539 1212 eum
570 1157 736 1211 simus
761 1153 1012 1222 imperiti,
1037 1151 1283 1205 doctores
1303 1151 1648 1211 instruimus;
1679 1162 1797 1201 cum
1821 1148 1987 1200 simus

415 1250 475 1301 in
505 1248 691 1316 pelago
719 1244 876 1312 hujus
902 1243 1082 1297 mundi
1115 1241 1292 1296 nimiis
1311 1241 1558 1296 ﬂuctibus
1571 1237 1783 1308 agitati,
1804 1238 1869 1291 ad
1892 1251 1987 1290 eos

414 1341 509 1407 qui
531 1338 596 1391 ad
625 1346 834 1405 portum
860 1344 965 1388 tam
994 1333 1216 1387 feliciter
1241 1339 1604 1399 pervenerunt
1627 1326 1987 1397 praedictionis

416 1432 580 1485 verba
612 1428 949 1499 proferimus.
999 1424 1104 1480 Sed
1150 1434 1360 1489 tamen,
1402 1422 1595 1476 fratres
1623 1417 1984 1483 dilectissimi,

420 1522 548 1591 quia
578 1522 753 1576 solent
780 1532 941 1573 naves
968 1516 1229 1584 superatis
1266 1524 1321 1569 et
1354 1512 1579 1568 devictis
1620 1510 1866 1566 fluctibus
1894 1525 1988 1579 pe-

421 1611 565 1679 lagi,
610 1609 771 1663 etiam
822 1608 876 1660 in
928 1616 1081 1675 portu
1132 1603 1396 1663 tutissimo
1445 1602 1722 1668 laborare,
1780 1610 1836 1654 et
1884 1598 1986 1651 nisi

2085 428 2173 482 Sic
2198 428 2338 481 enim
2365 428 2433 481 de
2463 428 2592 491 ﬁlio,
2624 430 2690 482 de
2719 445 2873 483 servo
2899 430 3076 486 divina
3106 431 3378 502 Scriptura
3417 448 3649 490 comme-

2085 526 2258 569 morat
2283 534 2296 569 ε
2334 515 2429 579 Tu,
2461 518 2649 582 inquit,
2673 518 2814 587 virga
2842 537 2954 573 eum
2983 522 3155 587 caedis,
3180 532 3226 575 et
3255 525 3480 577 animam
3508 523 3649 577 illius

2084 609 2147 661 de
2175 608 2375 675 inferno
2407 608 2640 662 liberabis
2669 608 2689 681 (
2708 610 2861 663 Prov.
2899 627 3055 674 χχιιι.
3100 613 3208 679 14).
3249 614 3309 668 Et
3339 614 3480 682 ideo,
3511 617 3651 669 sicut

2084 716 2241 769 supra
2273 701 2538 769 suggessi,
2589 716 2692 755 non
2739 703 2913 757 solum
2938 706 3181 772 capitalia
3212 706 3432 761 crimina
3461 722 3651 762 cavea-

2086 806 2225 856 mus,
2267 790 2359 845 sed
2399 791 2558 845 etiam
2601 806 2789 859 parvas
2816 793 3180 860 negligentias,
3212 793 3383 866 [quas]
3413 798 3650 865 quotidie

2085 882 2235 949 quasi
2257 897 2457 936 venena
2488 882 2681 935 diaboli
2715 885 3060 951 respiramus.
3091 884 3223 938 Sunt
3244 888 3383 940 enim
3410 889 3651 942 nonnulli

2087 971 2175 1039 qui
2205 982 2317 1038 post
2342 973 2611 1039 religionis
2643 973 3044 1040 pruFeSsionetu,
3072 990 3173 1042 qua
3206 976 3452 1029 videntur
3476 979 3652 1032 exisse

2087 1061 2155 1116 de
2182 1065 2413 1125 saecula,
2459 1064 2617 1117 nimia
2657 1064 2943 1117 securitate
2985 1066 3283 1131 solvuntur,
3312 1074 3366 1119 ct
3402 1066 3653 1134 impletur

2088 1152 2142 1205 in
2171 1154 2251 1207 eis
2278 1152 2538 1206 sententia
2571 1153 2776 1207 Domini
2801 1170 2901 1223 qua
2927 1153 3159 1209 dicitur:
3201 1156 3407 1209 Utinam
3434 1157 3654 1229 frigidus

2088 1258 2239 1304 esses,
2270 1252 2359 1295 aut
2387 1243 2584 1295 calidus
2607 1259 2626 1296 :
2666 1260 2798 1297 nunc
2836 1253 3004 1297 autem
3032 1246 3153 1312 quia
3182 1247 3379 1312 tepidus
3405 1262 3487 1311 es,
3528 1247 3656 1299 inci-

2088 1334 2224 1401 piam
2252 1345 2298 1387 te
2329 1351 2522 1387 vomere
2550 1350 2614 1388 ea:
2641 1351 2725 1388 ore
2753 1352 2862 1389 mea
2891 1336 3071 1405 (Apoc.
3109 1350 3199 1403 ιιι,
3237 1335 3347 1405 15).
3395 1336 3531 1403 Quid
3573 1345 3655 1390 est

2087 1426 2228 1495 quod
2252 1425 2389 1479 dixit
2414 1443 2425 1476 :
2465 1426 2671 1479 Utinam
2700 1442 2830 1481 esses
2861 1426 3057 1479 calidus
3084 1437 3173 1480 aut
3204 1426 3465 1497 frigidus?
3504 1425 3656 1482 Nunc

2088 1528 2262 1570 autem
2292 1518 2414 1586 quia
2444 1525 2497 1571 et
2527 1517 2594 1571 de
2615 1519 2812 1572 sarculo
2842 1518 3134 1581 recessisti,
3157 1527 3213 1571 et
3235 1520 3527 1586 spiritalem
3553 1518 3654 1572 fer-

2090 1621 2270 1660 vorem
2302 1623 2392 1675 per
2416 1607 2783 1676 negligentiam
2810 1616 2955 1661 tuam
2982 1608 3387 1681 apprehendere
3412 1608 3653 1670 noluisti,

419 1700 641 1770 grandis
666 1699 873 1754 cautela
902 1698 1079 1762 fuerit,
1114 1712 1251 1766 pene
1280 1695 1579 1763 sobmergi;
1619 1708 1739 1747 cum
1776 1707 1979 1745 summa
2013 1692 2058 1751 Β
2088 1698 2296 1766 tepidus
2324 1699 2543 1753 effectus
2568 1713 2659 1764 es,
2701 1713 2770 1753 ex
2803 1714 2897 1753 ore
2929 1699 3134 1753 Domini
3166 1701 3252 1753 vix
3285 1700 3476 1754 iterum
3515 1701 3657 1756 reci-

421 1790 725 1845 hutnilitate
756 1798 808 1844 et
834 1789 1032 1857 ingenti
1063 1786 1359 1842 reverentia
1391 1785 1759 1846 admonemus,
1788 1794 1841 1836 ut
1862 1785 1983 1852 quia
2037 1822 2047 1831 .

420 1899 519 1938 Vos
547 1881 791 1937 Christus
816 1880 1131 1949 capitalibus
1159 1879 1471 1933 criminibus
1500 1886 1748 1945 tanquam
1786 1874 1854 1929 de
1891 1890 1986 1943 pe-

422 1974 672 2028 riculosis
700 1972 944 2027 liberavit
972 1968 1244 2033 ﬂuctibus,
1277 1970 1329 2022 in
1379 1978 1533 2035 portu
1562 1965 1756 2033 quietis
1782 1975 1836 2020 et
1863 1964 1987 2018 bea-

420 2064 665 2119 titudinis
709 2062 1022 2126 constituti,
1070 2075 1260 2130 parvas
1305 2059 1693 2129 negligentias,
1741 2066 1796 2111 et
1840 2057 1988 2125 quasi

419 2153 623 2208 minuta
652 2165 901 2222 peccata,
946 2165 1065 2220 qua:
1106 2148 1183 2202 sic
1212 2149 1265 2202 in
1297 2148 1473 2201 anima
1500 2145 1805 2211 conﬂuunt,
1852 2158 1987 2212 quo—

420 2242 584 2298 modo
604 2257 699 2311 per
719 2240 1100 2295 minutissimas
1119 2238 1266 2295 navis
1288 2235 1507 2291 rimulas
1528 2235 1581 2289 in
1601 2233 1809 2289 sentina
1831 2243 1991 2303 guttae

418 2340 771 2397 concurrunt,
801 2346 922 2386 cum
952 2330 1099 2387 omni
1126 2327 1415 2397 vigilantia,
1442 2326 1656 2381 Christo
1682 2325 1988 2393 adiuvante,

418 2424 708 2479 exhaurire
757 2423 955 2491 iugiter
1000 2419 1285 2473 festinetis.
1344 2416 1476 2470 Nam
1521 2414 1790 2484 quomodo
1839 2416 1991 2467 navis

424 2523 609 2581 postea
635 2527 793 2582 quam
820 2500 989 2580 pelagi
1016 2508 1206 2562 ﬂuctus
1232 2507 1491 2569 evaserit,
1524 2506 1569 2558 si
1600 2504 1652 2558 in
1684 2512 1838 2571 portu
1867 2517 1989 2557 sen-

422 2606 589 2660 tinats
616 2619 722 2660 non
748 2603 937 2668 fuerit,
963 2601 1031 2657 de
1058 2598 1275 2654 minutis
1303 2601 1465 2667 guttis
1495 2597 1746 2665 impletur
1774 2604 1826 2649 et
1854 2610 1994 2648 mer-

421 2698 568 2766 gitur
606 2712 622 2749 :
653 2699 732 2751 sic
757 2702 813 2750 et
837 2691 1151 2755 monachus,
1191 2688 1413 2744 devictis
1439 2695 1493 2742 et
1522 2685 1785 2756 superatis
1811 2683 1993 2738 mundi

423 2787 587 2856 hujus
609 2786 941 2852 criminibus,
970 2782 1121 2854 quasi
1152 2780 1463 2850 periculosis
1488 2778 1754 2843 fluctibus,
1781 2791 1900 2832 cum
1926 2775 1993 2830 ad

425 2854 641 2947 portum
685 2873 992 2930 monasterii
1036 2871 1270 2935 venerit,
1310 2871 1356 2923 si
1404 2854 1741 2938 subrepentia
1775 2866 1904 2920 vitia
1939 2875 1995 2921 et

424 2968 631 3023 minuta
660 2975 717 3023 et
738 2964 1039 3035 quotidiana
1074 2971 1293 3031 peccata
1318 2959 1385 3014 de
1413 2960 1605 3013 anima:
1642 2972 1754 3011 sure
1788 2956 1995 3012 sentina

2091 1788 2315 1858 piendus
2341 1790 2626 1844 evomeris.

2159 1882 2213 1936 '5.
2257 1882 2519 1949 Ideoque,
2560 1880 2753 1935 fratres
2782 1882 3077 1947 carissimi,
3114 1881 3436 1938 sententiam
3466 1882 3657 1938 divinat

2090 1972 2378 2041 Scriptura:
2422 1973 2704 2040 diligenter
2734 1973 3020 2036 attendite,
3056 1988 3158 2042 qua
3203 1973 3398 2028 dicitur
3445 1991 3458 2027 :
3499 1975 3657 2027 Omni

2091 2066 2324 2118 custodia
2361 2080 2503 2118 serva
2542 2080 2629 2118 cor
2658 2075 2797 2117 tuum
2825 2063 3006 2135 (Prov.
3049 2081 3123 2130 tv,
3165 2065 3280 2134 95).
3333 2066 3482 2121 Sicut
3518 2068 3660 2121 enim

2088 2156 2425 2224 gaudendum
2451 2155 2625 2210 estde
2652 2156 2915 2210 monacho
2940 2158 3030 2225 qui
3058 2157 3110 2210 in
3140 2162 3464 2213 monasterio
3483 2160 3663 2213 volue-

2091 2246 2162 2298 rit
2202 2244 2696 2311 mansuetudinem,
2741 2246 3129 2310 obedientiam,
3176 2248 3481 2315 patientiam
3522 2250 3664 2305 mitis

2091 2345 2147 2391 et
2187 2336 2401 2391 humilis
2445 2335 2735 2400 exhibere;
2771 2336 2840 2389 ita
2871 2350 2902 2390 c
2934 2336 3204 2391 contrario
3246 2337 3531 2408 lugendum
3575 2348 3661 2394 est

2092 2431 2160 2485 de
2206 2430 2296 2483 illo
2337 2430 2426 2494 qui
2472 2442 2697 2497 corpore
2745 2436 2949 2483 tantum
2989 2428 3196 2483 videtur
3224 2428 3292 2484 de
3320 2429 3421 2483 hoc
3458 2430 3655 2484 sarculo

2093 2522 2290 2587 exisse,
2330 2520 2490 2575 corde
2520 2528 2695 2574 tamen
2739 2520 2791 2574 in
2834 2518 3032 2573 mundo
3059 2528 3153 2573 aut
3182 2519 3503 2574 remansisse
3540 2520 3663 2573 infi-

2093 2612 2305 2679 deliter,
2348 2621 2439 2665 aut
2477 2611 2702 2665 rediisse
2742 2610 3030 2665 infeliciter
3069 2612 3428 2679 cognoscitur,
3470 2620 3525 2666 et
3564 2626 3662 2681 pro

2095 2701 2391 2757 humilitate
2416 2701 2618 2770 profert
2644 2701 2972 2769 superbiam,
3012 2716 3110 2769 pro
3150 2700 3404 2770 patientia
3446 2700 3660 2755 iracun-

2096 2793 2235 2847 diam
2264 2836 2278 2859 ,
2328 2807 2425 2861 pro
2473 2790 2772 2846 obedientia
2824 2798 3183 2859 contemptum
3210 2833 3225 2857 ,
3270 2804 3378 2856 pro
3422 2791 3661 2844 caritatis

2096 2884 2481 2940 medicamento
2503 2884 2719 2937 malitiae
2739 2881 2961 2937 eﬂ'undit
2982 2897 3267 2936 venenum.
3296 2882 3516 2937 Talibus
3535 2894 3663 2936 con-

2096 2975 2240 3030 venit
2278 2974 2364 3028 illa
2389 2973 2528 3028 beati
2559 2971 2705 3027 Petri
2734 2987 2856 3025 vera
2898 2983 2952 3025 et
2991 2972 3214 3025 multum
3260 2971 3493 3026 timenda
3534 2987 3660 3026 sen-

426 3059 710 3113 exbaurire
739 3054 1057 3125 neglexerit,
1092 3054 1147 3106 in
1173 3052 1288 3121 ipso
1315 3058 1471 3119 portu
1509 3047 1767 3118 naufragii
1806 3047 1991 3102 discri-

2101 3066 2277 3119 tentia.
2312 3064 2521 3125 Melius,
2551 3064 2739 3131 inquit,
2763 3063 2870 3116 illis
2892 3066 3058 3133 fuerat
3086 3079 3187 3115 non
3211 3077 3509 3132 cognoscere
3533 3061 3664 3115 viam

429 3164 552 3204 men
573 3148 810 3203 incurrit.
835 3144 941 3235 sed
962 3144 1090 3200 dicit
1108 3142 1319 3212 aliquis,
1339 3139 1605 3211 quomodo
1625 3149 1798 3209 potest
1819 3140 1993 3192 anima

428 3239 728 3295 seminari?
787 3231 977 3305 Utique
1025 3233 1266 3299 orando,
1316 3232 1643 3302 jejunando,
1692 3231 1992 3300 vigilando,

336 3382 339 3385 λ
431 3343 610 3387 veram
632 3332 908 3386 caritatem
937 3336 992 3383 et
1012 3338 1193 3383 veram
1216 3326 1568 3381 humilitatem
1600 3334 1652 3379 et
1673 3339 1851 3379 veram
1880 3324 1999 3378 obe-

432 3422 685 3478 dientiam
734 3418 1056 3476 exhibendo.
1110 3416 1414 3496 Attendite,
1463 3416 1685 3479 fratres,
1734 3414 1999 3482 quomodo

433 3514 583 3568 navis
607 3512 905 3567 sentinatur
934 3526 965 3565 a
994 3509 1172 3577 situla,
1205 3510 1282 3562 sic
1307 3507 1484 3563 anima
1510 3506 1578 3559 ab
1608 3504 1859 3573 operibus
1887 3518 1999 3556 ma-

434 3604 498 3657 lis
537 3604 779 3658 oratione
806 3599 1071 3655 dominica
1105 3597 1400 3663 liberatur,
1450 3596 1493 3649 si
1537 3594 1678 3649 dicat
1720 3604 1773 3647 et
1816 3607 1998 3646 verum

435 3696 611 3749 dicat:
643 3693 852 3747 Dimitte
882 3693 1024 3745 nobis
1053 3691 1220 3744 debita
1245 3699 1418 3743 nostra
1453 3689 1585 3742 sicut
1626 3696 1673 3741 et
1711 3703 1801 3739 nos
1830 3687 2000 3739 dimit-

439 3788 586 3839 timus
618 3784 921 3837 debitoribus
960 3782 1145 3835 nostris
1180 3780 1395 3850 (Matth.
1429 3794 1509 3841 γι,
1556 3776 1663 3846 12).
1713 3776 1813 3843 Qui
1859 3776 2001 3830 enim

439 3876 688 3930 omnibus
735 3875 787 3929 in
842 3887 902 3927 se
951 3871 1292 3941 peccantibus
1345 3868 1636 3923 clementer
1684 3867 2001 3934 indulserit,

445 3966 645 4019 nullius
675 3963 873 4032 peccati
905 3961 1181 4030 vestigium
1222 3962 1273 4014 in
1314 3960 1455 4013 illius
1483 3957 1658 4011 anima
1691 3956 2003 4010 remanebit.

446 4056 734 4119 Attendite,
769 4055 983 4119 fratres,
1024 4064 1076 4106 et
1104 4054 1437 4108 considerate
1470 4049 1612 4120 quod
1642 4049 1782 4115 dixi,
1822 4055 1909 4118 qui
1956 4052 2006 4102 in

446 4162 504 4202 se
544 4146 785 4217 peccanti
833 4144 1152 4213 indulserit,
1203 4158 1306 4196 non
1356 4142 1462 4195 dixi
1502 4140 1640 4210 quod
1676 4141 1763 4208 qui
1806 4139 1857 4192 in
1902 4138 2011 4192 Deo

450 4236 764 4307 peccaverit,
792 4234 892 4304 ipsi
921 4234 1120 4288 debeas
1143 4234 1349 4287 veniam
1380 4234 1528 4293 dare,
1553 4231 1693 4299 quod
1724 4230 1872 4297 pejus
1897 4239 2007 4291 est;

446 4330 711 4397 aliquoties
749 4328 839 4397 qui
887 4327 939 4381 in
990 4324 1142 4380 nobis
1171 4327 1504 4393 peccaverit,
1554 4334 1645 4375 attt
1691 4324 1874 4386 tarde,
1920 4332 2011 4375 aut

2088 3156 2341 3228 justitiw,
2390 3171 2544 3225 quant
2590 3163 2703 3222 post
2746 3154 3085 3223 cognitionem
3127 3162 3405 3206 retrorsum
3444 3152 3665 3206 converti

2099 3246 2186 3315 (II
2202 3247 2343 3301 Petr.
2373 3262 2433 3313 ιι,
2459 3246 2572 3316 20).
2616 3247 2682 3301 Et
2709 3247 2899 3300 iterum
2924 3262 2938 3297 :
2971 3243 3126 3298 Canis
3163 3260 3387 3298 reversus
3414 3243 3482 3296 ad
3506 3244 3661 3297 rami-

2098 3349 2205 3393 tum
2230 3356 2411 3406 suum,
2451 3348 2498 3392 et
2523 3355 2623 3393 'sus
2664 3338 2768 3392 lata
2804 3341 2859 3391 in
2895 3339 3160 3390 volutabra
3199 3336 3296 3390 luti
3327 3334 3513 3405 (Ibid.,
3544 3335 3662 3399 2i).

2100 3429 2205 3483 Sed
2236 3442 2335 3483 nec
2360 3427 2427 3481 de
2459 3427 2650 3481 talibus
2688 3426 3101 3496 desperandum-
3121 3436 3235 3489 est,
3278 3426 3500 3487 fratres,
3541 3425 3664 3493 quia

2100 3527 2291 3587 potens
2319 3526 2403 3570 est
2434 3516 2573 3576 Deus
2600 3514 2877 3569 orantibus
2905 3514 3058 3567 vobis
3091 3512 3377 3567 scintillam
3406 3527 3666 3579 compun-

2100 3606 2290 3662 ctiunis
2317 3606 2631 3671 accendere,
2656 3613 2712 3660 et
2735 3619 2950 3659 omnem
2976 3604 3153 3658 saeculi
3180 3603 3498 3669 voluptatem
3524 3603 3669 3656 velut

2102 3686 2284 3764 spinas
2320 3706 2376 3751 et
2416 3696 2641 3749 tribulos
2669 3695 2920 3763 nequitia:
2947 3694 3148 3749 salubri
3182 3695 3302 3759 igne
3330 3706 3665 3753 consumere.

2105 3788 2200 3841 illo
2237 3787 2417 3856 utiqne
2464 3787 2585 3853 igne
2624 3785 2693 3839 de
2730 3798 2836 3854 quo
2876 3783 3136 3841 Dominus
3176 3783 3286 3835 ait:
3341 3779 3520 3851 Ignem
3558 3784 3670 3834 veni

2105 3878 2297 3931 mittere
2332 3877 2386 3929 in
2426 3884 2642 3940 terram,
2689 3884 2734 3927 et
2775 3875 2899 3943 quid
2935 3876 3046 3927 volo
3085 3874 3183 3928 nisi
3220 3882 3277 3926 ut
3312 3873 3485 3927 ardeat
3517 3870 3667 3943 (Luc.

2107 3987 2219 4035 XXI,
2245 3968 2377 4035 49)?

2181 4061 2233 4113 li.
2273 4060 2432 4112 Orate
2466 4070 2616 4125 ergo,
2649 4054 2841 4109 fratres
2868 4054 3231 4119 dilectissimi,
3265 4068 3369 4107 non
3402 4055 3572 4109 solum
3614 4061 3674 4105 ut

2109 4149 2260 4205 vobis
2288 4150 2428 4203 Deus
2453 4147 2903 4218 perseverantiam
2932 4146 3120 4199 bonam
3149 4145 3395 4209 dignetur
3419 4145 3672 4204 tribuere,

2110 4242 2201 4295 sed
2233 4248 2290 4294 et
2336 4240 2409 4293 illi
2452 4238 2541 4307 qui
2573 4237 2902 4306 negligentes
2933 4244 3057 4290 sunt
3109 4234 3320 4290 tandem
3351 4236 3569 4289 debeant
3610 4236 3678 4289 de

2115 4331 2263 4386 fovea
2294 4329 2559 4399 superbiae
2590 4342 2650 4383 se
2677 4328 2985 4390 sublevare,
3036 4333 3089 4379 et
3126 4324 3194 4379 de
3231 4324 3435 4394 laqueis
3466 4339 3676 4378 eruere.

449 4420 663 4474 difficile
692 4420 899 4474 veniam
926 4418 1141 4481 damus;
1186 4416 1273 4484 qui
1316 4416 1367 4468 in
1396 4414 1507 4468 Deo
1537 4414 1836 4483 deliquerit,
1870 4416 2011 4469 cele-
2043 4398 2094 4457 Ῑ)
2120 4425 2176 4479 Si
2205 4425 2345 4477 enim
2375 4422 2527 4476 vobis
2556 4421 2860 4483 orantibus,
2904 4427 2959 4473 et
2985 4432 3104 4471 cum
3140 4416 3359 4471 caritate
3396 4415 3679 4470 consilium

452 4509 575 4563 riter
604 4510 955 4579 indulgemus.
1004 4506 1109 4561 Sed
1149 4508 1194 4559 si
1234 4506 1480 4558 volumus
1518 4504 1661 4572 juste
1696 4520 1888 4574 agere,
1938 4505 2012 4559 illi

452 4614 535 4665 qui
568 4600 620 4651 in
664 4598 773 4652 Deo
808 4596 1142 4667 peccaverit,
1171 4598 1287 4648 sine
1314 4597 1652 4648 severissima
1683 4593 2015 4649 districtione

454 4706 555 4745 non
582 4690 838 4745 debemus
867 4690 1137 4759 indulgere
1166 4704 1232 4743 ne
1253 4729 1267 4752 ,
1286 4687 1410 4742 dum
1443 4688 1515 4742 iiii
1550 4702 1644 4755 per
1670 4687 2011 4743 indiscretam

457 4783 701 4849 pietatem
732 4782 1038 4845 remittitur,
1063 4782 1365 4846 exemplum
1400 4778 1712 4846 perditionis
1740 4778 1859 4830 aliis
1890 4794 2016 4846 pra:-

457 4874 660 4927 heatur.
712 4872 766 4926 lu
814 4889 911 4927 suo
955 4886 1083 4941 ergo
1128 4887 1186 4926 se
1233 4872 1594 4941 unusquisque
1626 4870 1870 4923 ostendat
1905 4874 1988 4923 cle

457 4974 707 5029 mentem,
739 4966 858 5033 quia
893 4965 1145 5017 Dominus
1174 4964 1286 5016 ait:
1322 4963 1384 5015 Si
1412 4962 1705 5016 dimiseritis
1735 4961 2019 5015 hominibus

454 5063 653 5121 peccata
682 5070 873 5111 eorum.
900 5055 1113 5105 dimittet
1144 5056 1279 5105 vobis
1311 5051 1462 5105 Pater
1485 5062 1644 5105 vester
1669 5052 1879 5105 caelestis
1909 5068 2023 5118 poc-

455 5154 568 5195 cata
594 5154 758 5197 rastra
784 5142 971 5213 (lbid.,
1005 5142 1115 5214 Μ).

525 5232 581 5287 2.
621 5233 844 5300 Quando
871 5250 996 5288 vero
1041 5236 1093 5287 ιιι
1136 5235 1298 5287 Deum
1340 5232 1529 5302 aliquis
1570 5242 1845 5299 peccatum
1889 5250 2024 5303 prte-

457 5324 619 5378 sumit
646 5325 945 5389 admittere,
978 5325 1361 5379 districtiuucnt
1390 5323 1547 5377 debet
1587 5325 2018 5377 monasterialem

457 5416 741 5468 sustinere.
792 5416 857 5469 Et
886 5416 985 5467 hoc
1016 5415 1211 5467 bonum
1250 5416 1335 5483 pio
1370 5415 1549 5467 animo
1589 5413 1746 5468 debet
1776 5413 1924 5474 lieri,
1970 5423 2025 5464 ut

458 5506 683 5573 spiritali
711 5490 1054 5573 castigatione
1079 5507 1146 5558 ita
1178 5507 1476 5573 corrigatur
1508 5506 1559 5557 in
1594 5505 1694 5557 hoc
1717 5503 1935 5561 saaculo.
1967 5514 2024 5557 ut

460 5613 567 5651 non
597 5608 781 5665 pereat
815 5598 866 5650 iu
904 5600 1076 5650 futuro
1102 5614 1113 5649 :
1145 5598 1266 5664 quia
1297 5610 1452 5650 omne
1482 5604 1751 5665 peccatum
1784 5594 1925 5663 quod
1967 5596 2018 5648 in

746 5692 1011 5750 Ριτιιυι..
1050 5689 1241 5750 ιιίιι

2119 4515 2391 4577 dantibus,
2411 4513 2712 4578 quicunque
2737 4517 2862 4563 sunt
2882 4507 3043 4576 tepidi
3067 4519 3119 4560 ct
3141 4506 3465 4573 negligentes
3486 4505 3683 4561 fuerint

2120 4604 2384 4658 emendati
2410 4642 2426 4666 ,
2472 4601 2796 4668 duplicatum
2837 4597 2991 4653 vobis
3027 4596 3301 4665 praemium
3338 4595 3593 4650 Dominus
3628 4608 3685 4651 et

2122 4695 2187 4747 de
2220 4701 2395 4747 vestra
2440 4701 2493 4745 et
2533 4690 2602 4744 de
2645 4688 2856 4743 illorum
2896 4684 3234 4755 correptione
3276 4698 3688 4753 recotnpensare
3770 4728 3773 4731 .

2124 4784 2444 4854 dignabitur.
2491 4781 2621 4835 Nam
2663 4794 2761 4833 nec
2800 4778 2872 4831 illi
2908 4779 2996 4844 qui
3041 4777 3163 4831 honi
3195 4786 3347 4842 sunt,
3392 4789 3451 4831 se
3493 4776 3689 4831 debent

2125 4872 2275 4943 quasi
2304 4874 2370 4927 de
2397 4872 2509 4926 suis
2550 4870 2752 4924 meritis
2793 4869 3086 4930 extollere;
3135 4880 3234 4920 nec
3274 4866 3347 4918 illi
3386 4865 3475 4933 qui
3518 4865 3689 4934 negli-

2126 4973 2308 5033 gentes
2338 4971 2492 5025 stitit,
2523 4960 2589 5014 de
2621 4960 2710 5013 Dei
2744 4956 3106 5023 misericordia
3135 4957 3419 5025 desperare
3446 4972 3461 5009 :
3494 4954 3586 5015 sed
3617 4955 3691 5008 illi

2128 5070 2246 5108 cum
2278 5052 2575 5105 humilitate
2623 5050 2713 5104 Dei
2763 5049 2901 5104 bona
2948 5047 3282 5110 custodiant,
3333 5054 3388 5100 et
3428 5045 3523 5109 isti
3569 5059 3689 5105 cum

2129 5146 2313 5214 grandi
2361 5142 2766 5208 compunctione
2812 5138 3039 5195 celerius
3085 5138 3151 5191 ad
3202 5136 3569 5207 paenitentiam
3612 5133 3692 5185 vel

2131 5234 2482 5300 correptionis
2523 5231 2909 5285 medicamenta
2951 5227 3299 5297 confugiant:
3331 5224 3450 5295 quia
3481 5224 3565 5292 qtti
3599 5222 3693 5275 bo-

2130 5342 2228 5379 nus
2255 5336 2330 5378 est
2353 5365 2368 5388 ,
2409 5324 2455 5377 si
2486 5323 2761 5392 superbire
2786 5322 3038 5390 cmperit,
3083 5318 3479 5377 bumiliabitur;
3522 5322 3576 5367 et
3604 5313 3692 5381 qui

2130 5417 2390 5485 superbus
2416 5424 2519 5485 est,
2553 5414 2597 5469 si
2624 5429 2683 5469 se
2710 5413 3096 5475 humiliaverit,
3138 5424 3233 5479 per
3255 5408 3348 5463 Dei
3384 5404 3694 5459 misericor-

2129 5507 2265 5559 diam
2296 5504 2679 5559 sublevabitur.
2723 5503 2950 5558 Tantum
2993 5508 3076 5556 est
3122 5507 3179 5553 ut
3205 5512 3263 5552 se
3292 5510 3396 5548 non
3429 5485 3698 5563 permittat

2129 5598 2356 5666 amplius
2382 5595 2669 5651 durissimo
2689 5594 2819 5665 iugo
2853 5593 3051 5664 premi,
3092 5604 3191 5645 nec
3216 5588 3379 5643 nimia
3409 5596 3465 5642 et
3493 5588 3698 5655 pericu-
