4046 6188
332 165 436 219 875

1554 161 1608 216 S.
1651 160 1897 217 FAUSTI
1936 160 2341 217 RIIEGIENSIS

3483 164 3593 218 878

330 275 442 328 lusa
473 272 894 328 dissimulatione
922 272 973 327 in
1005 272 1240 344 peccatis
1268 271 1664 343 perseverando
1693 272 1893 326 diutius
1926 276 1969 330 Α
2002 286 2150 345 pere,
2197 288 2261 325 ne
2300 270 2584 327 occasione
2616 270 2929 327 humilitatis
2956 272 3136 328 nimiae
3177 273 3527 344 prolongetur
3555 290 3588 330 ι

329 366 610 427 ohdnrari;
653 366 744 419 sed
780 374 881 419 tam
918 366 1025 419 cito
1064 364 1336 434 confugiat
1372 363 1436 416 ad
1480 363 1729 432 pietatem
1769 361 1900 427 Dei,

332 468 387 509 ut
416 458 468 509 in
494 472 552 510 se
580 457 777 526 peccati
804 456 1079 523 vestigium
1110 472 1212 509 non
1246 456 1527 523 relinquat.
1570 455 1780 522 Optime
1809 468 1901 507 ca-

311 547 453 617 lidis
474 550 646 602 adhuc
666 546 979 601 vulneribus
1003 547 1263 616 malagma
1287 546 1369 599 vel
1388 546 1550 608 fibula
1578 545 1897 614 apponitur:

310 624 449 706 :quia
494 640 536 692 si
577 638 730 693 velox
767 639 924 691 fuerit
963 639 1025 690 ad
1064 637 1335 691 caelestem
1379 636 1643 689 medicum
1677 636 1902 689 intentio

329 731 668 799 resurgendi,
702 732 982 799 vestigium
1022 730 1223 799 peccati
1264 745 1368 782 non
1398 730 1593 796 poterit
1622 741 1902 781 remanere

326 839 445 877 cum
466 824 633 892 lapsi),
656 824 776 892 quia
801 823 899 875 sub
920 838 1077 875 manu
1101 820 1482 888 omnipotentis
1506 818 1698 872 medici
1721 826 1774 872 et
1797 818 1902 871 cito

327 917 463 983 perit
494 917 729 977 morbus,
762 922 816 967 et
838 912 1096 965 velociter
1122 920 1337 963 sanatur
1364 918 1617 979 mgrotus.

482 1007 673 1059 lterum
697 1016 855 1072 atque
873 1006 1060 1056 iterum
1087 1017 1212 1069 rogo
1234 1012 1284 1055 et
1307 1001 1590 1064 admoneo,
1611 999 1823 1065 fratres,
1846 1009 1903 1053 ut

329 1098 706 1161 obedientiam,
730 1106 785 1151 et
822 1095 1195 1157 humilitatem,
1220 1104 1273 1147 et
1304 1096 1579 1148 caritatem
1605 1109 1708 1145 non
1732 1093 1900 1145 solum

330 1189 629 1242 senioribus
656 1196 709 1241 et
737 1185 1115 1254 comqualibus,
1157 1185 1250 1238 sed
1292 1186 1447 1238 etiam
1475 1184 1777 1252 junioribus
1806 1199 1903 1236 ex.

330 1284 514 1337 bibere
542 1282 736 1350 jugiter
764 1280 1060 1333 studeatis:
1103 1279 1225 1347 quia
1258 1277 1510 1347 quaelibet
1548 1277 1684 1331 bona
1717 1290 1902 1329 servus

331 1377 422 1429 Dei
459 1377 653 1429 habere
676 1374 978 1439 contendit,
1008 1384 1063 1426 et
1093 1370 1273 1425 omnia
1305 1371 1591 1439 perniciter
1622 1368 1823 1437 perdit,
1858 1367 1901 1420 si

332 1471 382 1521 in
425 1468 515 1521 illo
556 1466 825 1519 hmnilitas
869 1474 923 1518 et
969 1463 1162 1517 caritas
1190 1478 1313 1517 vera
1355 1478 1460 1515 non
1503 1461 1680 1515 fuerit.
1730 1458 1904 1512 Nolite

331 1570 683 1619 murmurare,
711 1557 933 1619 fratres;
956 1554 1210 1622 scriptum
1228 1560 1311 1606 est
1330 1552 1470 1605 enim
1497 1550 1637 1618 quod
1666 1564 1903 1602 murmu-

2006 376 2230 429 corpore
2267 370 2320 414 et
2360 363 2615 430 sanguine
2660 362 2745 415 cui
2791 376 2850 416 se
2885 363 3063 429 junxit
3090 373 3149 417 ut
3187 379 3353 419 unum
3389 379 3589 434 corpus

2004 452 2322 506 efﬁceretur.
2361 453 2741 507 Communicare
2787 469 2916 523 ergo
2959 470 3065 510 non
3095 456 3306 511 desinat
3332 458 3424 526 qui
3454 474 3583 527 pec-

2006 557 2128 597 care
2173 546 2399 611 quievit,
2450 553 2655 598 tantum
2698 544 2767 600 de
2811 546 3016 615 reliquo
3052 561 3160 601 non
3193 557 3396 617 peccet.
3448 550 3581 604 Nam

2004 637 2139 689 sicut
2169 636 2303 705 ignis
2337 637 2438 690 iste
2468 637 2695 691 visibilis
2725 637 2856 691 duas
2896 638 2947 691 in
2990 654 3051 693 se
3076 640 3334 707 quasdam
3363 640 3585 695 effican-

2005 728 2105 778 tias
2137 726 2321 792 habet,
2371 725 2421 780 id
2464 734 2548 780 est
2585 728 2903 781 comburere
2942 728 3146 798 fragilia
3186 741 3241 783 et
3280 732 3586 786 illuminare

2006 818 2330 880 tenebrosa;
2388 818 2458 870 ita
2508 816 2731 885 ignitum
2785 819 2915 871 illud
2968 819 3293 874 dominicum
3339 835 3579 889 Corpus,

2005 913 2218 978 quando
2247 925 2370 964 cum
2401 920 2549 965 metu
2589 918 2645 965 et
2681 912 2978 967 reverentia
3015 913 3203 982 grandi
3240 913 3401 968 fuerit
3434 928 3586 967 sum-

2006 1009 2171 1068 ptum,
2199 1001 2436 1069 corporis
2459 999 2675 1069 quidem
2703 1000 2894 1056 delicta
2921 1003 3212 1069 consumit,
3240 1004 3431 1057 animas
3452 1019 3585 1058 vero

2004 1105 2218 1145 sensum
2268 1092 2550 1145 illuminat.
2612 1090 2679 1144 Et
2725 1090 2924 1146 idcirco
2970 1093 3203 1146 maxime
3251 1092 3583 1162 freqiientius

2003 1188 2398 1237 communicare
2426 1182 2601 1237 debet.
2654 1181 2711 1235 Si
2742 1197 2868 1237 vero
2911 1184 3097 1247 fuerit,
3144 1184 3282 1236 sicut
3322 1184 3581 1252 scriptum

2004 1284 2111 1337 est,
2158 1276 2299 1343 lepra
2334 1275 2385 1326 in
2420 1274 2576 1342 pelle,
2612 1273 2884 1329 immunda
2914 1274 3047 1341 erit,
3086 1273 3150 1349 id
3180 1283 3264 1328 est
3306 1285 3583 1342 peccatum

2006 1366 2057 1418 in
2092 1366 2374 1432 monacho,
2417 1368 2540 1434 quia
2584 1368 2780 1435 pellem
2810 1382 2931 1421 esse
2956 1366 3276 1421 monachum
3304 1367 3581 1436 Scriptum

2005 1458 2329 1524 pronuntiat,
2356 1457 2766 1512 mortificantem
2788 1458 3027 1512 membra
3051 1471 3148 1510 sua
3172 1471 3336 1525 super
3356 1465 3577 1520 terram,

2002 1550 2154 1613 cujus
2182 1548 2394 1602 ossibus
2422 1547 2646 1603 adhaesit
2674 1563 2823 1614 caro,
2864 1563 2983 1616 quae
3020 1550 3333 1601 immutatur
3366 1558 3581 1615 prepter

332 1659 511 1701 rantes
558 1662 586 1699 a
633 1646 969 1715 serpentibus
1015 1644 1307 1713 perierunt.
1361 1641 1535 1695 Nolite
1581 1640 1861 1694 detrahere
1884 1678 1898 1701 ,
1930 1631 1978 1688 B
2006 1639 2208 1702 oleum,
2235 1648 2288 1692 et
2315 1655 2342 1691 a
2364 1638 2567 1707 jejunio
2593 1640 2917 1706 inlinuntur,
2945 1649 2999 1693 et
3022 1639 3201 1707 jejuna
3230 1640 3376 1694 velut
3398 1639 3580 1693 fenum

325 1740 538 1803 fratres,
570 1738 689 1806 quia
721 1736 975 1805 scriptum
1006 1745 1125 1790 est:
1161 1735 1261 1798 Qui
1295 1734 1515 1786 detrahit
1556 1733 1703 1802 fratri
1734 1731 1901 1784 erudi-

328 1833 543 1885 cubitur.
596 1830 769 1885 Nolite
811 1829 1138 1883 iracundiam
1184 1831 1236 1882 in
1281 1829 1445 1883 corde
1484 1842 1734 1894 servare,
1780 1824 1901 1893 quia

329 1928 579 1993 scriptum
604 1935 717 1978 est:
749 1922 838 1976 Ira
864 1924 996 1976 enim
1022 1923 1116 1974 viri
1136 1922 1392 1993 justitiam
1420 1920 1514 1974 Dei
1542 1937 1642 1973 non
1667 1929 1904 1987 aperiatur

329 2014 469 2079 (Jac.
497 2030 550 2073 ιι.
575 2014 689 2080 90).
724 2013 899 2066 Nolite.
927 2027 1020 2065 vos
1047 2012 1272 2065 invicem
1297 2011 1421 2064 odio
1445 2012 1661 2077 habere,
1690 2018 1903 2076 propter

220 2128 236 2140 ο
330 2106 456 2158 illud
488 2104 627 2173 quod
658 2104 912 2172 scriptum
944 2111 1063 2156 est:
1098 2102 1197 2166 Qui
1236 2102 1341 2153 odit
1378 2103 1591 2170 fratrem
1627 2117 1774 2153 suum
1804 2100 1899 2151 ho-

330 2196 517 2248 micida
546 2204 618 2247 est
647 2192 700 2264 (Ι
718 2192 876 2247 Joan.
905 2210 981 2258 ιιι,
1016 2195 1124 2263 15).
1166 2192 1270 2248 Sed
1302 2209 1405 2246 non
1436 2207 1570 2261 opus
1596 2202 1679 2247 est
1706 2203 1762 2246 ut
1785 2193 1903 2246 diu-

332 2286 435 2339 tius
483 2294 721 2339 sanctam
771 2286 1048 2339 caritatem
1093 2292 1323 2338 vestram
1372 2284 1553 2338 verbis
1592 2283 1901 2347 doceamus,

329 2376 468 2444 quod
514 2386 609 2428 vos
655 2375 721 2428 ad
768 2375 962 2429 Christi
1008 2375 1230 2445 gloriam
1282 2375 1532 2442 operibus
1580 2376 1800 2443 implere
1850 2384 1905 2430 et

329 2469 697 2537 cognoscimus
748 2476 802 2520 et
846 2467 1159 2535 gaudemus.
1224 2467 1333 2519 lloc
1379 2468 1550 2521 solum
1602 2467 1906 2536 specialiter

332 2559 583 2627 petimus,
619 2567 675 2611 ut
704 2558 827 2626 quia
852 2572 947 2611 vos
981 2558 1117 2612 Deus
1155 2557 1207 2611 in
1240 2558 1412 2611 locum
1449 2557 1640 2626 quietis
1671 2568 1726 2611 et
1755 2567 1903 2611 tran-

331 2648 606 2717 quillitatis
654 2648 921 2702 collocare
966 2647 1210 2715 dignatus
1259 2656 1379 2711 est,
1431 2662 1529 2714 pro
1574 2647 1727 2701 nobis
1771 2660 1904 2714 quos

332 2741 510 2796 saeculi
564 2741 713 2795 istius
764 2749 1107 2808 tempestates
1155 2749 1209 2795 et
1252 2740 1668 2794 innumerabiles
1718 2741 1907 2793 ﬂuctus

332 2833 612 2903 afﬂigunt,
669 2833 1025 2886 abundantius
1076 2833 1313 2886 Domino'
1352 2832 1702 2901 supplic-etis:
1756 2840 1812 2885 ut
1859 2832 1905 2885 si

332 2925 510 2987 nobis,
538 2922 627 2989 qui
655 2938 759 2974 non
792 2937 1079 2987 meremur,
1110 2924 1273 2988 gloria
1309 2937 1412 2975 non
1456 2922 1691 2986 dabitur,
1717 2923 1905 2976 saltem

333 3015 484 3069 vobis
506 3015 782 3069 orantibus
806 3023 1143 3083 peccatorum
1166 3015 1321 3067 venia
1348 3008 1839 3069 tribuatur.‘Amen.

942 3124 1171 3179 SERMO
1210 3125 1292 3179 Ill.

689 3217 769 3269 Ad
797 3217 1091 3271 monachos.
1137 3217 1215 3270 De
1244 3217 1553 3287 poenitentia.

404 3307 570 3361 Detur
596 3306 905 3375 pwniteutia
933 3307 1197 3372 saeculari,
1226 3308 1379 3377 cujus
1406 3310 1579 3363 adhuc
1606 3310 1780 3364 cervix
1812 3312 1910 3364 sub

332 3401 458 3470 jugo
484 3399 748 3468 dependet
779 3398 983 3469 saeculi,
1014 3408 1068 3453 et
1093 3400 1219 3454 huic
1245 3415 1345 3469 pro
1375 3401 1705 3457 immanitate
1729 3401 1908 3457 delicti

333 3487 648 3546 terminetur
675 3498 905 3559 tempus,
938 3490 1023 3543 cui
1054 3490 1228 3545 adhuc
1260 3500 1471 3559 tempus
1507 3493 1689 3547 servit.
1740 3495 1911 3548 Crete-

334 3596 452 3635 rum
482 3582 528 3635 si
553 3580 935 3637 abrenuntians
965 3582 1160 3636 sarculo
1189 3591 1243 3636 et
1269 3582 1386 3651 ejus
1416 3582 1634 3647 militiae,
1668 3594 1722 3638 et
1750 3600 1909 3655 spon-

334 3671 468 3726 dens
493 3685 550 3727 se
576 3672 783 3726 cunctis
812 3672 1001 3726 diebus
1030 3672 1352 3725 serviturum
1376 3671 1507 3738 Deo,
1531 3687 1627 3727 cur
1653 3673 1911 3741 pmniten-

334 3767 459 3821 tiam
477 3774 764 3827 mereatur,
780 3766 867 3833 qui
890 3764 1024 3818 liber
1041 3761 1279 3831 effectus,
1300 3764 1447 3817 velut
1463 3778 1663 3833 onager
1677 3776 1911 3819 sectatur

335 3856 502 3910 eremi
526 3856 849 3921 vastitatem,
872 3857 1014 3909 sicut
1037 3858 1110 3909 ait
1130 3855 1231 3910 Job
1255 3872 1267 3907 :
1296 3857 1420 3920 Quis
1445 3858 1635 3910 dimisit
1661 3874 1908 3929 onagrum

336 3940 550 4001 liberum
576 3948 631 4001 in
658 3948 854 4001 deserto
880 3946 1021 4018 (Job.
1061 3964 1222 4001 χχχιι
1242 3992 1255 4014 ,
1297 3947 1351 4015 8)
1376 3950 1398 4001 ἳ
1449 3952 1486 4002 Α
1523 3946 1676 4003 leone
1705 3949 1910 4005 fortiter

334 4051 550 4108 caveat,
597 4052 651 4095 et
688 4040 962 4095 arentibus
1000 4040 1179 4094 herbis
1208 4051 1263 4095 et
1290 4041 1486 4111 poculo
1516 4042 1708 4110 exiguo
1738 4045 1910 4096 alatur

335 4134 387 4188 in
408 4148 610 4188 eremo.
642 4133 824 4203 Erigat
851 4134 903 4187 in
928 4149 1049 4187 aera
1076 4144 1254 4200 caput,
1279 4144 1333 4189 et
1354 4136 1662 4201 flagrantem
1685 4136 1907 4188 nimium

336 4223 449 4278 sitis
465 4224 710 4278 ardorem
732 4224 962 4293 Spiritus
986 4226 1151 4278 sancti
1179 4239 1307 4278 aura
1333 4226 1645 4292 restinguat,
1671 4239 1757 4289 ne,
1782 4226 1906 4280 dum

2004 1730 2217 1782 arescit.
2273 1728 2413 1797 Ergo
2450 1730 2494 1782 si
2538 1729 2589 1781 in
2634 1730 2731 1782 hac
2764 1730 2900 1798 pelle
2929 1729 3039 1782 visa
3077 1728 3241 1783 fuerit
3273 1732 3448 1798 lepra,
3479 1731 3585 1783 im-

2005 1819 2199 1872 munda
2220 1820 2343 1885 erit,
2366 1827 2422 1873 et
2447 1819 2546 1873 nisi
2574 1820 2730 1873 fuerit
2755 1819 3010 1887 jacintina
3038 1830 3128 1873 aut
3155 1822 3311 1873 rubra
3343 1834 3495 1888 pura,
3518 1820 3587 1874 ad

2003 1919 2249 1964 ornatum
2283 1909 2615 1964 tabernaculi
2648 1924 2754 1963 non
2786 1911 2886 1965 erit
2913 1924 3055 1979 apta.

2618 2043 2847 2099 SERMO
2884 2043 2974 2109 IV,

2005 2148 2121 2187 SIVB
2162 2148 2442 2189 ADMONITIO
2471 2150 2788 2189 NECESSARIA
2810 2152 2874 2188 οε
2908 2152 2991 2188 [vlt-2
3013 2151 3219 2203 JUDICII,
3244 2150 3311 2189 ET
3335 2150 3586 2191 ιιΑιοιωι

2078 2218 2263 2269 ΡαὶΝᾹ,
2303 2221 2401 2257 νει.
2437 2220 2674 2259 ηοΝοιιυιι
2715 2221 2940 2269 θωιιιλς
2971 2222 3037 2259 ΕΤ
3069 2221 3206 2267 QUOD
3248 2222 3409 2260 ΕἸἹΔΜ
3447 2222 3587 2261 ιλιει

2076 2290 2175 2327 NON
2224 2289 2435 2328 MUTATO
2482 2291 2676 2329 HABITU
2719 2291 2928 2331 POSSINT
2967 2292 3033 2330 ετ
3078 2291 3280 2330 DEBENT
3329 2291 3585 2341 ουθτιυιε

2079 2360 2461 2399 ΜΝΙΤΕΝΤΙΔΗ
2496 2361 2690 2400 AGERE.

2594 2436 2675 2489 Ad
2712 2435 3007 2491 monachos.

2008 2525 2101 2589 (Ex
2125 2539 2213 2574 ms.
2234 2524 2519 2576 Corbeiensi
2566 2524 2741 2574 litteris
2765 2525 3110 2649 Ιιθῶοἷὶοείρὶε
3145 2532 3262 2576 ante
3287 2539 3437 2577 annos
3454 2526 3592 2577 mille

2393 2598 2403 2605 ·
2680 2599 2826 2635 exara
2884 2624 2893 2635 .

2393 2598 2403 2605 ’
2680 2598 2893 2635 exarata.

2082 2670 2229 2737 Rogo
2258 2685 2384 2737 vos,
2434 2668 2626 2723 fratres
2670 2671 2965 2735 carissimi,
3012 2679 3070 2725 ut
3107 2672 3245 2725 sicut
3273 2672 3583 2740 frequenter

2016 2761 2291 2827 admonui,
2311 2761 2449 2815 diem
2479 2762 2666 2816 mortis
2692 2770 2889 2816 nostrae
2917 2771 2973 2816 et
3001 2763 3239 2817 terribile
3263 2778 3325 2818 ac
3348 2776 3593 2818 metuen-

2010 2854 2136 2907 dum
2163 2853 2418 2923 judicium
2445 2853 2641 2923 jugiter
2681 2854 2990 2908 Studeamus
3012 2854 3270 2924 cogitare.
3312 2854 3596 2909 Admoneo

2014 2947 2156 3001 enim
2189 2956 2525 3014 peccatorum
2559 2946 2775 2999 vulnera
2810 2947 2952 3000 nulla
2975 2946 3215 3001 invenire
3236 2957 3458 3016 possunt
3484 2948 3597 3001 uti-

2017 3038 2147 3091 liora
2180 3036 2447 3097 remedia,
2497 3052 2655 3105 quam
2688 3047 2743 3092 ut
2772 3038 3136 3107 unusquisque
3180 3038 3377 3107 cogitet
3407 3039 3598 3093 horam

2014 3127 2161 3179 illam
2188 3130 2402 3196 quando
2440 3128 2539 3180 erit
2582 3128 2651 3181 de
2688 3129 2789 3181 hoc
2835 3128 3031 3182 srecnlo
3079 3131 3420 3197 migraturus.
3454 3130 3600 3197 Quu-

2013 3219 2171 3272 modo
2208 3220 2351 3271 enim
2406 3228 2583 3286 potest
2625 3220 2737 3274 ﬁeri
2770 3230 2826 3274 ut
2855 3221 3028 3289 aliqua
3062 3231 3277 3290 peccata
3310 3230 3600 3289 praesumat

2011 3309 2322 3375 admittere,
2356 3310 2445 3374 qtti
2486 3324 2546 3362 se
2588 3311 2874 3365 momentis
2919 3311 3143 3381 singulis
3185 3310 3356 3365 credit
3395 3312 3461 3365 de
3490 3311 3597 3366 hac

2014 3401 2131 3454 luce
2160 3400 2513 3469 migrare.Sic
2536 3400 2679 3453 enim
2707 3400 2979 3470 Scriptura
3007 3401 3135 3456 dicit
3158 3419 3173 3454 :
3202 3401 3474 3466 Memento,
3495 3401 3600 3471 ﬁli,

2011 3492 2149 3562 quod
2179 3508 2315 3545 mors
2338 3508 2436 3545 non
2468 3494 2638 3544 tardat
2680 3491 2869 3562 (It‘crli.
2901 3507 3010 3555 xlv,
3037 3493 3148 3562 12).
3184 3492 3247 3546 Ει
3280 3492 3407 3546 illud
3435 3510 3446 3544 :
3483 3492 3601 3545 Me-

2011 3595 2179 3637 mento
2201 3585 2609 3646 nouissimorum,
2623 3595 2670 3637 et
2691 3584 2900 3637 desistes
2919 3584 3184 3637 inimicam
3204 3585 3223 3655 (
3235 3582 3393 3637 Eccli.
3412 3600 3603 3648 xxvm,

2010 3674 2087 3742 6).
2115 3673 2213 3739 Qui
2244 3675 2384 3727 enim
2416 3674 2697 3742 diligenter
2723 3674 2949 3728 attendit
2983 3689 3139 3743 quam
3171 3673 3303 3727 dura
3334 3673 3436 3727 erit
3465 3688 3596 3731 exa-

2012 3766 2233 3820 minatio
2280 3774 2405 3819 ante
2457 3765 2689 3819 tribunal
2737 3765 2972 3827 Christi,
3032 3766 3119 3820 ubi
3156 3775 3468 3831 recepturus
3514 3775 3603 3819 eet

2013 3859 2377 3927 unusquisque
2394 3858 2687 3911 secundum
2710 3872 2927 3924 operam
2951 3871 3123 3923 suam,
3147 3871 3253 3910 non
3277 3856 3325 3910 ei
3350 3865 3602 3923 poterunt

2014 3950 2225 4018 placere
2255 3928 2585 4018 peccata'vel
2614 3948 2836 4002 crimina
2868 3947 3102 4016 propria.
3131 3945 3263 4000 Cum
3297 3956 3419 3999 ante
3444 3945 3601 3999 illum

2018 4042 2349 4095 tremendum
2368 4040 2602 4107 judicem
2618 4047 2955 4108 congregata
2976 4037 3367 4092 fuerintomnes
3385 4047 3597 4107 gentes,

2011 4136 2135 4205 quid
2167 4144 2290 4188 tunc
2326 4133 2431 4187 erit
2470 4133 2680 4200 injustis
2707 4140 2762 4186 et
2788 4131 3043 4185 adulteris
3081 4142 3240 4197 atque
3272 4130 3598 4200 rapacibus?

2010 4226 2166 4279 ﬂetus
2215 4225 2523 4289 oculorum,
2558 4223 2760 4277 stridor
2799 4222 3073 4287 dentium,
3113 4237 3234 4276 cum
3287 4232 3596 4276 sanctorum

336 4314 487 4369 valde
511 4314 784 4370 desiderat
810 4328 1017 4367 amoena
1046 4315 1298 4378 virentia,
1330 4314 1506 4369 nimiis
1537 4316 1740 4371 deliciis
1769 4333 1902 4387 prm-
1934 4351 1986 4411 D
2014 4316 2353 4371 multitudine
2376 4316 2440 4369 ad
2462 4315 2742 4370 dexteram
2772 4316 2913 4383 regis
2941 4313 3151 4379 mterni,
3175 4321 3230 4367 et
3255 4313 3480 4383 gloriam
3508 4330 3595 4366 se-

335 4404 545 4473 peditus
579 4406 866 4473 periculum
893 4405 1078 4460 salutis
1105 4405 1360 4458 incurrat.
1594 4468 1597 4471 δ

406 4496 569 4565 Igitur
612 4498 1011 4552 abrenuntianti
1062 4496 1268 4565 publica
1322 4498 1633 4565 poenitentia
1674 4516 1780 4555 non
1828 4511 1912 4556 est

336 4588 668 4657 necessaria,
716 4590 839 4658 quia
865 4604 1156 4644 conversus
1194 4590 1483 4659 ingemuit,
1533 4601 1587 4645 et
1632 4608 1751 4646 cum
1803 4594 1910 4649 Deo

336 4688 598 4735 teter-num
628 4687 839 4748 pactum
867 4680 1036 4734 inivit.
1083 4680 1166 4735 Ex
1195 4680 1288 4734 illo
1319 4682 1480 4749 igitur
1522 4682 1609 4736 die
1652 4698 1755 4737 non
1802 4700 1911 4739 me-

336 4777 612 4825 morantur
636 4769 754 4838 ejus
782 4769 973 4823 delicta
1001 4786 1119 4839 qure
1147 4772 1310 4839 gessit
1350 4772 1403 4825 in
1442 4774 1662 4839 saeculo,
1708 4774 1763 4828 in
1805 4791 1911 4843 quo

336 4859 599 4916 facturum
645 4876 705 4916 se
745 4859 1004 4929 justitiam
1047 4860 1116 4914 de
1164 4862 1371 4930 reliquo
1418 4862 1728 4931 promiserit
1778 4865 1903 4918 Deo.

340 4944 528 5022 ‘Ergo
573 4962 695 5023 post
741 4951 1152 5021 chirographum
1188 4952 1213 4990 δ
1249 4955 1318 5007 de
1360 4970 1465 5023 quo
1511 4969 1571 5010 se
1616 4956 1911 5010 monachus

318 5032 579 5101 debitum
604 5059 672 5099 ex
697 5051 805 5099 tota
837 5043 939 5100 [ide
967 5044 1272 5113 promiserit
1301 5045 1548 5114 implere,
1592 5047 1692 5100 etsi
1739 5047 1912 5102 fidelis

338 5140 510 5192 factus
538 5135 842 5207 peccaverit
870 5136 937 5189 in
981 5136 1196 5202 sazculo,
1243 5145 1363 5205 post
1392 5137 1909 5193 abrenuntiationem

340 5230 533 5284 iterum
561 5227 754 5283 factam
784 5227 1106 5282 dominicum
1144 5242 1339 5297 corpus
1378 5242 1483 5283 non
1520 5228 1727 5283 dubitet
1771 5233 1915 5283 acci-

414 5401 437 5429 ε
471 5390 604 5445 Hinc
635 5396 780 5458 patet
819 5387 1201 5458 professionem
1233 5384 1537 5458 religiosam
1566 5399 1687 5458 esse
1714 5400 1909 5440 serun-

344 5462 470 5515 dum
492 5455 775 5523 baptisma,
806 5455 913 5527 quo
939 5466 1126 5527 cuncta
1155 5455 1430 5527 insaeculo
1453 5456 1739 5527 commissa
1780 5472 1906 5525 pec-

346 5542 462 5654 ;ata
493 5531 798 5595 abluuntur,
827 5524 888 5583 id
918 5526 1057 5597 quod
1079 5534 1134 5581 et
1166 5524 1255 5580 alii
1301 5524 1471 5579 sancti
1498 5525 1684 5581 Patres
1711 5524 1910 5583 diserte

385 5608 559 5655 ocent.

2011 4421 2249 4479 gregata,
2293 4409 2496 4473 peccati
2529 4408 2721 4477 populo
2756 4407 2808 4460 in
2834 4404 3095 4475 profundo
3123 4405 3307 4459 tartari
3338 4405 3456 4459 sine
3485 4405 3599 4458 ullo

2015 4502 2372 4556 miserationis
2404 4504 2507 4555 line
2538 4509 2631 4553 aut
2679 4502 2850 4554 venire
2879 4498 3163 4562 demerso,
3194 4497 3405 4551 excludi
3434 4512 3494 4551 se
3541 4497 3600 4552 in

2017 4595 2251 4648 tenebris
2282 4594 2393 4649 suis
2421 4609 2449 4647 a
2494 4603 2801 4648 sanctorum
2832 4591 2987 4645 beata
3027 4591 3145 4646 lucc
3174 4590 3363 4643 viderit
3386 4603 3435 4645 el
3471 4606 3598 4654 pru—

2018 4686 2181 4738 fnndo
2214 4686 2403 4739 inferni
2438 4688 2555 4739 sine
2588 4684 2694 4737 fine
2719 4682 3075 4748 descendens,
3137 4695 3327 4750 urgere
3355 4697 3414 4735 os
3437 4696 3597 4736 suum

2017 4788 2177 4847 puteo
2206 4787 2403 4830 aeterna
2433 4776 2691 4844 Supplicia
2721 4783 2774 4828 et
2806 4784 3059 4844 perpetua
3090 4783 3260 4827 morte
3285 4789 3389 4826 non
3423 4773 3594 4827 muri~

2019 4878 2218 4922 turum.
2245 4869 2379 4921 Petit
2419 4868 2614 4921 frustra
2644 4882 2940 4920 extremum
2975 4865 3160 4920 Lazari
3201 4865 3419 4933 digitum
3451 4866 3597 4935 quod

2017 4958 2214 5012 ardens
2242 4956 2609 5026 refrigeretur,
2641 4956 2918 5011 arentibus
2953 4956 3109 5009 labiis
3137 4955 3341 5024 rogavit
3377 4957 3600 5022 apponi.

2020 5052 2084 5105 Et
2113 5050 2252 5113 ideo,
2288 5051 2477 5103 fratres
2508 5050 2810 5111 carissimi,
2856 5049 2981 5102 dum
3032 5048 3207 5101 adhuc
3237 5047 3384 5111 licet,
3415 5048 3599 5099 consi-

2016 5140 2264 5195 deremus
2292 5140 2648 5194 conscientias
2696 5148 2935 5202 nostras,
2969 5148 3022 5193 et
3072 5139 3115 5191 si
3162 5138 3338 5208 aliqua
3370 5139 3602 5191 crimina

2016 5234 2099 5287 vel
2123 5240 2339 5302 peccata
2361 5231 2608 5300 capitalia
2633 5230 2856 5285 necdum
2880 5231 3234 5302 eleemosynis
3261 5240 3314 5285 et
3345 5229 3605 5283 orationi-

2087 5384 2116 5424 δ
2177 5385 2389 5453 Scripto
2456 5398 2585 5452 ergo
2652 5382 3132 5437 commendabatur
3206 5390 3420 5453 pactum
3498 5396 3607 5453 quo

2024 5456 2275 5510 monachi
2304 5450 2561 5523 perpetuo
2589 5467 2649 5508 se
2680 5456 2787 5506 Deo
2816 5456 3117 5523 servituros
3147 5450 3513 5523 devovebant,
3551 5452 3606 5504 id

2025 5526 2164 5595 quod
2192 5534 2376 5596 postea
2406 5522 2566 5580 etiam
2608 5522 2934 5595 prmscripsit
2963 5524 3021 5579 S.
3059 5524 3376 5579 Benedictus
3408 5522 3459 5576 in
3500 5522 3606 5575 lte-

2026 5598 2167 5665 gula,
2202 5611 2320 5665 cap.
2350 5596 2436 5651 58.
