4046 6188
453 229 557 280 877

1893 232 2267 290 SERMONES.

3600 255 3702 311 878

452 346 547 397 bus
581 350 799 412 purgata
843 342 896 397 in
934 343 1090 398 nobis
1125 344 1297 399 adhuc
1320 345 1585 399 dominari
1618 360 2023 416 cognoscamus,
2056 348 2108 404 A
2135 357 2217 400 est
2252 349 2426 403 crucis
2461 351 2615 405 titulo
2646 352 2790 408 frons
2838 365 3015 412 nostra
3045 357 3275 429 depingi,
3310 376 3377 415 ne
3407 362 3577 420 locum
3608 382 3702 419 au-

449 447 659 506 portum
707 435 1061 503 paenitentiae,
1106 436 1330 491 devictis
1372 447 1709 506 peccatorum
1750 437 2021 505 ﬂuctibus,

445 528 661 582 Christo
697 528 1061 597 gubernante,
1096 527 1411 583 festinemus
1452 530 1686 595 intrare,
1728 541 1779 583 et
1821 530 1863 581 si
1896 530 2022 597 quid

445 617 497 670 in
531 616 772 670 navicula
800 616 994 670 animm
1024 625 1223 670 nostra:
1254 617 1434 671 multis
1473 618 1875 685 tempestatibus
1902 634 2022 686 pec-

442 722 687 764 catorum
708 752 722 774 ,
771 716 863 761 aut
893 724 986 778 per
1014 711 1308 781 avaritiam,
1334 718 1426 765 aut
1452 728 1545 780 per
1574 713 1898 781 superbiam,
1925 724 2015 764 aut

443 801 620 870 iniqua
643 801 934 869 cupiditate
959 810 1263 866 corruptum
1294 818 1414 856 esse
1442 819 1847 873 cognoscemus,
1874 820 2021 858 com-

443 905 644 959 ponere
670 891 755 944 vel
789 904 1039 959 reparare
1074 893 1224 945 bonis
1255 893 1504 961 operibus
1538 894 1867 949 festinemus.
1898 895 2009 948 Non

442 983 582 1036 enim
609 992 804 1035 nocent
832 990 1048 1049 peccata
1078 984 1343 1049 prmterita
1375 983 1543 1036 sinon
1584 984 1791 1051 placent
1820 1001 1833 1045 ;
1882 986 2020 1039 sicut

443 1072 571 1126 nulli
594 1072 860 1140 jnstorum
902 1071 1094 1124 sufficit
1119 1071 1322 1138 justitia
1346 1088 1462 1138 sua,
1497 1074 1539 1125 si
1572 1087 1674 1126 non
1707 1088 2018 1141 persevera—

441 1163 579 1215 verit
617 1175 784 1229 usque
831 1161 882 1213 in
930 1160 1209 1226 finem,ita
1264 1163 1393 1214 nulli
1439 1171 1773 1230 peccatorum
1823 1177 2017 1216 nocere

442 1254 636 1323 poterit
674 1254 921 1321 iniquitas
966 1266 1101 1316 sua,
1145 1254 1189 1305 si
1239 1263 1524 1322 antequam
1566 1253 1631 1307 de
1662 1268 1885 1321 corpore
1914 1253 2016 1308 isto

442 1343 702 1411 discedat,
726 1344 791 1396 ad
821 1343 1284 1412 elecmosynarmn
1313 1345 1542 1397 remedia
1572 1344 1654 1397 vel
1689 1344 2015 1410 pmnitentite

440 1435 838 1489 medicamenta
882 1433 1199 1501 confugerit.
1233 1434 1338 1489 Sed
1380 1437 1503 1503 quia
1532 1436 1763 1502 quando,
1798 1436 1881 1489 vel
1912 1452 2014 1503 qua

444 1522 573 1577 hora
603 1522 675 1576 de
704 1522 803 1575 hoc
832 1522 1029 1575 szecolo
1071 1524 1340 1591 rapiamur
1375 1525 1513 1578 scire
1558 1540 1662 1577 non
1708 1539 2011 1593 possumus,

441 1616 557 1670 sine
585 1616 690 1688 ulla
721 1616 974 1670 dilatione
1002 1616 1080 1669 vel
1113 1617 1311 1687 absque
1340 1633 1486 1671 mora
1513 1617 1579 1672 de
1601 1620 1813 1674 sinistra
1842 1622 2007 1688 fugia-

2128 439 2276 505 geius
2299 442 2682 497 exterminator
2709 446 2959 503 inveniat.
2991 450 3103 506 Sub
3134 451 3234 507 hoc
3262 461 3504 524 tempore
3531 472 3699 513 excu-

2128 528 2255 580 titur
2278 527 2481 581 Pharao
2508 546 2627 584 cum
2644 536 2876 587 exercitu
2901 538 3014 605 ejus
3032 539 3085 591 in
3104 542 3236 594 mari
3254 542 3455 608 Rubro,
3473 560 3699 613 perenn-

2126 619 2265 671 tibus
2312 636 2465 673 sacro
2515 623 2564 674 in
2610 623 2755 678 fonte
2803 630 3049 693 peccatis,
3101 641 3345 701 tanquam
3398 636 3451 689 in
3490 638 3698 693 Rubras

2126 709 2358 777 Aﬁgyptii
2384 712 2767 781 demerguntur
2792 719 2992 779 undas,
3026 721 3072 773 id
3104 734 3185 775 est
3214 723 3406 779 Christi
3439 729 3696 795 sanguine

2122 812 2478 856 consecratas.
2502 803 2612 858 Sub
2642 806 2741 859 hoc
2772 809 2945 862 reditu
2977 825 3072 877 pro
3096 821 3335 881 tempore
3358 816 3448 870 filii
3470 820 3695 885 iunioris

2120 891 2207 957 qui
2238 894 2467 959 perierat
2498 904 2551 947 et
2584 896 2829 951 inventus
2859 910 2959 963 est,
2996 902 3045 953 id
3076 912 3159 956 est
3194 919 3290 970 pro
3315 908 3485 961 salute
3514 914 3690 977 genti-

2121 980 2248 1033 lium
2288 984 2557 1051 saginatus
2609 987 2697 1040 ille
2747 988 3290 1048 vitulusimmolatns
3342 1004 3467 1061 est;
3515 999 3694 1066 junior

2120 1080 2294 1124 autem
2327 1072 2464 1126 filius
2501 1090 2596 1127 nos
2625 1092 2830 1142 sumus,
2866 1082 3078 1134 seniore
3105 1083 3284 1148 fratre,
3319 1087 3365 1139 id
3391 1096 3472 1140 est
3497 1088 3692 1145 Judtris

2120 1162 2451 1217 tardantibus
2474 1176 2525 1217 et
2554 1167 2756 1220 intrare
2782 1169 3110 1235 nolentibus,
3142 1174 3207 1225 ad
3254 1174 3561 1231 CreatOretn
3591 1195 3691 1232 no-

2116 1259 2283 1304 strum
2314 1256 2630 1308 revertimur
2650 1258 2749 1312 sub
2782 1260 3115 1325 ptenitudine
3147 1250 3504 1329 peccatorum.
3525 1268 3690 1324 Ever-

2118 1353 2350 1398 teramus
2379 1349 2518 1399 enim
2542 1358 2593 1401 et
2623 1349 3023 1415 perdideramus
3051 1365 3321 1420 acceptam
3353 1371 3380 1411 a
3412 1356 3521 1411 Deo
3544 1373 3691 1426 patre

2117 1445 2301 1488 nostro
2327 1437 2709 1503 substantiam;
2739 1440 3014 1494 videamus
3038 1458 3195 1510 quam
3233 1445 3606 1514 substantiam,
3635 1449 3689 1503 id

2113 1532 2196 1577 est
2233 1527 2493 1581 universae
2541 1539 2744 1583 naturae
2774 1530 2933 1584 bona.
2969 1531 3064 1585 Dei
3094 1533 3233 1587 enim
3280 1534 3578 1591 substantia
3607 1549 3689 1592 est

2116 1629 2275 1669 omne
2304 1617 2442 1685 quod
2465 1617 2713 1683 vivimus,
2741 1620 3001 1687 sapimus,
3027 1622 3361 1701 cogitamus:
3390 1626 3689 1682 intellectus
3708 1687 3726 1703 ο

444 1720 564 1761 mus
598 1686 993 1761 ad’deneram,
1031 1707 1143 1762 Non
1177 1686 1319 1762 enim
1355 1710 1635 1763 sanitatem
1684 1686 2006 1767 credendum
2039 1693 2086 1752 B
2116 1713 2169 1757 et
2201 1706 2335 1759 ratio
2362 1706 2426 1759 ad
2457 1686 2835 1763 discretionem
2868 1710 2991 1765 boni
3020 1691 3075 1765 et
3098 1686 3233 1766 'mali
3263 1713 3356 1769 Dei
3391 1716 3686 1772 substantia

442 1805 525 1852 est
554 1838 571 1863 ,
622 1812 726 1852 non
773 1808 983 1852 aetatem
1034 1799 1086 1852 in
1137 1800 1429 1853 remedium
1477 1800 1663 1855 salutis
1701 1816 1813 1856 sum
1863 1818 2008 1857 sem-

442 1904 629 1958 per....
680 1889 922 1944 intardus
964 1898 1082 1952 est,
1126 1890 1247 1958 quia
1273 1890 1393 1943 vitae
1416 1904 1529 1944 sum
1577 1878 1739 1959 super
1780 1878 2012 1948 incertus

441 1988 569 2046 est,
636 1979 759 2048 quia
816 1980 904 2048 qui
972 1994 1070 2033 nos
1133 1995 1354 2036 securus
1418 1981 1541 2036 fecit
1593 1984 1818 2039 dicendo
1884 2002 2008 2055 pec-

442 2074 607 2129 caui
636 2088 654 2125 :
683 2072 749 2127 In
803 2089 1100 2142 quacunque
1147 2076 1230 2127 die
1285 2092 1547 2131 conversus
1609 2080 1790 2144 fuerit,
1841 2097 2012 2134 omnes

443 2165 735 2237 iniquitates
751 2166 891 2222 illius
915 2164 1155 2220 oblivioni
1185 2167 1445 2221 tradentur
1467 2168 1676 2233 (Ezech.
1695 2186 1880 2234 xxxut,
1902 2171 2010 2239 12);

444 2260 558 2328 ipse
585 2260 744 2314 etiam
776 2274 875 2315 nos
897 2270 1081 2315 cautos
1104 2261 1267 2314 voluit
1294 2275 1413 2314 esse
1443 2262 1625 2315 dicens
1652 2281 1663 2313 :
1699 2262 1877 2316 Nolite
1908 2276 2013 2315 tar-

442 2352 570 2402 dare
587 2352 803 2402 converti
830 2350 898 2402 ad
927 2349 1219 2414 Dominum,
1248 2366 1307 2402 ne
1332 2349 1584 2415 iii/feratis
1610 2351 1671 2404 de
1698 2352 1779 2403 die
1805 2353 1855 2404 in
1880 2352 2013 2403 diem

444 2439 635 2511 (Ereti.
662 2455 716 2505 v,
750 2440 827 2508 8).
853 2440 957 2495 Sed
990 2441 1126 2495 forte
1156 2441 1366 2511 quando
1391 2443 1712 2512 generaliter
1735 2458 1922 2498 omnes
1946 2444 2010 2496 ad

445 2528 811 2599 paenitentiam
862 2544 1244 2598 provocamur,
1299 2531 1491 2601 aliquis
1530 2533 1667 2586 intra
1712 2546 1770 2586 se
1816 2533 2012 2600 cogitat

445 2618 667 2674 dicens:
701 2618 811 2689 Ego
830 2618 1037 2687 juvenis
1063 2620 1221 2675 homo
1250 2635 1467 2674 uxorem
1494 2621 1713 2686 habens,
1744 2623 2012 2690 quomodo

446 2726 666 2781 possum
699 2722 793 2765 aut
813 2712 1032 2779 capillos
1072 2713 1342 2779 minuere,
1372 2723 1463 2767 aut
1483 2714 1719 2768 habitum
1746 2715 2013 2783 religionis

446 2804 757 2857 assumere?
776 2801 884 2857 Nec
902 2817 1000 2857 nos
1023 2806 1122 2857 hoc
1132 2803 1380 2867 dicimus,
1396 2803 1591 2857 fratres
1605 2804 1891 2871 carissimi,
1910 2822 2011 2859 non

449 2891 554 2946 hoc
576 2893 949 2961 praedicamus,
974 2902 1032 2947 ut
1049 2894 1272 2960 juvenes
1291 2896 1378 2963 qui
1403 2895 1646 2963 conjugia
1678 2897 2013 2951 rationabilia

451 2983 650 3039 habere
669 2983 937 3051 videntur,
961 2984 1197 3040 habitum
1221 2985 1386 3055 magis
1407 3001 1564 3054 quam
1586 3000 1762 3041 mores
1788 2987 2014 3041 debeant

2112 1807 2231 1859 est;
2269 1797 2425 1850 etiam
2458 1797 2672 1853 libertas
2713 1800 2917 1855 arbitrii
2961 1818 3121 1871 quam
3164 1819 3574 1874 acceperamus,
3605 1811 3686 1863 vel

2112 1888 2177 1941 ad
2200 1888 2514 1943 declinanda
2539 1890 2903 1947 blandimenta
2924 1898 3149 1963 peccati,
3169 1900 3250 1952 vel
3273 1900 3339 1953 ad
3361 1901 3685 1956 incitandum

2116 1978 2291 2032 libera:
2321 1981 2608 2035 voluntatis
2632 1983 2877 2038 affectum
2902 1986 2952 2039 in
2981 1990 3214 2043 auctoris
3235 1991 3570 2060 obsequium,
3598 1996 3686 2047 vel

2113 2070 2177 2121 ad
2198 2070 2603 2126 custodiendam
2627 2073 2911 2141 imaginem
2934 2086 2988 2130 et
3008 2078 3412 2135 similitudinem
3443 2082 3557 2140 Dei.
3584 2083 3689 2137 llas

2114 2173 2240 2229 ergo
2268 2160 2417 2216 datas
2450 2164 2603 2218 nobis
2626 2173 2679 2219 et
2704 2166 2846 2220 intus
2885 2169 3112 2223 insertas
3140 2187 3166 2222 a
3196 2171 3451 2229 Creatore
3480 2175 3688 2232 divitias

2118 2249 2169 2303 in
2215 2265 2408 2319 pravos
2440 2254 2887 2309 transtuleramus
2916 2273 3077 2323 usus,
3110 2269 3165 2314 et
3190 2275 3688 2332 consumpseramus

2116 2344 2165 2395 in
2196 2345 2452 2398 exercitia
2475 2345 2748 2413 vitiorum,
2773 2348 3029 2403 derelicto
3055 2350 3197 2406 fonte
3228 2355 3501 2418 virtutum,
3534 2370 3688 2422 pere-

2114 2446 2206 2499 gre
2236 2441 2290 2485 et
2320 2434 2476 2487 nimis
2505 2436 2661 2504 longe
2692 2451 2722 2489 a
2753 2447 2903 2505 patre
2930 2439 3151 2508 profecﬁ
3174 2481 3189 2506 ,
3238 2457 3344 2496 non
3376 2444 3504 2497 locis
3529 2444 3598 2498 ab
3623 2461 3689 2501 eo

2115 2528 2169 2573 et
2198 2521 2529 2588 regionibus,
2562 2524 2656 2578 sed
2688 2526 2938 2580 cordibus
2968 2538 3019 2581 et
3050 2529 3301 2597 operibus
3326 2529 3679 2587 discedentes.

2116 2610 2212 2674 Qui
2237 2612 2378 2665 enim
2405 2615 2645 2682 sequitur
2673 2618 2914 2685 proprias
2937 2620 3259 2684 voluntates,
3286 2631 3340 2675 et
3370 2637 3467 2690 per
3488 2625 3689 2692 passio-

2118 2717 2211 2756 nes
2240 2717 2363 2757 suas
2385 2703 2617 2771 rapitur,
2639 2720 2669 2759 a
2694 2707 2803 2761 Deo
2837 2707 2986 2761 exsul
3013 2709 3279 2775 efficitur;
3311 2712 3377 2766 ad
3408 2727 3564 2781 quem
3594 2728 3689 2767 su-

2117 2803 2294 2860 scepta
2334 2805 2671 2864 peccatorum
2709 2799 2980 2868 agnitione
3027 2801 3374 2857 redeuntibus
3417 2806 3589 2872 nobis,
3635 2816 3690 2861 et

2117 2884 2329 2952 quidem
2357 2886 2702 2944 redeuntibus
2728 2905 2831 2944 non
2864 2892 3050 2958 gressu
3080 2893 3340 2961 corporis,
3366 2894 3459 2949 sed
3491 2898 3691 2951 mentis

2118 2978 2351 3045 affectu,
2373 2993 2492 3033 cum
2522 2981 2781 3036 immensa
2820 2983 3185 3038 misericordia
3210 3025 3225 3050 ,
3257 3000 3378 3040 cum
3433 2987 3689 3041 ineffabili

450 3085 801 3131 commutare.
840 3076 975 3144 Quid
1018 3077 1160 3132 enim
1194 3079 1392 3130 homini
1422 3094 1641 3132 uxorem
1672 3078 1885 3133 habenti
1925 3095 2019 3133 no.
2042 3039 2091 3102 ο
2122 3068 2299 3122 laetitia
2322 3079 2376 3123 et
2401 3070 2766 3124 consolatione
2785 3072 2995 3126 obviam
3022 3073 3200 3137 venit;
3226 3075 3384 3129 intrat
3407 3076 3537 3131 festa
3566 3092 3693 3130 con-

450 3177 569 3232 cet,
597 3165 643 3221 si
675 3179 851 3223 mores
879 3166 1115 3234 perditos
1156 3166 1384 3237 noluerit
1415 3166 1638 3233 habere,
1669 3179 1722 3221 et
1746 3171 1811 3222 ad
1858 3182 2019 3237 opera

452 3255 594 3310 bona
621 3257 706 3311 vel
738 3255 957 3311 honesta
985 3266 1329 3324 convertere,
1361 3258 1405 3311 si
1438 3268 1775 3323 peccatorum
1802 3274 2019 3314 suorum

453 3345 675 3402 vulnera
694 3346 1051 3415 eleemosynis
1074 3357 1129 3401 et.
1153 3347 1485 3402 orationibus
1513 3350 1579 3402 ad
1606 3350 1886 3404 sanitatem
1918 3352 2024 3419 pri-

454 3438 647 3492 stinam
683 3438 975 3492 revocare?
1031 3436 1165 3492 Vera
1205 3438 1344 3492 enim
1384 3441 1664 3494 conversio
1708 3440 1824 3494 sine
1866 3444 2026 3495 vesti-

457 3539 759 3585 mentorum
805 3530 1221 3586 commutatione
1267 3530 1464 3584 sufﬁcit
1509 3533 1657 3586 sibi:
1707 3533 2022 3585 vestimenta

458 3637 588 3678 vero
624 3623 871 3691 religiosa
909 3624 1024 3678 sine
1047 3624 1199 3678 bonis
1239 3625 1489 3692 operibus
1522 3639 1625 3677 non
1651 3625 1821 3677 solum
1854 3640 2026 3678 reme—

458 3713 606 3768 dium
634 3714 832 3770 habere
857 3729 961 3770 non
987 3724 1259 3783 poterunt,
1283 3714 1376 3769 sed
1402 3716 1559 3770 etiam
1584 3717 1783 3782 justum
1826 3717 1915 3769 Dei
1942 3717 2027 3783 ju-

459 3803 663 3859 dicium
699 3805 1058 3861 sustinebunt.
1090 3804 1476 3861 Convertamur
1523 3820 1649 3874 ergo
1699 3808 1764 3858 ad
1807 3806 2025 3859 meliora

460 3895 588 3949 dum
638 3895 692 3949 in
736 3906 920 3950 nostra
965 3905 1090 3949 sunt
1120 3904 1382 3964 potestate
1410 3895 1667 3949 remedia.
1698 3895 1795 3949 llic
1821 3896 2025 3949 exstin-

460 3999 686 4054 guamus
722 3994 947 4039 mortem
975 3984 1252 4039 moriendo
1293 3985 1545 4053 peccatis.
1580 3985 1675 4039 llic
1714 3984 1876 4038 vitam
1908 3985 2030 4039 vita:

465 4077 669 4133 meritis
731 4091 1103 4147 comparemus
1134 4118 1149 4141 ,
1221 4087 1503 4143 praestante
1560 4076 1788 4130 Domino
1847 4087 2031 4130 nostro

464 4170 592 4226 Iesu
629 4166 875 4232 Christo,
914 4167 1005 4237 qui
1043 4166 1172 4220 vivit
1203 4178 1257 4220 et
1297 4180 1481 4237 regnat
1509 4168 1561 4221 iu
1587 4168 1783 4222 saecula
1811 4168 2033 4221 sreculo-

464 4276 605 4318 rum.
638 4263 827 4316 Amen.

1057 4351 1287 4406 SERMO
1330 4351 1368 4404 V
1402 4360 1447 4403 ⁸.

703 4443 781 4496 Ad
820 4442 1110 4497 monachos.
1145 4439 1210 4493 In
1244 4441 1324 4493 die
1353 4448 1528 4493 sancto
1554 4440 1785 4494 Pascitur.

959 4532 1051 4595 (Ex
1086 4544 1175 4580 ms.
1200 4529 1544 4589 Morbacensi.)

542 4623 592 4675 l.
625 4621 935 4691 Opportune
965 4632 1018 4676 et
1056 4635 1289 4689 congrue
1328 4619 1428 4671 sub
1451 4620 1538 4672 die
1569 4619 1757 4687 insigni
1780 4619 2034 4674 solemni-

468 4714 591 4769 tatis
627 4712 900 4766 hodierna:
936 4711 990 4764 in
1021 4725 1151 4764 voce
1180 4708 1549 4763 exsultatiouis
1593 4709 1951 4777 assurgiinus,
1984 4722 2037 4764 et

467 4819 587 4859 cum
602 4802 861 4872 Apostolo
883 4801 1143 4854 dicimus:
1172 4798 1298 4853 Ecce
1321 4816 1452 4851 nunc
1477 4799 1582 4851 dies
1602 4799 1783 4852 salutis
1809 4798 1892 4869 (ll
1915 4800 2035 4853 Cor.

469 4896 565 4963 vt).
600 4893 768 4947 llodie
794 4891 1087 4946 interfectis
1114 4890 1411 4961 :Egyptiis,‘
1432 4891 1499 4945 de
1526 4891 1634 4945 luto
1660 4906 1723 4945 ac
1751 4893 1915 4959 paleis
1947 4891 2036 4946 Dei

468 4986 715 5055 populus,
739 4985 791 5038 id
820 4992 903 5038 est
931 4983 997 5038 de
1025 4983 1299 5037 vilissimis
1328 4997 1390 5036 ac
1420 4983 1749 5037 iuanissimis
1769 4983 2039 5051 operibus,

472 5077 747 5130 liberatur.
780 5073 950 5128 Hodie
977 5076 1158 5143 Agnus
1198 5074 1286 5126 ille
1314 5072 1403 5140 qui
1446 5066 1580 5127 to'llit
1616 5083 1828 5141 peccata
1860 5074 2040 5127 mundi

474 5168 525 5221 in
554 5169 924 5237 redemptione
953 5167 1197 5219 humana:
1216 5166 1400 5218 salutis
1426 5165 1645 5220 offertur
1669 5183 1682 5229 ;
1707 5166 1920 5233 quando
1949 5181 2043 5232 po-

476 5267 583 5312 stes
614 5259 894 5312 domorum
941 5257 1200 5323 sanguine
1242 5254 1383 5308 illius
1428 5254 1681 5324 jubentur
1720 5256 1961 5323 inscribi,
1990 5257 2041 5310 id

545 5416 569 5443 ι
604 5407 754 5459 llunc
779 5415 832 5460 et
860 5414 1166 5473 sequentem
1205 5418 1506 5459 sermonem
1554 5414 1739 5471 rogatu
1782 5422 1902 5461 meo
1945 5407 2040 5461 tle-

481 5480 685 5541 scripsit
715 5476 953 5529 eruditus
976 5476 1052 5528 vir
1073 5476 1302 5529 domnus
1326 5476 1592 5541 [letnigitts
1615 5475 1802 5528 Seifler
1825 5493 1889 5530 ex
1917 5493 2043 5531 con-

481 5548 781 5616 gregatione
810 5548 867 5600 S.
894 5544 1093 5616 Vitoiii,
1124 5560 1187 5597 ex
1213 5555 1419 5616 vetusto
1459 5544 1643 5597 codice
1682 5545 2039 5599 Morbacensis

483 5614 814 5681 iuonastet'ii,
845 5616 931 5668 ubi
979 5614 1184 5667 Eusebii
1228 5614 1551 5667 Cwsuriensts
1594 5616 1811 5683 episeopi
1845 5634 2037 5683 nomen

2057 4390 2112 4449 D

2125 3162 2278 3226 vivii;
2306 3162 2524 3217 ordinat
2550 3164 2746 3219 choros
2767 3173 2927 3234 atque
2948 3166 3315 3236 symphonias,
3331 3167 3381 3221 id
3412 3177 3497 3223 est
3519 3170 3694 3224 exsul-

2127 3256 2356 3311 tationes
2382 3256 2680 3315 caelestium
2708 3259 3044 3326 gaudiorum,
3089 3259 3284 3328 quibus
3321 3260 3494 3329 angeli
3518 3263 3695 3316 exsul-

2126 3354 2241 3399 tant
2270 3348 2320 3398 in
2338 3347 2493 3400 cwlis
2520 3361 2682 3414 super
2704 3362 2809 3400 uno
2834 3357 3113 3416 peccatore
3142 3350 3508 3416 paenitentiam
3534 3365 3696 3418 agen-

2129 3443 2198 3486 te.
2228 3433 2593 3488 Redenntibus
2624 3437 2799 3503 itaque
2835 3436 2990 3490 nobis
3016 3437 3081 3490 ad
3112 3439 3559 3504 emendationem,
3594 3440 3695 3495 hoc

2126 3522 2426 3575 convivium
2462 3523 2700 3591 quotidie
2729 3524 3033 3579 celebratur
3059 3542 3075 3586 ;
3118 3528 3352 3595 quotidie
3380 3538 3530 3597 pater
3556 3530 3695 3584 filios

2128 3612 2337 3679 recipit,
2362 3627 2575 3680 semper
2604 3611 2849 3668 Christus
2886 3614 3227 3669 credentibus
3250 3616 3569 3671 immolatur.
3600 3619 3697 3673 llic

2128 3712 2210 3756 est
2236 3717 2364 3772 ergo
2392 3703 2481 3757 ille
2503 3703 2698 3760 vitulus
2725 3705 2996 3775 saginatus
3023 3721 3182 3775 quem
3215 3707 3265 3760 in
3296 3707 3473 3762 Veteri
3501 3708 3694 3763 Testa-

2130 3810 2309 3853 mento
2347 3800 2599 3854 docemur
2625 3799 2817 3856 offerre
2846 3819 2856 3853 :
2890 3801 3088 3855 vitulus
3125 3810 3180 3855 et
3220 3802 3410 3867 bubus,
3443 3803 3491 3857 id
3519 3815 3601 3857 est
3631 3819 3696 3858 ex

2131 3890 2551 3957 patriarcharum
2589 3902 2644 3947 et
2689 3891 3091 3961 prophetarum,
3123 3908 3188 3949 ex
3229 3894 3455 3948 Abrahae
3494 3896 3699 3950 semine

2130 3981 2502 4037 descendens:
2548 3987 2815 4039 masculus
2857 3986 3267 4050 immaculatus;
3310 3988 3605 4052 masculus,
3647 3988 3697 4039 id

2131 4084 2213 4129 est
2240 4082 2424 4128 contra
2461 4089 2621 4130 omne
2652 4087 2925 4143 peccatum
2957 4078 3209 4130 robustus
3234 4086 3289 4131 et
3316 4077 3549 4130 validus:
3580 4092 3697 4131 ma-

2132 4164 2321 4220 sculini
2353 4166 2495 4218 enim
2525 4177 2578 4219 et
2621 4166 2789 4219 virilis
2833 4167 2997 4219 animi
3047 4174 3130 4219 est
3173 4166 3453 4219 illecebras
3493 4169 3700 4236 rupisse

2135 4254 2375 4322 peccati,
2420 4255 2560 4309 sicut
2600 4254 2844 4310 femineae
2891 4255 3189 4324 fragilitatis
3228 4254 3432 4324 ignavia
3472 4266 3554 4310 est
3585 4257 3700 4310 vitii

2138 4346 2434 4411 suscepisse
2461 4346 2755 4400 lasciviam.
2790 4345 2942 4401 Unde
2966 4356 3019 4400 ct
3048 4346 3139 4399 ille
3161 4354 3341 4415 typum
3370 4359 3561 4414 gerens
3584 4346 3702 4400 dia-

2140 4436 2245 4490 boli
2276 4434 2485 4490 Pharao
2508 4451 2755 4504 premens
2782 4437 3030 4504 populum
3060 4436 3174 4497 Dei,
3203 4435 3445 4490 inimicus
3471 4437 3700 4505 spiritui,

2141 4530 2341 4583 amicus
2370 4529 2541 4593 carui,
2579 4528 2913 4581 fortitudines
2953 4526 3297 4594 praefocabat,
3322 4530 3702 4597 concupissem

2143 4620 2244 4671 tias
2273 4619 2559 4672 nutriebat.

2209 4709 2265 4762 ‘2.
2298 4710 2532 4763 Mortuus
2570 4718 2652 4764 est
2687 4724 2815 4777 ergo
2865 4708 3107 4764 Christus
3146 4719 3363 4780 propter
3402 4710 3706 4779 iniquitates

2145 4809 2387 4862 nostras,
2431 4809 2485 4854 et
2522 4799 2659 4854 sicut
2698 4802 2813 4854 ovis
2843 4807 2908 4854 ad
2939 4801 3256 4856 occisionem
3283 4802 3473 4856 ductus
3499 4812 3622 4867 est;
3658 4814 3709 4858 et

2143 4895 2272 4944 sicut
2301 4908 2459 4961 agnus
2489 4908 2660 4944 coram
2682 4894 2919 4945 tondente
2939 4908 3019 4954 se,
3044 4893 3115 4946 sic
3140 4910 3243 4945 non
3264 4893 3460 4960 aperuit
3488 4908 3543 4947 os
3563 4909 3711 4945 suum

2146 4981 2298 5047 (Issi.
2330 4998 2441 5046 Llll,
2477 4982 2553 5050 7).
2589 4982 2686 5036 llic
2725 4992 2806 5035 est
2837 4982 2926 5035 ille
2953 4997 3120 5051 agnus
3149 4998 3305 5051 quem
3342 4983 3394 5035 in
3423 4994 3524 5036 una
3555 4989 3714 5037 domo

2147 5075 2432 5127 comedere
2471 5088 2536 5126 ex
2567 5074 2682 5140 lege
2705 5073 3066 5139 prwcipimur,
3093 5073 3376 5127 succinctis
3404 5073 3596 5127 lumbis
3622 5088 3714 5125 no-

2146 5166 2292 5218 stris.
2324 5164 2619 5237 Comedere
2648 5173 2823 5218 autem
2849 5172 3010 5233 caput
3030 5180 3149 5219 cum
3174 5162 3395 5233 pedibus
3413 5165 3536 5231 quid
3561 5173 3643 5218 est
3663 5164 3715 5217 in

2151 5271 2253 5310 una
2281 5257 2477 5311 domo?
2501 5256 2555 5309 id
2584 5265 2668 5310 est
2692 5256 2744 5308 in
2770 5255 3022 5311 Ecclesiae
3051 5255 3253 5311 unitate
3274 5269 3463 5310 carnes
3486 5254 3604 5321 ejus
3634 5253 3714 5320 ju-

2154 5408 2388 5475 prtefert,
2410 5422 2529 5460 cum
2553 5407 2672 5460 aliis
2696 5407 3052 5471 sermonibus,
3078 5420 3196 5473 quae.
3220 5403 3448 5459 Eusebio
3471 5404 3717 5460 Emiseno

2153 5474 2311 5545 vulgo
2340 5479 2668 5539 tribuuntur,
2703 5492 2835 5545 quos
2854 5477 2953 5531 viri
2983 5476 3174 5530 eruditi
3205 5474 3403 5528 Fausto
3436 5474 3718 5545 Rhegiensi

2152 5550 2404 5616 episcopo
2431 5548 2737 5601 restituunt.
