4046 6188
439 496 534 549 881

1881 496 2004 550 SER
2018 495 2255 549 \lUNES.

3574 501 3679 554 88‘!

435 623 574 668 stum
606 611 887 663 Dominum
923 609 1025 661 vivi
1055 609 1146 661 Dei
1175 621 1294 661 esse
1320 607 1508 660 Filium
1528 646 1542 670 ,
1574 606 1895 660 validissima
1924 608 2002 657 in-
2031 609 2081 664 Α
2110 607 2336 659 libenter
2365 607 2598 660 indulsit.
2652 607 2713 659 Ut
2759 609 2922 672 enim,
2971 608 3106 662 sicut
3162 610 3431 676 apostolus
3467 609 3678 665 -Paulus

435 707 676 770 victaque
700 700 852 754 nobis
876 699 1122 752 credendi
1154 697 1491 752 fundamenta
1523 697 1818 751 coiistituit.
1870 697 1998 749 Nam

435 789 795 861 percunctanti
824 789 1046 842 Domino
1067 787 1184 856 quis
1213 803 1332 842 esse
1361 790 1426 841 ab
1454 787 1758 841 hominibus
1793 787 2001 840 direre-

433 893 536 947 tur,
565 882 840 950 respond:t
871 897 882 932 τ
914 877 992 931 Tu
1014 895 1064 930 es
1093 879 1321 931 Christus
1347 877 1512 930 Filius
1540 878 1629 930 Dei
1661 879 1756 930 viui
1780 876 1998 943 (Matth.

432 990 544 1039 xvt,
580 976 700 1042 16);
731 972 780 1025 id
809 982 911 1035 est,
930 981 1003 1036 tu,
1027 971 1264 1037 Domine,
1293 971 1359 1024 de
1387 987 1548 1024 carne
1571 969 1801 1038 Virginis
1831 970 2002 1023 factus

432 1080 491 1118 es
530 1064 789 1123 Christus,
816 1062 902 1130 qui
942 1062 1044 1113 vivi
1094 1063 1180 1113 Dei
1219 1059 1384 1114 Filius
1413 1077 1470 1113 es
1498 1061 1888 1128 sempiternus;
1923 1068 1998 1124 tu,

435 1155 679 1218 Domine,
707 1153 1007 1205 hominibus
1048 1162 1202 1204 natus
1227 1167 1287 1206 es
1331 1152 1511 1217 homo,
1539 1153 1628 1221 qtti
1674 1151 2000 1222 incogitabili

434 1246 708 1311 majestate
740 1245 876 1298 Deus
903 1257 962 1296 es
989 1243 1127 1310 apud
1173 1243 1361 1297 Deum.
1405 1244 1483 1297 Tu
1505 1258 1562 1297 es
1591 1243 1864 1310 Christus,
1911 1245 1999 1311 qui

432 1351 528 1403 pro
567 1334 930 1401 redemptione
961 1344 1137 1386 nostra
1169 1333 1233 1386 ad
1266 1333 1566 1403 passionem
1595 1335 1815 1388 veniens
1838 1376 1852 1400 ,
1904 1336 2003 1388 im-

357 1450 370 1461 -
434 1423 693 1494 passibilis
718 1437 992 1491 permanes
1017 1422 1154 1491 apud
1185 1425 1562 1488 Patrem.Quis
1597 1425 1756 1491 igitur
1770 1440 1999 1493 unquam

439 1517 487 1569 in
515 1525 718 1568 tantum
759 1516 859 1569 hoc
882 1515 1343 1581 incomprehensae
1382 1516 1602 1569 Deitatis
1625 1531 1876 1569 arcanum
1903 1518 2000 1568 bu-

436 1604 571 1658 mani
612 1617 802 1657 sensus
827 1605 1075 1658 attollere
1104 1604 1364 1672 potuisset
1390 1605 1656 1669 obtutum,
1685 1604 1785 1658 nisi
1815 1606 1882 1658 ab
1906 1622 1999 1660 ore

434 1695 571 1749 Petri
591 1695 836 1748 salutaris
860 1695 1016 1763 hujus
1039 1695 1158 1750 fidei
1189 1696 1382 1748 veritas
1405 1696 1696 1750 radiasset?
1726 1696 1856 1762 Quis
1885 1712 1998 1750 tne-

431 1789 651 1838 ritornm
681 1785 795 1852 ejus
822 1785 1042 1853 gloriam
1069 1785 1310 1852 quamvis
1333 1800 1522 1854 magno
1535 1787 1862 1855 aequiparare
1878 1802 1999 1854 pos-

428 1878 495 1930 sit
523 1877 757 1945 eloquio,
787 1892 815 1928 a
846 1891 949 1945 quo
975 1876 1127 1930 nobis
1153 1877 1439 1930 adorandae
1463 1876 1759 1930 Divinitatis
1793 1878 1922 1931 ﬁdes
1945 1887 2000 1930 et

2109 698 2339 760 edocuit,
2365 711 2507 769 petra
2537 709 2642 751 erat
2673 699 2934 764 Cltt't'sms;
2967 701 3033 751 ita
3067 715 3158 768 per
3179 701 3448 755 Christum
3492 703 3678 755 Petrus

2108 791 2275 843 factus
2305 801 2384 844 est
2409 801 2575 857 petra,
2633 791 2843 843 dicente
2889 790 2938 843 ei
2978 789 3201 843 Domino
3234 808 3246 842 :
3279 790 3358 843 Tu
3386 807 3437 845 es
3459 790 3673 855 Petrus.

2107 897 2150 938 et
2178 899 2329 950 super
2391 885 2521 934 hanc
2586 893 2779 951 petram
2854 881 3116 948 tediﬁcabo
3165 881 3445 936 Ecclesium
3515 901 3678 936 meam

2106 976 2320 1048 (Matth.
2350 992 2464 1039 xw,
2492 975 2601 1042 18).
2631 975 2760 1027 Nam
2790 974 2926 1026 sicut
2946 975 2998 1026 in
3042 972 3277 1040 deserto,
3309 973 3578 1028 dominico
3604 976 3676 1028 si-

2107 1066 2254 1120 tienti
2302 1066 2515 1135 populo,
2585 1079 2718 1132 aqua
2776 1064 2926 1116 ﬁnxit
2970 1080 2999 1117 e
3053 1074 3234 1131 petra,
3296 1065 3369 1118 ita
3435 1065 3678 1120 universo

2105 1157 2302 1210 mundo
2334 1155 2571 1224 perﬁdia:
2606 1155 2850 1213 ariditate
2899 1156 3136 1218 lassanti,
3160 1155 3226 1208 de
3257 1170 3350 1209 ore.
3384 1156 3527 1210 Petri
3560 1160 3676 1212 fons

2101 1248 2389 1302 salutifertn
2417 1247 2768 1301 confessionis
2806 1248 3043 1300 emersit.
3078 1248 3173 1300 Hic
3206 1256 3284 1302 est
3333 1247 3522 1302 Petrus
3543 1288 3558 1313 ,
3589 1249 3678 1302 cui

2101 1341 2347 1397 Christus
2376 1356 2694 1396 ascensurus
2721 1341 2786 1394 ad
2834 1341 3062 1407 Patrem,
3110 1341 3397 1408 pascendas
3440 1341 3676 1394 oviculas

2102 1449 2226 1488 snas
2252 1449 2522 1503 agnosque
2545 1433 2886 1487 commendat
2909 1451 2920 1484 :
2945 1441 3002 1486 ut
3024 1447 3154 1501 quos
3179 1433 3264 1486 ille
3292 1433 3502 1501 pietatis
3519 1433 3678 1486 mise-

2101 1526 2306 1579 ratione
2329 1525 2653 1589 redemerat,
2689 1524 2773 1577 liic
2804 1522 2925 1577 ﬁdei
2952 1537 3061 1577 SUiB
3093 1523 3289 1577 virtute
3316 1531 3571 1578 servaret.
3612 1524 3678 1576 Et

2102 1625 2246 1670 recte
2276 1629 2404 1669 sane
2436 1615 2484 1669 ei
2511 1615 2712 1668 arbiter
2739 1614 3073 1668 occultorum
3116 1614 3206 1667 Dei
3243 1613 3410 1666 Filius
3443 1627 3671 1682 pascen-

2100 1706 2196 1758 das
2223 1721 2352 1761 oves
2397 1720 2521 1760 suas
2547 1707 2875 1775 tuendasque
2910 1706 3194 1770 commisit,
3226 1706 3311 1759 cui
3360 1717 3580 1761 noverat
3623 1707 3674 1760 in
3717 1691 3730 1704 ’

2104 1799 2382 1853 nutriendo
2409 1813 2565 1867 grege
2591 1797 2858 1852 dominico
2884 1812 2983 1852 nec
3013 1797 3243 1852 studium
3275 1798 3463 1852 deesse
3495 1812 3592 1852 nec
3609 1797 3672 1850 ﬁ-

2100 1890 2241 1943 dem.
2292 1890 2386 1943 llic
2413 1898 2496 1943 est
2537 1889 2745 1950 Petrus,
2783 1888 2871 1955 qui
2910 1889 3036 1941 dum
3063 1889 3129 1942 ad
3168 1903 3379 1942 crucem
3426 1897 3675 1954 tanquam

428 1967 588 2033 coepit
632 1977 684 2020 et
714 1965 1021 2034 permanet?
1047 1965 1182 2032 Quid
1215 1976 1361 2020 tanto
1404 1966 1689 2032 gloriosius
1716 1965 1854 2031 viro,
1904 1967 1992 2034 qui

2102 1978 2338 2032 cruciﬁxi
2367 1977 2658 2043 discipulus
2686 1977 2988 2042 duceretur,
3015 1992 3170 2030 verso
3200 1992 3257 2031 se
3295 1991 3518 2046 poscens
3555 1993 3674 2031 cur-

431 2061 586 2113 tidem
632 2059 825 2113 secreti
863 2057 1219 2111 inscrntaliilis
1247 2058 1508 2125 loquendo
1538 2059 1735 2121 edidit,
1767 2058 1998 2113 vivendo

428 2149 627 2215 docuit,
657 2148 908 2217 patiendo
935 2149 1197 2202 ﬁrmavit?
1228 2148 1294 2203 Ut
1320 2161 1496 2204 autem
1521 2149 1874 2203 confessionis
1902 2150 2000 2204 litt-

430 2244 512 2312 jus
539 2255 733 2309 quanta
760 2251 904 2296 esset
934 2241 1239 2310 magnitudo
1271 2241 1512 2297 Salvator
1558 2242 1884 2308 ostenderet,
1927 2245 2001 2296 ait

398 2349 400 2351 '
429 2332 477 2385 ei
510 2347 526 2384 :
559 2329 744 2383 Beatus
773 2348 856 2395 es,
890 2331 1069 2384 Simon
1111 2329 1342 2402 Barjona
1368 2373 1382 2393 ,
1409 2333 1528 2401 quia
1554 2348 1676 2386 caro
1703 2342 1750 2385 et
1788 2335 2000 2404 sanguis

434 2437 528 2472 non
556 2419 792 2473 reuelauit
821 2418 930 2482 tibi,
951 2420 1040 2472 sed
1069 2418 1227 2472 Pater
1249 2435 1386 2474 meus
1411 2421 1499 2489 qui
1523 2430 1594 2474 est
1622 2423 1676 2474 in
1698 2422 1874 2485 cretis;
1897 2422 1996 2476 Et:

433 2510 542 2563 Tibi
562 2511 691 2564 dabo
716 2511 880 2564 claves
908 2509 1047 2579 regni
1079 2507 1316 2563 caelorum
1342 2508 1531 2578 (Ibid.,
1564 2510 1673 2579 17).
1714 2511 1844 2577 Quis
1872 2525 2000 2579 ergo

432 2602 693 2657 Christum
723 2616 818 2670 per
843 2615 1056 2656 carnem
1085 2611 1138 2656 et
1161 2601 1212 2655 in
1244 2616 1406 2656 carne
1427 2612 1632 2672 natum,
1663 2604 2002 2672 omnipoten-

436 2695 501 2749 tis
531 2696 698 2749 l'atris
727 2710 846 2750 esse
876 2693 1066 2749 Filium
1115 2694 1312 2749 sentire
1337 2696 1620 2764 pomisset,
1671 2697 1774 2750 nisi
1800 2700 1998 2768 ‘propi-

439 2791 542 2840 tius
570 2787 668 2841 huc
699 2787 814 2854 ipse
854 2787 1009 2841 Pater
1062 2802 1156 2856 per
1191 2787 1404 2842 Petrum
1460 2788 1614 2842 nobis
1656 2790 1946 2844 revelasset
1972 2806 2005 2846 e

434 2879 612 2932 creto?
641 2878 764 2931 llaec
791 2877 865 2931 illi
907 2877 1176 2932 confessio
1202 2878 1372 2947 dedit,
1403 2886 1462 2931 ut
1490 2888 1613 2934 ante
1648 2880 1825 2934 claves
1855 2882 2002 2949 regni

434 2971 662 3024 caelestis
691 2968 953 3038 acciperet
993 2984 1148 3035 quam
1176 2969 1294 3022 cceli
1331 2969 1522 3036 januas
1571 2972 1841 3025 introiret.
1897 2971 2002 3027 Sed

435 3078 499 3115 ne
525 3077 624 3130 qua
652 3075 764 3123 vos,
798 3059 1006 3121 fratres,
1046 3059 1115 3114 de
1149 3058 1366 3113 creditis
1397 3061 1554 3113 Petro
1584 3061 1822 3115 clavibus
1853 3063 2005 3131 regni

435 3167 582 3206 more
626 3163 923 3206 nostrarum
967 3151 1192 3205 clavium
1225 3149 1476 3219 cogitatio
1525 3162 1866 3218 promoveat,
1897 3153 2005 3207 cla—

434 3257 524 3296 ves
572 3243 690 3296 cteli
735 3242 907 3310 lingua
947 3250 1030 3294 est
1077 3241 1254 3304 Petri;
1288 3243 1410 3310 quia
1458 3241 1784 3310 singulorum
1819 3245 2006 3296 merita

2101 2083 2229 2136 pore
2260 2067 2517 2136 cruciﬁgi,
2552 2067 2852 2134 passionem
2883 2079 2987 2120 non
3035 2067 3230 2130 renuit,
3276 2066 3369 2120 sed
3398 2068 3675 2135 aequalita-

2103 2168 2209 2213 tem
2247 2159 2420 2212 crucis
2449 2158 2731 2212 dominicae
2771 2157 3086 2222 declinatit;
3134 2167 3191 2211 nt
3228 2158 3677 2212 ostenderetuni-

2101 2253 2271 2305 versis
2290 2250 2618 2304 admiranda:
2647 2251 2849 2304 scilicet
2889 2250 3202 2304 humilitatis
3232 2251 3498 2313 virtutem,
3531 2251 3676 2304 novi-

2101 2360 2204 2412 que
2245 2343 2480 2413 mystcrii
2514 2343 2847 2410 disciplinam
2880 2351 2936 2395 et
2964 2343 3100 2395 inter
3123 2349 3383 2394 tormenta
3410 2356 3672 2396 servasse.

2101 2436 2268 2500 Quam
2297 2449 2540 2494 securus.
2564 2432 2847 2494 carissimi,
2873 2433 3106 2501 perrexit
3133 2433 3317 2485 Petrus
3339 2433 3406 2485 ad
3432 2446 3673 2494 crucem;

2101 2527 2188 2592 qui
2236 2530 2449 2593 repulso
2494 2524 2684 2576 timore
2726 2523 2944 2585 mortis,
2992 2521 3252 2575 morendi
3293 2521 3532 2577 ordinem
3571 2532 3674 2576 tam

2101 2617 2292 2667 acerba
2322 2615 2372 2667 in
2406 2613 2651 2683 passione
2677 2613 2938 2681 quaesivit.
3083 2603 3093 2611 ’

2173 2704 2226 2757 5.
2267 2701 2401 2768 Quid
2430 2703 2589 2756 etiam
2615 2701 2679 2755 de
2707 2701 3090 2770 gloriosissimo
3129 2701 3356 2755 referam
3385 2700 3582 2764 Paulo,
3618 2702 3670 2754 in

2103 2808 2209 2860 quo
2251 2792 2504 2845 Dominus
2533 2791 2691 2844 ﬁdem
2739 2792 2968 2844 nominis
3006 2793 3109 2852 sui.
3140 2792 3265 2844 dum
3298 2794 3462 2858 ipsam
3495 2806 3676 2860 perse-

2104 2893 2378 2953 queretur,
2408 2883 2600 2952 elegit?
2630 2883 2716 2950 qui
2759 2881 2884 2934 dum
2917 2882 3062 2936 velut
3095 2882 3387 2937 acerrimus
3430 2896 3677 2950 persecu-

2108 2987 2189 3028 tor
2233 2975 2578 3029 christianam
2627 2981 2800 3027 vastat
2849 2973 3174 3035 Ecclesiam,
3226 2972 3440 3026 inimico
3506 2971 3675 3026 adhuc

2105 3065 2221 3132 ejus
2265 3063 2318 3116 in
2368 3073 2582 3130 pectore
2623 3061 2852 3116 amicum
2897 3062 2998 3116 sibi
3041 3076 3132 3116 cor
3160 3061 3400 3115 Christus
3430 3061 3675 3114 invenit:

2108 3157 2340 3222 dumque
2385 3154 2696 3222 temporalia
2725 3153 2866 3223 cepit
2912 3153 3245 3207 Christianos
3287 3152 3350 3205 ad
3382 3151 3635 3220 supplicia
3659 3194 3674 3217 ,

2111 3249 2222 3313 ipse
2240 3255 2549 3315 perpetuum
2579 3257 2765 3313 captus
2802 3245 2866 3296 ad
2893 3244 3137 3311 gratiam,
3171 3241 3339 3295 factus
3379 3249 3464 3296 est
3503 3242 3676 3294 subito

433 3333 693 3387 censenda
722 3333 989 3401 apostolus
1018 3332 1303 3400 unicuique
1333 3348 1550 3399 regnum
1580 3333 1702 3387 caeli
1739 3345 1826 3386 aut
1859 3334 2006 3389 clau-
2031 3313 2076 3376 Ο
2109 3313 2286 3403 pastor
2314 3313 2380 3389 ex
2410 3337 2556 3402 lupo,
2597 3349 2659 3387 ex
2694 3333 2940 3401 praedone
2969 3341 3169 3396 custos,
3210 3348 3274 3385 ex
3317 3333 3468 3385 hoste
3497 3332 3677 3385 defen-

434 3423 509 3477 dit
530 3430 622 3475 aut
647 3426 835 3490 aperit.
867 3421 980 3474 Non
1012 3431 1094 3475 est
1123 3436 1250 3488 ergo
1274 3421 1439 3475 clavis
1465 3422 1562 3476 ista
1593 3424 1833 3477 mortalis
1875 3425 2006 3478 arti-

441 3513 554 3565 ﬁcis
601 3521 771 3579 aptata
814 3528 993 3574 manu,
1024 3512 1117 3565 sed
1161 3512 1282 3566 data
1333 3520 1416 3566 est
1455 3527 1482 3564 a
1528 3512 1741 3568 Christo
1772 3525 2004 3584 potestas

433 3602 716 3672 iudicandi.
737 3601 971 3671 Denique
992 3602 1062 3656 ait
1083 3602 1130 3655 ei
1157 3621 1169 3654 :
1205 3603 1432 3668 Quorum
1458 3604 1750 3658 remiseritis
1775 3615 1999 3674 peccata,

432 3697 643 3749 remissa
687 3703 867 3758 erunt;
910 3704 956 3748 et
994 3710 1210 3763 quorum
1248 3694 1589 3756 detinueritis,
1633 3697 1831 3750 detenta
1860 3707 2003 3752 erunt

433 3788 608 3858 (Joan.
635 3801 733 3852 xx,
755 3786 867 3854 25).
887 3786 983 3840 ilic
1003 3795 1085 3839 est
1105 3785 1309 3847 Petrus,
1342 3799 1498 3853 quem
1528 3784 1722 3838 Christi
1743 3799 1862 3840 esse
1878 3801 2006 3841 con-

433 3877 840 3930 fidentissimum
871 3875 1107 3943 subjecta
1140 3873 1380 3942 vestigiis
1405 3873 1521 3940 ejus
1549 3874 1714 3925 maria
1744 3875 2003 3942 probave-

433 3980 574 4024 runt.
597 3969 727 4022 Nam
755 3984 782 4020 a
814 3968 1037 4030 Domino
1059 3980 1159 4019 suo
1181 3980 1348 4019 novos
1375 3965 1476 4018 sibi
1503 3965 1616 4018 dari
1657 3964 1708 4018 in
1755 3965 2002 4020 ﬂuctibus

432 4076 668 4132 gressus,
696 4069 753 4114 ut
783 4061 956 4114 ﬁdelis
994 4059 1255 4128 poposcit,
1285 4066 1340 4112 et
1381 4067 1440 4110 ut
1479 4057 1705 4112 dilectus
1729 4059 1953 4111 emeruit
1984 4075 1996 4108 :

433 4156 518 4221 qui
549 4155 618 4206 ob
637 4154 743 4207 hoc
771 4151 942 4205 solum
971 4149 1263 4216 trepidasse
1304 4147 1449 4202 visus
1475 4156 1580 4211 est,
1613 4156 1697 4201 ~ut
1741 4147 1999 4216 fragilitas

433 4245 660 4296 humana
688 4248 1037 4310 cognosceret
1065 4247 1257 4307 quanta
1285 4246 1429 4295 esset
1461 4236 1598 4292 inter
1636 4237 1918 4292 Dominum
1941 4247 1995 4291 et

432 4347 644 4387 servum
668 4330 938 4394 diStantia,
970 4329 1094 4383 dum
1125 4336 1403 4396 aggravata
1447 4327 1674 4394 peccatis
1698 4341 1822 4380 caro
1862 4340 2000 4379 mer-

433 4429 592 4494 gitur,
623 4431 678 4476 et
719 4420 1038 4476 immaculati
1084 4418 1252 4472 nescit
1306 4419 1481 4486 planta
1510 4416 1793 4471 desidere:
1843 4416 1999 4470 simul

432 4525 482 4569 et
517 4515 670 4576 illud,
697 4527 785 4577 ne,
820 4514 942 4566 dum
971 4524 1131 4578 super
1159 4522 1324 4577 aquas
1348 4507 1622 4561 ambulans
1650 4506 1838 4560 Petrus
1866 4506 1999 4576 pede

432 4603 698 4673 intrepido
723 4600 1048 4671 pervenisset
1088 4599 1154 4652 ad
1197 4598 1487 4664 Christum,
1516 4597 1723 4651 Domini
1756 4596 1892 4650 forte
1913 4596 1995 4650 sui

432 4665 1056 4761 virtuiibns'aaquaretur.
1085 4688 1190 4745 Sed
1220 4688 1345 4758 quid
1381 4688 1530 4741 illum
1560 4695 1834 4755 tantopere
1859 4685 1992 4740 dici-
2029 4665 2077 4725 D

435 4800 554 4839 mus
587 4781 902 4850 trepidasse,
947 4796 1068 4835 cum
1124 4779 1208 4848 pia
1261 4777 1543 4846 trepidatio
1591 4791 1685 4830 sua
1738 4775 1994 4844 majorem

433 4875 653 4943 proiecit
679 4875 743 4926 ad
775 4871 971 4926 ﬁdem?
1024 4870 1090 4926 Ut
1126 4869 1268 4923 enim
1317 4867 1542 4922 credidit
1565 4867 1751 4922 Petrus
1774 4865 1995 4934 imperio

433 4967 640 5021 Domini
663 4965 743 5020 sui
769 4978 926 5034 posse
953 4978 1013 5018 se
1036 4977 1065 5016 a
1091 4962 1336 5016 ﬂuctibus
1363 4958 1679 5020 sustentari,
1709 4960 1778 5010 ita
1807 4957 1997 5011 nihilo-

432 5060 604 5112 minus
631 5058 754 5111 dum
786 5055 1060 5125 mergitur,
1088 5053 1314 5108 credidit
1361 5053 1527 5118 ipsius
1564 5050 1776 5104 Domini
1821 5052 1901 5102 sui
1938 5063 1998 5103 se

430 5153 623 5205 virtute
648 5147 984 5204 salvandum.
1016 5145 1155 5200 Vere
1181 5144 1319 5198 beati
1366 5137 1505 5196 Petri
1535 5150 1590 5196 et
1610 5142 1735 5195 dum
1769 5139 1997 5208 trepidat

431 5242 684 5296 mirabilis
718 5240 870 5303 ﬁdes,
896 5253 1056 5308 quam
1110 5251 1208 5290 nec
1260 5235 1494 5304 urgentis
1549 5233 1772 5304 periculi
1826 5221 1996 5302 potuit

432 5335 647 5388 turbare
672 5330 930 5386 formido:
960 5327 1238 5382 clamando
1259 5330 1401 5381 enim
1432 5327 1557 5379 dum
1575 5325 1848 5392 mergitur,
1889 5321 1997 5376 Do-

432 5427 565 5479 mine
587 5465 602 5488 ,
637 5424 793 5478 libera
814 5439 891 5476 me
931 5421 1145 5491 (Matth.
1181 5434 1298 5483 viti,
1337 5417 1450 5483 25),
1478 5417 1544 5472 de
1574 5431 1632 5470 se
1648 5415 1857 5470 diffisus
1883 5425 1997 5482 est,

434 5533 537 5571 non
563 5517 632 5571 de
660 5516 883 5570 Domino
899 5514 1177 5569 dubitavit.
1199 5513 1274 5565 Ne
1297 5511 1416 5580 quis
1432 5524 1560 5578 ergo
1587 5509 1832 5561 timorem
1858 5509 1998 5563 hunc

433 5607 798 5676 gloriosissimi
838 5604 979 5660 Petri
1006 5604 1164 5656 ducat
1191 5602 1242 5654 in
1287 5603 1471 5654 vitium
1505 5618 1519 5653 :
1551 5600 1798 5668 quoniam
1840 5599 2000 5653 timor

434 5699 532 5754 iste
555 5697 798 5767 quamvis
829 5698 1050 5763 primam
1067 5692 1182 5762 ejus
1212 5690 1505 5745 turbaverit
1525 5691 1702 5752 ﬁdem,
1730 5692 2002 5742 conﬁden-

436 5789 556 5841 tiam
605 5798 783 5842 tamen
807 5786 862 5840 in
909 5801 974 5840 eo
1003 5791 1261 5851 reparata:
1288 5780 1620 5835 credulitatis
1643 5779 1871 5833 ornavit.
1903 5777 2000 5832 Hic

435 5886 516 5933 est
543 5877 752 5942 Petrus,
779 5878 864 5932 cui
892 5875 1134 5931 Christus
1180 5871 1607 5929 communionem
1651 5871 1733 5924 sui
1765 5868 1996 5924 nominis

2105 3443 2214 3481 sor.
2245 3427 2395 3480 Unde
2425 3425 2594 3493 patuit
2621 3439 2717 3478 nec
2748 3423 2965 3477 Paulum
2991 3424 3236 3491 maligna:
3262 3423 3454 3476 mentis
3481 3437 3676 3491 pr0pn-

2104 3519 2206 3571 sito
2240 3518 2446 3585 plebem
2486 3501 2803 3570 dominicam
2844 3523 3176 3582 persecutum
3200 3553 3216 3579 ,
3270 3529 3369 3568 nec
3410 3514 3674 3567 Christum

2103 3606 2320 3660 latuisse
2336 3622 2490 3673 quem
2519 3605 2743 3673 eligeret
2769 3604 2820 3657 in
2863 3602 3046 3661 Paulo.
3074 3604 3170 3657 ilic
3195 3612 3281 3656 est
3321 3604 3544 3669 Paulus,
3585 3606 3674 3672 qui

2101 3694 2294 3749 Ctirisﬁ
2328 3695 2544 3749 vocibus
2571 3695 2887 3747 inclamatus
2929 3708 2960 3747 e
3000 3694 3155 3756 coelo,
3205 3693 3375 3746 oculis
3402 3692 3454 3745 in
3482 3707 3540 3746 se
3584 3693 3676 3746 Ju-

2101 3788 2267 3841 daicze
2307 3785 2631 3840 inﬁdelitatis
2660 3785 2883 3848 obtusis,
2920 3783 3136 3837 videndi
3166 3784 3331 3836 aciem
3363 3798 3468 3837 non
3499 3783 3674 3849 perdi-

2101 3878 2199 3940 dit,
2249 3877 2344 3930 sed
2395 3875 2638 3928 mutavit.
2673 3875 2862 3927 Amisit
2891 3874 3076 3928 oculos
3118 3883 3174 3926 et
3204 3872 3424 3941 recepit,
3475 3881 3534 3924 ut
3572 3886 3676 3924 uno

2099 3967 2396 4034 eodemque
2419 3975 2658 4032 tempore
2685 3973 2738 4017 ct
2769 3966 2818 4017 in
2849 3974 3255 4031 persequentem
3285 3962 3540 4016 caecitatis
3565 3961 3673 4012 vin-

2099 4056 2237 4109 dicta
2268 4054 2598 4123 procederet,
2627 4061 2681 4105 et
2725 4053 2964 4105 vocantis
3013 4052 3106 4105 Dei
3146 4051 3310 4119 gratia
3357 4050 3674 4102 illuminaret

2103 4145 2414 4199 Ecclesiam.
2439 4145 2525 4198 Ait
2552 4157 2775 4208 namque
2799 4141 2874 4193 illi
2902 4140 2969 4193 de
2994 4141 3130 4193 coelo
3161 4141 3414 4193 Dominus
3439 4156 3451 4190 :
3476 4138 3637 4192 Saule
3655 4179 3672 4204 ,

2102 4237 2289 4305 Saule,
2320 4238 2439 4305 quid
2474 4251 2553 4288 me
2589 4233 2899 4302 persequeris
2928 4233 3063 4301 (Act.
3095 4247 3145 4285 tx
3166 4272 3180 4295 ,
3210 4233 3306 4296 4)?
3330 4232 3379 4285 id
3427 4242 3530 4295 est,
3574 4247 3671 4283 cur

2101 4344 2186 4382 me
2215 4327 2568 4394 persequeris,
2615 4323 2814 4379 Saulei
2861 4323 2991 4390 Quae
3031 4335 3147 4374 mea
3182 4321 3361 4374 odium
3407 4335 3531 4388 erga
3584 4333 3672 4373 me

2101 4427 2248 4471 tuum
2297 4415 2546 4469 excitavit
2590 4414 2890 4483 iniquitas?
2937 4410 3177 4478 Nunquid
3221 4410 3342 4478 quia
3383 4409 3673 4463 iiluminavi

2100 4519 2291 4568 caecos,
2319 4505 2440 4574 quia
2467 4504 2651 4557 sanavi
2678 4512 2928 4571 aegrotos,
2960 4501 3080 4569 quia
3137 4499 3310 4567 fugavi
3360 4499 3631 4553 dminones
3652 4538 3668 4562 ,

2100 4597 2222 4665 quia
2261 4597 2560 4650 esurientes
2590 4593 2814 4662 populos
2857 4591 3091 4660 quinque
3132 4589 3356 4658 panibus
3385 4590 3543 4658 pavi?
3589 4590 3672 4642 An

2101 4691 2221 4756 quia
2243 4688 2310 4743 de
2339 4687 2554 4740 tumulis
2607 4693 2847 4740 mortuos
2898 4681 3189 4736 suscitavit
3228 4695 3296 4732 an
3342 4680 3476 4733 forte
3506 4679 3674 4746 magis

2099 4783 2219 4851 quia
2253 4778 2495 4832 ﬁdelibus
2535 4775 2668 4829 meis
2694 4787 2913 4842 regnum
2952 4758 3169 4825 creleste
3197 4768 3448 4838 promisi?
3475 4767 3582 4826 Sed
3623 4767 3672 4820 si

2102 4883 2353 4942 praestare
2387 4884 2472 4923 me
2501 4881 2656 4936 posse
2676 4864 2886 4918 dubitas
2917 4861 3060 4932 quod
3090 4862 3362 4929 promitto,
3395 4859 3592 4928 aspice,
3616 4857 3660 4909 si

2100 4970 2274 5015 tamen
2320 4969 2489 5028 potes,
2520 4957 2661 5009 unde
2695 4964 2746 5008 te
2775 4954 2858 5008 vel
2900 4952 3048 5021 quasi
3078 4950 3308 5019 appello.
3352 4948 3457 5002 Sed
3508 4960 3673 5017 quare

2101 5069 2186 5106 me
2235 5047 2595 5121 persequeris,
2646 5044 2827 5108 Saule,
2870 5055 2958 5097 aut
3005 5042 3132 5111 quid
3179 5055 3263 5094 me
3301 5037 3670 5109 persequendo

2105 5140 2351 5210 proﬁcis?
2380 5137 2621 5207 Nunquid
2651 5135 2906 5189 adversus
2929 5142 3239 5200 regnantem
3261 5130 3313 5184 in
3344 5129 3481 5184 coelo
3503 5128 3668 5182 ullum

2106 5245 2194 5289 tua
2241 5232 2537 5301 persecutio
2595 5227 2806 5282 habebit
2859 5224 3134 5279 aﬁ'ecmm?
3189 5220 3425 5290 nunquid
3476 5233 3669 5272 nocere

2105 5325 2230 5380 mibi
2256 5323 2541 5393 quidquam
2571 5329 2786 5387 poteris,
2814 5329 2969 5383 quem
3000 5329 3103 5367 non
3126 5321 3275 5381 potes
3298 5309 3529 5364 intueri?
3557 5306 3667 5376 Ego

2102 5415 2236 5468 enim
2267 5427 2382 5465 sum
2400 5409 2549 5462 Jesus
2579 5406 2903 5468 Nazarcnus,
2936 5417 3085 5472 quem
3121 5410 3172 5452 tu
3198 5397 3504 5466 persequeris
3529 5396 3665 5466 (Act.

2103 5520 2246 5568 χιιι,
2272 5504 2362 5570 8);
2396 5500 2486 5569 qui
2513 5508 2684 5552 terras
2725 5495 2896 5557 caelo,
2946 5501 3158 5545 crucem
3205 5499 3389 5555 regno,
3435 5495 3665 5538 mortem

2101 5593 2453 5664 perpetuitate
2499 5589 2695 5643 mutavi
2722 5601 2738 5640 :
2765 5586 2830 5638 de
2869 5581 3058 5651 quibus
3083 5575 3330 5630 omnibus
3359 5588 3466 5628 non
3497 5582 3550 5664 te
3576 5572 3672 5627 de-

2099 5662 2230 5740 bere
2247 5679 2486 5736 cunctari
2505 5720 2521 5745 ,
2555 5685 2608 5732 et
2633 5683 2846 5744 ereptus
2876 5669 2970 5724 tibi
2999 5680 3138 5720 nunc
3166 5673 3223 5720 et
3252 5673 3370 5733 post
3398 5662 3668 5734 paululum

2101 5773 2337 5829 redditus
2369 5768 2612 5824 suadebit
2651 5769 2918 5832 aspectus.
2974 5759 3046 5814 At
3090 5755 3430 5812 beatissimus
3477 5753 3695 5826 Paulus

2099 5863 2372 5931 repentina
2386 5859 2596 5927 quidem
2613 5853 2849 5910 caecitate
2875 5848 3162 5917 coercitus,
3191 5846 3457 5904 intellecta
3485 5854 3663 5900 tamen
