4046 6188
346 457 452 510 833

1558 449 1612 502 S.
1653 448 1899 504 FAUSTI
1944 448 2356 509 RllEGlENSIS

3500 459 3590 514 885

343 569 617 636 majestate
643 566 905 633 loquentis
937 581 967 620 e
994 566 1153 630 ctelo,
1178 564 1433 619 continuo
1467 560 1637 615 fidelis
1668 559 1911 623 effectus,
1945 564 1997 620 Λ
2024 560 2302 616 debemus.
2339 564 2535 617 Futura
2565 564 2843 619 beatitudo
2886 566 3089 634 acquiri
3124 576 3320 634 potest,
3353 567 3589 623 mstimari

342 668 395 710 et
424 674 452 711 a
486 658 856 726 persecutione
896 656 1121 718 destitit,
1178 664 1231 708 et
1283 666 1448 707 novos
1498 651 1736 705 intuendi
1782 651 1929 704 Chri-

338 764 365 804 s
391 766 479 804 um
509 750 692 804 oculos
719 749 1014 819 acquisivit.
1050 747 1144 800 Hic
1171 756 1253 799 est
1296 744 1510 805 Paulus,
1542 742 1632 811 qui
1674 758 1769 809 pro
1804 755 1925 793 sua-

341 854 457 895 rum
485 820 919 896 remuneratione
964 839 1241 901 virtutum,
1279 837 1415 889 ultra
1460 836 1687 887 lnunana
1737 834 1925 886 merita

342 932 556 986 tertium
594 942 779 1000 raptus
807 931 870 984 ad
901 931 1115 992 cmlum,
1151 928 1389 982 cmlestia
1418 937 1626 980 secreta
1648 925 1924 994 cognovit;

340 1032 396 1074 ut
424 1004 785 1075 Ecclesiarum
815 1021 1019 1074 futurus
1051 1020 1254 1080 ductor,
1283 1019 1421 1071 inter
1450 1017 1667 1085 angelos
1695 1016 1927 1068 disceret

298 1148 301 1151 -
340 1113 479 1181 quod
508 1115 651 1167 inter
678 1112 920 1165 homines
961 1110 1295 1179 pra-dicaret.
1332 1117 1435 1163 Aut
1466 1109 1586 1174 quis
1614 1106 1663 1160 ei
1710 1107 1926 1173 impune

298 1195 305 1201 ’
338 1207 476 1259 ultra
501 1220 603 1258 non
636 1204 839 1265 credat,
864 1202 954 1271 qui
995 1202 1062 1255 de
1114 1198 1466 1255 sacramentis
1494 1196 1780 1251 dominicis
1817 1211 1920 1249 non

339 1295 515 1349 solum
540 1295 720 1349 audita
758 1294 1009 1361 loquitur,
1051 1293 1145 1347 sed
1193 1301 1247 1346 et
1275 1292 1385 1345 visa
1440 1300 1683 1345 testatur.
1717 1290 1920 1355 Quanta

339 1388 462 1454 hoc,
496 1386 711 1453 fratres,
768 1385 861 1440 Dei
912 1384 1080 1438 nostri
1114 1394 1288 1437 actum
1332 1392 1414 1436 est
1454 1382 1645 1450 gratia,
1688 1379 1826 1449 quod
1855 1381 1923 1433 de

337 1476 645 1531 calestibus
665 1476 718 1529 in
742 1476 1094 1544 apostolatum
1120 1485 1339 1528 vocatus
1367 1483 1470 1534 est.
1502 1483 1557 1525 ut
1587 1470 1919 1539 apostolatus

338 1566 451 1633 ejus
472 1572 876 1621 consecraretur
909 1569 960 1619 in
986 1566 1155 1621 cmlo?
1207 1564 1273 1617 Et
1329 1574 1446 1633 post
1471 1565 1649 1617 omnia
1699 1563 1784 1615 hic
1836 1570 1920 1616 est

340 1659 537 1714 Paulus
577 1660 667 1727 qui
710 1660 948 1714 cervices
977 1673 1123 1723 suas,
1152 1671 1283 1727 quas
1307 1657 1565 1711 adversus
1591 1654 1787 1709 Christi
1823 1668 1917 1707 no-

338 1766 458 1805 men
481 1752 740 1820 superbus
768 1761 1031 1815 erexerat,
1077 1751 1400 1819 perfidorum
1431 1746 1714 1801 czedendas
1740 1746 1914 1815 gladio

337 1841 667 1897 humillimus
697 1857 795 1911 pro
832 1842 1032 1896 Christi
1076 1840 1279 1895 honore
1299 1839 1545 1893 submisit
1572 1854 1584 1890 :
1622 1852 1721 1891 nec
1752 1836 1914 1904 piguit

336 1947 458 1986 eum
484 1946 581 2001 pro
614 1932 703 1985 illo
734 1934 868 1987 mori
895 1946 1051 2000 quem
1079 1945 1222 1996 sape
1262 1930 1583 1997 probaverat
1623 1928 1809 1981 vivere
1860 1936 1911 1980 et

337 2035 559 2090 regnare
587 2032 703 2090 post
723 2033 969 2097 mortem.
997 2020 1173 2089 Atque
1192 2022 1261 2073 ita
1295 2018 1490 2071 factum
1519 2028 1599 2070 est
1630 2027 1685 2069 ιιι
1714 2016 1912 2084 glorio-

336 2127 452 2167 sum
481 2112 727 2176 Paulum,
754 2113 843 2181 qtti
891 2112 946 2167 itt
966 2112 1190 2167 diversis
1212 2109 1462 2179 gentibus
1506 2123 1601 2177 pro
1632 2109 1732 2161 fide
1754 2107 1909 2160 Chri-

335 2207 403 2259 sti
432 2205 599 2260 multo
626 2205 918 2260 certamine
960 2203 1261 2258 dimicando
1302 2202 1577 2256 innumera
1603 2200 1734 2253 bella
1761 2210 1913 2268 pere-

336 2307 524 2366 gerat,
574 2299 656 2352 vel
708 2298 962 2352 victorem
1028 2294 1209 2349 mttndi
1284 2296 1447 2348 Roma
1505 2292 1802 2361 susciperet
1845 2292 1910 2343 ad

338 2389 682 2457 triumphum.
708 2388 770 2441 lli
804 2402 931 2457 ergo
952 2396 1076 2441 sunt
1098 2384 1387 2441 beatissimi
1412 2384 1601 2438 Petrus
1618 2390 1673 2436 et
1692 2381 1906 2447 Paulus,

336 2477 425 2546 qui
461 2488 852 2535 sacramentum
889 2477 1124 2531 caelestis
1160 2476 1309 2544 regni
1353 2488 1460 2528 uno
1489 2474 1675 2543 spiritu
1724 2472 1911 2539 prtl‘dl-

337 2580 535 2635 cantes,
567 2569 667 2624 sub
693 2570 847 2624 ttnius
892 2569 1139 2635 passione
1168 2569 1274 2623 diei
1319 2568 1614 2621 doctrinam
1647 2581 1794 2619 suam
1822 2565 1913 2634 pio

336 2661 589 2728 sanguine
608 2670 661 2715 et
684 2670 856 2715 morte
885 2659 1168 2715 fortissima
1190 2667 1608 2722 consecrarunt;
1634 2656 1722 2724 qui
1750 2656 1908 2711 etiam

338 2760 589 2818 tanquam
637 2750 1000 2806 Ecclesiarum
1052 2752 1288 2805 omnium
1330 2749 1599 2819 principes
1648 2747 1768 2801 facti
1804 2746 1913 2800 dis-

338 2843 647 2908 pensatione
660 2843 885 2907 caalesti,
914 2843 1136 2898 Romam
1164 2851 1403 2911 petentes
1426 2842 1784 2896 sacratissima
1816 2854 1910 2893 sua

338 2946 556 3001 corpora
580 2934 629 2987 in
653 2933 793 2988 illius
816 2935 959 2989 urbis
985 2949 1107 2989 arce
1146 2934 1556 2988 recondidcrunt
1573 2974 1586 2996 ,
1611 2949 1726 3001 quae
1750 2933 1911 2985 totius

338 3021 479 3075 orbis
521 3024 825 3077 obtinuerat
870 3025 1223 3092 principatum
1258 3042 1271 3075 :
1304 3034 1565 3091 quatenus
1616 3023 1908 3090 potentiam

339 3113 545 3166 virtutis
572 3127 682 3167 sua:
703 3113 949 3168 Christus
988 3114 1297 3178 ostendens,
1354 3112 1441 3167 ubi
1495 3113 1726 3165 mundus
1750 3123 1911 3179 caput

338 3200 568 3257 habebat
598 3200 833 3271 imperii,
864 3202 935 3257 ibi
959 3204 1112 3272 regni
1162 3204 1241 3257 sui
1284 3203 1551 3271 principes
1596 3201 1906 3256 collocaret.

470 3300 471 3303 “
944 3292 1179 3347 ΞΕΗΜΟ
1214 3292 1314 3345 VII.

908 3388 989 3441 Ad
1039 3390 1335 3442 monachos.
1394 3448 1413 3473 .

409 3478 628 3534 Instruit
649 3492 746 3534 nos
770 3489 926 3550 atque
954 3481 1196 3535 hortatur
1216 3496 1395 3536 sermo
1417 3481 1648 3546 divinus,
1683 3481 1910 3550 qualiter

339 3586 438 3629 nos
491 3576 771 3644 accingere
822 3574 1115 3629 debeamus
1162 3574 1229 3627 ad
1284 3574 1596 3644 inquirenda
1650 3577 1909 3642 promissa

338 3680 453 3729 sua,
503 3674 558 3719 et
602 3664 887 3719 obtinenda
934 3663 1023 3716 illa
1054 3664 1191 3718 bona
1217 3678 1335 3732 quia
1362 3678 1459 3717 nec
1486 3664 1602 3717 visu
1623 3665 1739 3733 capi
1765 3706 1779 3730 ,
1813 3679 1910 3719 nec

339 3756 521 3809 auditu
568 3755 797 3821 percipi,
841 3767 938 3807 nec
990 3754 1222 3821 cogitatu
1253 3753 1634 3822 comprehendi
1668 3765 1904 3822 possunt.

344 3846 505 3899 Petita
530 3844 770 3915 (inquit),
793 3854 839 3896 et
863 3844 1063 3896 dabitur
1090 3845 1226 3897 vobis
1248 3859 1265 3906 ;
1286 3846 1511 3911 qmsrite,
1543 3854 1587 3897 et
1615 3845 1907 3908 invenietis;

338 3934 557 4003 pulsate,
584 3942 631 3985 et
652 3933 905 4002 aperietur
928 3932 1063 3985 vobis
1087 3949 1103 3988 :
1136 3934 1184 3986 id
1212 3945 1315 3996 est,
1341 3943 1398 3987 ut
1422 3942 1662 4002 petamus
1683 3934 1907 3998 orando,

340 4038 642 4093 quaeramus
674 4022 990 4085 laborando,
1020 4025 1291 4091 pulsemns
1313 4024 1741 4092 perseverando;
1774 4036 1825 4078 et
1857 4026 1907 4078 in

340 4132 489 4188 spem
519 4117 817 4172 caelestium
861 4125 1007 4171 tanto
1044 4117 1326 4171 incitemur
1356 4116 1554 4183 studio,
1586 4125 1733 4170 tanto
1763 4117 1905 4169 inar-

338 4212 617 4265 descamus
643 4209 869 4272 affectu;
900 4217 956 4261 ut
984 4223 1102 4262 cum
1141 4208 1480 4277 praemiorum
1510 4208 1785 4277 dignitate,
1812 4208 1908 4261 de-

339 4300 659 4355 s‘deriornm
718 4298 1025 4365 magnitudo
1076 4297 1387 4351 concordet.
1445 4297 1560 4351 Non
1601 4297 1714 4350 vult
1765 4296 1905 4352 cnim

340 4393 489 4446 Deus
510 4400 689 4445 noster
718 4391 852 4443 bona
878 4404 970 4443 sua
1003 4388 1164 4442 nimia
1200 4387 1504 4441 inveniendi
1547 4387 1800 4441 facilitate
1832 4388 1907 4440 vi-

337 4483 564 4537 lescere.
612 4480 845 4533 Pretiosa
885 4489 938 4533 et
986 4477 1413 4548 concupiscibilis
1459 4494 1607 4532 merx
1656 4463 1905 4545 cupidum

336 4580 651 4639 amatorem,
685 4582 841 4640 atque
866 4572 1075 4625 avidum
1101 4573 1482 4640 negotiatorem
1505 4570 1745 4637 requirit.
1769 4572 1907 4640 Ergo

336 4663 428 4718 ille
470 4671 737 4716 tantorum
782 4677 1060 4715 munerum
1117 4663 1473 4729 repromissor
1531 4677 1637 4715 non
1690 4662 1803 4716 vult
1852 4662 1905 4715 in

337 4766 499 4821 opere
543 4765 641 4805 suo
690 4749 949 4819 tepidum,
996 4751 1221 4817 despicit
1276 4752 1644 4817 fastidiosum,
1695 4760 1909 4805 recusat

337 4849 580 4896 coactum
608 4849 663 4895 et
705 4840 991 4908 ingratum,
1033 4839 1238 4907 respuit
1292 4840 1620 4895 indevotum.
1682 4840 1905 4896 Lentum

337 4933 479 4987 enim
511 4941 564 4985 et
607 4945 791 4999 parum
822 4939 1029 4998 gratutn
1070 4944 1308 4998 quaerere
1332 4931 1557 4998 gratiam
1589 4931 1752 4985 divini
1787 4947 1903 4985 utu-

337 5022 481 5077 neris
514 5022 742 5075 maxima
770 5030 851 5074 est
890 5020 1078 5087 injuria
1112 5020 1569 5074 Remuneratoris.
1606 5021 1747 5090 Ergo
1778 5023 1903 5077 totis

337 5115 465 5170 licet
510 5113 702 5167 animat
729 5121 785 5166 et
810 5112 1050 5178 corporis
1092 5110 1369 5167 laboribus
1410 5112 1755 5181 desudamus,
1783 5114 1905 5167 totis

299 5206 464 5261 'licet
506 5202 824 5259 obedientize
874 5202 1074 5256 viribus
1113 5217 1491 5267 exerceamur;
1547 5203 1678 5258 nihil
1729 5215 1904 5258 tamen

335 5294 654 5364 condignum
694 5291 834 5363 quod
881 5292 1073 5346 merito
1100 5307 1196 5359 pro
1239 5294 1546 5348 cmlestibus
1591 5295 1746 5348 bonis
1778 5309 1905 5361 pen-

336 5399 458 5440 sare
478 5394 534 5439 et
560 5384 752 5440 offerre
782 5386 1074 5437 valeamus.
1098 5383 1214 5437 Non
1238 5384 1416 5438 valent
1444 5385 1568 5438 vitae
1593 5387 1904 5454 temporalis

337 5470 590 5542 obsequia
618 5481 832 5527 aeterna:
865 5473 987 5527 vita:
1007 5473 1217 5541 gaudia.
1242 5473 1561 5529 Lassescant
1584 5474 1708 5530 licet
1736 5491 1905 5531 ment-

335 5563 432 5618 bra
453 5563 666 5631 vigiliis,
703 5562 999 5631 pallescant
1024 5577 1117 5617 ora
1135 5561 1385 5631 jejuniis;
1425 5580 1528 5616 non
1556 5574 1700 5617 erant
1726 5573 1902 5621 tamen

337 5651 602 5720 condignae
627 5653 885 5719 passiones
931 5654 1083 5723 hujus
1135 5653 1372 5722 temporis
1406 5654 1473 5705 ad
1511 5656 1741 5723 futuram
1787 5657 1900 5725 glo-

337 5740 468 5793 riam
522 5754 635 5806 qua:
671 5738 971 5793 revelabitur
1030 5742 1083 5793 in
1126 5742 1298 5797 "nobis.
1347 5742 1627 5797 Pulsemus
1669 5759 1799 5813 ergo
1851 5748 1901 5801 in

347 5839 602 5900 quantum
628 5842 931 5899 possumus,
955 5831 1077 5900 quia
1115 5846 1219 5886 non
1258 5845 1538 5900 possumus
1573 5834 1625 5889 itt
1646 5844 1902 5902 quantum

1933 4629 1987 4689 D

2032 670 2137 706 nun
2172 663 2362 721 potest.
2396 655 2507 709 Nisi
2537 657 2678 711 enim
2709 670 2827 710 cum
2860 657 3146 723 aviditate,
3182 657 3284 710 nisi
3314 671 3432 711 cum
3464 660 3589 714 bona

2035 746 2305 800 voluntate
2320 756 2375 800 et
2395 762 2513 800 cum
2540 747 2718 801 laetitia
2754 747 2847 801 Dei
2878 762 3041 814 Opera
3064 749 3351 816 egerimus,
3374 748 3481 803 Deo
3502 765 3591 803 nos

2034 840 2208 906 perire
2250 842 2575 895 noverimus.
2610 826 2864 894 Puta'mus
2912 840 3223 909 (cari~simi)
3262 840 3403 908 quod
3446 842 3592 908 digne

2031 942 2235 997 qumrat
2266 932 2352 985 illa
2377 932 2575 995 anima,
2608 942 2662 986 et
2693 932 2761 985 ita
2805 932 2975 998 pulset
3000 942 3057 985 ut
3081 933 3129 984 ei
3155 932 3454 995 aperiatur;
3483 949 3591 997 quae

2030 1022 2094 1072 ad
2126 1022 2247 1074 leve
2279 1032 2602 1089 prmeeptum
2635 1021 2863 1075 senioris
2888 1022 3218 1089 respondere
3253 1023 3516 1090 pra'sumit
3543 1032 3590 1076 et

2027 1110 2239 1164 dicere:
2273 1111 2513 1179 Nunquid
2543 1112 2683 1165 servi
2712 1113 2878 1165 vestri
2898 1112 3129 1165 smnus?
3159 1111 3274 1165 lam
3302 1112 3402 1165 feci
3431 1113 3587 1165 vicem

2032 1220 2234 1257 meam:
2267 1216 2319 1257 et
2349 1205 2437 1259 ille
2465 1205 2618 1258 faciat
2671 1221 2841 1258 suam.
2885 1205 3166 1270 Quomodo
3214 1205 3315 1260 hoc
3344 1206 3491 1269 dicit,
3512 1206 3588 1259 cui
3664 1268 3667 1272 I

2029 1305 2350 1365 prmceptum
2377 1308 2461 1349 est
2489 1314 2502 1349 :
2532 1296 2710 1350 Nolite
2731 1312 2955 1364 quwrere
2984 1312 3098 1365 qua
3143 1306 3305 1348 vestra
3340 1305 3457 1348 sunt
3480 1297 3503 1349 ?
3531 1296 3587 1350 Et

2024 1389 2214 1440 iterum
2243 1403 2261 1439 :
2292 1387 2404 1440 Non
2430 1402 2542 1455 qua:
2564 1403 2661 1439 sua
2684 1395 2798 1439 sunt
2824 1386 3016 1454 singuli
3038 1385 3420 1449 desiderantes;
3440 1400 3470 1437 a
3491 1400 3588 1453 quo
3676 1412 3685 1423 ο

2024 1495 2129 1532 ttnn
2159 1478 2259 1531 huc
2288 1478 2552 1547 experitur
2581 1486 2637 1530 ut
2676 1476 2975 1531 mercedem
3028 1491 3180 1529 suam
3221 1476 3470 1543 impleat,
3500 1477 3586 1529 sed

2024 1580 2080 1622 ut
2098 1570 2297 1631 alienas
2324 1568 2554 1631 invadat,
2574 1579 2932 1638 praeoccupet,
2954 1568 3163 1635 rapiat?
3185 1566 3441 1621 Putemus
3456 1568 3586 1635 quod

2022 1662 2091 1714 ita
2124 1671 2267 1729 petat
2288 1672 2342 1714 ut
2368 1662 2614 1730 accipiat,
2646 1661 2715 1714 ita
2742 1668 2945 1729 quaerat
2972 1668 3028 1712 ut
3056 1660 3314 1724 inveniat,
3335 1660 3407 1713 ita
3425 1660 3587 1728 pulset

2021 1762 2076 1805 ut
2100 1753 2145 1803 ei
2177 1753 2466 1819 aperiatur,
2493 1751 2582 1820 qui
2609 1766 2705 1819 pro
2728 1751 2903 1819 aliqua
2945 1750 3262 1819 negligentia
3291 1761 3585 1819 correptus,

2016 1853 2068 1895 et
2091 1857 2186 1911 pro
2207 1843 2500 1910 disciplinae
2534 1842 2722 1897 ordine
2752 1842 3059 1911 castigatus,
3089 1857 3195 1895 non
3223 1857 3285 1895 se
3311 1842 3373 1894 ad
3410 1858 3587 1896 emen-

1944 1913 1992 1972 Β
2018 1935 2302 1996 (lationem,
2326 1950 2429 1988 non
2454 1935 2517 1987 ad
2542 1933 2951 1987 satisfactionem
2977 1933 3315 1998 confert,scd
3334 1934 3504 2002 magis
3525 1935 3585 1987 ad

2017 2026 2158 2078 illam
2184 2025 2523 2093 proterviam,
2556 2036 2609 2077 ut
2641 2024 2800 2089 dicat,
2828 2024 3021 2079 desero
3040 2034 3201 2093 atque
3226 2024 3467 2088 discedo,
3493 2026 3587 2077 hoc

2014 2131 2113 2184 ego
2126 2115 2267 2170 ferre
2281 2130 2384 2169 non
2402 2117 2590 2184 patior,
2608 2116 2865 2185 ingenuus
2880 2116 3040 2169 homo
3053 2130 3171 2167 sum
3189 2118 3201 2169 l
3222 2115 3340 2170 lam
3357 2116 3584 2183 primum

2014 2208 2100 2274 qui
2127 2215 2249 2259 ante
2277 2207 2617 2274 praepositum
2645 2207 2727 2260 vel
2751 2207 2993 2260 abbatem
3015 2244 3029 2269 ,
3070 2206 3354 2274 ingenuunt
3384 2220 3446 2260 se
3472 2220 3587 2259 esse

2011 2296 2197 2363 jactat,
2234 2305 2357 2363 [suo
2377 2297 2517 2365 quod
2546 2296 2718 2349 adhuc
2747 2305 2983 2365 emptum
3012 2310 3132 2349 esse
3156 2310 3216 2349 se
3239 2296 3465 2349 nesciat.
3492 2294 3587 2361 Qui

2013 2386 2329 2441 Christiana:
2376 2388 2577 2441 militia:
2624 2390 2953 2456 mancipatus
3002 2388 3274 2455 praesumit
3318 2387 3505 2441 dicere
3528 2402 3585 2441 se

2015 2480 2334 2545 ingenuum,
2388 2494 2524 2549 pene
2570 2488 2652 2532 est
2692 2488 2748 2533 ιιι
2791 2494 2850 2533 se
2896 2488 3051 2545 neget
3090 2478 3287 2532 Christi
3332 2480 3590 2548 sanguine

2014 2564 2399 2639 comparatu'm.
2430 2570 2565 2635 Quid
2594 2582 2675 2623 est
2722 2569 2823 2623 hoc
2854 2568 2993 2621 aliud
3039 2583 3194 2637 quam
3230 2569 3328 2637 ipsi
3363 2569 3591 2624 Domino

2013 2661 2272 2714 clamare:
2309 2660 2466 2713 Liber
2511 2674 2649 2723 sum,
2704 2659 2834 2713 nihil
2885 2660 2978 2712 tibi
3009 2659 3216 2712 debeo?
3265 2660 3336 2712 De
3394 2658 3592 2712 talibus

2014 2748 2225 2802 dicebat
2246 2750 2568 2817 Apostolus:
2601 2746 2728 2801 Cum
2759 2750 2892 2800 enim
2938 2749 3067 2802 servi
3093 2750 3266 2801 essetis
3305 2749 3601 2802 inobedien-

2014 2841 2118 2905 tite,
2147 2838 2292 2893 liberi
2329 2841 2496 2909 fuistis
2516 2839 2736 2911 jnstitia:
2775 2839 2951 2908 (Rom.
2986 2838 3245 2907 vtt).,Non
3270 2838 3411 2892 bene
3442 2841 3588 2907 inge-

2014 2946 2151 2984 nuus
2174 2932 2475 3001 appellatur
2505 2932 2591 2999 qui
2619 2934 2811 2984 misera
2841 2931 3092 2983 vitiorum
3123 2930 3384 2983 servitute
3415 2930 3593 2997 depri-

2015 3024 2195 3076 mitur.
2250 3023 2458 3077 Clamat
2502 3031 2677 3075 autent
2717 3024 2767 3075 in
2816 3022 3136 3076 cntttumclia
3184 3021 3505 3091 disciplinte,
3542 3025 3592 3074 ιιι

2013 3126 2233 3181 peccato
2255 3114 2445 3166 animae
2471 3127 2578 3165 suu-
2602 3130 2614 3164 :
2646 3113 2692 3165 Μ
2714 3113 2782 3165 ilo
2806 3112 3082 3165 di~cederc
3102 3127 3259 3181 quam
3290 3114 3590 3173 emendari,

2012 3215 2171 3269 quam
2195 3200 2531 3269 satisfacere,
2558 3215 2713 3268 quam
2746 3202 2969 3268 implete
2990 3201 3130 3267 quod
3159 3200 3428 3269 praecipis.
3457 3201 3591 3267 Quid

1936 3279 1981 3337 (αἶ
2014 3300 2096 3347 est
2126 3292 2227 3346 hoc
2247 3291 2388 3345 aliud
2413 3306 2568 3360 quam
2591 3291 2775 3361 jngum
2814 3291 3008 3344 (.ltristi
3059 3291 3246 3345 rebelli
3274 3291 3490 3346 cervice
3516 3292 3594 3345 di-

2012 3384 2261 3440 scutere?
2306 3384 2393 3438 lsti
2440 3386 2574 3438 tales
2630 3385 2874 3439 nesciunt
2920 3383 3045 3453 quid
3095 3395 3380 3449 voverunt,
3438 3386 3592 3439 obliti

2012 3485 2137 3531 sunt
2164 3485 2381 3544 propter
2409 3475 2535 3544 quid
2566 3476 2669 3529 huc
2694 3488 2977 3531 venerunt.
3026 3476 3114 3530 Isti
3144 3476 3276 3531 tales
3316 3491 3423 3530 non
3459 3477 3595 3530 bene

2013 3576 2224 3637 petunt,
2267 3567 2309 3621 si
2340 3566 2479 3622 male
2510 3567 2653 3620 vitiis
2682 3576 3025 3636 appetuntur,
3058 3581 3161 3622 non
3206 3567 3310 3620 ﬁde
3341 3567 3594 3634 pulsant,

2013 3664 2107 3719 sed
2155 3663 2467 3717 infidelitate
2494 3659 2788 3731 pulsantur.
2828 3663 2963 3728 Quid
2996 3662 3211 3730 prodest
3248 3663 3392 3731 quod
3420 3662 3599 3717 disce-

2013 3754 2124 3818 dis,
2155 3754 2243 3822 qui
2276 3754 2508 3823 undique
2560 3754 2807 3807 astrictus
2856 3768 2916 3806 es
2956 3753 3182 3807 vinculis
3231 3754 3597 3821 passionum?

2012 3860 2169 3914 quem
2199 3846 2325 3899 hinc
2346 3855 2504 3913 atque
2527 3845 2650 3899 inde
2672 3846 3074 3899 circumvallant
3092 3847 3215 3899 vitia
3246 3860 3339 3899 sua
3356 3846 3381 3898 ἲ
3423 3845 3597 3910 Digne

2012 3939 2203 4004 aliquis
2228 3938 2547 4005 discederet,
2578 3938 2620 3991 si
2654 3938 2743 3991 illo
2778 3938 2855 3990 ire
2897 3946 3096 4006 posset,
3145 3938 3234 3991 ubi
3278 3937 3432 3992 illum
3485 3937 3597 3991 dia-

2013 4028 2164 4081 bolus
2187 4027 2426 4081 invenire
2454 4041 2559 4080 non
2584 4034 2781 4096 posset.
2816 4026 2985 4081 Nemo
3008 4042 3066 4081 se
3090 4027 3254 4091 fallat,
3291 4043 3399 4084 non
3425 4027 3598 4097 fugiat

2011 4118 2373 4172 adversarium
2400 4117 2466 4171 de
2489 4122 2604 4171 loco
2630 4117 2694 4170 ad
2726 4118 2920 4181 locum,
2949 4118 3041 4171 sed
3065 4118 3132 4172 de
3162 4119 3293 4171 vitio
3308 4118 3595 4181 .ad-virtu-

2014 4216 2142 4270 tem,
2173 4207 2240 4262 de
2268 4207 2518 4275 passione
2546 4207 2610 4259 ad
2666 4200 3118 4262 em’endatiouem.
3151 4206 3205 4261 Si
3240 4222 3365 4261 eum
3398 4208 3592 4276 fugiat,

2012 4300 2255 4367 sequitur
2295 4316 2307 4350 :
2355 4298 2581 4352 emenda
2609 4306 2660 4351 te
2684 4338 2697 4361 ,
2727 4307 2780 4351 et
2819 4298 2987 4366 fugiet
3012 4313 3040 4351 a
3074 4307 3147 4361 te,
3176 4298 3316 4352 sicut
3352 4299 3429 4352 ait
3459 4314 3594 4366 apo—

2011 4392 2211 4444 stolus:
2239 4388 2476 4442 Resistite
2499 4388 2723 4453 diabolo,
2750 4398 2794 4442 et
2822 4390 3041 4458 fugietva
3066 4389 3206 4442 vobis
3225 4387 3367 4453 (Jac.
3402 4404 3479 4454 tv,
3509 4390 3594 4454 6).

2012 4479 2127 4532 Non
2153 4478 2370 4533 obedire
2386 4486 2566 4533 autem
2592 4488 2647 4532 et
2678 4478 2813 4532 velle
2842 4477 3143 4544 discedere,
3178 4478 3276 4531 hoc
3299 4485 3385 4532 est
3412 4477 3598 4546 dupli-

2012 4570 2145 4623 citer
2172 4569 2350 4624 facere
2377 4568 2578 4622 diaboli
2624 4568 2951 4621 voluntatem
2981 4609 2995 4631 ,
3028 4568 3128 4622 hoc
3158 4581 3241 4621 est
3282 4568 3598 4623 voluntarie

2012 4661 2111 4715 sibi
2154 4660 2254 4729 ipsi
2299 4662 2481 4728 (etiam
2538 4661 2589 4714 in
2644 4659 2913 4729 praesenti)
2945 4660 3339 4715 damnationem
3384 4662 3596 4715 inferre

2013 4752 2233 4820 peccati.
2268 4751 2373 4804 illis
2400 4750 2529 4818 ipsis
2548 4749 2636 4817 qui
2659 4754 2890 4820 graviter
2918 4750 3058 4819 apud
3105 4766 3201 4805 nos
3229 4750 3560 4820 delinquunt
3579 4791 3596 4815 ,

2011 4842 2210 4897 nullam
2239 4842 2547 4907 tristiorem,
2576 4842 2775 4894 nullam
2814 4841 3143 4896 acerbiorem
3191 4857 3481 4911 possumus
3507 4844 3597 4897 itt-

2010 4934 2192 4987 venire
2212 4934 2553 4996 sententiam,
2576 4947 2734 5000 quam
2759 4942 2817 4986 ut
2845 4948 2873 4985 a
2900 4947 3127 5001 corpore
3151 4936 3599 5003 congregationis

2009 5022 2233 5076 abscisci
2264 5022 2378 5075 sine
2399 5035 2527 5090 pace
2555 5021 2829 5076 discedat:
2854 5021 2919 5075 Et
2941 5024 3174 5092 nunquid
3200 5038 3305 5078 non
3329 5026 3598 5081 amentiae

2010 5128 2173 5184 genus
2204 5122 2314 5178 est,
2348 5124 2406 5167 ut
2453 5113 2553 5168 hoc
2580 5092 2860 5185 quisquam
2912 5129 3008 5183 pro
3057 5116 3302 5170 remedio
3330 5128 3595 5184 expetat.

2008 5203 2335 5273 quodetiam
2364 5217 2392 5256 a
2417 5206 2698 5273 praeposito
2728 5206 2828 5260 nisi
2860 5221 2956 5275 pro
2980 5221 3192 5260 summo
3220 5208 3449 5262 crimine
3474 5224 3593 5263 non

2008 5295 2175 5364 possit
2198 5293 2424 5349 inferri?
2448 5296 2807 5366 lntelligamus
2836 5312 2965 5366 ergo
2992 5299 3123 5352 istas
3154 5299 3505 5368 indignitates
3535 5311 3599 5356 et

2010 5385 2487 5451 contradictiones,
2541 5385 2760 5441 inimico
2794 5399 3117 5456 cooperante
3146 5400 3199 5444 et
3227 5389 3597 5458 disponente,

2010 5477 2317 5545 provenire.
2345 5476 2439 5531 llle
2467 5478 2608 5531 enim
2636 5478 2725 5547 qui
2749 5492 2855 5533 non
2889 5488 3064 5547 potest
3084 5480 3316 5548 aliquem
3337 5481 3599 5535 absolute

2009 5566 2074 5620 de
2097 5565 2215 5620 loco
2244 5567 2429 5621 salutis
2457 5579 2729 5638 excutere,
2757 5569 2994 5625 immittit
3025 5572 3250 5640 primum
3268 5572 3599 5629 occasiones

2008 5664 2062 5710 et
2087 5670 2312 5718 causas;
2346 5658 2581 5713 immittit
2626 5659 3002 5716 inobedientia:
3031 5664 3368 5731 passionem,
3408 5678 3594 5731 quam

2008 5759 2220 5814 semper
2236 5747 2522 5802 infidelitas
2544 5749 2859 5815 comitatur;
2882 5765 3002 5819 quas
3022 5753 3147 5806 dum
3173 5755 3428 5822 captivant
3466 5753 3607 5807 illa-

2009 5838 2278 5904 queaverit
2306 5846 2560 5907 mentem,
2592 5839 2771 5895 statim
2805 5840 3138 5898 intoleranda
3188 5858 3348 5914 atque
3374 5844 3591 5913 impos-
