4046 6188
375 425 479 481 885

1822 424 2090 479 SERMON
2099 426 2199 483 ES.

3518 444 3618 497 886

377 533 549 590 sibilia
579 531 706 586 facit
733 530 891 584 etiam
929 530 1016 585 illa
1047 547 1168 599 qum
1195 548 1352 600 parva
1397 542 1539 587 sunt.
1572 535 1634 586 Et
1688 550 1816 588 sane
1855 535 1951 587 du-

2065 540 2361 606 reliqueris,
2389 549 2514 595 tunc
2541 543 2917 600 animadvertis
2947 531 3139 618 (quasi.
3161 551 3342 605 sedata
3371 560 3621 622 temporis

379 626 524 683 bium
548 638 654 676 non
677 629 762 675 est
778 622 918 690 quod
941 622 1080 675 vires
1106 622 1530 677 inobedientibus
1557 624 1808 677 divinitus
1830 626 1956 678 sub-

381 718 700 775 trahuntur;
744 722 799 765 et
839 711 975 764 sicut
1025 712 1114 766 ille
1137 714 1222 780 qui
1255 729 1360 765 nun
1402 713 1559 768 habet
1601 716 1953 768 necessariam

384 805 506 860 ﬁdei
532 802 916 866 devotionem,
961 810 1014 854 et
1051 803 1187 870 quod
1236 803 1482 870 habebat,
1519 806 1778 874 auferetur
1807 807 1869 858 ab
1897 823 1958 859 eo

391 895 606 966 (Matth.
653 894 798 962 xui);
832 894 900 946 ita
939 904 992 948 et
1037 894 1394 948 inobedientia
1447 897 1673 950 obdurat
1723 898 1956 951 animum

388 1003 545 1058 quem
570 988 734 1040 semel
757 985 994 1054 ceperit,
1025 994 1079 1038 ut
1106 985 1170 1039 ad
1193 988 1527 1054 suscipienda
1550 999 1836 1056 praecepta,
1862 1003 1960 1042 nec

387 1080 732 1142 auctoritate,
765 1093 863 1130 nec
895 1078 1120 1138 ratione,
1176 1077 1443 1142 ﬂectatur,
1485 1081 1578 1133 sed
1625 1080 1765 1148 quod
1794 1081 1960 1147 pessi-

387 1187 530 1227 mum
556 1179 660 1233 est,
694 1168 793 1222 sibi
818 1168 915 1221 soli
944 1168 1146 1233 credat,
1180 1179 1232 1223 ct
1256 1185 1351 1237 pro
1379 1171 1520 1224 omni
1554 1171 1762 1225 ratione
1791 1173 1960 1224 inten-

388 1265 562 1318 tiones
584 1275 708 1313 suas
729 1267 1001 1328 sequatur,
1034 1268 1088 1313 et
1115 1259 1214 1312 hoc
1249 1261 1420 1315 solum
1446 1272 1767 1330 przeceptnm
1794 1273 1958 1329 putet,

386 1351 528 1421 quod
556 1350 807 1403 obturato
836 1349 1000 1403 corde
1041 1350 1308 1417 concepit,
1342 1351 1534 1404 similis
1559 1352 1609 1405 ei
1656 1351 1876 1406 effectus
1903 1369 1961 1407 se

385 1458 491 1510 quo
521 1439 734 1494 divinus
787 1436 976 1492 sermo
998 1441 1306 1507 pronuntiat
1336 1456 1350 1494 :
1387 1440 1583 1492 ltincra
1612 1443 1957 1510 insipientium

385 1541 524 1584 recta
552 1532 604 1582 in
627 1541 899 1596 conspectu
924 1545 1099 1582 eorum
1125 1528 1304 1596 (Prov.
1337 1531 1450 1594 χιι).
1481 1534 1541 1584 Et
1565 1534 1751 1586 iterum
1785 1551 1798 1585 :
1828 1535 1961 1588 Sunt

387 1626 480 1676 via:
506 1638 618 1690 qua:
640 1623 871 1675 videntur
890 1632 1038 1675 rectae
1062 1621 1382 1688 hominibus;
1403 1625 1668 1677 novissima
1697 1634 1862 1677 autem
1881 1643 1963 1679 eo-

389 1732 503 1768 rum
522 1717 717 1767 venient
739 1714 792 1765 in
817 1713 1132 1780 profundum
1158 1714 1307 1781 inferi
1328 1713 1506 1781 (Prov.
1539 1715 1666 1782 xvi).
1688 1715 1964 1769 Postremo

397 1804 578 1857 veniet
612 1802 912 1870 huiusmodi
943 1802 1238 1867 animabus,
1271 1804 1410 1870 quod
1441 1804 1617 1857 domui
1658 1821 1774 1874 quae
1805 1821 1966 1872 super

2061 628 2401 696 tempestate)
2422 628 2544 683 inde
2570 631 2695 698 quid
2721 632 2787 685 de
2817 642 2870 686 te
2897 637 3032 689 male
3078 642 3286 706 egeris;
3323 651 3447 697 tunc
3475 659 3625 699 reco-

2056 719 2269 786 gnoscis
2295 719 2417 786 quid
2449 721 2666 788 periculi
2697 725 2988 779 incurreris
3006 741 3123 781 cum
3147 730 3212 784 de
3241 731 3356 786 loco
3377 734 3441 787 ad
3465 752 3621 799 quem

2058 823 2177 862 eum
2208 810 2398 878 gaudio
2429 826 2654 868 veneras
2680 815 2795 868 sine
2825 830 2974 882 pace,
3004 833 3123 872 cum
3141 824 3391 876 seandalo
3419 825 3624 880 disces-

2060 899 2198 962 sisti,
2227 909 2351 953 tunc
2379 915 2496 954 sera
2524 904 2832 970 poenitentia
2855 919 3015 974 super
3051 885 3231 963 ruinas
3259 926 3384 966 snas
3411 916 3629 980 poenitet

2061 1003 2122 1043 ac
2150 990 2334 1054 deﬂet,
2383 991 2524 1045 sicut
2553 992 2792 1060 quaedam
2824 1010 2948 1049 aves
2987 1013 3106 1065 qua:
3132 1015 3239 1067 pra:
3265 1001 3448 1056 dolore
3468 1020 3629 1071 super

2060 1096 2152 1136 eos
2202 1098 2335 1150 quos
2380 1083 2673 1139 occiderint
2713 1085 2842 1141 ﬂere
2879 1087 3151 1156 dicuntur,
3202 1100 3258 1145 et
3306 1093 3424 1147 haec
3449 1097 3629 1149 omnia

2061 1173 2252 1227 animm
2300 1174 2618 1229 detrimenta
2662 1192 2728 1231 ex
2758 1180 3128 1234 inobedientiae
3174 1184 3316 1237 malo
3359 1186 3627 1240 eveniunt.

2061 1264 2382 1320 Obedieutes
2404 1280 2579 1322 autem
2609 1277 2663 1323 et
2692 1269 2918 1326 humiles
2948 1273 3160 1338 animm,
3185 1277 3376 1330 multas
3409 1279 3627 1332 tribula-

2063 1358 2232 1411 tiones
2273 1366 2431 1425 atque
2485 1372 2671 1413 omnes
2730 1361 2936 1416 labores
2990 1374 3350 1432 prosternunt,
3392 1373 3628 1437 atquein

2062 1450 2430 1516 compendium
2457 1451 2689 1504 mittunt.
2715 1452 2998 1506 Sciendum
3028 1462 3110 1508 est
3127 1457 3270 1510 enim
3299 1459 3439 1525 quod
3460 1475 3628 1528 quan-

2067 1549 2118 1592 to
2151 1540 2460 1594 humiliores
2488 1550 2541 1594 et
2557 1541 2949 1597 obedientiores
2977 1545 3231 1601 fuerimus
3262 1550 3558 1616 prrepositis
3579 1561 3631 1605 et

2067 1630 2305 1696 patribus
2337 1633 2557 1695 nostris,
2590 1633 2642 1685 in
2671 1642 2870 1686 tantum
2905 1634 3118 1689 obediet
3149 1637 3402 1693 Dominus
3431 1643 3630 1694 oratio-

2066 1721 2221 1775 nibus
2253 1723 2469 1776 nostris.
2518 1722 2800 1777 Videamus
2825 1738 2982 1791 quam
3007 1728 3348 1794 acceptabilia
3378 1739 3501 1783 sunt
3531 1730 3630 1785 Do-

2069 1813 2213 1865 mino
2243 1813 2325 1866 vel
2374 1828 2558 1881 Opera,
2607 1815 2687 1868 vel
2730 1815 2930 1883 jejunia
2969 1831 3150 1871 eorum
3181 1820 3269 1887 qui
3314 1821 3423 1874 suis
3462 1824 3632 1888 potius

394 1909 614 1947 arenam
662 1891 919 1947 aedificata
948 1901 1030 1946 est
1064 1909 1076 1945 :
1112 1894 1225 1948 huic
1254 1895 1394 1948 enim
1441 1895 1687 1962 parabole
1733 1895 1964 1950 maxime
1996 1892 2042 1950 B
2068 1917 2223 1970 quam
2255 1903 2522 1957 seniorum
2573 1905 2930 1960 voluntatibus
2962 1908 3346 1976 obsequuntur.
3393 1911 3631 1964 Clamant

390 1986 456 2040 ad
499 1985 875 2040 iuobedientes
923 1985 1159 2052 respicit.
1191 1984 1280 2039 Sic
1309 1988 1448 2040 enim
1483 1988 1703 2056 legimus
1736 2007 1749 2042 :
1784 1989 1961 2043 Omnis

391 2077 477 2142 qui
498 2077 642 2128 audit
674 2074 819 2128 verba
847 2091 958 2128 mea
988 2076 1116 2142 lucc,
1148 2084 1195 2126 et
1243 2092 1345 2128 non
1397 2077 1518 2144 facit
1548 2094 1628 2141 ea,
1658 2079 1964 2132 similabitur

390 2170 496 2222 tiiro
526 2168 681 2220 stulto
709 2169 795 2234 qui
830 2167 1099 2234 aediﬁcavit
1123 2168 1330 2220 domum
1359 2185 1502 2223 suam
1528 2186 1680 2235 super
1723 2181 1952 2236 arenam,

391 2271 495 2314 etc.
521 2257 738 2327 (Matth.
783 2258 920 2327 vni).
947 2257 998 2310 ld
1030 2269 1147 2323 est,
1178 2274 1298 2312 cum
1341 2259 1653 2314 inﬂuxerint
1695 2261 1959 2316 stillicidia

398 2350 731 2419 passionum,
760 2363 876 2401 cum
901 2349 1212 2402 advenerim
1243 2348 1457 2403 ﬂumina
1487 2359 1540 2404 et
1571 2359 1838 2406 torrentes
1883 2363 1963 2405 at-

392 2456 493 2510 que
524 2441 757 2508 impetus
790 2438 1212 2507 tribulationum,
1241 2455 1306 2493 ex
1335 2441 1673 2496 multitudine
1695 2443 1961 2510 negligen-

392 2541 615 2592 taarum;
644 2544 762 2583 cum
787 2529 1032 2583 ﬂaverint
1060 2529 1220 2593 venti,
1243 2530 1319 2583 illi
1350 2531 1528 2598 utique
1557 2533 1646 2597 qui
1678 2547 1772 2600 per
1800 2532 1960 2585 istum

392 2636 571 2673 acrem
599 2620 844 2682 volitant,
877 2621 1043 2687 parati
1072 2619 1136 2673 ad
1174 2620 1370 2674 Christi
1397 2634 1574 2673 arcam
1604 2622 1961 2675 ventilandam

395 2711 564 2765 sicubi
605 2711 874 2764 inveniant
904 2711 1082 2779 paleas
1108 2725 1238 2777 quas
1268 2711 1332 2763 ad
1366 2711 1648 2764 ludibrium
1691 2725 1845 2764 suum
1877 2727 1962 2765 ra-

400 2803 547 2871 piant
567 2811 724 2870 atque
743 2802 1051 2870 dispergant
1074 2817 1087 2865 ;
1119 2813 1242 2854 tunc
1269 2801 1473 2856 irruent
1500 2803 1553 2856 in
1579 2803 1794 2858 domum
1819 2803 1961 2857 illam

401 2909 521 2961 quae
546 2894 662 2946 sine
693 2893 1012 2948 obedientia:
1044 2892 1387 2947 fundamento
1419 2895 1629 2949 inventa
1658 2905 1761 2960 est,
1790 2906 1842 2949 et
1874 2895 1966 2948 ﬂet

394 2987 543 3038 ruina
573 2985 715 3038 illius
753 3000 962 3051 magna.
994 2984 1101 3040 Sed
1129 2985 1349 3039 forsitan
1389 2986 1531 3040 dicat
1563 2987 1788 3056 aliquis:
1819 2987 1966 3041 Nun-

394 3075 520 3142 quid
547 3075 730 3128 statim
755 3075 821 3128 de
841 3074 942 3128 hoc
968 3074 1084 3128 loco
1110 3074 1404 3140 discedere,
1433 3077 1582 3128 ruina
1607 3077 1826 3130 dicenda
1851 3078 1964 3130 est?

395 3166 525 3219 Dico
567 3165 869 3236 (carissimi)
918 3181 1022 3219 non
1070 3167 1286 3245 grandis
1329 3181 1452 3234 spes
1502 3177 1606 3232 est,
1637 3169 1680 3221 si
1727 3172 1876 3222 navis
1911 3170 1962 3222 in

2067 1994 2140 2047 illi
2170 2011 2182 2046 :
2211 1994 2342 2054 Quia
2358 1996 2727 2063 jeiunavimus,
2756 2003 2800 2048 et
2828 2013 2928 2048 non
2960 2000 3232 2066 aspexisti;
3258 1999 3632 2054 humiliavimm

2062 2085 2261 2137 animos
2294 2096 2513 2148 nostras,
2565 2093 2611 2137 et
2638 2085 2874 2148 nescisti;
2904 2095 2957 2139 et
3001 2089 3090 2142 ille
3137 2090 3462 2157 respondet:
3512 2091 3632 2145 Ideo

2061 2177 2180 2242 quia
2211 2175 2264 2226 in
2295 2174 2483 2228 diebus
2510 2174 2695 2242 jejunii
2749 2177 2907 2229 vestri
2959 2179 3225 2232 invenitur
3255 2180 3497 2234 voluntas
3541 2196 3633 2235 vc-

2063 2275 2192 2318 stra.
2254 2264 2505 2317 Videmus
2551 2279 2678 2332 ergo
2721 2280 2816 2333 per
2871 2266 3282 2322 inobedientiam
3336 2271 3631 2324 animorum

2063 2370 2224 2423 opera
2253 2369 2355 2406 non
2387 2355 2600 2422 respici,
2633 2355 2830 2422 jejunia
2863 2369 2966 2408 non
3004 2357 3207 2421 audiri,
3235 2367 3352 2412 vota
3380 2374 3481 2412 noa
3509 2374 3629 2412 sus-

2062 2446 2187 2513 cipi.
2231 2444 2383 2499 Unde
2425 2459 2522 2497 nos
2569 2445 2793 2512 amplius
2849 2445 2985 2498 illius
3034 2447 3278 2500 mandata
3327 2456 3626 2511 si-ctemur,

2063 2530 2184 2596 quia
2212 2529 2276 2581 ad
2310 2544 2405 2583 nos
2435 2543 2466 2583 e
2495 2529 2633 2582 coelo
2662 2529 2955 2594 descendit,
2998 2546 3102 2584 non
3145 2534 3316 2584 solum
3345 2541 3401 2585 ut
3425 2547 3522 2586 nos
3549 2548 3631 2586 re-

2065 2612 2291 2675 dimeret
2320 2622 2505 2675 mortis
2535 2621 2725 2689 pretio,
2769 2623 2860 2675 sed
2905 2623 3063 2675 etiam
3111 2632 3167 2676 ut
3194 2623 3313 2677 vita:
3348 2624 3632 2679 tediﬂcaret

2064 2711 2334 2778 exemplo;
2364 2720 2417 2764 et
2458 2726 2577 2765 cum
2613 2711 2705 2764 illo
2752 2713 2989 2766 dicamus
3019 2729 3030 2764 :
3065 2713 3172 2780 Ego
3203 2730 3303 2766 non
3331 2717 3442 2768 veni
3467 2716 3631 2782 facere

2065 2803 2368 2854 aoluntatem
2393 2817 2577 2867 meam,
2620 2802 2708 2854 scd
2750 2804 3052 2855 voluntatem
3097 2805 3236 2857 illius
3266 2807 3354 2869 qui
3395 2808 3529 2859 misit
3552 2823 3630 2860 me

2067 2890 2259 2944 Putris.
2300 2892 2380 2945 lre
2408 2901 2584 2946 autem
2617 2901 2736 2958 post
2779 2893 3078 2946 voluntates
3110 2896 3347 2962 proprias
3377 2904 3480 2948 tam
3515 2911 3630 2963 per-

2067 2984 2324 3037 niciosum
2356 2993 2470 3049 est,
2502 2992 2559 3037 ut
2588 2983 2688 3036 hoc
2721 2984 2857 3038 Deus
2892 2984 3001 3052 jam
3054 2986 3389 3054 postmodum
3428 2989 3627 3055 iratus,

2069 3091 2163 3144 pro
2192 3076 2533 3129 damnatione
2557 3076 2807 3142 'peccati,
2853 3075 3273 3130 inobedientibus
3320 3080 3516 3145 irroget
3547 3080 3630 3133 di-

2068 3180 2196 3220 cens
2219 3183 2232 3219 :
2259 3165 2324 3219 Et
2341 3167 2512 3219 dimisi
2540 3165 2659 3218 illos
2687 3166 2963 3219 secundum
2980 3167 3233 3220 desideria
3252 3169 3419 3220 cordis.
3436 3185 3628 3222 eorum.

395 3254 641 3311 ﬂuctibus
669 3258 955 3311 constituta
1009 3238 1308 3327 (licet-ipsa
1359 3274 1463 3312 non
1493 3261 1730 3329 pereat),
1782 3270 1957 3314 tamen
1985 3238 2031 3301 Ο
2065 3261 2420 3328 Quamobrem
2449 3260 2536 3328 qui
2570 3261 2679 3312 vult
2707 3275 2866 3328 opera
2899 3275 2993 3314 sua
3014 3274 3133 3314 esse
3163 3269 3306 3314 recte
3331 3261 3382 3314 in
3410 3275 3631 3329 conspe-

391 3348 649 3416 jacturam
689 3349 980 3402 maximam
1009 3348 1077 3403 de
1114 3349 1317 3403 honore
1344 3365 1408 3403 ac
1444 3352 1708 3406 mercibus
1738 3353 1849 3406 suis
1881 3352 1960 3405 fa-

393 3441 518 3503 ciat,
567 3447 621 3493 et
662 3438 727 3492 ad
757 3449 963 3509 portum
995 3455 1159 3494 vacua
1192 3441 1485 3508 perveniat.
1514 3443 1604 3496 Sic
1631 3459 1733 3496 non
1763 3446 1962 3514 grande

396 3532 642 3601 gaudium
668 3542 770 3600 est,
819 3534 863 3588 si
889 3533 1079 3603 aliquis
1108 3535 1172 3587 ad
1220 3536 1398 3588 seculi
1432 3535 1618 3590 ﬂuctus
1645 3546 1918 3592 revertens
1944 3580 1958 3605 ,

396 3639 586 3680 nomen
615 3636 774 3693 atque
804 3624 1037 3678 habitum
1071 3625 1419 3692 professionis
1448 3641 1556 3680 suae
1587 3628 1857 3682 custodire
1885 3629 1963 3682 vi-

396 3714 618 3778 deatur;
645 3713 821 3768 anima
852 3729 980 3769 vero
1007 3715 1122 3783 ejus
1151 3716 1484 3785 negligentiis
1514 3718 1750 3771 tabescat
1778 3733 1839 3771 ac
1865 3719 1960 3772 de-

397 3807 540 3860 fluat.
568 3805 633 3859 Et
654 3805 781 3875 quid
809 3807 1022 3874 gravius
1050 3807 1260 3876 quando
1287 3809 1464 3863 subito
1493 3818 1740 3878 tanquam
1773 3811 1962 3879 aliquis

395 3899 707 3964 repentinus
754 3897 1080 3952 eradicarius
1107 3898 1175 3952 de
1203 3899 1322 3953 loco
1344 3900 1408 3952 ad
1442 3915 1595 3969 quem
1630 3910 1681 3954 te
1711 3901 1964 3955 Dominus

399 3996 521 4043 tuus
567 3997 869 4053 vocaverat,
901 3989 952 4042 in
988 4003 1094 4057 quo
1119 3997 1168 4042 te
1198 3990 1420 4058 primum
1462 3998 1581 4058 post
1609 3992 1746 4044 mala
1782 3993 1962 4046 saeculi

397 4080 545 4147 quasi
586 4079 638 4132 in
666 4088 878 4146 portum
907 4078 974 4133 de
1005 4089 1318 4148 tempestate
1366 4082 1681 4147 induxerat,
1722 4083 1963 4138 oblivisci

406 4167 582 4220 subito
608 4166 856 4222 fraterna:
896 4168 1164 4222 societatis
1190 4178 1242 4223 et
1275 4171 1654 4224 consolationis
1679 4186 1692 4234 ;
1722 4172 1964 4226 oblivisci

399 4259 498 4313 loci
532 4259 674 4312 illius
701 4259 753 4312 in
781 4274 886 4328 quo
913 4260 1140 4328 primum
1172 4260 1533 4314 dulcissimum
1583 4263 1964 4317 immutationis

401 4350 636 4405 habitum
658 4361 712 4404 et
741 4365 932 4405 nomen
964 4351 1233 4405 saecularis
1277 4353 1531 4406 exueris?
1561 4356 1699 4406 Aves
1726 4354 1856 4421 ipsae
1878 4355 1963 4408 di-

404 4441 574 4508 ligunt
591 4429 754 4495 nidos.
773 4455 930 4506 suos;
961 4441 1280 4495 amantferm
1314 4442 1427 4494 loca
1459 4444 1509 4496 in
1541 4444 1728 4512 quibus
1752 4446 1964 4498 nutrita:

397 4541 734 4595 sunt,amant
757 4531 946 4585 cubilia
977 4541 1030 4585 et
1055 4546 1248 4600 pascua
1279 4546 1371 4584 sua
1391 4533 1710 4600 ;quamlibet
1738 4535 1961 4588 naturali

407 4622 655 4677 libertate
680 4621 844 4676 variis
882 4599 1117 4690 partibus
1147 4599 1448 4688 rapiantur,
1469 4623 1660 4688 saepius
1696 4633 1869 4677 tamen
1898 4625 1962 4678 ad
1993 4599 2043 4656 D

401 4725 524 4765 cara
555 4713 652 4766 sibi
685 4713 798 4766 loca
825 4713 1050 4779 quodam
1105 4712 1369 4766 desiderio
1414 4722 1755 4766 revertuntur
1780 4730 1792 4775 ;
1822 4722 1876 4768 et
1911 4726 1964 4768 tu

404 4802 678 4858 intellectu
711 4805 990 4873 praeditus,
1045 4803 1247 4857 ratione
1275 4804 1542 4869 munitus,
1576 4803 1647 4856 ita
1698 4805 1963 4859 interdum

401 4909 561 4950 sensu
608 4897 816 4950 alienus
860 4897 1123 4962 effeceris,
1176 4904 1233 4949 ut
1263 4896 1514 4963 praeferas
1544 4895 1636 4949 Dei
1692 4896 1966 4950 beneficiis

402 4988 697 5040 votunuites
721 4988 803 5041 vel
827 4987 1150 5040 intentiones
1177 4993 1315 5051 tuas,
1346 4995 1400 5039 et
1420 4986 1616 5039 diaboli
1643 4987 1959 5042 insinuatio-

401 5090 498 5128 ncs
517 5078 757 5144 sequaris
775 5078 786 5128 ε
804 5076 931 5140 Quae
954 5075 1245 5142 quamlibet
1263 5073 1327 5127 ad
1348 5073 1510 5128 duros
1533 5075 1757 5137 labores,
1783 5090 1969 5142 qnam-

402 5166 531 5220 lihet
553 5167 619 5220 ad
658 5167 843 5220 salutis
872 5165 1142 5234 naufragia
1168 5174 1325 5232 atque
1355 5147 1546 5218 anima:
1570 5166 1887 5220 detrimenta
1916 5176 1966 5219 te

398 5255 627 5324 rapiant,
678 5265 844 5308 totum
892 5256 990 5308 hoc
1045 5269 1154 5323 prie
1205 5254 1366 5306 nimia
1422 5254 1599 5308 cordis
1655 5255 1966 5320 indignitate

399 5362 504 5400 non
537 5349 735 5401 sentis!
771 5347 1030 5414 Tempore
1073 5347 1213 5400 enim
1258 5345 1616 5407 discessionis,
1650 5346 1810 5398 multa
1841 5360 1966 5414 pro-

401 5439 562 5490 mittit
611 5438 877 5501 inimicus,
923 5448 972 5490 te
1002 5437 1110 5490 illic
1137 5449 1244 5505 quo
1273 5436 1466 5500 tendis,
1500 5436 1756 5503 majorem
1785 5436 1962 5505 profe-

400 5537 564 5590 ctum,
594 5527 814 5581 multam
841 5528 1065 5596 gratiam
1110 5536 1268 5593 atque
1316 5525 1553 5578 omnium
1589 5541 1764 5578 rerum
1793 5527 1962 5580 abun-

403 5617 636 5670 dantiam
668 5625 1021 5686 reperturum,
1051 5628 1113 5668 ac
1157 5625 1210 5670 te
1245 5625 1490 5684 tanquam
1521 5617 1764 5684 angelum
1796 5619 1965 5670 susci-

402 5707 675 5775 piendum.
711 5709 772 5760 Et
797 5717 910 5776 post
935 5699 1048 5754 haec
1071 5719 1085 5768 ;
1111 5703 1324 5772 quando
1353 5708 1620 5759 anxietate
1652 5708 1884 5774 repletus
1911 5717 1964 5762 et

402 5809 531 5863 pace
558 5795 806 5864 nudatus,
841 5793 1106 5864 profectus
1136 5797 1209 5849 tui
1234 5796 1466 5852 studium
1494 5807 1548 5852 et
1578 5806 1790 5852 sacrum
1820 5797 1959 5853 ovile

2065 3363 2152 3404 ctu
2183 3352 2296 3413 Dei,
2329 3350 2460 3403 nihil
2491 3350 2827 3415 obedientia‘,
2860 3350 2988 3403 nihil
3016 3354 3294 3419 praeceptis
3321 3364 3626 3423 praeponat;

2064 3441 2177 3494 sive
2223 3439 2312 3493 ille
2352 3440 2548 3506 junior,
2581 3441 2693 3493 sive
2746 3441 2925 3492 senior
2973 3447 3087 3503 est,
3121 3448 3268 3493 tanto
3307 3442 3425 3508 plus
3475 3444 3631 3498 debet

2065 3529 2282 3584 studere
2309 3528 2644 3582 aedificationi
2671 3537 2725 3582 et
2751 3528 3078 3596 perfectioni.
3109 3528 3317 3582 Nullum
3339 3532 3628 3598 sibi‘finem

2065 3621 2223 3675 faciat
2244 3621 2569 3689 proﬁciendi,
2606 3621 2803 3672 nullum
2838 3623 3118 3674 terminum
3149 3622 3426 3675 constituat
3459 3624 3630 3691 aequi-

2067 3715 2236 3778 rendi,
2264 3729 2382 3766 cum
2413 3712 2514 3766 sibi
2543 3713 2647 3765 dici
2677 3714 2856 3765 audiat
2881 3730 2892 3763 :
2929 3711 3067 3764 Paro
3089 3713 3141 3765 in
3169 3715 3305 3765 exitu
3326 3729 3479 3782 opera
3507 3725 3629 3778 tua;

2067 3805 2378 3859 Etiterum:
2410 3804 2532 3857 Non
2564 3805 2783 3856 verearis
2803 3820 2959 3872 usque
2996 3805 3063 3856 ad
3098 3813 3308 3857 mortem
3328 3805 3624 3875 justiﬁcari.

2066 3897 2133 3950 Et
2163 3897 2353 3950 iterum
2385 3913 2396 3945 :
2425 3895 2692 3963 Sapientia
2737 3897 2789 3947 in
2835 3897 2972 3947 exitu
3022 3895 3240 3948 canitur.
3269 3896 3475 3962 Quanto
3503 3912 3630 3964 ergo

2066 3990 2186 4058 plus
2207 3989 2530 4057 proficimus,
2559 3997 2707 4040 tanto
2732 3988 2848 4056 plus
2880 3987 3218 4042 humiliemur
3244 4003 3258 4042 :
3283 3990 3400 4055 quia
3433 4000 3630 4055 quanto

2067 4081 2186 4149 plus
2219 4078 2478 4132 humiliati
2529 4077 2806 4140 fuerimus,
2840 4087 2984 4130 tanto
3015 4079 3241 4143 amplius
3273 4077 3628 4145 proficiemus.

2067 4170 2251 4223 Nullus
2276 4169 2349 4221 illi
2376 4169 2557 4223 senior
2597 4178 2701 4220 tam
2751 4167 2992 4220 indocms
3043 4176 3326 4234 appareat,
3361 4175 3418 4219 ut
3447 4176 3628 4234 putet,

2068 4258 2206 4328 quod
2234 4273 2339 4311 non
2371 4259 2557 4311 deceat
2585 4256 2906 4321 obcdientia,
2942 4270 3059 4324 quae
3092 4256 3254 4308 Deum
3299 4255 3503 4317 decuit;
3538 4255 3629 4307 Itll-

2069 4351 2269 4403 niilitas
2296 4351 2435 4403 enim
2487 4360 2646 4417 atque
2675 4347 2976 4402 obedientia
3025 4347 3077 4400 in
3119 4347 3416 4414 junioribus
3459 4347 3630 4400 adhuc

2070 4441 2376 4502 necessitas,
2432 4455 2482 4492 ιη
2522 4440 2820 4497 senioribus
2844 4439 2952 4505 jam
2984 4437 3206 4505 dignitas
3238 4445 3335 4490 est.
3372 4437 3468 4490 Ille
3497 4438 3631 4492 bene

2071 4529 2297 4598 prolicit,
2331 4529 2423 4582 ille
2450 4529 2586 4582 bene
2614 4534 2964 4590 consummat,
2995 4528 3081 4594 qui
3125 4527 3356 4594 quotidie
3382 4526 3458 4580 sic
3485 4528 3592 4596 agit
3615 4568 3629 4591 ,

2071 4621 2220 4688 quasi
2252 4635 2464 4684 seraper
2511 4619 2745 4685 incipiat.
2781 4618 3135 4680 Quamobrem
3167 4626 3445 4683 augmenta
3469 4619 3630 4672 meri-

2073 4722 2243 4764 torum
2275 4706 2614 4763 incitamenta
2646 4723 2763 4761 esse
2792 4710 3143 4782 perfecturum
3188 4709 3459 4776 Scriptura
3507 4723 3629 4776 pro-

2069 4800 2297 4854 nuntiat.
2349 4798 2536 4852 De=his
2573 4811 2701 4850 vero
2730 4797 2820 4864 qui
2861 4796 2983 4850 dum
3032 4799 3230 4865 primas
3288 4798 3632 4866 negligentiae

2068 4888 2498 4958 praetermittunt,
2531 4887 2581 4938 in
2612 4886 2742 4939 alias
2757 4893 2914 4951 atque
2937 4885 3065 4940 alias
3094 4900 3305 4954 semper
3335 4888 3631 4948 incurrunt,

2067 4980 2137 5032 ita
2167 4979 2241 5030 ait
2282 4995 2293 5029 :
2326 4975 2567 5028 Peccator
2615 4975 2792 5044 adjicit
2823 4975 2890 5026 ad
2919 4964 3265 5037 peccandum;
3295 4974 3359 5028 de
3397 4974 3632 5042 perfecto

2069 5085 2194 5124 vero
2209 5069 2427 5124 dicitur:
2454 5068 2519 5119 Et
2543 5078 2746 5121 sanctus
2773 5066 2939 5120 adhuc
2972 5068 3330 5134 sanctiﬁcatur.
3350 5067 3633 5123 Videamus

2068 5162 2212 5230 prius
2242 5162 2500 5230 primum,
2533 5159 2656 5228 quid
2694 5167 2807 5212 est:
2847 5157 3090 5210 Peccator
3117 5159 3296 5227 adjicit
3330 5159 3398 5210 ad
3427 5174 3632 5226 peccan-

2067 5254 2206 5307 dum.
2242 5250 2612 5319 Verbi-gratia,
2645 5249 2947 5316 cujuslibet,
2970 5259 3026 5301 ut
3057 5258 3176 5315 puta
3206 5247 3627 5312 obtrectationis,

2069 5342 2243 5412 passio
2282 5341 2326 5394 si
2359 5354 2443 5393 me
2470 5340 2778 5406 impugnare
2823 5339 3046 5406 ceperit,
3087 5338 3132 5391 si
3180 5352 3284 5391 non
3336 5337 3512 5389 statim
3543 5352 3630 5391 me

2069 5432 2342 5503 pcenitudo
2372 5430 2528 5499 hujus
2574 5430 2684 5482 vitii
2713 5429 2955 5497 cmperit,
2987 5443 3105 5482 cras
3145 5436 3282 5480 tanta
3315 5425 3444 5478 mihi
3476 5427 3634 5495 hujus

2068 5526 2178 5581 vitii
2212 5523 2432 5576 facilitas
2461 5521 2641 5574 veniet
2687 5529 2740 5573 et
2768 5520 3008 5587 quaedam
3040 5519 3119 5574 (ut
3145 5518 3220 5568 sic
3241 5515 3488 5583 dixerim)
3511 5531 3634 5568 sua-

2069 5620 2224 5681 vitas,
2248 5623 2309 5667 ut
2335 5627 2584 5667 revocare
2605 5626 2688 5665 me
2713 5610 2780 5665 ab
2809 5610 2896 5662 illo
2921 5618 2972 5662 et
2996 5606 3268 5660 continere
3286 5621 3389 5659 non
3412 5607 3630 5674 possim.

2071 5709 2144 5763 lta
2174 5705 2315 5760 enim
2345 5703 2541 5764 evenit,
2570 5709 2629 5754 ut
2656 5700 2744 5767 qui
2773 5697 2943 5766 primo
2970 5706 3208 5763 tempore
3246 5695 3534 5750 emendare
3575 5711 3634 5748 se

2069 5797 2223 5861 nolit,
2256 5795 2472 5864 incipiat
2493 5793 2544 5848 in
2573 5789 2810 5859 sequenti
2841 5801 2942 5843 nec
2967 5785 3107 5842 velle
3137 5800 3233 5845 nec
3266 5801 3439 5857 posse.
3469 5783 3633 5842 Verbi
