4046 6188
370 456 473 509 887

1367 455 1421 511 S.
1468 456 1707 511 FAUSTI
1752 455 2143 514 R-ilEGIENSlS
2182 457 2560 517 SERMONES.

3512 468 3611 520 833

356 554 555 634 gratia,
580 563 845 634 superbia:
873 564 1211 634 acquiesrere
1249 566 1407 633 cmpi,
1445 567 1682 635 regulam
1714 566 1931 631 violavi,
1964 568 2013 626 Α
2042 568 2327 640 Evangelio
2372 573 2667 639 denuntiat,
2711 575 2894 629 dicens
2925 593 2937 627 ε
2973 573 3142 629 Filius
3183 576 3402 632 hominis
3440 595 3613 631 inum-

369 659 631 713 seniorem
662 654 1084 723 lzesi,juniorem
1116 656 1353 710 destruxi
1389 674 1399 707 :
1440 657 1483 709 si
1514 668 1616 710 non
1648 658 1826 710 statim
1858 671 1941 711 me

369 746 616 812 paenituit
641 748 873 813 graviter
898 761 982 799 me
1011 745 1172 799 fuisse
1201 756 1529 813 prieventum
1551 787 1565 809 ,
1588 747 1698 815 jam
1745 746 1811 800 de
1854 746 1941 800 die

368 839 420 891 in
453 838 594 891 diem
623 836 970 901 libentissime
1000 850 1087 889 me
1110 837 1279 905 rapiet
1306 835 1417 905 ipsa
1442 836 1687 890 violentia
1718 851 1943 890 consue-

367 930 565 984 tudinis
577 939 632 983 et
647 929 876 997 impetus
897 928 1157 996 passionis
1174 969 1189 990 ,
1209 937 1259 980 ut
1281 928 1388 996 jam
1415 944 1510 982 nec
1534 929 1843 998 delinquere
1859 941 1943 981 me

369 1019 694 1088 intelligam,
723 1031 823 1072 nec
852 1030 1071 1085 peccare
1112 1030 1197 1071 me
1223 1019 1479 1072 sentiam:
1517 1020 1767 1072 obscurat
1795 1020 1939 1073 enim

371 1119 534 1179 atque
566 1110 741 1163 obruit
763 1108 1092 1163 iutellectmn
1114 1111 1289 1163 delicti
1323 1108 1605 1165 assiduitas
1630 1111 1943 1181 delinquen-

371 1199 447 1253 di.
482 1198 689 1253 Etenim
718 1198 791 1250 ita
816 1213 910 1251 cor
924 1198 1242 1266 negligentis
1268 1200 1578 1264 obduratur,
1611 1210 1667 1255 ut
1698 1204 1796 1256 hoc
1825 1203 1941 1271 ipso

371 1288 416 1341 si
446 1303 551 1341 non
582 1301 638 1339 se
667 1286 930 1351 humiliet,
963 1289 1011 1341 si
1054 1305 1156 1341 non
1190 1290 1499 1355 satisfaciat,
1531 1292 1817 1359 praeposito
1844 1306 1941 1345 suo

372 1391 569 1431 nocere
596 1391 655 1430 se
682 1379 884 1434 credat.
914 1377 1132 1443 insuper
1160 1388 1214 1432 et
1244 1380 1462 1435 insultet
1490 1391 1543 1436 et
1569 1382 1738 1437 dicat:
1770 1384 1939 1448 Quam

372 1473 678 1518 constanter
698 1464 773 1518 illi
809 1465 1005 1529 restiti,
1029 1481 1185 1532 quam
1210 1466 1345 1522 bene
1368 1484 1471 1522 non
1493 1471 1750 1539 acquievi,
1776 1488 1945 1541 quan-

372 1562 426 1606 ta
456 1553 774 1608 auctoritate
803 1555 1077 1621 respondi,
1108 1559 1324 1624 putabat
1351 1560 1491 1629 quod
1521 1576 1605 1615 me
1626 1576 1840 1631 semper
1863 1563 1939 1617 illi

373 1642 655 1697 humiliare
682 1644 932 1699 deberem
956 1644 982 1697 2
1006 1646 1157 1713 Quod
1202 1648 1291 1715 qui
1320 1648 1465 1718 facit,
1499 1649 1715 1705 diabolo
1744 1666 1803 1705 se
1833 1666 1940 1706 tra-

372 1731 574 1785 didisse
600 1741 831 1795 constat,
855 1735 943 1803 qui
966 1735 1033 1789 de
1062 1734 1335 1791 hominum
1365 1739 1507 1793 vitiis
1525 1753 1581 1793 et
1609 1742 1940 1809 passionibus

372 1834 424 1875 et
456 1824 753 1890 perditione
801 1828 1028 1894 natatur,
1068 1840 1120 1883 et
1176 1831 1440 1899 ejusmodi
1482 1835 1672 1887 animm
1725 1840 1935 1891 eveniet

2043 677 2131 713 rus
2160 672 2235 714 est
2265 663 2319 714 in
2352 662 2519 733 gloria
2557 680 2670 727 sua,
2694 680 2807 716 cum
2830 666 3025 733 angelis
3050 668 3178 733 suis,
3210 678 3258 720 et
3294 682 3415 721 tunc
3437 670 3611 722 reddet

2044 753 2315 820 unicuique
2339 753 2615 805 secundum
2648 770 2801 821 opera
2830 771 2922 806 sua
2956 754 3170 824 (illutth.
3211 773 3319 819 XVI,
3345 758 3454 829 Π).
3486 761 3613 813 Dili-

2042 853 2250 911 genter,
2283 858 2483 910 qumso,
2530 831 2807 907 aitendite,
2852 845 3046 900 fratres
3084 849 3368 909 cat-i~simi,
3404 860 3458 903 et
3494 866 3610 905 me-

2044 950 2164 987 cunt
2195 935 2398 1003 pariter
2424 936 2789 1001 expavescite;
2823 938 2943 1003 quia
2967 954 3073 992 non
3097 938 3225 993 dicit
3253 942 3390 1009 quod
3424 942 3612 995 reddet

2044 1024 2326 1093 unicuique
2348 1025 2640 1079 secundum
2674 1024 3090 1081 misericordiam
3116 1044 3289 1094 suam,
3316 1029 3407 1082 Sed
3434 1047 3611 1083 secun-

2043 1113 2164 1164 dum
2193 1130 2345 1184 opera
2373 1130 2485 1167 sua.
2528 1114 2621 1167 llic
2652 1115 2795 1168 enim
2827 1131 2909 1170 est
2942 1118 3280 1182 misericors;
3315 1120 3381 1172 ibi
3408 1120 3606 1187 justus.

2042 1204 2171 1257 Nam
2195 1203 2331 1272 quod
2358 1205 2535 1257 statim
2560 1220 2661 1257 non
2694 1208 2743 1257 in
2778 1218 3085 1273 peccatores
3117 1216 3142 1243 ⁸
3174 1209 3376 1263 vin.....
3406 1211 3609 1278 patien-

2044 1293 2112 1346 tia
2143 1303 2243 1358 est,
2270 1309 2373 1345 non
2405 1294 2747 1362 negligentia.
2770 1294 2883 1348 Non
2910 1296 2996 1349 ille
3025 1298 3255 1361 potenti:
3290 1300 3490 1364 perdit;
3516 1302 3610 1357 sed

2044 1403 2140 1439 nos
2191 1386 2256 1439 ad
2289 1388 2652 1455 paenitentiam
2692 1390 3000 1442 reservavit.
3036 1390 3184 1445 Unde
3214 1393 3380 1461 magis
3414 1393 3609 1447 timen-

2040 1478 2168 1531 dum
2215 1487 2298 1531 est
2340 1492 2407 1532 ne
2444 1488 2644 1546 Qualtlo
2682 1477 2883 1533 diutius
2922 1488 3195 1547 exspectat
3226 1493 3283 1534 ut
3317 1497 3610 1551 cessemus,

2042 1579 2190 1622 tanto
2216 1568 2426 1635 gravius
2451 1568 2690 1633 damnet,
2719 1570 2761 1621 si
2784 1568 3070 1623 emendare
3100 1570 3446 1627 uoluerimus.
3474 1572 3609 1630 Cum

2043 1657 2156 1711 lure
2193 1656 2260 1710 ita
2295 1658 2426 1723 sint,
2468 1656 2608 1710 scire
2648 1666 2701 1711 et
2731 1656 3026 1727 intelligere
3063 1659 3343 1725 debemus,
3389 1661 3605 1728 fratres,

2044 1748 2177 1802 nihil
2207 1749 2359 1802 nobis
2385 1762 2503 1803 esse
2525 1748 2791 1802 salubrius
2812 1763 2968 1817 quam
2999 1759 3058 1803 ut
3082 1748 3346 1804 damnatis
3376 1753 3610 1807 omnium

2044 1843 2382 1909 praesentium
2413 1855 2590 1893 rerum
2624 1840 3001 1907 voluptatibus,
3029 1842 3079 1895 id
3102 1844 3275 1910 potius
3293 1844 3607 1913 cogitemus,

376 1911 468 1964 illa
497 1918 756 2004 sententia
788 1934 798 1969 :
830 1916 1075 1970 Peccator
1112 1922 1291 1990 adjicit
1320 1924 1387 1975 ad
1413 1925 1747 1992 peccandum.
1771 1926 1936 1991 Quam
1974 1908 2015 1970 Β
2044 1931 2257 2000 quando
2285 1933 2486 1985 erimus
2515 1931 2581 1984 de
2606 1931 2704 1984 hoc
2744 1933 2940 1985 saeculo
2966 1908 3265 1995 transituri,
3292 1908 3385 1989 vel
3402 1908 3611 2004 quando

373 2014 473 2054 nos
500 2000 843 2070 refugientes,
890 2006 1031 2059 illam
1083 2011 1261 2072 potius
1307 2020 1581 2065 teneamus
1623 2030 1742 2082 quze
1776 2015 1933 2081 dicit,

372 2100 420 2142 st
448 2102 655 2145 sanctus
693 2094 864 2145 adhuc
904 2096 1279 2163 sanetificetur;
1324 2109 1379 2151 ut
1409 2100 1645 2168 quotidie
1681 2104 1938 2160 addamus

378 2181 591 2249 merita,
619 2196 719 2237 nec
743 2182 810 2237 de
840 2183 995 2239 nobis
1026 2185 1225 2255 aliquid
1258 2203 1659 2260 pra-sumamus,
1691 2196 1810 2262 quia
1844 2195 1937 2250 Dei

375 2279 461 2325 est
487 2286 650 2326 omne
672 2272 815 2341 quod
845 2288 1050 2329 sumus.
1099 2274 1281 2331 Simus
1330 2279 1505 2348 itaque
1549 2280 1600 2334 in
1639 2297 1801 2352 opere
1845 2284 1937 2339 Dei

374 2362 743 2418 indeficientes
765 2376 983 2433 propter
1003 2377 1253 2422 aeternam
1276 2372 1699 2444 retributionem,
1731 2386 1785 2431 et
1806 2393 1940 2446 quo-

380 2452 509 2507 tidie
537 2454 603 2507 ad
632 2456 855 2509 meliora
879 2458 1180 2512 tendamus.
1208 2460 1319 2524 Ipsa
1348 2465 1486 2517 enim
1509 2468 1937 2535 apprehendendi

374 2542 621 2609 aviditas,
654 2544 766 2613 ipsa
795 2547 1128 2599 consuetudo
1160 2550 1464 2616 proficiendi
1506 2569 1719 2623 semper
1748 2572 1845 2611 nos
1872 2559 1938 2621 ad

373 2636 576 2703 majora
622 2649 895 2705 provocet,
926 2647 980 2692 et
1031 2638 1119 2692 ubi
1169 2643 1363 2697 viderit
1412 2644 1550 2700 Deus
1599 2646 1938 2703 devotionem

373 2727 586 2791 anima),
624 2730 985 2788 ardentiorem
1031 2735 1320 2791 insinuabit
1357 2738 1635 2804 affectum;
1662 2750 1715 2794 et
1743 2747 1941 2809 quanto

375 2830 475 2870 nos
498 2820 788 2875 arserimus
815 2824 881 2876 ad
913 2825 1177 2893 studium,
1214 2836 1364 2881 tanto
1407 2828 1496 2883 ille
1529 2839 1762 2898 apponet
1792 2831 1937 2899 adju-

377 2909 601 2973 torium;
652 2923 849 2980 quanto
901 2930 998 2970 nos
1048 2920 1455 2987 apposuerimus
1485 2922 1551 2974 ad
1578 2921 1936 2991 diligentiam,

379 3008 526 3053 tanto
555 3002 644 3055 ille
672 3004 836 3059 addet
865 3008 929 3060 ad
954 3008 1195 3075 gloriam.
1224 3012 1320 3075 Qui
1348 3013 1514 3086 habet,
1539 3015 1742 3068 dabitur
1767 3015 1865 3081 illi,
1893 3025 1939 3071 et

377 3091 813 3159 superabundabit
835 3094 1045 3166 (Matth.
1073 3110 1219 3164 xm);
1249 3111 1303 3155 et
1323 3102 1426 3155 alio
1444 3103 1561 3157 loco
1590 3105 1752 3159 dicit:
1781 3105 1940 3159 Ροεηί

376 3178 689 3249 adjutorium
716 3198 869 3253 super
896 3194 1165 3253 potentem.
1190 3188 1368 3243 Gratia
1400 3207 1527 3261 ergo
1556 3193 1623 3247 de
1647 3196 1818 3263 gratia
1842 3186 1937 3249 na-

2044 2024 2442 2080 tabernaculum
2483 2024 2652 2079 nostri
2701 2023 2963 2090 corporis,
3010 2024 3200 2078 ultimo
3226 2026 3312 2080 die
3351 2042 3611 2095 superve-

2041 2116 2241 2179 niente,
2263 2114 2578 2183 deposituri,
2607 2122 2662 2167 et
2687 2112 2877 2167 iterum
2901 2112 3029 2167 illud
3055 2116 3458 2170 resurrectionis
3480 2127 3610 2171 tem.

2044 2223 2173 2276 pore
2195 2206 2476 2275 recepturi,
2503 2216 2559 2260 ut
2585 2220 2704 2260 cum
2726 2208 2914 2262 eodem
2939 2206 3279 2276 recipiamus,
3314 2218 3469 2277 prout
3489 2225 3610 2278 ges-

2042 2299 2234 2365 simus,
2263 2298 2377 2352 sive
2417 2296 2643 2365 bonum,
2677 2298 2789 2352 sive
2816 2298 3033 2352 malum.
3079 2297 3147 2353 Et
3175 2298 3297 2353 ideo
3336 2316 3465 2368 rogo
3494 2318 3611 2365 vos,

2043 2389 2260 2457 fratres,
2286 2398 2344 2442 ut
2378 2381 2690 2458 cogitemus,
2725 2389 2908 2457 quales
2949 2391 3150 2443 erimus
3196 2389 3247 2443 in
3289 2390 3376 2444 die
3420 2391 3605 2458 judicii

2045 2478 2343 2549 purissimis
2377 2477 2690 2549 angelorum
2739 2479 3107 2547 conspectibus
3142 2478 3416 2537 efferendi.
3444 2490 3498 2534 et
3533 2496 3612 2535 ze-

2046 2579 2198 2625 terno
2226 2567 2398 2625 Judicl
2440 2570 2699 2624 rationem
2749 2568 2817 2623 de
2856 2568 3009 2623 libris
3050 2571 3393 2626 conscientia
3430 2569 3609 2625 reddi-

2046 2660 2169 2715 turi.
2204 2660 2443 2715 Remotis
2471 2661 2611 2714 enim
2649 2659 2898 2735 omnibus
2927 2660 3352 2728 probationibus,
3398 2671 3606 2715 certum

2043 2759 2125 2806 est
2169 2750 2221 2806 in
2265 2750 2409 2806 diem
2452 2751 2598 2805 illum
2628 2752 2799 2819 ipsum
2835 2758 2958 2803 ante
2998 2764 3057 2803 se
3107 2749 3373 2803 hominem
3413 2752 3611 2803 consti-

2044 2841 2317 2905 tuendum,
2343 2849 2398 2893 et
2422 2840 2591 2909 ipsam
2614 2840 2713 2893 sibi
2735 2840 2965 2893 animam
2989 2838 3039 2892 in
3071 2838 3253 2893 cordis
3276 2840 3492 2908 speculo
3513 2841 3613 2895 de-

2043 2930 2464 2995 monstrandam,
2495 2939 2548 2983 ct
2578 2940 2740 2984 testes
2770 2932 2955 2984 contra
2986 2944 3103 2985 eam
3137 2946 3240 2984 non
3268 2930 3480 2986 aliunde
3508 2932 3610 2985 de-

2043 3020 2193 3086 foris,
2221 3020 2315 3075 sed
2345 3021 2487 3075 intus
2514 3021 2581 3074 de
2603 3019 2714 3089 ipsa
2744 3020 3102 3089 proferentur,
3127 3020 3419 3090 adjicienda
3453 3030 3609 3077 erunt

2044 3129 2147 3168 non
2181 3113 2356 3183 aliqua
2388 3117 2696 3183 peregrina,
2727 3112 2819 3167 sed
2852 3112 3072 3166 nimium
3118 3123 3241 3166 nota
3280 3112 3605 3177 testitiwnia,

2042 3202 2095 3256 id
2121 3213 2223 3268 est,
2252 3217 2412 3270 Opera
2463 3215 2577 3266 sua,
2624 3201 3008 3255 ordinabuntur
3050 3211 3174 3256 ante
3210 3201 3470 3256 infelicem
3500 3205 3609 3256 ani-

375 3269 565 3337 scitur,
598 3280 653 3325 et
681 3274 948 3340 profectus
979 3279 1301 3343 profectibus
1321 3282 1578 3347 serviunt,
1603 3284 1743 3338 lucra
1777 3286 1938 3342 lucris
1966 3266 2009 3324 (ἶ
2044 3306 2182 3346 mam
2208 3266 2418 3360 peccata
2444 3290 2524 3345 vel
2552 3289 2776 3345 crimina
2806 3305 2920 3355 sua,
2951 3300 3008 3344 ut
3032 3305 3150 3345 eam
3172 3291 3462 3345 confundat
3484 3308 3608 3361 pro-

376 3369 433 3415 ει
455 3361 645 3416 merita
673 3364 876 3419 meritis
900 3365 1073 3421 locum
1105 3368 1299 3424 faciunt
1326 3387 1339 3424 :
1373 3382 1428 3426 ut
1455 3383 1654 3443 quanto
1680 3378 1797 3446 plus
1824 3380 1942 3448 quis

375 3453 650 3521 acquirere
677 3456 922 3523 cmperit.
958 3467 1106 3512 tanto
1146 3460 1264 3529 plus
1295 3474 1520 3518 conetur
1548 3470 1857 3535 acquirere;
1889 3482 1942 3525 et

375 3553 575 3613 quanto
602 3545 808 3601 avidius
863 3548 933 3603 de
985 3551 1259 3617 sapientia:
1307 3554 1459 3610 bonis
1508 3557 1764 3625 hauserit,
1796 3571 1942 3615 tanto

269 3706 277 3713 .
375 3633 497 3700 plus
527 3634 741 3691 haurire
768 3636 1080 3694 desideret?
1109 3642 1245 3695 sicut
1272 3644 1383 3711 ipsa
1406 3647 1474 3700 de
1502 3661 1561 3701 se
1590 3648 1821 3718 loquitur
1846 3652 1940 3706 Sa-

376 3723 574 3793 pientia
602 3743 616 3780 :
648 3725 749 3791 Qui
788 3729 941 3781 edunt
979 3746 1060 3783 me
1100 3731 1271 3786 adhuc
1313 3737 1527 3789 esurient
1554 3737 1721 3807 (Eccl.
1772 3743 1937 3812 xstv).

382 3820 675 3889 Urgeamus
716 3838 930 3877 cursum
954 3837 1215 3891 nostrum,
1248 3836 1305 3882 ut
1333 3841 1536 3885 crescat
1569 3831 1620 3886 in
1649 3835 1939 3889 novissimo

373 3911 481 3965 vita
508 3920 711 3966 nostra.
739 3913 1052 3978 Quaeramus
1106 3932 1275 3984 usque
1304 3920 1357 3974 in
1408 3922 1599 3993 finem,
1642 3927 1794 3995 unde,
1821 3930 1938 3982 sine

373 3999 481 4055 (tite
510 4002 742 4069 gaudere
780 4017 1103 4060 mereamur.
1153 4007 1257 4063 Sed
1299 4020 1448 4076 esto,
1497 4028 1601 4068 non
1656 4000 1937 4084 possumus

374 4103 625 4144 exercere
648 4092 891 4160 corporis
930 4094 1160 4161 labores,
1208 4100 1539 4157 conferamus
1564 4120 1661 4159 nos
1684 4107 1749 4160 ad
1780 4109 1937 4176 spiri-

377 4178 591 4233 tualium
623 4183 885 4236 honorum
922 4183 1277 4253 desiderium,
1323 4190 1389 4243 ad
1433 4194 1855 4261 compunctionis
1882 4208 1935 4251 et

371 4269 609 4324 caritatis
646 4282 1007 4340 augmentum.
1047 4272 1361 4343 Siquotidie
1384 4280 1709 4336 lncordibus
1737 4286 1935 4339 nostris

369 4358 715 4427 disponamus
743 4373 1018 4426 ascensus,
1048 4362 1195 4417 nulla
1229 4364 1559 4433 infirmitate,
1609 4369 1749 4425 nulla
1778 4365 1933 4430 aetate

369 4448 556 4504 lassari
584 4459 805 4519 possunt
850 4459 1058 4507 mentes
1078 4493 1093 4519 ,
1126 4462 1182 4508 ut
1212 4454 1572 4523 spiritualibus
1615 4461 1929 4530 quihusdam

368 4538 622 4607 gradibus
665 4540 955 4617 ascendere
1002 4557 1303 4599 mereamur
1332 4544 1397 4599 ad
1430 4550 1684 4614 promissa
1721 4550 1928 4606 Domini

368 4628 536 4682 nostri
561 4629 689 4683 Jesu
727 4631 947 4696 Christi,
998 4634 1084 4688 cui
1113 4644 1196 4689 est
1225 4633 1418 4702 honor,
1448 4639 1620 4692 virtus
1641 4648 1694 4695 et
1738 4642 1935 4711 gloria,-

368 4715 600 4785 potentia
625 4726 681 4771 et
708 4717 942 4785 claritas,
974 4732 1029 4776 et
1066 4723 1489 4792 magniﬁcentia,
1523 4735 1580 4781 et
1622 4727 1926 4798 imperium,

366 4814 420 4859 et
460 4818 626 4873 nunc,
652 4814 708 4861 et
734 4819 968 4876 semper,
990 4819 1045 4864 et
1074 4810 1126 4864 in
1152 4823 1344 4869 cuncta
1373 4812 1934 4876 saecula'smculorum.

358 4894 558 4950 Amen.

943 4960 1171 5043 εἰειΜο
1210 4991 1344 5046 vni.

862 5077 957 5141 (Ex
986 5080 1195 5131 Henrico
1217 5082 1447 5147 Canisio.)

434 5167 611 5234 Modo,
644 5167 836 5225 fratres
860 5173 1143 5239 carissimi,
1171 5190 1293 5232 cum
1323 5179 1503 5235 divina
1540 5181 1605 5235 let
1623 5182 1695 5237 tio
1725 5184 1927 5254 legere-

363 5266 469 5326 tur,
504 5258 802 5315 audivimus
834 5261 1047 5318 beatum
1074 5267 1385 5333 Apostolum
1417 5272 1723 5329 terribiliter
1751 5292 1848 5332 nos
1874 5285 1930 5331 et

363 5350 646 5407 salubriter
673 5350 1069 5409 admonentem.
1104 5358 1194 5412 Sic
1220 5363 1366 5414 enim
1407 5362 1481 5415 ait
1510 5379 1523 5415 :
1557 5364 1744 5420 Omnes
1767 5370 1927 5421 mani-

362 5438 538 5507 festari
565 5451 760 5512 oportet
791 5451 911 5497 ante
952 5446 1174 5501 tribunal
1202 5449 1416 5514 Christi,
1465 5464 1521 5507 ut
1551 5457 1737 5523 referat
1766 5475 1921 5513 unus-

360 5528 568 5596 quisque
591 5533 797 5602 propria
825 5537 1071 5605 corporis,
1100 5548 1255 5607 prout
1272 5540 1445 5609 gessit,
1474 5544 1575 5598 sive
1595 5546 1798 5613 bonum,
1821 5550 1924 5602 sive

362 5617 553 5672 malum
611 5620 697 5681 (ιι
752 5623 870 5679 Car.
933 5626 1045 5697 10).
1103 5628 1279 5695 Quare
1327 5633 1487 5688 etiam
1548 5635 1802 5697 Dominus
1867 5644 1919 5696 in

2043 3381 2211 3448 batio,
2250 3389 2305 3436 et
2340 3381 2632 3435 confundat
2678 3380 2901 3449 agnitio,
2949 3379 3240 3434 secundum
3290 3381 3417 3434 illud
3463 3382 3607 3449 quod

2040 3473 2293 3543 scriptum
2326 3478 2410 3524 est
2438 3488 2452 3523 :
2481 3470 2708 3541 Arguam
2744 3480 2810 3534 te,
2843 3479 2889 3523 et
2911 3480 3136 3522 statuam
3180 3468 3343 3523 illam
3370 3482 3487 3525 ante
3528 3472 3610 3536 fa-

2040 3564 2166 3614 ciem
2188 3571 2326 3614 tuam
2355 3558 2688 3630 (Psal.xux,
2707 3557 2821 3627 2|).
2852 3559 3164 3629 Quicunque
3184 3575 3243 3614 se
3277 3560 3457 3624 modo,
3480 3560 3606 3614 dum

2042 3652 2184 3713 licet,
2209 3649 2497 3706 emendare
2521 3649 2835 3715 neglekerit,
2868 3659 2990 3703 ante
3024 3649 3167 3703 illum
3198 3650 3471 3705 caelestem
3509 3667 3607 3715 po-

2043 3742 2222 3811 pulum
2254 3740 2481 3809 primum
2512 3749 2830 3807 excepturus
2859 3748 2943 3793 est
2970 3738 3037 3792 de
3066 3732 3377 3794 confusione
3400 3741 3609 3808 suppli-

2039 3835 2201 3897 cium,
2230 3841 2285 3887 et
2312 3833 2511 3895 anima,
2542 3846 2662 3900 qua:
2707 3830 2867 3884 modo
2899 3845 2992 3898 per
3026 3830 3415 3897 paenitentiam,
3465 3847 3609 3886 com-

2039 3924 2344 3993 pendiosam
2365 3922 2794 3986 transactionem,
2819 3928 3154 3990 peccatorum
3180 3922 3481 3990 putredines
3506 3937 3605 3976 cu-

2038 4030 2156 4070 rare
2176 4013 2499 4076 dissimulat,
2526 4019 2653 4066 ante
2678 4012 2806 4066 illud
2828 4012 3057 4066 tribunal
3088 4010 3453 4075 metuendum,
3485 4013 3606 4067 sine

2037 4107 2146 4161 ullo
2173 4106 2414 4179 remedio
2437 4105 2491 4158 in
2516 4115 2775 4173 perpetuo
2813 4105 3094 4179 vulnerata
3133 4105 3452 4160 remanebit.
3481 4105 3529 4159 0
3557 4107 3602 4160 si

2032 4198 2141 4266 jam
2170 4212 2310 4251 nunc
2342 4175 2531 4250 faciem
2554 4177 2851 4264 peccatoris
2876 4195 3067 4249 anima:
3096 4195 3283 4249 liceret
3303 4195 3465 4251 oculis
3482 4209 3606 4249 cur-

2035 4287 2118 4340 dis
2144 4294 2234 4341 aut
2258 4286 2497 4352 corporis
2540 4283 2757 4349 intueri,
2785 4292 2839 4337 et
2878 4284 3224 4339 conscientize
3248 4295 3445 4339 nostra;
3470 4285 3603 4338 vul-

2036 4385 2145 4429 tum
2179 4375 2231 4428 in
2278 4373 2550 4428 oculorum
2594 4371 2926 4441 praesentiam
2969 4372 3393 4441 permitteremus
3434 4371 3602 4424 addu-

2034 4466 2183 4519 cere!
2213 4463 2363 4531 Quod
2408 4464 2451 4517 si
2485 4463 2610 4518 licet
2644 4476 2743 4517 nec
2770 4461 2876 4516 dici
2924 4470 3133 4529 potest,
3163 4471 3361 4531 quanto
3397 4460 3597 4523 studio,

2034 4566 2336 4622 quantoque
2374 4561 2514 4608 metu
2544 4568 2851 4621 urgeremus
2884 4551 3077 4607 foedata
3106 4566 3449 4619 componere,
3486 4566 3601 4603 ma-

2032 4645 2204 4699 culata
2230 4655 2457 4711 tergere,
2487 4644 2759 4696 vulnerata
2789 4657 2999 4697 curare.
3031 4640 3154 4695 Ideo
3189 4641 3309 4710 quia
3343 4657 3444 4694 non
3473 4655 3600 4708 pos-

2032 4752 2215 4792 sumus
2240 4736 2405 4790 oculis
2433 4733 2694 4801 corporis,
2728 4731 3092 4799 inspiciamus,
3119 4732 3171 4784 in
3198 4742 3448 4801 quantum
3475 4746 3601 4798 pos-

2031 4840 2236 4892 sumus,
2279 4824 2449 4879 oculis
2491 4821 2689 4888 cordis,
2739 4830 2794 4875 et
2829 4821 3194 4889 unusquisque
3239 4821 3601 4875 conscientias

2032 4926 2245 4971 nostras
2282 4925 2406 4969 ante
2450 4920 2793 4981 conspectum
2832 4911 3103 4966 interioris
3133 4910 3359 4990 hominis
3392 4913 3604 4963 consti—

2033 5015 2266 5070 tuamus,
2295 5005 2394 5072 ipsi
2419 5002 2770 5069 nosmetipsos
2810 5001 3152 5069 castigemus,
3191 5001 3288 5069 ipsi
3319 5014 3415 5054 nos
3442 5014 3605 5054 cura-

2034 5098 2231 5151 tionem
2278 5096 2344 5149 de
2373 5094 2676 5165 quotidiana
2706 5093 3114 5148 conversatione
3142 5091 3415 5146 faciamus.
3450 5092 3599 5145 Allo-

2033 5202 2223 5257 quatur
2248 5205 2307 5243 se
2338 5187 2390 5241 in
2414 5185 2635 5241 secretis
2657 5199 2984 5254 unaquaeque
3010 5184 3208 5248 anima,
3234 5192 3291 5237 et
3318 5183 3485 5237 dicat:
3506 5181 3600 5236 Vi-

2030 5283 2250 5337 deamus
2274 5281 2319 5335 si
2351 5280 2487 5335 hanc
2513 5278 2652 5333 diem
2682 5280 2799 5333 sine
2822 5286 3063 5347 peccato,
3095 5275 3213 5330 sine
3240 5275 3457 5341 invidia,
3480 5275 3601 5329 sine

2029 5372 2436 5437 obtrectatione,
2489 5372 2603 5425 sine
2649 5369 3072 5422 murmuratione
3109 5366 3365 5434 transegi.
3405 5364 3600 5420 Videa-

2031 5480 2148 5518 mus
2190 5464 2236 5518 si
2275 5463 2432 5517 hodie
2484 5461 2623 5531 quod
2673 5460 2736 5514 ad
2780 5459 3078 5528 proiectum
3126 5458 3318 5513 animae
3368 5459 3599 5525 pertinet

2029 5564 2280 5622 operatus
2308 5568 2423 5608 sum
2460 5569 2474 5607 :
2508 5561 2635 5621 puto
2669 5551 2807 5619 quod
2840 5550 2996 5604 hodie
3033 5550 3289 5605 mentitus
3327 5565 3465 5613 sum,
3499 5564 3601 5615 per

2025 5646 2181 5710 iram,
2204 5645 2290 5699 vel
2322 5641 2801 5715 concupiscentiam
2829 5642 2994 5698 victus
3023 5657 3166 5710 sum,
3200 5653 3296 5697 nec
3317 5640 3474 5696 alicui
3503 5642 3596 5696 be~

432 5806 460 5837 ⁸
482 5798 641 5857 Forte
681 5804 903 5861 vindicta
940 5807 1217 5877 descendit,
1246 5812 1348 5877 vel,
1394 5814 1631 5885 vindieat,
1665 5818 1750 5874 vel
1787 5821 1983 5891 aliquid
2018 5824 2209 5881 simile.
