4046 6188
474 403 572 462 891

1818 385 2078 444 FELICIS
2119 386 2199 439 PA
2209 385 2316 439 PE
2355 384 2423 440 ιιι

3632 392 3736 447 892

472 526 619 572 serta
644 522 797 569 semet
833 514 1195 585 adjungentent
1220 552 1238 579 ,
1284 508 1442 563 Deum
1485 505 1782 572 cruciﬁxum
1819 518 1926 554 csse
1954 501 2048 553 do—
2074 501 2125 561 Α
2151 508 2243 554 est.
2302 500 2449 553 Anno
2493 499 2598 553 478
2650 516 2682 552 a
2732 499 2953 569 legitimo
2998 500 3346 570 episcoporum
3398 500 3731 557 Orientalium

472 608 653 671 suisse,
684 605 861 658 addita
897 602 1111 658 solemni
1140 600 1355 671 Trisagii
1381 597 1616 665 {ormqu
1645 596 1740 646 hac
1792 593 2046 645 clausula.

470 697 570 761 Qui
620 696 905 750 crucilixus
951 708 1012 748 es
1056 708 1155 760 pro
1201 690 1374 744 nobis.
1427 686 1757 741 Tumultuum
1805 692 2051 753 pertcesus

471 782 780 854 Martyrius,
812 785 1019 836 antistes
1051 781 1395 834 Antiochenus
1427 817 1443 841 ,
1496 790 1631 827 anno
1657 771 1762 825 472
1799 772 1905 823 sedi
1943 785 2050 823 sua:

469 873 794 936 renuntiavit,
822 888 974 939 quam
1003 886 1120 924 mox
1166 867 1347 919 Petrus
1377 861 1531 917 Fullo
1558 859 1819 932 tyrannica
1847 859 2046 910 invasit.

470 960 577 1015 Iste
597 978 711 1015 vero
733 961 917 1015 Leonis
936 962 1062 1027 imp.
1088 958 1252 1012 edicto
1277 957 1446 1011 statim
1470 953 1689 1025 ejicitur,
1715 959 1759 1002 et
1785 950 1837 1001 in
1869 949 2045 1000 Oasim

470 1053 748 1118 relegatur,
785 1051 1050 1103 substituto
1070 1046 1303 1100 Iuliano.
1330 1045 1474 1098 Anno
1494 1043 1598 1097 476
1618 1058 1647 1093 a
1669 1038 1918 1091 Basilisco
1938 1038 2046 1093 sedi

468 1142 793 1195 Antiochena:
812 1142 1112 1206 restituitur,
1133 1138 1164 1191 ,1
1173 1139 1347 1192 uliano
1374 1152 1583 1189 maerore
1608 1134 1765 1188 animi
1796 1132 2043 1198 confecto.

468 1235 615 1284 Anno
646 1242 878 1301 sequente
903 1248 933 1283 a
957 1229 1180 1296 Joanne,
1201 1243 1347 1300 quem
1375 1228 1664 1299 episcopum
1694 1225 1929 1293 Apameae
1957 1237 2045 1275 or-

467 1322 692 1386 dinarat,
722 1322 1038 1388 deturbatur,
1067 1330 1113 1374 et
1140 1337 1171 1374 a
1196 1320 1388 1391 synodo
1415 1318 1729 1373 clandestina
1768 1316 2044 1366 damnatus

540 1469 567 1497 ι
592 1458 721 1531 Post
763 1461 1117 1529 interregnum
1162 1460 1501 1531 sex_dierum
1554 1461 1769 1531 (quibus
1811 1456 2041 1514 Basilius

468 1529 751 1599 praefectus
772 1531 1041 1596 prseterio,
1066 1531 1248 1585 Roma:
1259 1529 1513 1587 Odoacris
1534 1529 1675 1600 regis
1692 1534 1836 1586 vices
1854 1540 2039 1599 agens,

468 1600 714 1670 electioini
767 1601 985 1652 Romani
1027 1601 1310 1667 pontificis,
1354 1613 1508 1666 prout
1549 1612 1665 1655 acta
1697 1611 1899 1670 quarta:
1948 1612 2041 1665 sy-

467 1669 593 1722 nodi
652 1669 901 1722 Romana:
941 1670 1039 1722 sub
1082 1670 1405 1740 Symmacho
1452 1669 1722 1737 referunt,
1753 1670 2041 1740 sceciilares

466 1748 758 1806 potestates
783 1743 1021 1803 ingerere
1040 1738 1264 1794 conatus
1286 1740 1499 1809 fuerat),
1522 1757 1661 1794 anno
1682 1740 1889 1795 Domini
1911 1738 2038 1809 485.

466 1818 653 1862 octavo
683 1809 769 1863 die
810 1809 1240 1879 Martiipcreatus
1270 1821 1350 1863 est
1393 1808 1622 1879 pontifex
1662 1811 1831 1875 Felix,
1869 1808 2036 1877 patria

2151 591 2365 643 concilio
2396 590 2705 655 Antiochiae,
2730 592 2792 641 ab
2820 590 3004 642 Acacio
3036 589 3503 659 Constantinopoli,
3535 610 3565 643 a
3596 593 3732 645 Sim-

2153 680 2307 748 plicio
2344 679 2515 732 (tenue
2543 680 2818 731 damnatus
2837 719 2851 741 ,
2888 696 2919 730 α
2952 678 3155 733 Zenone
3182 682 3331 734 etiam
3374 681 3619 751 Pityunta
3646 685 3729 735 de-

2153 773 2349 840 portari
2365 774 2561 841 jussus.
2595 772 2741 824 Anno
2770 771 2875 825 484
2901 771 2965 823 ab
2994 773 3314 837 imperatore,
3346 773 3533 825 Acacio
3561 776 3615 826 id
3646 792 3725 825 cu-

2151 872 2315 924 rante,
2342 862 2448 913 sedi
2473 874 2581 913 suae
2608 861 2913 924 restituitur,
2942 860 3117 912 eodem
3158 861 3277 914 licet
3314 872 3533 931 tempore
3560 880 3591 914 a
3624 861 3724 915 Fe-

2153 950 2247 1004 lice
2270 951 2573 1015 damnatus;
2604 966 2811 1016 eamque
2834 967 2987 1018 usque
3012 950 3081 1002 ad
3101 968 3291 1003 annum
3315 951 3438 1015 486,
3461 969 3563 1020 quo
3583 948 3634 1003 o'
3648 954 3725 1016 iit,

2150 1040 2327 1093 tenuit.
2362 1040 2466 1095 Sed
2496 1050 2546 1092 ut
2573 1040 2639 1092 ad
2672 1037 2893 1092 Felicem
2930 1040 3217 1107 redeamus,
3264 1052 3489 1094 mortuus
3520 1041 3615 1095 iste
3656 1058 3728 1094 est

2152 1128 2233 1181 die
2258 1129 2325 1184 30
2350 1128 2587 1183 Januarii
2615 1146 2750 1183 anno
2777 1129 2902 1184 492.

2618 1221 2721 1293 (Ex
2751 1222 2884 1275 libro
2910 1219 3250 1290 Pontiﬁcali.)

2225 1310 2374 1366 Felix
2421 1319 2447 1348 ι
2478 1311 2695 1367 natione
2738 1311 3027 1378 Romanus,
3072 1328 3137 1367 ex
3180 1323 3327 1394 patre
3365 1312 3562 1378 Felice,
3609 1327 3735 1381 pre-

2152 1452 2333 1526 Persa,
2359 1454 2568 1510 fortuna
2592 1471 2800 1521 servus,
2826 1455 3051 1511 necdum
3075 1457 3367 1526 baptizatus
3390 1472 3448 1512 se
3467 1458 3725 1514 clericum

2158 1524 2385 1593 lingens,
2414 1528 2614 1593 primus
2661 1528 3105 1581 lconoclastarum
3142 1524 3353 1591 auctor,
3381 1529 3559 1581 docuit
3588 1538 3726 1583 tein-

2150 1594 2367 1665 poribus
2392 1594 2536 1649 bisce
2564 1596 2893 1651 venerandas
2915 1597 3109 1650 Christi
3148 1610 3560 1665 sanctorumque
3591 1600 3726 1652 ima-

2148 1662 2301 1735 gines
2331 1680 2433 1717 non
2460 1668 2954 1720 esse'venerandas.
2988 1666 3317 1734 Nicephorus
3340 1668 3431 1720 lib.
3468 1662 3576 1732 xci,
3604 1685 3723 1735 «ap.

2147 1731 2235 1805 21.
2267 1734 2456 1803 Cyrola
2484 1736 2762 1803 episc0pus
2803 1731 3132 1789 Arianorum
3160 1738 3225 1789 ad
3266 1751 3414 1790 suam
3446 1731 3725 1805 perfidiam

2148 1802 2404 1857 miraculo
2430 1802 2848 1860 confirmandam
2891 1806 3098 1859 cuidam
3128 1820 3343 1859 suorum
3388 1802 3725 1873 persuaserat

469 1885 758 1939 ltomanus,
787 1870 1242 1948 atavus'Gregorii
1270 1870 1461 1948 Magni,
1492 1892 1646 1945 prout
1672 1882 1786 1948 ipse
1814 1870 2038 1934 testatur
2067 1870 2114 1929 Β
2144 1884 2277 1948 utse
2306 1889 2505 1948 caecum
2534 1891 2653 1930 esse
2691 1877 2983 1948 simularet.
3009 1887 3067 1948 _et
3096 1877 3160 1929 ad
3194 1870 3588 1929 inclinationem
3620 1878 3724 1946 Cy-

466 1948 681 2019 liomilia
700 1951 768 2003 38
788 1949 836 2000 in
864 1950 1171 2019 Evangelia,
1196 1960 1246 2001 et
1265 1950 1299 2003 Ι.
1318 1966 1368 2001 ιν
1391 1952 1619 2019 Dialog.,
1637 1966 1755 2018 cap.
1782 1951 1860 2007 lﬁ.
1886 1952 2039 2004 Initio

469 2017 928 2097 pontiﬁcatus_sui
969 2018 1175 2097 rejecit,
1210 2020 1519 2097 proscripsit
1544 2017 1598 2073 et
1622 2030 1931 2097 exsecratus
1957 2028 2041 2073 est

468 2087 767 2154 impiissimi
800 2087 1028 2142 Zenonis
1056 2089 1373 2154 Heneticon,
1406 2091 1454 2141 id
1479 2101 1562 2143 est
1596 2092 1739 2157 pacis
1762 2101 1815 2143 et
1851 2105 2039 2143 recon-

465 2156 751 2228 ciliationis
772 2156 1027 2211 unitivum
1051 2158 1301 2222 i-dietum,
1325 2174 1429 2228 quo
1455 2156 1612 2212 homo
1635 2160 1797 2213 laicus
1824 2158 1875 2212 in
1905 2175 2037 2213 con-

467 2226 645 2298 cilium
690 2227 1147 2298 Chalcedonense,
1189 2229 1241 2281 in
1268 2226 1547 2297 episcopos
1583 2230 1819 2298 aliosque
1849 2232 2037 2281 ortho-

467 2296 636 2349 doxo-
666 2296 947 2350 anethi-ma
986 2298 1179 2359 intulit,
1219 2299 1336 2353 ﬁdei
1372 2296 1504 2353 nova
1541 2296 1757 2353 decreta
1790 2300 2033 2365 snncivit,

466 2366 610 2433 leges
643 2366 892 2420 Ecclesia:
921 2369 1262 2434 pra-scripsit,
1287 2370 1533 2423 doctores
1553 2369 1801 2423 Erclesize
1816 2370 2033 2435 docere,

468 2450 765 2504 novumque
798 2438 915 2490 ﬁdei
956 2439 1251 2507 symbolum
1298 2440 1425 2504 ipsis
1468 2453 1768 2507 proponere
1814 2440 2034 2505 studuit,

466 2521 573 2573 quo
602 2506 813 2559 deruunt
844 2506 1019 2560 claves
1045 2510 1317 2574 potestatis
1338 2506 1713 2562 ecclesiasticae
1747 2508 2034 2575 suﬁ'urans,

466 2576 519 2627 in
553 2591 655 2628 non
687 2578 1125 2646 obtemperantes
1161 2580 1441 2632 anathema
1484 2579 1651 2646 (proh
1684 2580 1926 2644 scelus!)
1957 2580 2038 2633 in-

467 2647 639 2698 torsit.
662 2645 1149 2713 llocimpiissimum
1168 2647 1406 2712 sacrilegi
1427 2645 1761 2714 imperatoris
1778 2648 2033 2714 edictum,

468 2714 754 2780 impietatis
786 2717 1148 2781 seminarium,
1174 2718 1312 2785 quod
1343 2719 1531 2771 recitat
1552 2720 1617 2771 ad
1654 2718 1871 2771 verbum
1902 2720 2035 2773 Eva-

465 2786 613 2850 grius
639 2786 731 2839 lib.
756 2801 834 2850 tit,
867 2801 984 2853 cap.
1031 2786 1116 2848 lt,
1148 2802 1252 2839 non
1284 2797 1483 2840 tantum
1528 2788 1761 2854 pontifex
1806 2789 2037 2854 proscri-

466 2857 777 2922 psit,\'erum
789 2857 947 2909 etiam
972 2856 1366 2911 subscribentcs
1391 2858 1744 2910 anathematis
1772 2859 2033 2913 sententia

464 2926 857 2980 condemnavit.
888 2925 1093 2981 Theod.
1128 2928 1313 2979 Lector
1337 2927 1428 2979 lib.
1462 2942 1495 2979 ιι
1522 2928 1835 2994 Henoticon,
1856 2928 1905 2981 id
1928 2939 2031 2990 est,

470 2994 732 3047 unitivum
771 2996 1083 3055 nominavit.
1127 3007 1181 3049 ut
1222 3012 1313 3063 per
1363 2996 1518 3062 hujus
1558 2997 1942 3063 professionem
1983 3008 2035 3052 el.

464 3065 908 3132 subscriptionem
937 3065 1171 3119 haeretici
1199 3082 1318 3119 eum
1352 3067 1628 3118 catholicis
1650 3068 1820 3134 aliqua
1846 3069 2031 3122 saltent

465 3136 645 3205 specie
662 3137 965 3205 uiiircntur.
994 3133 1159 3201 Hujus
1186 3136 1513 3200 temporibus
1541 3133 1822 3188 Vandaliea
1852 3152 2033 3205 perse-

465 3204 628 3266 cutio,
658 3203 871 3256 biennio
892 3216 1175 3269 antequam
1208 3206 1435 3258 oriretur
1466 3205 1641 3257 multis
1668 3206 1830 3271 signis
1854 3203 2028 3274 ιιι-ει)ίί-

466 3281 671 3339 gurata,
699 3282 917 3327 auctore
948 3275 1214 3328 llunerico
1248 3276 1471 3329 excitata
1499 3284 1583 3328 est
1616 3277 1664 3328 in
1704 3278 1786 3328 Ah
1803 3278 1902 3340 ica,
1930 3293 2029 3344 qua

471 3350 664 3415 pater
691 3344 821 3397 alias
842 3344 1185 3415 crudelitates
1204 3354 1390 3415 quater
1419 3345 1565 3415 mille
1596 3348 1845 3415 nongenti
1878 3362 2033 3400 sexa-

465 3412 608 3483 ginta
639 3427 735 3467 sex
773 3413 1029 3483 episcopi,
1062 3414 1378 3483 presbyteri,
1405 3414 1614 3468 diaconi
1646 3412 1817 3469 ct'alii
1852 3417 2035 3471 Eccle-

465 3482 560 3552 sia:
583 3483 760 3539 clerici
787 3482 839 3537 in
869 3486 1113 3539 exsilium
1143 3485 1305 3538 eremi
1333 3484 1558 3552 ablegati
1591 3487 1819 3541 fuerunt.
1857 3486 2034 3541 Victor

465 3550 560 3604 lib.
588 3567 622 3606 ιι
644 3555 712 3607 de
730 3554 1104 3609 Persecutione
1126 3553 1345 3608 Vandal.
1374 3550 1515 3608 Idem
1535 3555 1825 3609 llunericus
1847 3571 2033 3611 omnes

466 3620 613 3691 leges
660 3640 688 3676 a
735 3625 1014 3679 catholicis
1059 3624 1471 3691 imperatoribus
1523 3635 1706 3679 contra
1755 3627 2035 3681 haereticos

466 3693 599 3744 latas
626 3708 719 3759 per
753 3694 981 3747 edictum
1012 3696 1363 3747 saevissimum
1404 3695 1455 3747 in
1488 3695 1779 3749 catholicOs
1809 3710 2036 3749 convcr-

468 3760 548 3813 tit.
573 3763 894 3827 Quibusdam
922 3764 1198 3818 cathulicis
1225 3774 1531 3829 persecutor
1552 3779 1709 3827 supra
1735 3768 2034 3819 nominatus

467 3834 722 3904 pratccpi‘t
767 3833 979 3904 linguas
1008 3840 1063 3887 et
1103 3848 1290 3886 manus
1326 3834 1573 3889 dexteras
1614 3834 1910 3902 priest-indi,
1944 3837 2033 3904 qui

469 3899 812 3973 nihilominus
842 3899 1044 3971 Spiritu
1075 3912 1259 3956 sancto
1285 3914 1591 3973 praestante,
1616 3899 1695 3957 ita
1730 3906 1885 3958 locuti
1912 3899 2036 3959 sunt

465 3978 521 4043 et
550 3970 837 4043 loquuntur
861 3970 1128 4041 quomodo
1154 3970 1303 4027 antea
1332 3975 1702 4043 loquebantur.
1732 3974 1837 4028 Sed
1857 3976 1902 4028 si
1923 3977 2035 4042 quis

465 4038 759 4112 incredulus
798 4038 904 4097 esse
954 4043 1187 4107 voluerit,
1236 4038 1416 4112 inquit
1446 4044 1641 4105 \‘icmr,
1689 4054 1864 4111 pergat
1903 4038 2035 4097 nunc

465 4106 975 4181 ConstantinOpolim,
1002 4123 1049 4166 et
1074 4114 1143 4165 ibi
1166 4106 1379 4177 reperiet
1410 4130 1565 4166 unum
1600 4116 1664 4167 de
1689 4106 1804 4167 illis
1829 4114 2035 4167 subdia-

462 4194 650 4251 conum
687 4179 1018 4250 Reparatum,
1065 4198 1315 4237 sermones
1347 4185 1527 4251 politos
1567 4184 1676 4235 sine
1725 4183 1832 4237 ulla
1874 4184 2037 4251 offen-

461 4256 603 4303 sione
632 4249 946 4319 loquentem;
985 4252 1045 4305 ob
1085 4267 1235 4319 quant
1266 4249 1468 4305 causam
1497 4253 1794 4306 venerabilis
1822 4249 2035 4307 nimium

461 4321 515 4372 in
554 4320 747 4387 palatio
787 4321 1005 4375 Zenonis
1035 4320 1270 4382 habetur,
1309 4331 1354 4375 et
1395 4322 1648 4391 pra’cipue
1685 4324 1859 4391 regina
1904 4325 2035 4378 mira

461 4406 576 4441 eum
602 4393 876 4444 reverentia
896 4400 1182 4445 ueneratur.
1204 4392 1283 4446 Ad
1311 4393 1463 4454 cujus
1490 4392 1567 4445 rei
1592 4394 2032 4447 contestationem

465 4460 611 4513 omni
651 4462 962 4528 exceptione
990 4463 1268 4528 majorem,
1297 4461 1632 4516 Justiniauus
1668 4463 1954 4531 imperator
1982 4468 2032 4518 in

464 4531 847 4603 constitutione
874 4548 905 4587 a
930 4547 989 4603 se
1015 4534 1178 4597 edita,
1212 4536 1278 4587 de
1306 4532 1484 4585 ofﬁcio
1517 4533 1751 4599 prtefecti
1794 4535 2030 4603 praetorii

464 4598 659 4653 Africm
682 4601 749 4652 ita
776 4602 883 4655 ait:
924 4602 1156 4656 Vidimus
1185 4603 1493 4657 venerabiles
1517 4598 1651 4655 uiros
1683 4604 1767 4668 qui
1794 4598 2028 4658 abscissis

463 4668 709 4740 radicitus
739 4671 942 4737 linguis,
972 4689 1140 4740 pinnas
1175 4690 1295 4727 suas
1332 4673 1637 4726 miserabiles
1670 4675 2023 4739 loquebantur.

465 4736 543 4811 Ne
572 4752 697 4811 vero
726 4736 980 4811 tyrannus
1016 4744 1329 4796 Arianorum
1375 4744 1619 4811 princeps
1656 4736 2025 4798 crudelitatem

469 4810 605 4861 hanc
627 4808 841 4875 impune
873 4808 1054 4876 ferret,
1071 4812 1212 4879 justo
1238 4815 1325 4867 Dei
1350 4808 1790 4880 v’indicisjudicio
1809 4814 2022 4880 accidit,

463 4886 523 4951 ut
551 4892 669 4930 cum
703 4892 884 4951 amens
908 4880 1006 4931 sibi
1034 4881 1099 4934 de
1131 4881 1232 4934 ﬁde
1260 4883 1516 4937 catholica
1549 4892 1808 4951 prostrata
1842 4886 2028 4938 trium-

466 4948 629 5013 phum
655 4947 915 5018 agendum
954 4963 1071 5002 esse
1098 4961 1326 5018 putaret,
1350 4947 1723 5005 ebullientibus
1758 4962 1870 5007 toto
1908 4968 2028 5006 cor-

466 5031 596 5091 pore
626 5016 895 5091 vermibus
919 5016 1232 5091 exstinctus,
1263 5020 1491 5091 divinam
1523 5023 1809 5089 vindictam
1839 5038 2028 5091 exper-

468 5084 753 5161 tus_f_uerit._
779 5085 958 5161 Victor
988 5084 1237 5156 praedicto
1268 5090 1405 5146 loco.
1429 5084 1719 5161 Gregorius
1751 5084 2027 5149 Turonen-

462 5156 539 5210 sis
562 5155 806 5210 Historia:
838 5155 927 5210 lib.
953 5155 1007 5220 n,
1040 5172 1088 5211 c.
1122 5161 1175 5213 '5.

535 5227 665 5283 Cum
688 5225 1013 5295 Eutychiana
1041 5228 1276 5294 lueresis,
1307 5230 1641 5285 Alexandriae
1661 5240 1712 5286 et
1733 5230 2031 5286 Antiochia:

465 5313 560 5367 per
580 5296 815 5369 ipsarum
849 5297 1202 5369 Ecclesiarum
1235 5301 1717 5369 pseudocpiscopos
1748 5310 1803 5354 et
1830 5299 2030 5354 violen-

465 5366 548 5420 tos
592 5367 869 5421 invasores
914 5366 1188 5421 Fullonem
1229 5366 1281 5423 et
1334 5366 2026 5435 Mogg'umfinvaleseeret,

465 5452 567 5491 una
598 5453 718 5490 cum
747 5437 915 5491 sancti
952 5438 1179 5491 Matthmi
1215 5438 1497 5507 Evangelia
1524 5441 1701 5506 (quod
1748 5455 1841 5492 sua
1872 5456 2028 5493 manu

462 5508 839 5575 descripserat,
868 5521 973 5575 quo
1004 5507 1335 5576 potissimum
1361 5524 1481 5561 vera
1511 5510 1805 5562 humanitas
1833 5508 2027 5564 Christi

462 5580 860 5646 comprobatur,
880 5583 933 5633 in
952 5578 1293 5646 approbrium
1316 5577 1536 5632 haeresis
1555 5589 1676 5632 tunc
1701 5580 2027 5633 invalescen-

464 5645 556 5711 tis)
589 5660 780 5713 corpus
819 5645 1000 5702 sancti,
1029 5645 1287 5702 Barnabas
1321 5647 1564 5712 apostoli.
1598 5649 1912 5702 miraculose
1949 5651 2027 5702 in-

467 5723 681 5786 ventum
712 5716 831 5772 fuit.
868 5717 1073 5770 Tlicod.
1116 5718 1262 5772 Lect.
1303 5718 1394 5771 lib.
1424 5733 1459 5770 ιι
1484 5719 1633 5782 coll.,
1674 5718 2019 5786 Nicephorius,

459 5783 753 5849 Cedrenus,
796 5787 1127 5856 bigebcrtus,
1174 5795 1278 5843 etc.
1329 5788 1555 5844 Xcuaias
1581 5783 2025 5858 quidem'gcnerc

2145 1944 2272 2013 rolte
2297 1946 2620 2011 respiceret:
2650 1946 2743 1999 sed
2764 1945 2976 2008 accidit,
3008 1946 3117 1998 Deo
3134 1958 3477 2013 cooperante,
3508 1950 3573 1999 ad
3594 1944 3723 2000 coii-

2144 2010 2401 2087 l‘usionem
2436 2016 2693 2087 perﬁdiis,
2738 2024 2793 2068 ut
2821 2029 2945 2067 vere
2976 2030 3178 2069 caecum
3224 2010 3535 2080 reddiderit,
3564 2033 3722 2087 quem

2141 2082 2444 2153 illuminare
2473 2084 2722 2153 ﬁngebat.

2215 2152 2384 2220 llnjus
2430 2152 2735 2219 pontificatu
2786 2153 2973 2207 Petrus
3014 2154 3166 2208 Fullo
3212 2153 3542 2209 Antiochena
3591 2156 3722 2211 sede

2141 2220 2210 2273 ob
2237 2224 2480 2276 hmresim
2505 2236 2557 2277 et
2579 2224 2934 2291 blaspheuiias
2959 2223 3201 2293 synodali
3229 2224 3429 2291 judicio
3467 2226 3721 2279 condem-

2141 2302 2298 2362 natus
2330 2296 2572 2358 moritur,
2604 2294 2803 2361 Deique
2834 2293 3019 2362 optimi
3054 2294 3267 2347 maximi
3308 2295 3574 2348 sententia
3623 2298 3719 2349 ite-

2140 2370 2258 2413 rato
2276 2361 2475 2433 judicio
2495 2361 2885 2433 perstringitur.
2916 2365 3068 2415 Anno
3090 2363 3429 2433 pontiﬁcatus
3452 2364 3643 2419 Felicis
3660 2365 3716 2431 6,

2144 2432 2365 2485 Aeacius
2390 2432 3012 2502 Constantinopolitanus
3038 2432 3342 2499 episcopus,
3394 2434 3448 2486 in
3485 2437 3713 2488 anathe-

2140 2512 2280 2573 mate
2311 2516 2682 2569 perseverans,
2714 2504 2873 2557 homo
2898 2502 3361 2557 ambitio~issimus
3383 2513 3435 2557 et
3458 2521 3715 2573 arrogan-

2140 2570 2396 2643 t_iss_imus,
2421 2574 2509 2639 qui
2532 2588 2655 2627 suas
2683 2575 2847 2639 ipsius
2872 2573 3095 2643 viventis
3120 2574 3376 2643 imagines
3402 2575 3452 2626 in
3479 2570 3711 2629 ecclesia

2137 2638 2369 2694 dedicari
2385 2638 2569 2709 passus
2583 2654 2663 2697 ρει
2674 2644 2757 2711 (ιιι
2768 2654 2847 2698 est
2861 2642 2996 2709 apud
3010 2638 3272 2707 Suidamj,
3286 2658 3314 2695 a
3324 2643 3528 2709 judicio
3542 2645 3719 2698 Eccle.

2138 2712 2231 2763 sim
2254 2714 2317 2763 ad
2343 2711 2571 2766 tribunal
2596 2713 2686 2767 Dei
2711 2728 2852 2767 max.
2874 2721 3088 2766 vocatus
3101 2722 3179 2766 est
3195 2730 3207 2763 :
3226 2712 3277 2765 in
3296 2714 3467 2783 locum
3485 2714 3604 2783 ejus
3623 2731 3716 2782 per

2137 2792 2398 2849 summam
2414 2783 2806 2849 improbitatem
2830 2793 2883 2835 et
2901 2783 3133 2835 fraudein
3148 2783 3388 2835 succedit
3403 2782 3612 2837 Flavius
3631 2786 3713 2838 vel

2138 2848 2422 2905 Flavianus
2440 2848 2738 2917 haereticus,
2755 2862 2913 2919 atque
2938 2852 3308 2905 haereticorum
3335 2855 3716 2909 communione

2137 2919 2389 2991 pollutus,
2412 2923 2635 2991 quicum
2651 2940 2754 2979 non
2778 2922 3065 2988 accepisset
3080 2922 3283 2975 litteras
3298 2924 3713 2978 communicato-

2136 2990 2264 3053 rias,
2294 2990 2699 3062 quas’simulata
2728 2994 2829 3048 ﬁde
2850 2992 3111 3046 catholica
3140 3007 3167 3044 a
3198 2992 3434 3046 liomano
3465 2992 3716 3062 pontiﬁce

2135 3061 2449 3130 expetierat,
2473 3072 2643 3116 morte
2663 3063 2933 3130 repentina
2966 3070 3083 3126 pest
3104 3071 3330 3129 quatuor
3354 3061 3565 3118 menses
3588 3063 3716 3117 sub-

2136 3128 2272 3183 latus
2297 3139 2398 3185 est.
2429 3132 2561 3203 lluic
2596 3128 2919 3203 Euphemius
2956 3128 3290 3201 subrogatur,
3323 3133 3714 3203 quiquanipri-

2137 3213 2278 3253 mum
2298 3203 2347 3253 in
2370 3202 2497 3257 sede
2511 3202 3090 3270 Constantinopolitana
3111 3203 3401 3261 collocatus
3418 3202 3533 3263 fuit.
3550 3219 3714 3270 syno.

2136 3270 2260 3322 dum
2290 3270 2782 3329 Chalcedonensem
2804 3262 3149 3342 approbavit;
3185 3272 3325 3325 Petri
3357 3262 3712 3329 Alexandrini

2134 3343 2494 3398 communioni
2534 3344 2873 3404 renuntiavit.
2898 3342 3116 3413 ejusque
3147 3357 3342 3413 nomen
3375 3358 3405 3395 e
3445 3342 3712 3413 diptychis

2135 3413 2389 3486 expunxit
2406 3413 2633 3486 ;_Felic_is
2660 3430 2809 3486 papae
2840 3413 2906 3467 ab
2928 3412 3124 3466 Acacio
3150 3412 3492 3486 exstinctum
3514 3428 3710 3486 nomen

2137 3483 2385 3553 restituit.
2421 3484 2488 3537 Et
2512 3484 2633 3553 quia
2661 3481 2899 3539 'necdum
2935 3497 3126 3553 nomen
3159 3483 3358 3553 Aeaciig
3382 3499 3414 3537 e
3442 3481 3713 3552 diptychis

2133 3548 2461 3624 abstulisset,
2484 3548 2589 3607 non
2610 3570 2741 3624 quas
2757 3552 3163 3624 persynodicam
3186 3550 3481 3619 expetierat
3503 3548 3710 3606 litteras

2135 3623 2380 3700 paciﬁcus
2406 3622 2926 3700 communicatorias,
2947 3622 3037 3676 sed
3058 3624 3711 3700 tantumﬂcon‘unonitorias

2135 3692 2462 3759 impetravit.
2488 3693 2767 3750 Liberatus
2787 3694 3043 3748 diaconus
3065 3708 3179 3759 cap.
3215 3692 3280 3747 18
3301 3709 3314 3756 ;
3340 3693 3593 3762 Evagrius
3612 3693 3704 3746 lib.

2134 3775 2219 3833 ut,
2239 3776 2356 3830 cap.
2384 3763 2481 3827 23;
2512 3764 2730 3833 Niceph.
2758 3765 2848 3819 lib.
2874 3779 2987 3831 xvi,
3010 3778 3129 3829 cap.
3163 3762 3250 3833 l9.

2208 3832 2395 3887 Petrus
2425 3831 2895 3902 Moggus'vastator
2919 3846 2971 3887 et
2995 3833 3170 3897 pra-do
3196 3831 3450 3886 Ecclesia:
3480 3833 3707 3885 Alexan-

2135 3900 2303 3955 drina:
2334 3900 2719 3959 moriturvanno
2743 3905 2949 3957 decimo
2971 3902 3129 3956 tertio
3153 3903 3391 3969 acetipati
3424 3904 3704 3966 episcopa-

2136 3981 2240 4035 tus,
2274 3974 2359 4038 qui
2392 3984 2475 4027 est
2520 3973 2708 4027 Felicis
2751 3989 2897 4041 papae
2927 3978 2979 4034 9,
3003 3971 3525 4038 Christi'lleilempt.
3572 3974 3703 4027 491.

2136 4042 2407 4097 Sufﬁcuur
2437 4045 2482 4097 ei
2510 4043 2826 4098 Athanasius
2858 4042 3144 4096 llerniosus
3175 4042 3223 4093 in
3258 4042 3473 4109 peiﬁdia
3502 4053 3555 4094 et
3582 4060 3701 4093 inu-

2135 4113 2281 4165 ribus
2311 4127 2613 4175 successor,
2640 4123 2781 4167 tanta
2819 4113 2967 4177 sede,
3016 4123 3266 4177 tantoque
3303 4111 3518 4165 nomine
3546 4116 3708 4181 plane

2134 4181 2405 4250 indignus.
2437 4184 2712 4249 Evagrius,
2738 4183 3085 4250 Nicephorus,
3122 4182 3398 4236 Liberatus
3433 4183 3706 4248 pra-dictis

2136 4252 2285 4305 locis.
2312 4251 2387 4307 De
2410 4253 2493 4307 his
2516 4256 2661 4319 plura
2680 4255 2730 4305 in
2760 4258 2899 4305 notis
2915 4253 3072 4321 epist.
3097 4260 3150 4306 et
3174 4253 3517 4304 conciliorum
3542 4252 3701 4304 infra.

2207 4321 2356 4377 llunc
2382 4322 2608 4377 Felicinu
2627 4325 2838 4377 tertium
2861 4331 3072 4376 atavum
3097 4322 3265 4375 sancti
3284 4320 3523 4388 Gregorii
3553 4336 3705 4388 pupa:

2136 4390 2319 4457 fuisse,
2380 4405 2686 4456 sanctasque
2733 4392 2971 4447 Tarsilhe
3020 4393 3163 4459 nepti
3219 4406 3328 4445 suae
3367 4406 3701 4460 apparuisse,

2136 4476 2360 4531 eamque
2403 4464 2469 4517 ad
2521 4464 2757 4519 ctelestia
2810 4479 2966 4528 regna
2991 4476 3231 4525 vei-asse,
3265 4461 3701 4530 martyrologium

2140 4533 2433 4588 Itomanum
2468 4549 2496 4587 a
2524 4535 2730 4599 mendis
2773 4548 2891 4600 qua:
2922 4535 2974 4586 in
3013 4533 3139 4585 illud
3171 4535 3496 4599 irrepserunt
3527 4547 3703 4584 einen~

2058 4589 2106 4649 Ι)
2132 4603 2310 4657 datum
2334 4612 2559 4658 testatur
2589 4589 2669 4658 bis
2693 4589 2888 4657 Verbis.
2918 4601 3092 4655 Roma:
3114 4602 3222 4669 (die
3247 4589 3499 4665 vigesima
3519 4603 3703 4669 quinta

2138 4674 2436 4740 Februarii)
2464 4675 2651 4727 natalis
2674 4674 2834 4727 sancti
2862 4671 3051 4725 Felicis
3078 4687 3225 4739 papa:
3241 4672 3397 4736 tertii,
3424 4673 3511 4735 qui
3538 4672 3705 4723 sancti

2136 4744 2368 4815 Gregorii
2393 4760 2538 4815 papa:
2561 4753 2738 4815 atauus
2765 4743 2861 4809 fuit
2884 4760 2902 4796 :
2932 4742 2995 4795 de
3024 4758 3122 4815 quo
3152 4743 3194 4794 is
3223 4742 3381 4815 refert
3413 4741 3548 4815 quod
3586 4757 3705 4793 san-

2131 4823 2225 4868 ctae
2250 4812 2487 4868 Tarsilltz
2523 4814 2658 4881 nepti
2698 4828 2970 4881 apparens,
3018 4813 3159 4863 illam
3188 4812 3253 4863 ad
3290 4812 3511 4862 caelestia
3547 4827 3707 4878 regna

2131 4886 2343 4938 vocavit.
2362 4884 2533 4939 Verba
2553 4880 2794 4953 Gregorii
2814 4881 2945 4953 illud
2958 4881 3234 4935 referentis
3256 4880 3400 4953 hom.
3422 4880 3471 4931 in
3502 4881 3702 4947 Evang.

2133 4955 2188 5020 5,
2217 4962 2271 5007 et
2296 4954 2502 5022 Dialog.
2527 4954 2615 5006 lib.
2642 4948 2715 5018 tv,
2737 4968 2787 5006 c.
2818 4952 2906 5013 16,
2934 4951 3047 5005 haec
3073 4959 3228 5003 sunt:
3256 4948 3380 5022 Tres
3400 4960 3543 5012 pater
3565 4966 3706 5002 meus

2131 5040 2329 5079 sorores
2360 5020 2555 5082 habuit.
2583 5038 2697 5090 quae
2716 5033 2908 5075 cuncta:
2937 5031 3037 5090 tres
3056 5035 3213 5073 sacrae
3233 5020 3708 5090 virginesjuerunt;

2131 5110 2349 5160 quarum
2394 5111 2499 5149 una
2529 5086 2771 5159 Tarsilla,
2802 5094 2905 5144 alia
2946 5089 3228 5160 Gordiano,
3272 5086 3379 5142 alia
3416 5086 3710 5160 zEmiliana

2134 5158 2416 5217 dicebatur.
2462 5165 2525 5217 Et
2564 5164 2719 5228 paulo
2749 5162 2884 5216 intra
2921 5178 2936 5215 :
2982 5159 3218 5222 Quadam
3250 5173 3366 5212 vero
3394 5169 3540 5211 nocte
3583 5158 3709 5211 huic

2137 5233 2391 5295 ansillw,
2416 5249 2532 5299 quia
2550 5234 2681 5285 inter
2698 5247 2899 5285 sorores
2935 5246 3053 5284 suas
3089 5231 3268 5281 uirtute
3296 5228 3551 5299 continua:
3588 5244 3710 5280 ora-

2132 5305 2305 5368 tionis,
2335 5297 2616 5373 aﬂlictionis
2650 5302 2910 5373 studiosos,
2935 5299 3253 5373 abstinentia:_
3274 5297 3713 5373 si_ngularis,_gra.

2134 5367 2421 5427 vitatevitle
2440 5372 2759 5435 venerabilis,
2782 5379 2828 5423 et
2857 5374 3047 5422 honore
3080 5378 3127 5422 et
3170 5369 3390 5421 culmine
3421 5367 3711 5420 sanctitatis

2134 5452 2417 5496 excreuerat
2464 5443 2614 5507 (sicut
2649 5442 2759 5504 ipsa
2795 5438 3043 5508 narrabit)
3094 5453 3181 5508 per
3229 5440 3468 5491 visionem
3525 5446 3712 5508 atauus

2134 5528 2274 5565 meus
2297 5512 2450 5565 Felix
2468 5511 2619 5581 hujus
2646 5510 2892 5564 Romana:
2918 5507 3159 5581 Ecclesite
3192 5508 3417 5581 antistes
3440 5507 3712 5581 apparuit,

2133 5584 2277 5652 eique
2302 5576 2613 5635 mansionem
2652 5590 2906 5652 perpetuat
2934 5578 3181 5652 claritatis
3222 5576 3475 5652 ostendit,
3494 5576 3675 5652 dicens
3692 5593 3711 5628 :

2141 5644 2289 5715 Veni,
2315 5652 2434 5719 quia
2462 5653 2515 5704 in
2543 5652 2637 5702 hac
2653 5644 2706 5702 te
2729 5650 2855 5703 lucis
2877 5648 3399 5719 mansionesuscipio.
3434 5644 3562 5719 Qua:
3587 5645 3713 5697 sub-

2130 5717 2360 5789 sequente
2391 5736 2509 5774 mox
2554 5720 2677 5789 febri
2709 5727 2960 5789 correpta,
3003 5717 3072 5770 ad
3112 5717 3245 5771 diem
3283 5717 3501 5785 pervenit
3542 5727 3712 5769 extre-

2132 5808 2291 5859 munt,
2312 5802 2415 5847 etc.
2447 5790 2574 5848 ειν.
2603 5789 2801 5845 Βιμιυιι.
