4046 6188
223 435 329 489 895

1430 434 1782 490 ΕῐῚδΤΟιᾸΞ
1822 435 1909 490 ΕΤ
1950 434 2277 493 DEI‘RRTA.

3385 442 3489 502 89⁸

222 549 549 619 sbytero,de.
573 548 727 601 titulo
755 547 1009 610 Fasciola,
1034 557 1059 584 η
1085 548 1221 601 sedit
1246 564 1412 601 annos
1437 564 1806 614 octo,menses
1836 556 1882 613 Α
1912 551 2261 605 ‘lleracleam
2281 551 2413 622 [lege
2432 550 3382 626 Constantinopolim],corruptisunt
3406 574 3496 624 pe-

224 641 500 703 undecim,
543 639 659 693 dies
696 640 712 669 ¹
756 638 1076 692 octodecim.
1113 639 1207 691 IIic
1261 637 1286 676 ι’
1336 640 1431 692 fuit
1486 641 1811 708 temporibus

223 732 485 785 Odoacris
512 734 671 800 regis,
704 745 871 799 usque
906 729 973 783 ad
1013 738 1249 796 tempora
1283 730 1601 784 Theudorici
1651 731 1810 799 regis.

226 824 328 879 llic
372 825 497 878 fecit
544 823 815 876 basilicam
872 822 1039 875 Sancti
1086 822 1304 890 Agapeti
1343 823 1490 891 juxta
1541 824 1809 877 basilicam

224 915 399 967 sancti
431 913 699 965 Laurentii
735 911 1003 981 martyris.
1036 911 1147 965 Sub
1186 913 1344 982 hujus
1370 915 1677 981 episcopatu
1715 917 1813 967 itc-

225 1022 349 1061 rutn
374 1008 514 1058 venit
538 1005 719 1059 relatio
742 1005 810 1058 de
832 1003 1036 1058 Cra-cia
1061 1003 1190 1075 [lege
1210 1019 1237 1056 a
1265 1014 1412 1073 parte
1436 1004 1658 1059 Gra'ciat
1675 1003 1810 1075 un],

227 1099 448 1153 Petrum
480 1097 897 1152 Alexandrinum
931 1106 1234 1151 revocatum
1265 1096 1467 1168 [supple
1487 1098 1552 1150 ad
1578 1112 1815 1150 commu-

228 1191 468 1261 nionem]
500 1191 567 1242 ab
597 1190 792 1243 At'acio
824 1187 1439 1265 ConstautinOpolitano.
1468 1189 1616 1243 Tunc
1646 1204 1813 1243 vene~

227 1285 417 1338 rabilis
456 1283 606 1337 Felix
648 1282 1082 1351 archiepiscopus
1128 1280 1275 1335 sedis
1315 1283 1624 1349 apostolica:
1668 1283 1814 1336 urbis

229 1376 438 1441 Romre,
472 1378 689 1429 mittens
726 1374 1063 1429 deI‘enSorem
1108 1390 1228 1428 eum
1268 1375 1493 1428 concilio
1527 1375 1669 1429 sedis
1705 1389 1815 1429 sua:

228 1468 367 1541 [lege
392 1482 462 1521 ex
486 1470 777 1520 constituto
805 1467 993 1535 synodi
1039 1466 1183 1519 sedis
1214 1464 1366 1534 sure],
1400 1464 1538 1519 facto
1564 1464 1812 1529 concilio,

228 1558 502 1613 damnavit
528 1556 780 1609 Acacium
810 1571 933 1610 cum
966 1556 1145 1609 Petro.
1182 1566 1204 1595 ο
1232 1556 1354 1609 Post
1382 1571 1550 1608 annos
1580 1566 1689 1611 tres
1717 1556 1813 1610 ite-

230 1665 353 1703 rum
382 1647 525 1701 venit
555 1646 746 1700 relatio
768 1646 836 1699 ab
857 1646 1178 1713 impera'ore
1205 1646 1437 1710 Zenone,
1465 1657 1519 1700 ut
1553 1647 1815 1716 pmttiteus

231 1740 435 1795 rediret
463 1738 709 1792 Aeacius.
742 1738 891 1791 Tunc
924 1752 1055 1804 papa
1084 1736 1228 1790 Felix
1259 1736 1459 1807 [supple
1490 1738 1613 1791 fecit
1635 1740 1817 1790 conci-

230 1832 361 1885 liunt
390 1839 525 1883 etes
550 1826 837 1897 consensu]
870 1828 1014 1880 misit
1052 1827 1185 1881 duos
1214 1828 1512 1895 episcopos,
1553 1829 1811 1883 Misenum

1914 644 2070 698 cunia
2101 644 2219 697 data
2254 647 2595 713 suprascripti
2628 646 2885 714 episcopi,
2914 657 2969 701 et
2999 662 3101 702 non
3132 649 3369 704 iecerunt
3412 665 3499 703 se-

1915 736 2144 791 enndnm
2176 747 2499 805 pra-ceptum
2525 738 2831 804 apOstoIicaa
2856 736 3024 793 sedis.
3060 739 3348 795 Venientes
3366 755 3512 794 vero-

1918 825 2139 879 Romam
2180 827 2245 878 ad
2302 827 2481 879 sedem
2524 828 2891 896 apostolicam,
2923 828 2946 860 ⁸
2990 829 3312 884 venerabilis
3350 829 3500 883 Felix

1916 931 2049 985 papa
2080 917 2203 969 fecit
2229 916 2526 986 synodum:
2551 927 2605 971 et
2633 916 2766 971 facta
2794 918 3130 973 discussione
3160 917 3289 990 [lege
3316 920 3498 972 convi-

1919 1009 2066 1073 lium,
2098 1020 2150 1063 et
2175 1010 2572 1064 examinatione
2601 1010 2735 1065 facta
2768 1011 2818 1064 in
2847 1010 3098 1082 concilio]
3147 1010 3349 1066 invenit
3379 1024 3499 1063 am-

1917 1100 2014 1154 bos
2040 1101 2319 1170 episcopos
2343 1101 2418 1170 (id
2448 1108 2551 1163 est,
2584 1100 2841 1155 Misenum
2886 1110 2941 1154 et
2984 1101 3232 1170 Vitaletn)
3271 1114 3411 1157 reos.
3448 1108 3501 1151 et

1915 1194 2071 1262 ejecit
2098 1209 2194 1248 eos
2227 1208 2256 1246 a
2289 1193 2688 1247 communione.
2729 1193 2883 1247 Tunc
2928 1193 3163 1247 Misenus
3211 1192 3499 1259 ep'scppus

1918 1301 2022 1339 non
2052 1301 2109 1340 se
2131 1285 2290 1341 tacuit
2320 1295 2629 1353 corruptum
2653 1286 2907 1355 pecunia;
2930 1285 3016 1338 cui
3057 1283 3340 1338 concilium
3364 1298 3494 1335 con-

1916 1378 2076 1431 cessit
2110 1387 2316 1445 tempus
2355 1378 2702 1445 pmnitentiaa.
2752 1375 2862 1429 Iloc
2904 1374 3100 1429 factum
3142 1383 3226 1429 est
3261 1382 3500 1441 tempore

1916 1469 2171 1523 Odoacris
2198 1468 2361 1538 regis.
2401 1469 2495 1521 Hic
2539 1468 2661 1521 fecit
2697 1465 3065 1519 ordinationes
3088 1463 3221 1517 duas
3267 1463 3321 1516 in
3369 1464 3502 1515 urbe

1918 1558 2088 1612 Roma
2117 1573 2213 1625 per
2243 1572 2481 1611 mensem
2514 1556 2889 1619 Decembrem,
2935 1553 3278 1623 presbyteros
3312 1550 3501 1619 viginti

1916 1660 2061 1711 octo,
2103 1649 2358 1702 diaconos
2396 1648 2652 1715 quinque,
2687 1648 2968 1715 episcopos
3016 1660 3110 1714 per
3139 1644 3349 1698 diversa
3385 1644 3500 1695 loca

1918 1739 2134 1809 triginta
2160 1755 2342 1793 unum.
2371 1737 2471 1792 Hic
2493 1738 2736 1807 sepultus
2758 1746 2841 1791 est
2868 1737 2922 1790 in
2950 1736 3165 1789 basilica
3186 1734 3324 1788 beati
3353 1734 3499 1787 Pauli

1916 1830 2163 1897 apostoli.
2216 1829 2283 1883 Et
2320 1831 2550 1883 cessavit
2599 1829 2934 1896 episcopatus
2974 1827 3090 1881 dies
3120 1826 3377 1896 quinque.
3427 1824 3495 1877 Et

230 1929 287 1974 ct
332 1921 577 1985 Vitalem,
616 1929 671 1973 ut
714 1920 759 1973 si
809 1921 1112 1973 invenirent
1146 1919 1458 1987 complicem
1500 1920 1638 1973 Petri
1680 1921 1815 1974 Aca-
1849 1922 1890 1980 B
1922 1935 2038 1991 post
2068 1923 2347 1976 transitum
2376 1922 2493 1990 ejus
2530 1923 2726 1975 factum
2754 1930 2835 1976 est
2863 1936 2891 1972 a
2935 1919 3261 1990 presbyteris
3294 1924 3351 1973 et
3387 1914 3501 1970 dia-

231 2014 400 2076 rium,
429 2012 619 2065 iterum
650 2011 965 2064 damnarent
993 2026 1117 2074 eos;
1149 2009 1194 2063 si
1229 2026 1355 2071 non,
1378 2010 1633 2065 oII‘errent
1665 2011 1815 2064 libel-

231 2105 341 2160 lum
380 2104 729 2175 paenitentiie.
776 2103 875 2170 Qui
941 2103 1067 2157 dum
1108 2103 1419 2157 introissent
1463 2104 1513 2157 in
1550 2104 1816 2158 civitatem

302 2263 331 2291 ⁸
361 2253 529 2308 Annis
569 2253 817 2307 nimirum
855 2268 1068 2317 novem,
1106 2255 1279 2309 minus
1328 2256 1394 2309 I2
1425 2254 1629 2309 diehtts.
1667 2255 1809 2308 Obiit

226 2326 374 2378 enim
404 2341 436 2377 v
460 2326 667 2379 ca‘end.
702 2325 897 2385 Martii,
927 2340 1067 2377 anno
1097 2324 1469 2393 Redemptoris
1498 2327 1659 2378 nostri
1683 2325 1815 2379 492.

227 2403 408 2461 Quare
437 2397 479 2448 si
506 2396 567 2444 ad
598 2394 804 2448 initium
831 2405 884 2447 ct
914 2395 1051 2447 hunc
1083 2399 1239 2447 linem
1266 2398 1599 2463 pontiﬁcatus
1626 2397 1814 2449 adver-

228 2475 394 2528 tatur,
428 2465 711 2534 prmdictus
742 2480 999 2518 annorum
1034 2482 1286 2520 numerus
1332 2467 1649 2535 reperietur.
1684 2465 1809 2519 Ssv.

231 2536 434 2589 limus.

304 2606 332 2643 δ
361 2604 603 2659 Otloacer
644 2619 735 2657 rex
782 2604 1098 2658 Herulorum
1131 2619 1157 2657 a
1192 2605 1503 2673 Nepotianis
1548 2605 1600 2658 in
1632 2606 1809 2659 odium

225 2676 457 2738 Orestis,
500 2678 585 2744 qui
630 2679 977 2743 Augustulum
1029 2678 1190 2728 lilium
1237 2692 1391 2731 suum
1433 2676 1811 2745 imperatorem

226 2744 615 2813 appellaverat,
673 2747 726 2799 in
781 2745 979 2798 Italiam
1013 2759 1250 2811 vocatus,
1300 2745 1491 2800 occisis
1529 2747 1717 2799 Oreste
1760 2756 1814 2800 et

224 2818 397 2868 fratre
426 2820 541 2880 ejus
570 2816 752 2876 Paulo,
780 2819 1013 2884 relegan
1040 2815 1094 2869 in
1120 2816 1461 2883 Campaniam
1496 2816 1810 2885 Augustulo,

224 2888 550 2954 sublatoque
572 2886 900 2939 Occidentah
929 2886 1175 2952 imperio,
1209 2886 1380 2939 factus
1407 2895 1487 2938 est
1526 2903 1615 2939 rev
1649 2887 1813 2940 Italia:

223 2971 376 3009 anim
408 2956 619 3008 Domini
655 2956 778 3021 476,
809 2956 948 3010 sicut
975 2958 1047 3009 illi
1093 2966 1309 3011 sanctus
1337 2957 1632 3010 Severinus
1660 2958 1814 3009 Nori-

224 3042 416 3079 corum
444 3026 739 3091 apostolus,
765 3029 1044 3080 sanctitate
1067 3037 1121 3079 ct
1162 3028 1429 3080 miraculis
1458 3027 1812 3093 clarissimus,

224 3098 468 3149 futurum
504 3096 844 3163 praedixerat,
876 3098 998 3149 dum
1039 3099 1105 3147 ah
1136 3097 1376 3151 Odoacre
1407 3097 1675 3151 vilissimis
1699 3098 1811 3165 pel-

224 3168 369 3219 libus
400 3167 586 3219 intluto
614 3168 933 3220 visitarctur.
965 3166 1224 3234 Regnavit
1253 3169 1301 3219 in
1328 3167 1468 3220 Italia
1492 3167 1640 3233 juxta
1663 3167 1814 3233 ejus-

223 3240 355 3289 dem
394 3237 563 3289 sancti
596 3237 837 3291 Severini
868 3238 1171 3291 vaticinium
1194 3236 1352 3292 annis
1380 3237 1634 3291 tredecim
1678 3240 1813 3292 inte-

222 3310 346 3376 gris
373 3316 426 3359 et
449 3307 729 3371 absolutis,
767 3317 926 3371 atque
963 3324 991 3361 a
1042 3323 1294 3376 purpura,
1344 3307 1612 3376 regalibus
1662 3310 1815 3361 indu-

225 3376 453 3439 mentis,
498 3387 551 3429 et
596 3392 625 3431 a
652 3379 882 3431 onomine
938 3378 1277 3445 imperatoris
1319 3379 1616 3431 absﬁnuit:
1650 3378 1723 3431 ita
1757 3387 1811 3431 ttt

225 3446 532 3499 Romanum
568 3448 849 3515 imperium
885 3450 933 3500 in
967 3448 1204 3515 Angusto
1248 3449 1574 3510 inchoatum,
1618 3452 1667 3501 in
1702 3452 1810 3501 An-

222 3527 409 3584 gusto,
437 3517 523 3583 qui
557 3532 650 3589 per
670 3529 1031 3585 contemptum
1074 3518 1396 3585 Augustulus
1424 3518 1724 3581 dicebatur,
1757 3519 1807 3571 in
1839 3527 1885 3589 ο

223 3588 521 3641 Occidente
546 3587 821 3643 defecerit.
852 3589 943 3642 Ilie
965 3589 1224 3653 Oduaeer,
1250 3589 1637 3655 quantumlibet
1660 3590 1811 3642 Aria-

226 3671 335 3711 ntts
356 3664 516 3720 es~et,
561 3658 763 3710 nullum
792 3660 932 3726 quod
973 3660 1186 3727 dignum
1224 3668 1305 3713 est
1350 3660 1608 3712 memoria
1652 3661 1813 3712 rebus

224 3728 401 3780 sacris
432 3728 699 3794 negotium
734 3728 895 3781 fecit:
925 3729 1137 3782 conanti
1165 3744 1291 3784 vero
1331 3730 1406 3782 illi
1443 3741 1623 3796 postea
1664 3730 1814 3781 Aria-

227 3797 463 3869 nismum
485 3799 536 3850 in
562 3798 992 3869 Urbetninferre,
1014 3799 1259 3853 Gelasius
1278 3813 1407 3867 papa
1429 3814 1620 3869 magno
1636 3799 1814 3853 animo

223 3868 447 3928 restitit,
480 3876 539 3919 ttt
570 3868 703 3920 infra
743 3868 1002 3923 dicemus.
1037 3869 1285 3922 Craterum
1324 3871 1434 3932 iste,
1474 3870 1645 3936 inquit
1673 3869 1814 3922 Eva-

226 3938 378 4004 grius
401 3939 451 3990 in
474 3937 587 3990 Vita
616 3941 785 3992 Sancti
810 3940 1070 4004 Seu-riui,
1093 3942 1282 4008 potitus
1300 3942 1414 4011 jam
1435 3937 1461 3991 1
1469 3941 1615 4005 talia,
1640 3951 1813 3993 saucio

302 4074 320 4102 '
350 4070 482 4126 Cod.
519 4071 775 4127 Lucensis
803 4074 927 4135 490,
954 4073 1114 4127 Χνςι.

301 4143 321 4171 ¹
354 4143 497 4195 Idem
524 4143 671 4208 cod.,
697 4143 1210 4213 Constantinopolim.

222 4261 1845 4284 _—_——n————_.—__~_—.—_‘

1866 4256 3185 4283 ________________.____

1922 2014 2143 2069 conibus
2173 2014 2521 2079 constitutum
2549 2013 2617 2068 de
2641 2013 2787 2066 omni
2818 2009 3085 2065 Ecclesia.

1923 2257 2163 2310 Sererino
2196 2256 2481 2327 familiares
2521 2257 2714 2310 litteras
2734 2255 2942 2327 direxit,
2966 2269 3155 2327 rogans
3179 2261 3234 2306 ut
3252 2251 3502 2321 quidquid

1915 2327 1976 2379 ab
1997 2345 2053 2379 eo
2070 2325 2232 2389 vellet,
2252 2337 2473 2398 peteret:
2500 2343 2687 2380 memor
2700 2325 3089 2398 illinsprresagii
3102 2339 3501 2398 quoeum‘quon-

1916 2400 2035 2449 dant
2074 2392 2379 2461 praecluserat
2420 2406 2767 2464 regnaturum.
2802 2392 2997 2460 Quibus
3020 2392 3222 2447 sanctis
3262 2392 3501 2458 alloquiis

1916 2469 2173 2531 invitatus,
2196 2469 2514 2521 Ambrosium
2532 2464 2798 2532 quemdam
2812 2464 2996 2518 exsilio
3012 2465 3312 2517 damnatum
3326 2464 3343 2529 (
3353 2464 3498 2514 illum

1916 2538 2004 2604 qui
2039 2538 2363 2591 Britanniam
2391 2553 2420 2589 a
2452 2537 2690 2591 barbaris
2712 2549 3021 2603 oppressam
3052 2532 3318 2604 liberavit)
3352 2534 3501 2604 iussit

1916 2601 2126 2659 absolvi.
2185 2607 2437 2661 Testatur
2488 2601 2761 2659 Ennodius
2795 2605 3053 2656 diaconus
3100 2601 3396 2655 Ticinensis
3446 2603 3497 2655 in

1919 2675 2035 2729 Vita
2072 2677 2238 2730 sancti
2288 2675 2567 2744 Epiphanii
2613 2673 2852 2743 episcolii
2897 2671 3197 2744 Ticinensis
3237 2671 3486 2744 eumdem

1918 2746 2268 2815 Epiphaniam
2303 2741 2520 2815 petiisse
2552 2759 2648 2813 pro
2674 2748 2784 2797 suis
2803 2741 3025 2815 civibus
3066 2741 3488 2815 quinquennium

1918 2813 2259 2883 indulgentia:
2287 2813 2628 2879 tributurum,
2660 2829 2779 2884 quae
2800 2813 3015 2868 Orestes
3045 2813 3321 2884 tyrannica
3344 2819 3493 2879 pote-

1916 2882 2442 2955 state’imposuerat,
2482 2882 2765 2955 ipsumque
2786 2898 2905 2950 qua:
2946 2883 3012 2936 ab
3038 2883 3223 2955 eodem
3255 2882 3497 2955 Odoacre

1918 2960 2140 3023 petierat
2166 2952 2517 3024 impetrasse.
2561 2961 2598 3009 Α
2655 2955 2992 3008 Tlteodorico
3052 2952 3494 3024 Ostroguthornm

1918 3022 2040 3095 rege
2084 3042 2224 3080 anno
2264 3022 2418 3096 regni
2464 3029 2544 3081 sui
2598 3026 2762 3079 Italici
2814 3026 2875 3078 H
2925 3023 3133 3090 fugatus
3179 3034 3234 3096 et
3274 3022 3499 3075 Verona:

1916 3093 2086 3152 vietus
2133 3106 2239 3152 est.
2288 3093 2469 3151 Tertio
2519 3097 2813 3151 certamine
2870 3104 3150 3162 superatus
3207 3093 3495 3156 Ravennae,

1917 3168 2209 3233 proditorie
2235 3167 2430 3221 ibidem
2460 3169 2669 3222 occisus
2693 3176 2794 3227 est,
2828 3180 2967 3217 anno
2991 3164 3202 3219 Domini
3231 3162 3351 3217 495.
3372 3162 3501 3233 I’ost

1918 3232 2033 3292 lucc
2062 3250 2301 3307 tempora
2335 3237 2482 3292 Italia
2514 3237 2958 3305 Ostrogotborum
2987 3234 3203 3304 regibus
3234 3232 3409 3303 paruit
3440 3242 3498 3286 ut

1916 3308 2053 3363 infra
2085 3309 2343 3362 dicemus.
2375 3311 2503 3361 Ssv.
2535 3308 2739 3361 Btstus.

1987 3378 2063 3432 De
2088 3379 2315 3433 Zenonis
2344 3379 2491 3431 obitu
2523 3378 2660 3430 infra
2690 3377 2930 3431 dicemus
2961 3374 3015 3427 in
3046 3373 3188 3428 notis
3219 3372 3285 3426 ad
3321 3373 3486 3425 vitam

1919 3447 2142 3504 Gelasii.
2177 3450 2304 3502 Ssv.
2332 3449 2532 3501 Btstus.

1991 3530 2013 3558 ο
2042 3520 2264 3573 Constat
2292 3518 2426 3572 infra
2457 3532 2523 3571 ex
2545 3514 2767 3584 epistola
2811 3516 2844 3569 6
2888 3512 3100 3576 Felicis,
3123 3526 3223 3584 qua
3255 3511 3498 3584 Contine:

1918 3599 2004 3643 tur
2049 3589 2314 3642 sententia
2357 3589 2409 3643 in
2456 3578 2710 3642 Aeacium
2749 3585 2873 3647 lata,
2912 3594 2965 3637 et
2994 3597 3059 3637 ex
3104 3578 3245 3634 notis
3288 3578 3501 3634 eoncthi

1917 3658 2145 3713 Romani
2178 3659 2331 3726 primi
2360 3670 2416 3714 et
2451 3656 2669 3711 secundi
2709 3656 2808 3710 sub
2838 3653 3015 3709 Felice
3047 3652 3205 3726 intra,
3247 3650 3345 3703 hos
3373 3658 3498 3703 ante

1918 3722 2316 3800 damnationem
2354 3727 2552 3800 AAcacii
2604 3726 2885 3800 deputatas
2935 3722 3495 3800 etablegatosesse.

1920 3800 2132 3872 Falsum
2172 3808 2255 3852 est
2299 3798 2475 3872 igitur,
2534 3791 2689 3872 quod
2712 3796 2961 3872 scrLbitur
2992 3794 3105 3872 hic,
3147 3807 3240 3872 eos
3268 3791 3500 3872 triennio

1918 3880 2041 3940 post
2084 3862 2392 3922 damnatum
2441 3862 2693 3922 Acacium
2728 3862 3248 3933 Constantinopolim
3306 3862 3500 3915 missos

1919 3942 2102 3995 luisse.
2129 3940 2253 3994 Ssv.
2291 3940 2490 3993 Brutus.

1996 4073 2017 4105 ⁸
2050 4073 2191 4127 Idem
2223 4074 2369 4137 cod.,
2398 4069 2543 4126 Fecit
2579 4087 2717 4144 papa
2747 4069 2899 4125 Felix
2937 4067 3230 4131 concilium,
3267 4073 3315 4118 et
3365 4064 3501 4133 facta

1916 4147 2291 4199 examinatione
2319 4145 2529 4197 invenit.

1058 4386 1743 4501 FELICIS
1816 4385 2368 4498 PAPE
2449 4384 2669 4493 III

641 4586 1671 4813 EPISTQLZE
1762 4588 2007 4731 ET
2107 4585 3088 4734 DECRETA.

653 4934 677 4963 ⁸
706 4926 1033 4984 ΕΡΙδΤΟῙιΑ
1074 4926 1309 4981 PRIMA.

219 5018 248 5056 δ
280 5032 485 5073 παρις»
510 5032 659 5072 ΡΑΡᾹ
702 5034 757 5072 III
785 5035 852 5072 Αυ
883 5032 1108 5072 ΑεΑειωι
1133 5032 1813 5072 οοκετλκτιηοινοιιτηιω.

220 5109 390 5175 Optat
419 5117 597 5160 sancta
624 5110 850 5177 synodus
896 5108 1127 5160 Romana
1156 5117 1210 5160 ut
1249 5107 1505 5161 Zenonem
1544 5110 1819 5177 imperato-

294 5195 400 5233 rem
428 5180 635 5231 inducat
676 5180 747 5231 ad
783 5180 1153 5233 emendandum
1184 5179 1361 5231 sedulo
1391 5179 1561 5232 studio
1599 5193 1659 5230 ea
1707 5192 1821 5245 qua:

294 5346 323 5407 ε
348 5335 473 5407 Hzec
502 5338 725 5404 epistola
755 5347 829 5392 est
874 5338 959 5391 illa
1001 5338 1255 5405 synodica
1281 5353 1440 5407 quam
1477 5337 1663 5391 Patres
1690 5351 1811 5389 con-

207 5406 329 5461 cilii
359 5406 581 5460 Romani
614 5424 641 5459 a
675 5407 853 5462 Felice
884 5412 1132 5476 pontilice
1160 5408 1225 5461 ad
1254 5410 1507 5463 Acacium
1538 5409 1808 5459 transmit-

209 5480 438 5530 tendatn
483 5492 603 5531 esse
650 5488 993 5532 censuerunt.
1024 5484 1133 5543 Qua
1182 5478 1248 5532 de
1296 5494 1355 5532 re
1401 5477 1534 5531 infra
1582 5479 1631 5529 in
1667 5479 1808 5530 notis

209 5546 468 5613 ejusdem
519 5549 753 5600 contilii.
808 5549 1071 5603 Ilactcnns
1120 5563 1380 5617 nusquam
1429 5550 1612 5611 edita,
1668 5562 1808 5601 nunc

210 5618 458 5687 primum
476 5631 506 5670 e
522 5618 881 5685 penetralibus
907 5619 1239 5673 bibliotheca:
1258 5619 1566 5673 Ilaroniana:
1590 5617 1811 5686 ejusque

206 5688 520 5757 Annalibus
549 5690 599 5740 in
621 5689 787 5741 lucem
813 5690 1088 5741 emittitur.
1110 5690 1297 5743 Exstat
1319 5691 1369 5744 in
1396 5698 1697 5757 pervetusto
1720 5704 1811 5741 co-

204 5758 342 5811 dice
382 5756 759 5828 Creseonianje
794 5758 1147 5828 collectionis.
1193 5760 1358 5828 Hujus
1389 5756 1441 5814 et
1472 5761 1806 5826 sequentium

202 5826 573 5897 epistularum
616 5844 644 5883 a
694 5826 872 5885 Felice
913 5829 1229 5899 scripLarutu
1274 5826 1519 5888 meminit
1549 5829 1807 5899 Evagrius

1790 4942 1802 4957 ο
1835 4932 1890 4993 Ῑ)
1983 4924 2231 4978 adversus
2252 4924 2559 4979 catholicam
2580 4926 2734 4995 [idem
2758 4925 2999 4980 hactenus
3019 4938 3277 4997 perperam
3298 4923 3501 4993 egisset.

1996 5035 2186 5091 Felicis
2212 5038 2278 5119 ad
2305 5039 2552 5093 Acacium
2574 5037 2883 5108 episc0pum
2910 5049 2933 5077 ο
2960 5054 3053 5108 per
3069 5037 3292 5092 Vitalem
3324 5046 3375 5090 et
3406 5036 3502 5090 Mi-

1926 5121 2113 5162 senum
2140 5122 2442 5177 eprscnpos.

2000 5178 2283 5249 Postquam
2326 5188 2524 5234 sanctae
2578 5181 2851 5235 memoria:
2890 5180 3174 5235 decessore
3217 5190 3339 5232 meo
3371 5192 3501 5246 papa

1924 5338 2017 5393 Iih.
2051 5356 2127 5405 Ill,
2162 5355 2279 5408 cap.
2320 5341 2404 5405 l8,
2440 5340 2504 5395 l9
2534 5347 2588 5393 et
2615 5339 2705 5394 25.
2735 5341 2863 5395 Item
2895 5337 3172 5392 Liberatus
3215 5334 3267 5387 in
3301 5332 3499 5387 brevia-

1918 5410 2000 5486 rio
2026 5412 2653 5486 cap.__18.Sev.l_3_tmus.
2733 5481 2744 5486 _
2879 5482 2889 5486 _
2957 5481 2968 5486 _
3041 5478 3090 5486 η
3292 5471 3305 5483 ,

1989 5479 2012 5516 δ
2039 5475 2352 5549 lu'allegato
2381 5482 2564 5536 codice
2589 5482 2702 5535 lucc
2731 5481 3007 5551 inscriptio
3041 5478 3121 5531 his
3146 5475 3335 5528 litteris
3366 5486 3498 5540 pra:-

1916 5551 2273 5625 ligitur.Sev.
2307 5554 2508 5625 Bruttis.
2742 5622 2753 5625 _
2889 5621 2901 5625 _
2950 5617 3000 5625 ,,
3050 5615 3065 5625 ,
3176 5612 3208 5625 κ.
3260 5612 3283 5625 ..
3377 5611 3388 5622 .

1992 5632 2013 5658 ε
2056 5622 2291 5687 Quarum
2342 5623 2613 5675 civitatum
2664 5621 2901 5694 episcopi
2950 5617 3001 5671 hi
3050 5612 3210 5684 legati
3259 5612 3497 5694 fuerint,

1921 5705 2178 5764 nusquam
2226 5694 2363 5764 apud
2399 5694 2627 5759 aliquem
2662 5691 2970 5764 historicum
2998 5700 3310 5764 expressam
3345 5691 3497 5764 inve-

1918 5758 2078 5814 nitur.
2123 5760 2199 5814 De
2230 5758 2426 5816 Miseno
2456 5758 2674 5823 tantum,
2704 5763 2873 5829 inquit
2916 5758 3192 5821 Ilaronius,
3225 5758 3277 5809 in
3307 5758 3496 5807 consti-

1917 5839 2026 5887 tuto
2066 5832 2239 5900 Vigilii
2268 5834 2489 5889 Romani
2516 5832 2772 5899 pontiﬁcis
2801 5831 2864 5887 de
2894 5830 3050 5886 tribus
3090 5829 3325 5893 capitulis
3355 5841 3496 5892 repe-

3522 4773 3532 4797 Ι

3517 4800 3526 4862 l
