4046 6188
589 376 692 433 895

1920 364 2023 419 FEl
2036 363 2175 420 .lClS
2215 362 2415 419 PAPrﬁ
2457 365 2544 420 lli.
3722 388 3807 440 8.06

587 481 1486 551 Simpliciodevitzecnrsusuperna
1506 474 2170 543 praeceptionemigrante.
2202 481 2250 538 Α
2278 474 2724 541 corporisChristi
2751 484 3050 533 monstrare
3080 494 3185 533 non
3204 480 3393 547 possis,
3417 483 3515 539 nisi
3542 488 3802 546 nullatenus

585 577 865 633 ministerii
888 574 1027 642 quod
1066 572 1280 642 regebat
1319 570 1384 624 ad
1426 584 1563 624 mea:
1591 567 1902 621 humilitatis
1930 566 2164 620 officium

582 668 943 735 gubemacula
983 672 1377 735 pervenerunt;
1410 665 1462 716 in
1493 665 1731 717 diversas
1759 662 2025 729 generalis
2066 660 2168 714 Ec—

582 761 766 815 clesiae
791 775 949 813 curas
974 800 988 820 ,
1023 772 1155 825 quas
1185 756 1382 823 ubique
1411 764 1672 809 terrarum
1706 754 1915 809 cunctis
1960 753 2167 821 pointlis

582 854 922 919 Christianis,
949 852 1142 907 summi
1171 851 1405 919 pastoris
1422 864 1556 903 voce
1584 847 1889 914 delegante,
1918 846 1953 900 b
1973 846 2168 899 ~atissi-

584 964 702 1001 mus
733 947 784 1000 Pi
810 956 924 1000 tros
963 944 1239 1009 apostolus
1279 942 1525 1009 pervigili
1557 939 1924 995 moderatione
1950 939 2170 1007 di<pen~

582 1048 697 1100 sat,
726 1038 978 1090 continuo
1015 1052 1099 1088 me
1127 1034 1434 1088 sollicitudo
1463 1033 1713 1091 maxima.
1733 1046 1852 1095 quae
1881 1042 1936 1084 et
1966 1030 2170 1097 praede-

582 1124 853 1185 cessorem
889 1145 1065 1183 meum
1094 1128 1427 1182 incessanter
1453 1127 1699 1192 urgebat,
1722 1134 1828 1179 tam
1856 1123 2171 1178 Alexandri-

586 1237 669 1275 nae
700 1222 866 1281 urbis,
892 1236 1049 1287 quam
1068 1228 1239 1273 status
1270 1217 1390 1272 lldei
1423 1219 1584 1271 totius
1613 1215 1899 1270 Orientalis
1934 1213 2170 1283 regionis

580 1316 819 1383 excepit.
854 1314 978 1367 llaec
1016 1327 1114 1366 nos
1152 1312 1343 1365 diebus
1371 1310 1725 1379 noctibusque
1769 1309 2167 1377 perstringens,

578 1407 645 1459 ad
667 1406 944 1459 dominum
987 1406 1150 1457 lilium
1182 1413 1423 1457 nostrum
1453 1402 1972 1457 Christianissimum
2015 1402 2166 1468 priu-

581 1498 757 1566 cipem
812 1512 911 1562 per
967 1496 1191 1550 Vitulem
1236 1506 1293 1548 et
1346 1494 1605 1549 Misenum
1639 1493 1834 1547 fratres
1876 1502 1929 1546 et
1982 1496 2167 1560 coepi-

587 1604 780 1653 scoiios
810 1596 1020 1641 tmstros
1059 1587 1381 1655 !egationem
1407 1585 1663 1654 compulit
1691 1584 1963 1640 destinare
1993 1603 2005 1641 :
2049 1601 2167 1654 qua:

578 1682 696 1735 vice
727 1696 842 1735 mea
872 1678 1053 1749 pietati
1075 1679 1194 1744 eius
1220 1688 1275 1733 et
1298 1679 1477 1734 debita
1510 1686 1859 1745 praesentaret
1886 1678 2060 1731 oflicia
2092 1679 2169 1745 (tt

577 1786 676 1839 pro
707 1771 809 1825 fide
828 1770 1115 1840 catholica)
1146 1770 1514 1841 maiorumque
1540 1778 1851 1824 nostrorum
1883 1770 2163 1824 servandis

578 1864 1053 1917 constitutionibus
1081 1863 1427 1929 supplicaret.

650 1956 666 1987 ¹
694 1955 803 2009 llac
828 1956 1007 2022 igitur,
1025 1954 1116 2008 illo
1134 1964 1411 2031 pergente,
1429 1954 1991 2019 Parfuitdilectinnem
2022 1964 2165 2009 tuam

576 2047 787 2100 dilectis
815 2047 1016 2111 pariter
1054 2047 1291 2101 salutare
1328 2046 1641 2115 colloquiis,
1684 2056 1739 2102 et
1774 2056 2169 2118 consequenter

578 2138 781 2191 hortari
814 2149 871 2191 ut
907 2137 1199 2207 aliquando
1231 2132 1446 2192 tandem
1478 2138 1827 2204 patrocinium
1851 2154 2026 2193 causa:
2066 2139 2166 2192 llo-

576 2228 706 2282 m‘ni
748 2230 1049 2283 communis
1076 2228 1356 2297 impendas
1380 2271 1396 2295 ,
1429 2243 1529 2286 nec
1557 2229 1589 2284 d
1626 2230 1958 2299 spicicndum
1982 2241 2162 2298 putes,

576 2319 776 2374 Christi
806 2320 1154 2375 confessione
1183 2320 1417 2375 veridica
1443 2361 1459 2385 ,
1491 2330 1545 2376 et
1569 2320 1885 2376 universalis
1910 2320 2027 2389 eius
2059 2320 2162 2375 Ec-

575 2410 757 2464 clesia:
802 2410 1212 2466 delinitione....
1254 2411 1336 2466 vel
1378 2412 1447 2464 de
1484 2427 1615 2479 pace
1646 2412 2083 2467 concorditer....
2116 2412 2165 2468 si

577 2501 719 2556 illius
746 2513 795 2554 et
822 2503 1191 2567 honorecupis
1219 2517 1341 2557 esse
1362 2503 1540 2558 clarus
1564 2513 1615 2557 et
1640 2505 1877 2559 nomine.
1909 2504 2162 2558 Fatemur

575 2593 716 2646 enim
750 2592 1047 2648 secundum
1091 2593 1441 2662 apostolicam
1481 2609 1668 2648 vocem
1694 2635 1710 2657 ,
1741 2610 1983 2665 magnam
2022 2593 2167 2647 nobis

575 2686 737 2737 inesse
780 2684 1037 2738 tristitiam
1082 2693 1129 2736 ct
1177 2683 1406 2736 dolorem
1446 2684 1620 2737 cordis
1662 2686 1822 2737 nostri
1861 2684 2161 2737 continuum

574 2775 749 2839 (Rom.
806 2774 1338 2842 tx),cngitationihus
1373 2791 1506 2844 quas
1538 2774 1591 2828 in
1623 2775 1709 2830 die
1749 2775 2165 2843 procedentibus

575 2865 1016 2938 [propellentibus]
1047 2868 1273 2937 negotiis
1320 2868 1667 2923 sustinemus.
1708 2868 1836 2938 lmpi
1854 2868 1975 2923 imis
2005 2869 2159 2937 illud,

573 2960 716 3026 quod
748 2958 949 3013 dudum
978 2968 1107 3014 ante
1149 2960 1335 3014 oculos
1386 2960 1496 3014 fere
1533 2961 1772 3015 omnium
1816 2960 2162 3027 vertebatur,

574 3048 808 3101 occurrit
837 3066 849 3101 :
874 3049 1151 3115 cuiusnam
1176 3052 1250 3104 rei
1280 3065 1439 3103 causa
1459 3050 1709 3105 videlicet
1735 3053 2056 3119 intercessit,
2082 3055 2165 3107 in-

573 3140 692 3195 dira
725 3141 1057 3209 nobis,quod
1088 3140 1307 3196 dilectio
1341 3154 1429 3194 tua
1455 3158 1558 3196 non
1593 3144 1751 3197 modo
1775 3145 1937 3198 tantis
1964 3162 2165 3213 opnor.

2275 565 2557 633 providere
2586 569 2878 621 desisteres
2907 568 3012 623 illis
3038 586 3157 639 qua:
3185 587 3283 641 per
3305 582 3468 630 totum
3492 581 3717 634 mundum
3742 585 3808 639 di-

2272 666 2466 709 Cllﬂllll'
2492 657 2800 725 obrepsisse
2822 662 3105 731 contagiis.

2349 751 2579 804 Proinde
2602 752 2751 805 adire
2776 752 2943 807 debes
2973 755 3170 824 smpius
3197 755 3511 813 Christiana!
3536 764 3713 818 mentis
3730 768 3813 819 Διι-

2268 851 2518 909 gustum,
2554 852 2608 896 ct
2647 859 2839 899 causas
2880 845 3054 899 eidem
3098 848 3286 903 Salutis
3324 864 3433 903 sure
3480 860 3633 920 atque
3679 857 3827 910 etiam?

2272 932 2481 998 imperii
2506 934 2849 1000 redditurus,
2878 948 2933 989 et
2960 937 3311 991 crnsen‘andi
3335 939 3447 1007 ejus
3466 942 3704 997 auxilium
3728 934 3830 999 ire-1

2272 1035 2500 1093 quenter
2530 1025 2777 1089 ingerere
2803 1067 2818 1090 ,
2852 1027 2993 1081 unde
3030 1028 3230 1081 inimici
3266 1029 3407 1082 illius
3434 1033 3718 1087 corrueriut
3738 1076 3752 1099 ,
3774 1047 3817 1090 et

2273 1130 2377 1182 qua
2416 1116 2498 1169 via
2547 1116 2685 1169 idem
2727 1118 3056 1181 surrexerit,
3090 1119 3437 1174 nihilominus
3483 1122 3711 1177 intimare
3749 1129 3816 1187 ei;

2272 1212 2465 1277 scripta
2504 1209 2589 1263 illa
2622 1211 2868 1263 sensibus
2893 1214 3103 1276 pietatis
3131 1211 3249 1279 eius
3289 1210 3502 1278 offerre,
3540 1215 3719 1283 quibus
3747 1218 3818 1270 de-

2272 1317 2543 1356 cessorem
2568 1318 2745 1356 meum
2774 1304 2968 1356 eximia
3002 1304 3158 1358 laude
3186 1304 3399 1365 extulit,
3425 1320 3489 1357 eo
3517 1309 3649 1372 quod
3676 1308 3819 1360 ha're-

2274 1400 2432 1452 ticam
2462 1400 2743 1453 catholicae
2767 1400 3105 1469 tyrannidem
3135 1401 3375 1453 veritatis
3411 1403 3694 1457 assertione
3711 1419 3819 1457 con-

2273 1489 2486 1544 fuderit.
2524 1491 2650 1545 Item
2685 1491 2769 1545 illa
2803 1507 3017 1559 quoque
3058 1493 3253 1560 quilms
3284 1492 3500 1546 Petrum
3539 1496 3819 1549 Alexandri-

2273 1596 2399 1634 num
2430 1581 2885 1636 abAlexandrina:
2913 1582 3211 1635 cervicibus
3239 1585 3472 1636 excussit
3503 1583 3751 1647 Ecclesia,
3774 1596 3819 1639 ct

2270 1683 2469 1725 sanctm
2494 1674 2766 1726 memoria:
2800 1673 3142 1726 Timotheum
3174 1674 3451 1728 revocavit
3476 1676 3814 1731 orthodoxam.

2271 1764 2377 1817 Nec
2406 1764 2493 1817 illa
2520 1766 2794 1834 prmterire
2814 1765 3008 1831 quibus
3037 1765 3307 1831 episcOpis
3336 1776 3389 1818 ct
3410 1767 3635 1828 clelieis,
3668 1768 3817 1822 laicis-

2198 1853 2241 1911 Β
2271 1869 2375 1922 qne
2406 1870 2500 1922 per
2520 1870 2737 1909 onlnem
2766 1856 3053 1927 [Epyptum
3081 1856 3425 1919 constitutis,
3454 1860 3587 1924 quod
3616 1875 3641 1911 a
3664 1862 3815 1915 divina

2270 1946 2569 2001 Christiana
2622 1946 2957 2015 professione
3007 1948 3349 2002 deviassent.
3383 1949 3524 2002 sicut
3560 1952 3816 2005 catholicus

2272 2039 2564 2105 imperator
2590 2040 2888 2103 obtestans,
2912 2040 3013 2093 nisi
3044 2041 3180 2093 intra
3208 2040 3346 2094 duos
3368 2056 3581 2095 menses
3609 2042 3667 2095 ad
3692 2059 3817 2096 COlll-

2269 2133 2577 2187 muninnem
2610 2134 2875 2189 Timothei
2908 2134 3180 2199 redirent,
3216 2135 3511 2190 honoribus
3536 2178 3551 2202 ,
3584 2136 3815 2201 ccclesiis,

2268 2226 2620 2293 omnibusque
2651 2227 2702 2279 in
2739 2227 2824 2279 illa
2860 2227 3078 2294 regione
3123 2226 3463 2281 denuntiavit
3493 2242 3607 2281 es~e
3637 2232 3816 2295 privan-

2268 2315 2388 2369 dos.
2406 2316 2576 2370 Simul
2596 2318 2754 2372 etiam
2776 2319 2969 2387 quibus
2990 2318 3153 2385 Petri,
3175 2335 3334 2385 quem
3355 2317 3544 2373 illicite
3560 2334 3615 2372 se
3627 2320 3817 2373 Alexan-

2268 2408 2439 2464 drina:
2505 2410 2758 2466 Ecclesiae
2817 2410 3066 2479 iniecisse
3117 2411 3425 2480 perhibuit,
3486 2427 3548 2467 ac
3589 2410 3818 2466 Timorhei

2274 2498 2510 2554 lueretici
2558 2500 2667 2569 iam
2699 2500 2935 2554 delum-ti
2977 2500 3345 2555 ordinationes
3370 2543 3387 2566 ,
3422 2503 3508 2557 vel
3538 2518 3596 2557 ea
3623 2518 3730 2572 quae
3752 2519 3817 2555 se-

2268 2599 2420 2644 creto
2462 2606 2558 2659 per
2585 2590 2774 2645 modos
2804 2590 3058 2646 dicebant
3082 2632 3097 2657 ,
3129 2592 3197 2645 ita
3232 2594 3554 2648 recassavit.
3597 2592 3697 2649 Nec
3734 2608 3820 2647 non

2269 2682 2431 2735 etiam
2473 2680 2605 2737 illud
2646 2682 2963 2747 adnectere,
2990 2683 3129 2751 quod
3154 2698 3278 2737 cum
3307 2683 3625 2738 Timotheus
3652 2695 3821 2738 sancta:

2270 2772 2544 2827 memoriae
2565 2773 2862 2827 catholicus
2893 2774 3201 2842 fungeretur
3228 2776 3526 2840 extremis,
3556 2776 3735 2831 divinat
3757 2775 3819 2831 iu-

2269 2866 2581 2931 spirationis
2607 2866 2864 2919 instinctu
2890 2906 2905 2931 ,
2940 2876 3045 2918 tam
3071 2866 3137 2920 ad
3172 2866 3288 2934 ejus
3316 2869 3589 2936 pontificis
3609 2869 3818 2923 consulta

2268 2956 2505 3010 rescrihe
2516 2972 2598 3020 ns,
2619 2972 2777 3025 quam
2797 2957 2863 3010 ad
2893 2958 3039 3011 urbis
3066 2958 3446 3012 Alexandrini»
3464 2961 3681 3028 clerum,
3701 2962 3821 3013 omni

2269 3049 2599 3117 providentia
2627 3048 2897 3103 mandavit
2924 3051 3337 3119 pra-cavendum
3369 3092 3382 3115 ,
3420 3066 3479 3105 ut
3512 3053 3555 3106 si
3580 3057 3819 3120 praelatum

2266 3140 2514 3193 domitius
2536 3139 2872 3194 sacerdotem
2902 3140 3396 3209 transirejusserit,
3427 3159 3537 3197 non
3565 3144 3657 3197 nisi
3685 3144 3820 3197 deca-

574 3232 893 3286 muitatibus
923 3233 1291 3288 indesinenter
1316 3248 1379 3286 ex
1422 3234 1549 3297 rtis,
1574 3249 1756 3287 verum
1787 3235 1949 3289 etiam
1990 3251 2159 3304 smpe-
2187 3225 2229 3286 C
2266 3230 2588 3284 tholicnrmn
2636 3244 2867 3300 corpore
2912 3232 3234 3286 tlericorum
3263 3274 3279 3296 ,
3313 3242 3367 3287 et
3416 3236 3513 3297 qui
3543 3234 3821 3288 orthodusai

576 3339 839 3379 immeroa
863 3324 1239 3380 dcccssoribus
1265 3326 1398 3381 uicis
1423 3326 1615 3381 litteris
1641 3326 1861 3381 invitata
1879 3326 2155 3399 [incitata],

573 3416 718 3470 velut
746 3417 1017 3471 obstinato
1043 3416 1279 3482 silentio,
1311 3432 1579 3487 nunquam
1598 3432 1762 3488 super
1784 3418 1920 3474 hanc
1952 3430 2156 3489 partem

572 3517 664 3561 aut
687 3509 974 3563 Consolare
1002 3508 1288 3578 quidquam
1325 3508 1579 3572 voluerit,
1609 3519 1698 3563 aut
1734 3508 1955 3564 referre.
1996 3508 2160 3564 Cum-

571 3616 677 3670 que
701 3617 801 3656 nos
829 3601 1027 3671 aliquid
1060 3612 1262 3656 temch
1289 3603 1566 3657 sinismun
1594 3602 1758 3671 (quod
1789 3602 1948 3670 absit)
1979 3603 2045 3656 tle
2066 3610 2157 3658 tua

572 3705 753 3751 mente
770 3694 1057 3751 conveniat
1105 3696 1351 3765 Opinari,
1383 3707 1560 3750 tamen
1607 3695 1730 3764 quia
1767 3695 2155 3750 renciahilium

572 3788 807 3840 virorum
849 3789 937 3855 qui
979 3787 1271 3841 Ecclesium
1300 3787 1381 3841 cui
1417 3785 1674 3856 prmsides
1712 3797 1838 3842 ante
1866 3796 2152 3850 rcxeruut,

573 3888 777 3928 morem
822 3874 1153 3947 formamque
1185 3876 1479 3943 destituas,
1512 3878 1621 3932 ullo
1643 3876 1802 3932 modo
1826 3868 2006 3947 possis
2050 3894 2154 3930 non

572 3980 694 4020 (δερ
722 3976 1022 4035 suspectus.

640 4056 1035 4127 Certcsi(quod
1072 4074 1171 4113 non
1202 4059 1493 4127 credimus)
1510 4060 1812 4131 detliguari~
1845 4060 1902 4113 Β.
1926 4060 2154 4128 apostoli

573 4147 809 4201 victoriis
840 4146 1196 4203 reverentiam
1233 4152 1337 4202 tuis
1365 4150 1579 4203 deferre
1617 4150 1867 4204 fastuosis
1894 4153 1914 4181 ²
1956 4150 2158 4204 allecti-

574 4238 693 4304 bus,
734 4252 939 4294 memor
961 4240 1146 4292 saltem
1173 4240 1335 4293 olficii
1369 4255 1467 4308 pro
1492 4239 1612 4292 fidei
1645 4239 1947 4307 integritate
1978 4244 2158 4297 catho-

574 4331 718 4388 lictc,
751 4344 848 4396 pro
877 4340 1219 4397 paternarum
1250 4329 1497 4384 custodia
1537 4330 1911 4399 sanctionum,
1942 4346 2040 4401 pro
2067 4346 2157 4403 sy—

574 4421 698 4475 "Olli
725 4419 1183 4475 Chalcedonensis
1204 4422 1586 4478 constitutione
1616 4424 1899 4487 servanda,
1923 4439 2042 4493 qum
2066 4423 2150 4477 Ni-

573 4510 706 4563 cu-ni
751 4521 1049 4565 conventus
1086 4512 1298 4581 penitus
1336 4514 1525 4582 probat
1554 4514 1836 4577 articulos;
1869 4524 2029 4584 atque
2058 4530 2155 4583 pro

575 4597 655 4653 eis
676 4599 872 4669 ubique
899 4602 1140 4659 hostibus
1165 4604 1585 4675 comprimendis
1612 4646 1627 4671 ,
1655 4605 1792 4661 sicut
1818 4608 2153 4662 orthodoxe.

577 4706 695 4744 rum
744 4691 891 4743 urbis
923 4692 1066 4748 illius
1107 4697 1345 4750 imitator
1375 4698 1671 4753 antistitum
1692 4738 1706 4759 ,
1733 4706 2044 4752 constanter
2074 4715 2160 4752 ex-

576 4794 795 4848 surgere
817 4779 1095 4837 debuisses
1127 4801 1141 4836 :
1173 4787 1427 4853 quoniam
1458 4796 1508 4841 te
1552 4788 1709 4841 aliter
1754 4787 1893 4843 inter
1919 4789 2158 4843 membra

578 4956 737 5009 rimus
770 4972 881 5007 cum
910 4956 1218 5008 nominatum
1249 4973 1298 5009 es
1328 4974 1353 5009 e
1382 4957 1665 5010 Cumanum
1696 4960 2026 5025 episcopum;
2063 4959 2154 5013 sed

577 5027 630 5078 in
661 5037 849 5095 scripto
876 5027 1169 5095 perantiquo
1199 5029 1369 5080 codice
1393 5039 1575 5080 nostra!
1606 5029 1937 5095 bibliotltecw,
1963 5029 2044 5082 cui
2078 5039 2152 5083 est

578 5098 754 5149 titulus
775 5113 794 5151 :
822 5094 1225 5151 Concurdautia:
1251 5112 1534 5163 canonum,
1568 5100 1696 5153 inter
1721 5100 1828 5152 alia
1858 5094 1983 5152 inest
2011 5100 2154 5154 breve

576 5167 928 5236 cioiiipendzum
978 5166 1226 5230 historice,
1278 5170 1614 5236 complectens
1658 5180 1885 5235 tempora
1928 5170 1990 5222 ab
2038 5183 2153 5222 ortu

581 5234 811 5305 Nestorii
860 5237 1062 5289 htt'r'csis
1101 5254 1255 5305 usque
1303 5239 1371 5291 ad
1396 5234 1683 5291 concilium
1730 5234 2019 5292 Romanum
2060 5241 2154 5293 sub

576 5304 748 5377 Felice
778 5324 935 5377 papa,
963 5309 1014 5359 in
1037 5324 1137 5375 quo
1171 5304 1444 5361 damnatas
1470 5320 1540 5361 est
1565 5310 1776 5362 Aeacius
1811 5325 1830 5365 :
1871 5314 2007 5375 quod
2039 5312 2153 5363 licet

573 5376 684 5449 sine
723 5376 955 5449 aucturis
992 5378 1191 5431 nomine
1230 5378 1418 5449 editum
1460 5381 1765 5446 reperiatur,
1810 5381 2030 5449 alicujus
2064 5382 2152 5448 qui

575 5446 671 5499 hoc
701 5450 885 5520 iafculo
913 5448 1034 5520 vixit
1059 5488 1073 5510 ,
1103 5456 1149 5500 et
1181 5448 1405 5520 veritatis
1430 5449 1687 5501 studiosus
1719 5451 1813 5520 fuit
1835 5492 1849 5515 ,
1881 5446 1987 5503 esse
2015 5446 2151 5502 ride-

576 5525 658 5585 tur
697 5530 717 5570 :
753 5519 802 5569 in
824 5518 1351 5585 Itoc,inquam,opere,
1391 5518 1521 5570 inter
1549 5520 1653 5570 alia
1685 5518 1932 5573 habentur
1956 5522 2062 5572 lucc
2085 5521 2149 5574 de

575 5584 877 5659 Qithlegalls
912 5584 1081 5659 missis
1123 5586 1654 5659 Constantinopolim:
1688 5589 1972 5658 Postquam
2020 5606 2149 5659 ergo

574 5652 723 5711 Felix
747 5652 894 5725 "papa
923 5658 1126 5712 litteras
1160 5652 1574 5726 praedecessoris
1602 5661 1683 5713 sui
1717 5652 1850 5715 nihil
1890 5652 2152 5732 prolicere

653 5767 669 5798 ⁸
698 5766 753 5821 ld
780 5776 879 5829 cst,
914 5768 1011 5823 hac
1037 5772 1308 5834 legatione.
1341 5772 1600 5828 "annum.

2271 3320 2391 3375 fidei
2422 3320 2741 3391 probaretur
2762 3337 2882 3377 esse
2903 3321 3218 3391 discipulus.
3249 3326 3609 3396 omnibusque
3625 3340 3821 3380 comunt-

2266 3414 2469 3467 nicaret
2498 3414 2775 3479 Ecclesiis,
2800 3423 2960 3482 atque
2986 3430 3016 3469 a
3040 3418 3321 3471 catholicis
3360 3419 3643 3472 ordinatus
3666 3432 3823 3471 succe-

2265 3505 2421 3559 deret
2450 3505 2708 3561 defuncto
2758 3509 2997 3578 pontifici
3031 3525 3045 3561 :
3076 3509 3325 3562 nimirum
3368 3512 3644 3578 sapienter
3679 3510 3823 3562 inten-

2265 3598 2419 3662 deus,
2450 3602 2688 3667 Petrum,
2718 3601 2915 3671 quiaut
2943 3616 2971 3653 a
3001 3602 3195 3665 nuliis,
3223 3611 3316 3655 aut
3341 3603 3409 3655 ab
3438 3595 3699 3658 haereticis
3721 3601 3819 3654 falsi

2267 3693 2498 3745 nominis
2530 3693 2688 3759 hujus
2709 3692 2914 3747 honore
2934 3693 3250 3760 iactaretur,
3274 3709 3445 3762 super
3476 3703 3673 3763 petram
3694 3693 3823 3766 [unde

2271 3783 2499 3857 Petrum]
2546 3786 2827 3841 catholica:
2860 3787 3151 3854 Ecclesiae,
3196 3802 3228 3843 e
3278 3805 3379 3857 qua
3424 3790 3547 3859 ejus
3573 3786 3826 3842 temeraria

2266 3878 2439 3931 fuerat
2465 3880 2882 3949 praesumptione
2911 3880 3196 3949 depulsus,
3224 3896 3498 3950 nunquam
3531 3896 3683 3951 posse
3703 3878 3827 3949 peni-

2265 3979 2349 4023 tus
2378 3970 2691 4037 przesidere.
3396 4026 3401 4031 .

2339 4059 2461 4112 Ihee
2496 4059 2797 4125 huiusmodi
2825 4076 2945 4127 qute
2972 4072 3123 4130 gesta
3152 4073 3311 4127 sunt,
3344 4072 3398 4117 et
3420 4061 3719 4117 dilectionis
3739 4070 3827 4112 tua:

2265 4167 2427 4206 consc
2452 4154 2655 4207 entiam
2700 4171 2805 4208 non
2837 4155 3034 4220 latent,
3058 4166 3393 4210 convenerat
3416 4156 3617 4223 saép'us
3656 4153 3829 4218 imper-

2267 4244 2350 4297 tiri
2381 4260 2395 4295 :
2432 4244 2699 4314 przecipue
2742 4262 2863 4299 cum
2916 4248 2968 4301 in
3012 4246 3093 4300 his
3122 4244 3589 4301 Christianissimo
3627 4240 3827 4312 principi

2265 4337 2691 4407 promulgandis,
2742 4328 2961 4406 quando
3008 4340 3073 4393 ad
3121 4341 3321 4407 regiam
3379 4347 3696 4406 potestatem
3736 4334 3831 4387 Deo

2264 4430 2554 4483 comitante
2578 4432 2857 4497 remeavit,
2886 4447 3103 4501 operam
3132 4442 3275 4485 tuam
3309 4430 3491 4485 missis
3523 4430 3627 4483 huc
3658 4424 3829 4480 lit'eris

2186 4546 2238 4606 Β
2267 4535 2371 4575 non
2405 4521 2639 4575 tacueris
2685 4522 3038 4577 vehementer
3085 4523 3383 4590 impensam
3425 4535 3583 4583 esse.
3638 4518 3830 4586 (“8mm

2266 4608 2541 4665 catholico
2570 4612 2851 4678 pontiﬁce;
2884 4613 3194 4681 gloriareris
3220 4624 3405 4666 omnes
3430 4614 3519 4678 qui
3558 4616 3738 4663 cantra
3762 4618 3831 4656 se-

2262 4701 2383 4754 dem
2416 4709 2648 4755 vestram
2679 4700 2953 4773 [nostram]
2978 4744 2993 4763 ,
3032 4711 3329 4771 contraque
3354 4698 3832 4755 Chalcedonenseui

2269 4791 2531 4860 synodum
2554 4835 2568 4861 ,
2604 4803 2659 4847 et
2682 4802 2867 4848 contra
2900 4793 3333 4863 praedicationem
3367 4792 3510 4847 sedis
3537 4787 3833 4859 apostolica!

2270 4964 2542 5029 cognovit,
2570 4971 2625 5017 et
2652 4962 2876 5018 ludibria
2906 4961 3151 5031 quaedam
3180 4962 3230 5014 in
3261 4962 3600 5017 eversionem
3637 4957 3753 5031 fidei
3778 4957 3836 5008 ah

2267 5033 2478 5109 Acaciu‘
2504 5034 2684 5109 fierit;
2721 5046 2846 5088 tunc
2874 5029 3100 5109 Vitalern
3150 5034 3458 5109 episcopum
3502 5029 3836 5109 Drogntindm

2263 5116 2327 5155 (ιι
2372 5104 2589 5163 regione
2634 5104 2848 5169 l‘icena,
2898 5113 2953 5158 et
2997 5104 3255 5157 Misenum
3299 5100 3549 5157 Cumanae.
3597 5100 3837 5169 Ecclesiu

2261 5172 2571 5241 episcopum
2604 5189 2670 5228 ex
2719 5165 2940 5241 regione
2978 5174 3288 5240 Campania:
3328 5173 3693 5241 diresit,_etc.
3741 5165 3837 5219 Sed

2263 5259 2355 5305 pro
2381 5239 2718 5298 Dr‘oentinum
2748 5239 3017 5315 legendum
3052 5239 3124 5297 cst
3156 5242 3506 5296 Truentinum.
3546 5239 3679 5294 Erat
3716 5252 3836 5290 (nam

2261 5321 2382 5384 tunc
2405 5329 2465 5366 ea
2503 5315 2679 5367 civitas
2721 5314 2860 5384 apud
2902 5314 3116 5384 ﬂuvium
3162 5329 3223 5367 eo
3251 5316 3454 5367 nomine
3497 5317 3837 5377 nuncupatum

2261 5381 2567 5445 Truentum,
2614 5381 2779 5453 hodie:
2811 5381 2961 5453 vulgo
3004 5383 3199 5453 Tronto
3234 5384 3427 5436 dictum
3457 5397 3475 5435 :
3505 5384 3835 5453 meminerunt

2262 5454 2486 5519 eiusdem
2513 5454 2726 5507 civitatis
2756 5446 2995 5520 Plinius,
3027 5452 3369 5519 Ptolomwus,
3401 5463 3447 5506 et
3480 5451 3594 5503 alii.
3624 5450 3747 5503 Ha'c
3774 5446 3835 5499 de

2262 5523 2445 5588 legatis
2472 5524 2987 5595 Constantinopolim
3017 5522 3197 5580 missis
3225 5523 3349 5582 Bac.
3373 5537 3511 5579 anno
3534 5520 3667 5589 485,
3691 5530 3830 5573 num.

2263 5592 2350 5649 l9.
2381 5594 2508 5651 δεῖν.
2541 5594 2742 5649 Βικιυδ.

2337 5633 2350 5647 .
2381 5609 2508 5649 δίεν.
2541 5609 2742 5649 15181118.

2334 5780 2352 5808 ²
2388 5774 2545 5831 Forte
2571 5773 2831 5843 affatibus.
2863 5778 3129 5832 llsnotna.
