  <div class='ocr_page' id='page_1' title='image "/cluster/home/n/w/nwhite01/storage/ocr_20150623/58/hvd.32044073505109/484.png"; bbox 0 0 4046 6188; ppageno 0'>
   <div class='ocr_carea' id='block_1_1' title="bbox 213 217 315 270">
    <p class='ocr_par' dir='ltr' id='par_1_1' title="bbox 213 217 315 270">
     <span class='ocr_line' id='line_1_1' title="bbox 213 217 315 270; baseline 0 -1"><span class='ocrx_word' id='word_1_1' title='bbox 213 217 315 270; x_wconf 75' lang='grc'><strong>897</strong></span> 
     </span>
    </p>
   </div>
   <div class='ocr_carea' id='block_1_2' title="bbox 1413 208 2270 267">
    <p class='ocr_par' dir='ltr' id='par_1_2' title="bbox 1413 208 2270 267">
     <span class='ocr_line' id='line_1_2' title="bbox 1413 208 2270 267; baseline 0.001 -1"><span class='ocrx_word' id='word_1_2' title='bbox 1413 208 1763 266; x_wconf 52' lang='lat' dir='ltr'><strong>EPISTULA?</strong></span> <span class='ocrx_word' id='word_1_3' title='bbox 1807 210 1892 265; x_wconf 79' lang='grc' dir='ltr'><strong>ΕΤ</strong></span> <span class='ocrx_word' id='word_1_4' title='bbox 1935 211 2270 267; x_wconf 68' lang='lat' dir='ltr'><strong>DECRETA.</strong></span> 
     </span>
    </p>
   </div>
   <div class='ocr_carea' id='block_1_3' title="bbox 3367 218 3469 275">
    <p class='ocr_par' dir='ltr' id='par_1_3' title="bbox 3367 218 3469 275">
     <span class='ocr_line' id='line_1_3' title="bbox 3367 218 3469 275; baseline 0.02 -2"><span class='ocrx_word' id='word_1_5' title='bbox 3367 218 3469 275; x_wconf 67' lang='lat' dir='ltr'><strong>M8</strong></span> 
     </span>
    </p>
   </div>
   <div class='ocr_carea' id='block_1_4' title="bbox 214 322 3471 396">
    <p class='ocr_par' dir='ltr' id='par_1_4' title="bbox 214 322 3471 396">
     <span class='ocr_line' id='line_1_4' title="bbox 214 322 3471 396; baseline 0.002 -13"><span class='ocrx_word' id='word_1_6' title='bbox 214 334 403 386; x_wconf 81' lang='lat' dir='ltr'><strong>venire</strong></span> <span class='ocrx_word' id='word_1_7' title='bbox 431 325 782 393; x_wconf 80' lang='lat' dir='ltr'><strong>tcntavcrittt,</strong></span> <span class='ocrx_word' id='word_1_8' title='bbox 830 322 996 379; x_wconf 86' lang='lat' dir='ltr'><strong>fuisse</strong></span> <span class='ocrx_word' id='word_1_9' title='bbox 1026 332 1324 394; x_wconf 71' lang='lat' dir='ltr'><strong>prostratos</strong></span> <span class='ocrx_word' id='word_1_10' title='bbox 1354 340 1381 382; x_wconf 86' lang='lat'><strong>:.</strong></span> <span class='ocrx_word' id='word_1_11' title='bbox 1406 342 1510 395; x_wconf 88' lang='lat' dir='ltr'><strong>quo</strong></span> <span class='ocrx_word' id='word_1_12' title='bbox 1548 326 1716 396; x_wconf 79' lang='lat' dir='ltr'><strong>magis</strong></span> <span class='ocrx_word' id='word_1_13' title='bbox 1743 336 1795 381; x_wconf 90' lang='lat' dir='ltr'><strong>te</strong></span> <span class='ocrx_word' id='word_1_14' title='bbox 1822 332 1871 389; x_wconf 77' lang='grc' dir='ltr'>Α</span> <span class='ocrx_word' id='word_1_15' title='bbox 1901 329 1983 383; x_wconf 93' lang='lat' dir='ltr'><strong>vel</strong></span> <span class='ocrx_word' id='word_1_16' title='bbox 2010 343 2238 385; x_wconf 83' lang='lat' dir='ltr'><strong>censura</strong></span> <span class='ocrx_word' id='word_1_17' title='bbox 2278 328 2576 384; x_wconf 74' lang='lat' dir='ltr'><strong>beatissimi</strong></span> <span class='ocrx_word' id='word_1_18' title='bbox 2605 328 2779 394; x_wconf 85' lang='lat' dir='ltr'><strong>Petri,</strong></span> <span class='ocrx_word' id='word_1_19' title='bbox 2826 332 2910 387; x_wconf 83' lang='lat' dir='ltr'><strong>vel</strong></span> <span class='ocrx_word' id='word_1_20' title='bbox 2938 333 3228 387; x_wconf 83' lang='lat' dir='ltr'><strong>auctoritas</strong></span> <span class='ocrx_word' id='word_1_21' title='bbox 3254 336 3471 388; x_wconf 61' lang='lat' dir='ltr'><strong>univen</strong></span> 
     </span>
    </p>
   </div>
   <div class='ocr_carea' id='block_1_5' title="bbox 214 415 1800 496">
    <p class='ocr_par' dir='ltr' id='par_1_5' title="bbox 214 415 1800 496">
     <span class='ocr_line' id='line_1_5' title="bbox 214 415 1800 496; baseline -0.004 -17"><span class='ocrx_word' id='word_1_22' title='bbox 214 441 314 496; x_wconf 90' lang='lat' dir='ltr'><strong>pro</strong></span> <span class='ocrx_word' id='word_1_23' title='bbox 360 431 451 476; x_wconf 87' lang='lat' dir='ltr'><strong>tua</strong></span> <span class='ocrx_word' id='word_1_24' title='bbox 482 420 657 475; x_wconf 88' lang='lat' dir='ltr'><strong>salute</strong></span> <span class='ocrx_word' id='word_1_25' title='bbox 695 428 749 473; x_wconf 90' lang='lat' dir='ltr'><strong>et</strong></span> <span class='ocrx_word' id='word_1_26' title='bbox 779 416 1115 488; x_wconf 80' lang='lat' dir='ltr'><strong>professione</strong></span> <span class='ocrx_word' id='word_1_27' title='bbox 1164 415 1462 471; x_wconf 74' lang='lat' dir='ltr'><strong>ferventius</strong></span> <span class='ocrx_word' id='word_1_28' title='bbox 1506 417 1644 483; x_wconf 87' lang='lat' dir='ltr'><strong>apud</strong></span> <span class='ocrx_word' id='word_1_29' title='bbox 1691 417 1800 473; x_wconf 87' lang='lat' dir='ltr'><strong>cle-</strong></span> 
     </span>
    </p>
   </div>
   <div class='ocr_carea' id='block_1_6' title="bbox 214 507 1800 582">
    <p class='ocr_par' dir='ltr' id='par_1_6' title="bbox 214 507 1800 582">
     <span class='ocr_line' id='line_1_6' title="bbox 214 507 1800 582; baseline -0.006 -12"><span class='ocrx_word' id='word_1_30' title='bbox 214 515 431 571; x_wconf 80' lang='lat' dir='ltr'><strong>mentia:</strong></span> <span class='ocrx_word' id='word_1_31' title='bbox 457 512 576 582; x_wconf 80' lang='lat' dir='ltr'><strong>ejus</strong></span> <span class='ocrx_word' id='word_1_32' title='bbox 604 523 761 564; x_wconf 85' lang='lat' dir='ltr'><strong>aures</strong></span> <span class='ocrx_word' id='word_1_33' title='bbox 787 516 1095 577; x_wconf 79' lang='lat' dir='ltr'><strong>oportuerat</strong></span> <span class='ocrx_word' id='word_1_34' title='bbox 1132 508 1255 561; x_wconf 87' lang='lat' dir='ltr'><strong>talia</strong></span> <span class='ocrx_word' id='word_1_35' title='bbox 1299 507 1697 562; x_wconf 84' lang='lat' dir='ltr'><strong>incessabiliter</strong></span> <span class='ocrx_word' id='word_1_36' title='bbox 1722 508 1800 560; x_wconf 88' lang='lat' dir='ltr'><strong>al-</strong></span> 
     </span>
    </p>
   </div>
   <div class='ocr_carea' id='block_1_7' title="bbox 214 602 1795 677">
    <p class='ocr_par' dir='ltr' id='par_1_7' title="bbox 214 602 1795 677">
     <span class='ocr_line' id='line_1_7' title="bbox 214 602 1795 677; baseline -0.003 -16"><span class='ocrx_word' id='word_1_37' title='bbox 214 610 394 677; x_wconf 90' lang='lat' dir='ltr'><strong>legare</strong></span> <span class='ocrx_word' id='word_1_38' title='bbox 421 648 437 672; x_wconf 93' lang='lat'><strong>,</strong></span> <span class='ocrx_word' id='word_1_39' title='bbox 486 619 551 659; x_wconf 89' lang='lat' dir='ltr'><strong>ac</strong></span> <span class='ocrx_word' id='word_1_40' title='bbox 598 617 919 672; x_wconf 82' lang='lat' dir='ltr'><strong>magnopere</strong></span> <span class='ocrx_word' id='word_1_41' title='bbox 964 602 1242 669; x_wconf 87' lang='lat' dir='ltr'><strong>deprecari</strong></span> <span class='ocrx_word' id='word_1_42' title='bbox 1272 643 1286 666; x_wconf 91' lang='lat'><strong>,</strong></span> <span class='ocrx_word' id='word_1_43' title='bbox 1335 619 1441 672; x_wconf 89' lang='lat' dir='ltr'><strong>quo</strong></span> <span class='ocrx_word' id='word_1_44' title='bbox 1473 616 1570 657; x_wconf 89' lang='lat' dir='ltr'><strong>nec</strong></span> <span class='ocrx_word' id='word_1_45' title='bbox 1614 618 1795 666; x_wconf 80' lang='lat' dir='ltr'><strong>suam,</strong></span> 
     </span>
    </p>
   </div>
   <div class='ocr_carea' id='block_1_8' title="bbox 214 692 1804 767">
    <p class='ocr_par' dir='ltr' id='par_1_8' title="bbox 214 692 1804 767">
     <span class='ocr_line' id='line_1_8' title="bbox 214 692 1804 767; baseline -0.001 -16"><span class='ocrx_word' id='word_1_46' title='bbox 214 714 378 767; x_wconf 88' lang='lat' dir='ltr'><strong>quam</strong></span> <span class='ocrx_word' id='word_1_47' title='bbox 408 695 671 751; x_wconf 88' lang='lat' dir='ltr'><strong>catholica</strong></span> <span class='ocrx_word' id='word_1_48' title='bbox 701 702 882 747; x_wconf 89' lang='lat' dir='ltr'><strong>mente</strong></span> <span class='ocrx_word' id='word_1_49' title='bbox 918 692 1347 762; x_wconf 87' lang='lat' dir='ltr'><strong>deprompserat,</strong></span> <span class='ocrx_word' id='word_1_50' title='bbox 1381 694 1568 748; x_wconf 89' lang='lat' dir='ltr'><strong>violari</strong></span> <span class='ocrx_word' id='word_1_51' title='bbox 1612 695 1804 750; x_wconf 84' lang='lat' dir='ltr'><strong>ullate-</strong></span> 
     </span>
    </p>
   </div>
   <div class='ocr_carea' id='block_1_9' title="bbox 222 786 1800 861">
    <p class='ocr_par' dir='ltr' id='par_1_9' title="bbox 222 786 1800 861">
     <span class='ocr_line' id='line_1_9' title="bbox 222 786 1800 861; baseline -0.005 -15"><span class='ocrx_word' id='word_1_52' title='bbox 222 809 327 847; x_wconf 87' lang='lat' dir='ltr'><strong>nus</strong></span> <span class='ocrx_word' id='word_1_53' title='bbox 378 799 648 861; x_wconf 85' lang='lat' dir='ltr'><strong>pateretur</strong></span> <span class='ocrx_word' id='word_1_54' title='bbox 701 786 982 855; x_wconf 70' lang='lat' dir='ltr'><strong>cujuslibet</strong></span> <span class='ocrx_word' id='word_1_55' title='bbox 1044 786 1395 855; x_wconf 87' lang='lat' dir='ltr'><strong>subreptioue</strong></span> <span class='ocrx_word' id='word_1_56' title='bbox 1445 789 1800 850; x_wconf 87' lang='lat' dir='ltr'><strong>sententiam;</strong></span> 
     </span>
    </p>
   </div>
   <div class='ocr_carea' id='block_1_10' title="bbox 224 878 1805 947">
    <p class='ocr_par' dir='ltr' id='par_1_10' title="bbox 224 878 1805 947">
     <span class='ocr_line' id='line_1_10' title="bbox 224 878 1805 947; baseline -0.003 -10"><span class='ocrx_word' id='word_1_57' title='bbox 224 899 328 939; x_wconf 88' lang='lat' dir='ltr'><strong>nec</strong></span> <span class='ocrx_word' id='word_1_58' title='bbox 374 883 634 936; x_wconf 85' lang='lat' dir='ltr'><strong>adversus</strong></span> <span class='ocrx_word' id='word_1_59' title='bbox 676 878 991 932; x_wconf 81' lang='lat' dir='ltr'><strong>universalis</strong></span> <span class='ocrx_word' id='word_1_60' title='bbox 1031 878 1285 933; x_wconf 74' lang='lat' dir='ltr'><strong>Ecclesia:</strong></span> <span class='ocrx_word' id='word_1_61' title='bbox 1328 882 1661 933; x_wconf 81' lang='lat' dir='ltr'><strong>sanctionem</strong></span> <span class='ocrx_word' id='word_1_62' title='bbox 1712 895 1805 947; x_wconf 76' lang='lat' dir='ltr'><strong>per</strong></span> 
     </span>
    </p>
   </div>
   <div class='ocr_carea' id='block_1_11' title="bbox 222 971 1806 1041">
    <p class='ocr_par' dir='ltr' id='par_1_11' title="bbox 222 971 1806 1041">
     <span class='ocr_line' id='line_1_11' title="bbox 222 971 1806 1041; baseline 0 -13"><span class='ocrx_word' id='word_1_63' title='bbox 222 976 599 1029; x_wconf 73' lang='lat' dir='ltr'><strong>hzrreticorum</strong></span> <span class='ocrx_word' id='word_1_64' title='bbox 646 971 810 1025; x_wconf 85' lang='lat' dir='ltr'><strong>furias</strong></span> <span class='ocrx_word' id='word_1_65' title='bbox 835 1015 848 1038; x_wconf 89' lang='lat'><strong>,</strong></span> <span class='ocrx_word' id='word_1_66' title='bbox 893 986 1024 1038; x_wconf 90' lang='lat' dir='ltr'><strong>quas</strong></span> <span class='ocrx_word' id='word_1_67' title='bbox 1053 1010 1068 1035; x_wconf 87' lang='lat'><strong>,</strong></span> <span class='ocrx_word' id='word_1_68' title='bbox 1103 971 1209 1025; x_wconf 84' lang='lat' dir='ltr'><strong>Deo</strong></span> <span class='ocrx_word' id='word_1_69' title='bbox 1252 972 1546 1041; x_wconf 82' lang='lat' dir='ltr'><strong>inspirante</strong></span> <span class='ocrx_word' id='word_1_70' title='bbox 1571 1016 1586 1040; x_wconf 95' lang='lat'><strong>,</strong></span> <span class='ocrx_word' id='word_1_71' title='bbox 1639 976 1806 1039; x_wconf 86' lang='lat' dir='ltr'><strong>pietas</strong></span> 
     </span>
    </p>
   </div>
   <div class='ocr_carea' id='block_1_12' title="bbox 222 1042 1806 1134">
    <p class='ocr_par' dir='ltr' id='par_1_12' title="bbox 222 1063 1806 1134">
     <span class='ocr_line' id='line_1_12' title="bbox 222 1063 1806 1134; baseline -0.001 -15"><span class='ocrx_word' id='word_1_72' title='bbox 222 1066 342 1134; x_wconf 80' lang='lat' dir='ltr'><strong>eius</strong></span> <span class='ocrx_word' id='word_1_73' title='bbox 367 1066 614 1128; x_wconf 85' lang='lat' dir='ltr'><strong>eliserat,</strong></span> <span class='ocrx_word' id='word_1_74' title='bbox 652 1064 855 1115; x_wconf 79' lang='lat' dir='ltr'><strong>sineret</strong></span> <span class='ocrx_word' id='word_1_75' title='bbox 880 1064 1057 1115; x_wconf 83' lang='lat' dir='ltr'><strong>demto</strong></span> <span class='ocrx_word' id='word_1_76' title='bbox 1085 1063 1363 1130; x_wconf 68' lang='lat' dir='ltr'><strong>pullulare,</strong></span> <span class='ocrx_word' id='word_1_77' title='bbox 1394 1081 1549 1132; x_wconf 67' lang='lat' dir='ltr'><strong>quam</strong></span> <span class='ocrx_word' id='word_1_78' title='bbox 1579 1065 1806 1117; x_wconf 85' lang='lat' dir='ltr'><strong>manife-</strong></span> 
     </span>
    </p>
   </div>
   <div class='ocr_carea' id='block_1_13' title="bbox 228 1154 1807 1224">
    <p class='ocr_par' dir='ltr' id='par_1_13' title="bbox 228 1154 1807 1224">
     <span class='ocr_line' id='line_1_13' title="bbox 228 1154 1807 1224; baseline -0.002 -12"><span class='ocrx_word' id='word_1_79' title='bbox 228 1157 472 1212; x_wconf 88' lang='lat' dir='ltr'><strong>stissime</strong></span> <span class='ocrx_word' id='word_1_80' title='bbox 501 1154 842 1224; x_wconf 84' lang='lat' dir='ltr'><strong>pervideres;</strong></span> <span class='ocrx_word' id='word_1_81' title='bbox 884 1169 946 1208; x_wconf 90' lang='lat' dir='ltr'><strong>ac</strong></span> <span class='ocrx_word' id='word_1_82' title='bbox 986 1165 1070 1207; x_wconf 89' lang='lat' dir='ltr'><strong>tua</strong></span> <span class='ocrx_word' id='word_1_83' title='bbox 1114 1157 1285 1209; x_wconf 88' lang='lat' dir='ltr'><strong>modis</strong></span> <span class='ocrx_word' id='word_1_84' title='bbox 1326 1159 1571 1209; x_wconf 84' lang='lat' dir='ltr'><strong>omnibus</strong></span> <span class='ocrx_word' id='word_1_85' title='bbox 1617 1156 1807 1224; x_wconf 77' lang='lat' dir='ltr'><strong>praedi-</strong></span> 
     </span>
    </p>
   </div>
   <div class='ocr_carea' id='block_1_14' title="bbox 226 1247 1809 1315">
    <p class='ocr_par' dir='ltr' id='par_1_14' title="bbox 226 1247 1809 1315">
     <span class='ocr_line' id='line_1_14' title="bbox 226 1247 1809 1315; baseline -0.003 -12"><span class='ocrx_word' id='word_1_86' title='bbox 226 1251 440 1304; x_wconf 88' lang='lat' dir='ltr'><strong>catione</strong></span> <span class='ocrx_word' id='word_1_87' title='bbox 463 1263 677 1301; x_wconf 88' lang='lat' dir='ltr'><strong>rursum</strong></span> <span class='ocrx_word' id='word_1_88' title='bbox 704 1247 756 1300; x_wconf 93' lang='lat' dir='ltr'><strong>in</strong></span> <span class='ocrx_word' id='word_1_89' title='bbox 785 1263 845 1300; x_wconf 84' lang='lat' dir='ltr'><strong>ea</strong></span> <span class='ocrx_word' id='word_1_90' title='bbox 876 1262 993 1315; x_wconf 76' lang='lat' dir='ltr'><strong>qua:</strong></span> <span class='ocrx_word' id='word_1_91' title='bbox 1018 1248 1332 1301; x_wconf 79' lang='lat' dir='ltr'><strong>exstiterant</strong></span> <span class='ocrx_word' id='word_1_92' title='bbox 1355 1250 1401 1301; x_wconf 92' lang='lat' dir='ltr'><strong>ei</strong></span> <span class='ocrx_word' id='word_1_93' title='bbox 1431 1254 1651 1301; x_wconf 76' lang='lat' dir='ltr'><strong>adversa</strong></span> <span class='ocrx_word' id='word_1_94' title='bbox 1680 1266 1809 1301; x_wconf 89' lang='lat' dir='ltr'><strong>con-</strong></span> 
     </span>
    </p>
   </div>
   <div class='ocr_carea' id='block_1_15' title="bbox 228 1338 1802 1408">
    <p class='ocr_par' dir='ltr' id='par_1_15' title="bbox 228 1338 1802 1408">
     <span class='ocr_line' id='line_1_15' title="bbox 228 1338 1802 1408; baseline -0.001 -14"><span class='ocrx_word' id='word_1_95' title='bbox 228 1354 479 1408; x_wconf 79' lang='lat' dir='ltr'><strong>surgercs</strong></span> <span class='ocrx_word' id='word_1_96' title='bbox 506 1383 519 1404; x_wconf 86' lang='lat'><strong>,</strong></span> <span class='ocrx_word' id='word_1_97' title='bbox 564 1350 723 1407; x_wconf 90' lang='lat' dir='ltr'><strong>atque</strong></span> <span class='ocrx_word' id='word_1_98' title='bbox 772 1339 960 1391; x_wconf 83' lang='lat' dir='ltr'><strong>eadem</strong></span> <span class='ocrx_word' id='word_1_99' title='bbox 993 1338 1110 1391; x_wconf 83' lang='lat' dir='ltr'><strong>sine</strong></span> <span class='ocrx_word' id='word_1_100' title='bbox 1141 1339 1470 1392; x_wconf 84' lang='lat' dir='ltr'><strong>dubitatione</strong></span> <span class='ocrx_word' id='word_1_101' title='bbox 1521 1339 1762 1392; x_wconf 84' lang='lat' dir='ltr'><strong>firtuares</strong></span> <span class='ocrx_word' id='word_1_102' title='bbox 1790 1357 1802 1392; x_wconf 89' lang='lat'>:</span> 
     </span>
    </p>
   </div>
   <div class='ocr_carea' id='block_1_16' title="bbox 228 1430 1809 1502">
    <p class='ocr_par' dir='ltr' id='par_1_16' title="bbox 228 1430 1809 1502">
     <span class='ocr_line' id='line_1_16' title="bbox 228 1430 1809 1502; baseline -0.006 -16"><span class='ocrx_word' id='word_1_103' title='bbox 228 1432 443 1502; x_wconf 81' lang='lat' dir='ltr'><strong>quando</strong></span> <span class='ocrx_word' id='word_1_104' title='bbox 487 1430 612 1484; x_wconf 83' lang='lat' dir='ltr'><strong>huic</strong></span> <span class='ocrx_word' id='word_1_105' title='bbox 661 1430 1007 1493; x_wconf 86' lang='lat' dir='ltr'><strong>reluctantia,</strong></span> <span class='ocrx_word' id='word_1_106' title='bbox 1041 1432 1181 1482; x_wconf 90' lang='lat' dir='ltr'><strong>sicut</strong></span> <span class='ocrx_word' id='word_1_107' title='bbox 1206 1430 1407 1483; x_wconf 89' lang='lat' dir='ltr'><strong>dudum</strong></span> <span class='ocrx_word' id='word_1_108' title='bbox 1445 1432 1655 1484; x_wconf 86' lang='lat' dir='ltr'><strong>fuerant</strong></span> <span class='ocrx_word' id='word_1_109' title='bbox 1683 1431 1809 1483; x_wconf 53' lang='lat' dir='ltr'><strong>sul,-</strong></span> 
     </span>
    </p>
   </div>
   <div class='ocr_carea' id='block_1_17' title="bbox 228 1520 1808 1593">
    <p class='ocr_par' dir='ltr' id='par_1_17' title="bbox 228 1520 1808 1593">
     <span class='ocr_line' id='line_1_17' title="bbox 228 1520 1808 1593; baseline -0.002 -18"><span class='ocrx_word' id='word_1_110' title='bbox 228 1538 383 1578; x_wconf 82' lang='lat' dir='ltr'><strong>versa</strong></span> <span class='ocrx_word' id='word_1_111' title='bbox 409 1564 424 1586; x_wconf 93' lang='lat'><strong>,</strong></span> <span class='ocrx_word' id='word_1_112' title='bbox 454 1521 774 1591; x_wconf 74' lang='lat' dir='ltr'><strong>iacuissent;</strong></span> <span class='ocrx_word' id='word_1_113' title='bbox 818 1535 883 1573; x_wconf 92' lang='lat' dir='ltr'><strong>nc</strong></span> <span class='ocrx_word' id='word_1_114' title='bbox 909 1521 993 1573; x_wconf 84' lang='lat' dir='ltr'><strong>vel</strong></span> <span class='ocrx_word' id='word_1_115' title='bbox 1026 1531 1125 1575; x_wconf 73' lang='lat' dir='ltr'><strong>tua:</strong></span> <span class='ocrx_word' id='word_1_116' title='bbox 1156 1520 1320 1593; x_wconf 90' lang='lat' dir='ltr'><strong>(quod</strong></span> <span class='ocrx_word' id='word_1_117' title='bbox 1366 1520 1526 1590; x_wconf 85' lang='lat' dir='ltr'><strong>absit)</strong></span> <span class='ocrx_word' id='word_1_118' title='bbox 1567 1522 1685 1574; x_wconf 86' lang='lat' dir='ltr'><strong>tidei</strong></span> <span class='ocrx_word' id='word_1_119' title='bbox 1715 1521 1808 1573; x_wconf 88' lang='lat' dir='ltr'><strong>de-</strong></span> 
     </span>
    </p>
   </div>
   <div class='ocr_carea' id='block_1_18' title="bbox 230 1612 1807 1682">
    <p class='ocr_par' dir='ltr' id='par_1_18' title="bbox 230 1612 1807 1682">
     <span class='ocr_line' id='line_1_18' title="bbox 230 1612 1807 1682; baseline -0.003 -11"><span class='ocrx_word' id='word_1_120' title='bbox 230 1617 469 1679; x_wconf 84' lang='lat' dir='ltr'><strong>stitutor,</strong></span> <span class='ocrx_word' id='word_1_121' title='bbox 502 1615 584 1668; x_wconf 89' lang='lat' dir='ltr'><strong>vel</strong></span> <span class='ocrx_word' id='word_1_122' title='bbox 614 1613 845 1682; x_wconf 66' lang='lat' dir='ltr'><strong>perﬁdis:</strong></span> <span class='ocrx_word' id='word_1_123' title='bbox 882 1612 1139 1668; x_wconf 88' lang='lat' dir='ltr'><strong>dicereris</strong></span> <span class='ocrx_word' id='word_1_124' title='bbox 1183 1615 1355 1667; x_wconf 88' lang='lat' dir='ltr'><strong>fautor</strong></span> <span class='ocrx_word' id='word_1_125' title='bbox 1385 1614 1594 1667; x_wconf 79' lang='lat' dir='ltr'><strong>aliente.</strong></span> <span class='ocrx_word' id='word_1_126' title='bbox 1644 1613 1807 1667; x_wconf 80' lang='lat' dir='ltr'><strong>Error</strong></span> 
     </span>
    </p>
   </div>
   <div class='ocr_carea' id='block_1_19' title="bbox 1902 421 3475 492">
    <p class='ocr_par' dir='ltr' id='par_1_19' title="bbox 1902 421 3475 492">
     <span class='ocr_line' id='line_1_19' title="bbox 1902 421 3475 492; baseline 0.004 -18"><span class='ocrx_word' id='word_1_127' title='bbox 1902 422 2028 476; x_wconf 89' lang='lat' dir='ltr'><strong>salis</strong></span> <span class='ocrx_word' id='word_1_128' title='bbox 2057 422 2265 476; x_wconf 83' lang='lat' dir='ltr'><strong>amittat</strong></span> <span class='ocrx_word' id='word_1_129' title='bbox 2295 421 2550 477; x_wconf 69' lang='lat' dir='ltr'><strong>Ecclesia:</strong></span> <span class='ocrx_word' id='word_1_130' title='bbox 2592 438 2607 475; x_wconf 87' lang='lat'><strong>:</strong></span> <span class='ocrx_word' id='word_1_131' title='bbox 2648 439 2767 490; x_wconf 85' lang='lat' dir='ltr'><strong>quae</strong></span> <span class='ocrx_word' id='word_1_132' title='bbox 2806 436 3004 492; x_wconf 89' lang='lat' dir='ltr'><strong>quanto</strong></span> <span class='ocrx_word' id='word_1_133' title='bbox 3034 426 3200 490; x_wconf 76' lang='lat' dir='ltr'><strong>magis</strong></span> <span class='ocrx_word' id='word_1_134' title='bbox 3228 436 3379 481; x_wconf 88' lang='lat' dir='ltr'><strong>cavet</strong></span> <span class='ocrx_word' id='word_1_135' title='bbox 3409 439 3475 481; x_wconf 82' lang='lat' dir='ltr'><strong>ne</strong></span> 
     </span>
    </p>
   </div>
   <div class='ocr_carea' id='block_1_20' title="bbox 1904 512 3477 585">
    <p class='ocr_par' dir='ltr' id='par_1_20' title="bbox 1904 512 3477 585">
     <span class='ocr_line' id='line_1_20' title="bbox 1904 512 3477 585; baseline 0.001 -18"><span class='ocrx_word' id='word_1_136' title='bbox 1904 512 2087 567; x_wconf 86' lang='lat' dir='ltr'><strong>mundi</strong></span> <span class='ocrx_word' id='word_1_137' title='bbox 2123 513 2566 581; x_wconf 85' lang='lat' dir='ltr'><strong>prosperitatibus</strong></span> <span class='ocrx_word' id='word_1_138' title='bbox 2598 512 2925 580; x_wconf 81' lang='lat' dir='ltr'><strong>intepescat,</strong></span> <span class='ocrx_word' id='word_1_139' title='bbox 2971 525 3114 568; x_wconf 90' lang='lat' dir='ltr'><strong>tanto</strong></span> <span class='ocrx_word' id='word_1_140' title='bbox 3145 529 3248 568; x_wconf 91' lang='lat' dir='ltr'><strong>non</strong></span> <span class='ocrx_word' id='word_1_141' title='bbox 3282 515 3477 585; x_wconf 84' lang='lat' dir='ltr'><strong>frangi-</strong></span> 
     </span>
    </p>
   </div>
   <div class='ocr_carea' id='block_1_21' title="bbox 1904 605 3472 675">
    <p class='ocr_par' dir='ltr' id='par_1_21' title="bbox 1904 605 3472 675">
     <span class='ocr_line' id='line_1_21' title="bbox 1904 605 3472 675; baseline 0 -14"><span class='ocrx_word' id='word_1_142' title='bbox 1904 616 2008 671; x_wconf 90' lang='lat' dir='ltr'><strong>tur,</strong></span> <span class='ocrx_word' id='word_1_143' title='bbox 2039 605 2133 661; x_wconf 89' lang='lat' dir='ltr'><strong>sed</strong></span> <span class='ocrx_word' id='word_1_144' title='bbox 2162 607 2334 675; x_wconf 87' lang='lat' dir='ltr'><strong>potius</strong></span> <span class='ocrx_word' id='word_1_145' title='bbox 2358 606 2569 661; x_wconf 88' lang='lat' dir='ltr'><strong>erudita</strong></span> <span class='ocrx_word' id='word_1_146' title='bbox 2599 605 2854 660; x_wconf 68' lang='lat' dir='ltr'><strong>divinitus</strong></span> <span class='ocrx_word' id='word_1_147' title='bbox 2877 647 2890 670; x_wconf 93' lang='lat'><strong>,</strong></span> <span class='ocrx_word' id='word_1_148' title='bbox 2941 606 3131 660; x_wconf 77' lang='lat' dir='ltr'><strong>crescit</strong></span> <span class='ocrx_word' id='word_1_149' title='bbox 3159 610 3173 638; x_wconf 80' lang='grc'>¹</span> <span class='ocrx_word' id='word_1_150' title='bbox 3196 607 3472 661; x_wconf 84' lang='lat' dir='ltr'><strong>adversus.</strong></span> 
     </span>
    </p>
   </div>
   <div class='ocr_carea' id='block_1_22' title="bbox 1977 696 3474 768">
    <p class='ocr_par' dir='ltr' id='par_1_22' title="bbox 1977 696 3474 768">
     <span class='ocr_line' id='line_1_22' title="bbox 1977 696 3474 768; baseline -0.001 -15"><span class='ocrx_word' id='word_1_151' title='bbox 1977 697 2128 753; x_wconf 88' lang='lat' dir='ltr'><strong>Unde</strong></span> <span class='ocrx_word' id='word_1_152' title='bbox 2158 696 2288 768; x_wconf 78' lang='lat' dir='ltr'><strong>[ubi]</strong></span> <span class='ocrx_word' id='word_1_153' title='bbox 2320 697 2747 765; x_wconf 83' lang='lat' dir='ltr'><strong>perspiciendum</strong></span> <span class='ocrx_word' id='word_1_154' title='bbox 2778 708 2857 751; x_wconf 87' lang='lat' dir='ltr'><strong>est</strong></span> <span class='ocrx_word' id='word_1_155' title='bbox 2888 714 2953 751; x_wconf 90' lang='lat' dir='ltr'><strong>ne</strong></span> <span class='ocrx_word' id='word_1_156' title='bbox 2984 714 3122 762; x_wconf 84' lang='lat' dir='ltr'><strong>eam,</strong></span> <span class='ocrx_word' id='word_1_157' title='bbox 3173 714 3289 765; x_wconf 69' lang='lat' dir='ltr'><strong>qua:</strong></span> <span class='ocrx_word' id='word_1_158' title='bbox 3320 700 3474 752; x_wconf 82' lang='lat' dir='ltr'><strong>nullis</strong></span> 
     </span>
    </p>
   </div>
   <div class='ocr_carea' id='block_1_23' title="bbox 1906 776 3479 861">
    <p class='ocr_par' dir='ltr' id='par_1_23' title="bbox 1906 776 3479 861">
     <span class='ocr_line' id='line_1_23' title="bbox 1906 776 3479 861; baseline -0.001 -18"><span class='ocrx_word' id='word_1_159' title='bbox 1906 802 2080 858; x_wconf 80' lang='lat' dir='ltr'><strong>potest</strong></span> <span class='ocrx_word' id='word_1_160' title='bbox 2108 776 2271 845; x_wconf 11' lang='lat' dir='ltr'><strong>obrui,</strong></span> <span class='ocrx_word' id='word_1_161' title='bbox 2290 790 2522 844; x_wconf 86' lang='lat' dir='ltr'><strong>motibus</strong></span> <span class='ocrx_word' id='word_1_162' title='bbox 2564 789 2823 861; x_wconf 68' lang='lat' dir='ltr'><strong>[molibus]</strong></span> <span class='ocrx_word' id='word_1_163' title='bbox 2857 792 3227 858; x_wconf 86' lang='lat' dir='ltr'><strong>procellarum,</strong></span> <span class='ocrx_word' id='word_1_164' title='bbox 3260 790 3479 857; x_wconf 69' lang='lat' dir='ltr'><strong>quicun-</strong></span> 
     </span>
    </p>
   </div>
   <div class='ocr_carea' id='block_1_24' title="bbox 1904 881 3481 951">
    <p class='ocr_par' dir='ltr' id='par_1_24' title="bbox 1904 881 3481 951">
     <span class='ocr_line' id='line_1_24' title="bbox 1904 881 3481 951; baseline -0.002 -17"><span class='ocrx_word' id='word_1_165' title='bbox 1904 898 2008 951; x_wconf 89' lang='lat' dir='ltr'><strong>que</strong></span> <span class='ocrx_word' id='word_1_166' title='bbox 2051 898 2168 936; x_wconf 89' lang='lat' dir='ltr'><strong>eam</strong></span> <span class='ocrx_word' id='word_1_167' title='bbox 2211 883 2555 951; x_wconf 84' lang='lat' dir='ltr'><strong>submergere</strong></span> <span class='ocrx_word' id='word_1_168' title='bbox 2602 881 2788 934; x_wconf 89' lang='lat' dir='ltr'><strong>nititur</strong></span> <span class='ocrx_word' id='word_1_169' title='bbox 2839 883 2889 933; x_wconf 90' lang='lat' dir='ltr'><strong>itt</strong></span> <span class='ocrx_word' id='word_1_170' title='bbox 2939 882 3055 947; x_wconf 90' lang='lat' dir='ltr'><strong>ipso</strong></span> <span class='ocrx_word' id='word_1_171' title='bbox 3084 882 3262 933; x_wconf 72' lang='lat' dir='ltr'><strong>sasculi</strong></span> <span class='ocrx_word' id='word_1_172' title='bbox 3296 884 3481 947; x_wconf 84' lang='lat' dir='ltr'><strong>pelago</strong></span> 
     </span>
    </p>
   </div>
   <div class='ocr_carea' id='block_1_25' title="bbox 1907 970 3481 1041">
    <p class='ocr_par' dir='ltr' id='par_1_25' title="bbox 1907 970 3481 1041">
     <span class='ocr_line' id='line_1_25' title="bbox 1907 970 3481 1041; baseline -0.003 -14"><span class='ocrx_word' id='word_1_173' title='bbox 1907 974 2249 1037; x_wconf 79' lang='lat' dir='ltr'><strong>ﬂuctuantis,</strong></span> <span class='ocrx_word' id='word_1_174' title='bbox 2298 973 2412 1041; x_wconf 85' lang='lat' dir='ltr'><strong>ipse</strong></span> <span class='ocrx_word' id='word_1_175' title='bbox 2462 972 2693 1041; x_wconf 89' lang='lat' dir='ltr'><strong>potiusa</strong></span> <span class='ocrx_word' id='word_1_176' title='bbox 2722 972 3111 1041; x_wconf 88' lang='lat' dir='ltr'><strong>gubernatione</strong></span> <span class='ocrx_word' id='word_1_177' title='bbox 3155 970 3374 1023; x_wconf 85' lang='lat' dir='ltr'><strong>salutari</strong></span> <span class='ocrx_word' id='word_1_178' title='bbox 3428 971 3481 1023; x_wconf 88' lang='lat' dir='ltr'><strong>iu</strong></span> 
     </span>
    </p>
   </div>
   <div class='ocr_carea' id='block_1_26' title="bbox 1906 1063 3269 1134">
    <p class='ocr_par' dir='ltr' id='par_1_26' title="bbox 1906 1063 3269 1134">
     <span class='ocr_line' id='line_1_26' title="bbox 1906 1063 3269 1134; baseline -0.005 -16"><span class='ocrx_word' id='word_1_179' title='bbox 1906 1063 2165 1134; x_wconf 77' lang='lat' dir='ltr'><strong>profunda</strong></span> <span class='ocrx_word' id='word_1_180' title='bbox 2196 1064 2456 1131; x_wconf 68' lang='lat' dir='ltr'><strong>deiectus,</strong></span> <span class='ocrx_word' id='word_1_181' title='bbox 2489 1063 2575 1115; x_wconf 91' lang='lat' dir='ltr'><strong>illa</strong></span> <span class='ocrx_word' id='word_1_182' title='bbox 2606 1064 2942 1130; x_wconf 75' lang='lat' dir='ltr'><strong>praevalente.</strong></span> <span class='ocrx_word' id='word_1_183' title='bbox 2979 1070 3269 1128; x_wconf 77' lang='lat' dir='ltr'><strong>mergatur.</strong></span> 
     </span>
    </p>
   </div>
   <div class='ocr_carea' id='block_1_27' title="bbox 1977 1152 3478 1222">
    <p class='ocr_par' dir='ltr' id='par_1_27' title="bbox 1977 1152 3478 1222">
     <span class='ocr_line' id='line_1_27' title="bbox 1977 1152 3478 1222; baseline -0.003 -12"><span class='ocrx_word' id='word_1_184' title='bbox 1977 1157 2151 1222; x_wconf 85' lang='lat' dir='ltr'><strong>Atque</strong></span> <span class='ocrx_word' id='word_1_185' title='bbox 2179 1154 2318 1217; x_wconf 86' lang='lat' dir='ltr'><strong>ideo,</strong></span> <span class='ocrx_word' id='word_1_186' title='bbox 2344 1169 2462 1206; x_wconf 89' lang='lat' dir='ltr'><strong>cum</strong></span> <span class='ocrx_word' id='word_1_187' title='bbox 2496 1152 2566 1205; x_wconf 89' lang='lat' dir='ltr'><strong>ita</strong></span> <span class='ocrx_word' id='word_1_188' title='bbox 2590 1154 2681 1217; x_wconf 88' lang='lat' dir='ltr'><strong>sit,</strong></span> <span class='ocrx_word' id='word_1_189' title='bbox 2706 1168 2919 1215; x_wconf 86' lang='lat' dir='ltr'><strong>moueo,</strong></span> <span class='ocrx_word' id='word_1_190' title='bbox 2948 1152 3131 1205; x_wconf 88' lang='lat' dir='ltr'><strong>hortor</strong></span> <span class='ocrx_word' id='word_1_191' title='bbox 3175 1163 3227 1204; x_wconf 90' lang='lat' dir='ltr'><strong>et</strong></span> <span class='ocrx_word' id='word_1_192' title='bbox 3257 1152 3478 1217; x_wconf 85' lang='lat' dir='ltr'><strong>suadeo,</strong></span> 
     </span>
    </p>
   </div>
   <div class='ocr_carea' id='block_1_28' title="bbox 1907 1242 3483 1312">
    <p class='ocr_par' dir='ltr' id='par_1_28' title="bbox 1907 1242 3483 1312">
     <span class='ocr_line' id='line_1_28' title="bbox 1907 1242 3483 1312; baseline -0.003 -14"><span class='ocrx_word' id='word_1_193' title='bbox 1907 1254 1965 1297; x_wconf 88' lang='lat' dir='ltr'><strong>ut</strong></span> <span class='ocrx_word' id='word_1_194' title='bbox 2003 1260 2122 1312; x_wconf 75' lang='lat' dir='ltr'><strong>qua:</strong></span> <span class='ocrx_word' id='word_1_195' title='bbox 2164 1244 2451 1297; x_wconf 88' lang='lat' dir='ltr'><strong>commissa</strong></span> <span class='ocrx_word' id='word_1_196' title='bbox 2480 1252 2601 1296; x_wconf 90' lang='lat' dir='ltr'><strong>sunt</strong></span> <span class='ocrx_word' id='word_1_197' title='bbox 2628 1257 2885 1311; x_wconf 77' lang='lat' dir='ltr'><strong>corrigas,</strong></span> <span class='ocrx_word' id='word_1_198' title='bbox 2922 1252 2976 1294; x_wconf 76' lang='lat' dir='ltr'><strong>et</strong></span> <span class='ocrx_word' id='word_1_199' title='bbox 3002 1242 3343 1309; x_wconf 85' lang='lat' dir='ltr'><strong>sequentibus</strong></span> <span class='ocrx_word' id='word_1_200' title='bbox 3373 1254 3483 1296; x_wconf 84' lang='lat' dir='ltr'><strong>stu-</strong></span> 
     </span>
    </p>
   </div>
   <div class='ocr_carea' id='block_1_29' title="bbox 1907 1332 3482 1402">
    <p class='ocr_par' dir='ltr' id='par_1_29' title="bbox 1907 1332 3482 1402">
     <span class='ocr_line' id='line_1_29' title="bbox 1907 1332 3482 1402; baseline -0.004 -13"><span class='ocrx_word' id='word_1_201' title='bbox 1907 1337 2010 1389; x_wconf 84' lang='lat' dir='ltr'><strong>diis</strong></span> <span class='ocrx_word' id='word_1_202' title='bbox 2039 1334 2105 1388; x_wconf 90' lang='lat' dir='ltr'><strong>de</strong></span> <span class='ocrx_word' id='word_1_203' title='bbox 2130 1346 2178 1385; x_wconf 88' lang='lat' dir='ltr'><strong>te</strong></span> <span class='ocrx_word' id='word_1_204' title='bbox 2201 1334 2361 1392; x_wconf 80' lang='lat' dir='ltr'><strong>facias</strong></span> <span class='ocrx_word' id='word_1_205' title='bbox 2386 1334 2607 1387; x_wconf 83' lang='lat' dir='ltr'><strong>meliora</strong></span> <span class='ocrx_word' id='word_1_206' title='bbox 2637 1333 2823 1386; x_wconf 85' lang='lat' dir='ltr'><strong>sentiri</strong></span> <span class='ocrx_word' id='word_1_207' title='bbox 2862 1347 2875 1382; x_wconf 90' lang='lat'><strong>:</strong></span> <span class='ocrx_word' id='word_1_208' title='bbox 2914 1334 2933 1361; x_wconf 84' lang='grc'><strong>²</strong></span> <span class='ocrx_word' id='word_1_209' title='bbox 2958 1332 3234 1402; x_wconf 80' lang='lat' dir='ltr'><strong>Negligere</strong></span> <span class='ocrx_word' id='word_1_210' title='bbox 3263 1334 3482 1400; x_wconf 83' lang='lat' dir='ltr'><strong>quippe,</strong></span> 
     </span>
    </p>
   </div>
   <div class='ocr_carea' id='block_1_30' title="bbox 1907 1423 3483 1497">
    <p class='ocr_par' dir='ltr' id='par_1_30' title="bbox 1907 1423 3483 1497">
     <span class='ocr_line' id='line_1_30' title="bbox 1907 1423 3483 1497; baseline -0.003 -18"><span class='ocrx_word' id='word_1_211' title='bbox 1907 1444 2023 1479; x_wconf 79' lang='lat' dir='ltr'><strong>Cum</strong></span> <span class='ocrx_word' id='word_1_212' title='bbox 2050 1427 2213 1497; x_wconf 82' lang='lat' dir='ltr'><strong>possis</strong></span> <span class='ocrx_word' id='word_1_213' title='bbox 2254 1426 2523 1479; x_wconf 86' lang='lat' dir='ltr'><strong>deturbare</strong></span> <span class='ocrx_word' id='word_1_214' title='bbox 2550 1441 2809 1492; x_wconf 74' lang='lat' dir='ltr'><strong>perversos</strong></span> <span class='ocrx_word' id='word_1_215' title='bbox 2831 1462 2845 1485; x_wconf 94' lang='lat'><strong>,</strong></span> <span class='ocrx_word' id='word_1_216' title='bbox 2888 1423 3015 1475; x_wconf 83' lang='lat' dir='ltr'><strong>nihil</strong></span> <span class='ocrx_word' id='word_1_217' title='bbox 3045 1435 3119 1475; x_wconf 78' lang='lat' dir='ltr'><strong>est</strong></span> <span class='ocrx_word' id='word_1_218' title='bbox 3163 1424 3304 1475; x_wconf 82' lang='lat' dir='ltr'><strong>aliud</strong></span> <span class='ocrx_word' id='word_1_219' title='bbox 3332 1439 3483 1491; x_wconf 83' lang='lat' dir='ltr'><strong>quant</strong></span> 
     </span>
    </p>
   </div>
   <div class='ocr_carea' id='block_1_31' title="bbox 1907 1519 3482 1592">
    <p class='ocr_par' dir='ltr' id='par_1_31' title="bbox 1907 1519 3482 1592">
     <span class='ocr_line' id='line_1_31' title="bbox 1907 1519 3482 1592; baseline -0.001 -19"><span class='ocrx_word' id='word_1_220' title='bbox 1907 1523 2092 1592; x_wconf 62' lang='lat' dir='ltr'><strong>fovere.</strong></span> <span class='ocrx_word' id='word_1_221' title='bbox 2136 1520 2255 1573; x_wconf 80' lang='lat' dir='ltr'><strong>Non</strong></span> <span class='ocrx_word' id='word_1_222' title='bbox 2297 1519 2481 1591; x_wconf 76' lang='lat' dir='ltr'><strong>[Nec]</strong></span> <span class='ocrx_word' id='word_1_223' title='bbox 2516 1529 2651 1573; x_wconf 81' lang='lat' dir='ltr'><strong>caret</strong></span> <span class='ocrx_word' id='word_1_224' title='bbox 2680 1520 2922 1586; x_wconf 80' lang='lat' dir='ltr'><strong>scrupulo</strong></span> <span class='ocrx_word' id='word_1_225' title='bbox 2957 1519 3207 1571; x_wconf 80' lang='lat' dir='ltr'><strong>societatis</strong></span> <span class='ocrx_word' id='word_1_226' title='bbox 3252 1522 3482 1583; x_wconf 62' lang='lat' dir='ltr'><strong>occulit»,</strong></span> 
     </span>
    </p>
   </div>
   <div class='ocr_carea' id='block_1_32' title="bbox 1902 1614 3486 1686">
    <p class='ocr_par' dir='ltr' id='par_1_32' title="bbox 1902 1614 3486 1686">
     <span class='ocr_line' id='line_1_32' title="bbox 1902 1614 3486 1686; baseline 0.004 -21"><span class='ocrx_word' id='word_1_227' title='bbox 1902 1618 1992 1682; x_wconf 76' lang='lat' dir='ltr'><strong>qui</strong></span> <span class='ocrx_word' id='word_1_228' title='bbox 2018 1617 2266 1669; x_wconf 73' lang='lat' dir='ltr'><strong>evidenter</strong></span> <span class='ocrx_word' id='word_1_229' title='bbox 2296 1615 2549 1686; x_wconf 83' lang='lat' dir='ltr'><strong>[evidenti</strong></span> <span class='ocrx_word' id='word_1_230' title='bbox 2580 1614 2592 1685; x_wconf 90' lang='lat'><strong>]</strong></span> <span class='ocrx_word' id='word_1_231' title='bbox 2624 1616 2841 1685; x_wconf 78' lang='lat' dir='ltr'><strong>facinori</strong></span> <span class='ocrx_word' id='word_1_232' title='bbox 2870 1616 3052 1668; x_wconf 69' lang='lat' dir='ltr'><strong>desinit</strong></span> <span class='ocrx_word' id='word_1_233' title='bbox 3082 1615 3299 1668; x_wconf 82' lang='lat' dir='ltr'><strong>obviare.</strong></span> <span class='ocrx_word' id='word_1_234' title='bbox 3337 1615 3486 1671; x_wconf 80' lang='lat' dir='ltr'><strong>Unde</strong></span> 
     </span>
    </p>
   </div>
   <div class='ocr_carea' id='block_1_33' title="bbox 232 1679 3486 1778">
    <p class='ocr_par' dir='ltr' id='par_1_33' title="bbox 232 1679 3486 1778">
     <span class='ocr_line' id='line_1_33' title="bbox 232 1679 3486 1778; baseline -0.004 -9"><span class='ocrx_word' id='word_1_235' title='bbox 232 1713 375 1769; x_wconf 88' lang='lat' dir='ltr'><strong>enim</strong></span> <span class='ocrx_word' id='word_1_236' title='bbox 420 1711 505 1765; x_wconf 91' lang='lat' dir='ltr'><strong>cui</strong></span> <span class='ocrx_word' id='word_1_237' title='bbox 554 1725 659 1765; x_wconf 88' lang='lat' dir='ltr'><strong>non</strong></span> <span class='ocrx_word' id='word_1_238' title='bbox 692 1710 957 1763; x_wconf 86' lang='lat' dir='ltr'><strong>resistitur</strong></span> <span class='ocrx_word' id='word_1_239' title='bbox 992 1709 1338 1778; x_wconf 87' lang='lat' dir='ltr'><strong>approbatur,</strong></span> <span class='ocrx_word' id='word_1_240' title='bbox 1372 1719 1426 1764; x_wconf 88' lang='lat' dir='ltr'><strong>et</strong></span> <span class='ocrx_word' id='word_1_241' title='bbox 1466 1708 1660 1762; x_wconf 81' lang='lat' dir='ltr'><strong>veritas</strong></span> <span class='ocrx_word' id='word_1_242' title='bbox 1690 1724 1807 1776; x_wconf 66' lang='lat' dir='ltr'><strong>qua:</strong></span> <span class='ocrx_word' id='word_1_243' title='bbox 1839 1679 1883 1740; x_wconf 72' lang='grc' dir='ltr'><strong>Β</strong></span> <span class='ocrx_word' id='word_1_244' title='bbox 1911 1707 1955 1760; x_wconf 90' lang='lat' dir='ltr'><strong>si</strong></span> <span class='ocrx_word' id='word_1_245' title='bbox 2005 1715 2187 1759; x_wconf 89' lang='lat' dir='ltr'><strong>contra</strong></span> <span class='ocrx_word' id='word_1_246' title='bbox 2239 1708 2428 1775; x_wconf 83' lang='lat' dir='ltr'><strong>synodi</strong></span> <span class='ocrx_word' id='word_1_247' title='bbox 2477 1706 2713 1759; x_wconf 89' lang='lat' dir='ltr'><strong>instituta</strong></span> <span class='ocrx_word' id='word_1_248' title='bbox 2762 1705 3214 1758; x_wconf 83' lang='lat' dir='ltr'><strong>Chalcedonensis</strong></span> <span class='ocrx_word' id='word_1_249' title='bbox 3264 1706 3486 1759; x_wconf 76' lang='lat' dir='ltr'><strong>tendere</strong></span> 
     </span>
    </p>
   </div>
   <div class='ocr_carea' id='block_1_34' title="bbox 234 1796 1810 1867">
    <p class='ocr_par' dir='ltr' id='par_1_34' title="bbox 234 1796 1810 1867">
     <span class='ocr_line' id='line_1_34' title="bbox 234 1796 1810 1867; baseline -0.004 -11"><span class='ocrx_word' id='word_1_250' title='bbox 234 1803 454 1857; x_wconf 88' lang='lat' dir='ltr'><strong>minime</strong></span> <span class='ocrx_word' id='word_1_251' title='bbox 476 1798 789 1854; x_wconf 89' lang='lat' dir='ltr'><strong>defensatur</strong></span> <span class='ocrx_word' id='word_1_252' title='bbox 812 1800 1147 1867; x_wconf 89' lang='lat' dir='ltr'><strong>opprimitur.</strong></span> <span class='ocrx_word' id='word_1_253' title='bbox 1175 1796 1378 1851; x_wconf 84' lang='lat' dir='ltr'><strong>Deinde</strong></span> <span class='ocrx_word' id='word_1_254' title='bbox 1417 1812 1535 1850; x_wconf 90' lang='lat' dir='ltr'><strong>cum</strong></span> <span class='ocrx_word' id='word_1_255' title='bbox 1570 1798 1683 1859; x_wconf 84' lang='lat' dir='ltr'><strong>tibi,</strong></span> <span class='ocrx_word' id='word_1_256' title='bbox 1709 1798 1810 1850; x_wconf 83' lang='lat' dir='ltr'><strong>Do-</strong></span> 
     </span>
    </p>
   </div>
   <div class='ocr_carea' id='block_1_35' title="bbox 238 1885 1808 1960">
    <p class='ocr_par' dir='ltr' id='par_1_35' title="bbox 238 1885 1808 1960">
     <span class='ocr_line' id='line_1_35' title="bbox 238 1885 1808 1960; baseline -0.004 -13"><span class='ocrx_word' id='word_1_257' title='bbox 238 1894 385 1947; x_wconf 88' lang='lat' dir='ltr'><strong>mino</strong></span> <span class='ocrx_word' id='word_1_258' title='bbox 433 1899 764 1960; x_wconf 65' lang='lat' dir='ltr'><strong>praistante,</strong></span> <span class='ocrx_word' id='word_1_259' title='bbox 820 1889 961 1957; x_wconf 87' lang='lat' dir='ltr'><strong>apud</strong></span> <span class='ocrx_word' id='word_1_260' title='bbox 1007 1888 1281 1941; x_wconf 90' lang='lat' dir='ltr'><strong>dominum</strong></span> <span class='ocrx_word' id='word_1_261' title='bbox 1346 1885 1508 1940; x_wconf 83' lang='lat' dir='ltr'><strong>[ilium</strong></span> <span class='ocrx_word' id='word_1_262' title='bbox 1568 1897 1808 1940; x_wconf 90' lang='lat' dir='ltr'><strong>nostrum</strong></span> 
     </span>
    </p>
   </div>
   <div class='ocr_carea' id='block_1_36' title="bbox 236 1961 1807 2049">
    <p class='ocr_par' dir='ltr' id='par_1_36' title="bbox 236 1961 1807 2049">
     <span class='ocr_line' id='line_1_36' title="bbox 236 1961 1807 2049; baseline -0.002 -14"><span class='ocrx_word' id='word_1_263' title='bbox 236 1982 544 2049; x_wconf 83' lang='lat' dir='ltr'><strong>religiosum</strong></span> <span class='ocrx_word' id='word_1_264' title='bbox 576 1978 870 2047; x_wconf 90' lang='lat' dir='ltr'><strong>principem</strong></span> <span class='ocrx_word' id='word_1_265' title='bbox 897 1961 1307 2032; x_wconf 82' lang='lat' dir='ltr'><strong>familiaritatem</strong></span> <span class='ocrx_word' id='word_1_266' title='bbox 1338 1993 1455 2031; x_wconf 79' lang='lat' dir='ltr'><strong>esse</strong></span> <span class='ocrx_word' id='word_1_267' title='bbox 1483 1980 1807 2044; x_wconf 88' lang='lat' dir='ltr'><strong>noverimus,</strong></span> 
     </span>
    </p>
   </div>
   <div class='ocr_carea' id='block_1_37' title="bbox 236 2069 1811 2141">
    <p class='ocr_par' dir='ltr' id='par_1_37' title="bbox 236 2069 1811 2141">
     <span class='ocr_line' id='line_1_37' title="bbox 236 2069 1811 2141; baseline -0.003 -13"><span class='ocrx_word' id='word_1_268' title='bbox 236 2074 416 2128; x_wconf 85' lang='lat' dir='ltr'><strong>nullus</strong></span> <span class='ocrx_word' id='word_1_269' title='bbox 446 2085 680 2141; x_wconf 87' lang='lat' dir='ltr'><strong>unquam</strong></span> <span class='ocrx_word' id='word_1_270' title='bbox 722 2071 893 2141; x_wconf 89' lang='lat' dir='ltr'><strong>potuit</strong></span> <span class='ocrx_word' id='word_1_271' title='bbox 920 2069 1133 2123; x_wconf 90' lang='lat' dir='ltr'><strong>suaderi</strong></span> <span class='ocrx_word' id='word_1_272' title='bbox 1162 2069 1505 2129; x_wconf 86' lang='lat' dir='ltr'><strong>dilectionem</strong></span> <span class='ocrx_word' id='word_1_273' title='bbox 1537 2078 1680 2124; x_wconf 90' lang='lat' dir='ltr'><strong>tuam</strong></span> <span class='ocrx_word' id='word_1_274' title='bbox 1711 2086 1811 2124; x_wconf 85' lang='lat' dir='ltr'><strong>tte-</strong></span> 
     </span>
    </p>
   </div>
   <div class='ocr_carea' id='block_1_38' title="bbox 234 2160 1812 2235">
    <p class='ocr_par' dir='ltr' id='par_1_38' title="bbox 234 2160 1812 2235">
     <span class='ocr_line' id='line_1_38' title="bbox 234 2160 1812 2235; baseline -0.001 -17"><span class='ocrx_word' id='word_1_275' title='bbox 234 2164 472 2235; x_wconf 81' lang='lat' dir='ltr'><strong>quivisse</strong></span> <span class='ocrx_word' id='word_1_276' title='bbox 514 2176 704 2233; x_wconf 86' lang='lat' dir='ltr'><strong>gerere</strong></span> <span class='ocrx_word' id='word_1_277' title='bbox 724 2201 739 2227; x_wconf 90' lang='lat'><strong>,</strong></span> <span class='ocrx_word' id='word_1_278' title='bbox 789 2161 916 2230; x_wconf 86' lang='lat' dir='ltr'><strong>quin</strong></span> <span class='ocrx_word' id='word_1_279' title='bbox 950 2161 1125 2230; x_wconf 88' lang='lat' dir='ltr'><strong>potius</strong></span> <span class='ocrx_word' id='word_1_280' title='bbox 1156 2161 1415 2215; x_wconf 89' lang='lat' dir='ltr'><strong>noluisse.</strong></span> <span class='ocrx_word' id='word_1_281' title='bbox 1445 2162 1512 2215; x_wconf 85' lang='lat' dir='ltr'><strong>Et</strong></span> <span class='ocrx_word' id='word_1_282' title='bbox 1542 2160 1661 2215; x_wconf 90' lang='lat' dir='ltr'><strong>ideo</strong></span> <span class='ocrx_word' id='word_1_283' title='bbox 1689 2161 1812 2230; x_wconf 90' lang='lat' dir='ltr'><strong>quia</strong></span> 
     </span>
    </p>
   </div>
   <div class='ocr_carea' id='block_1_39' title="bbox 236 2248 1813 2323">
    <p class='ocr_par' dir='ltr' id='par_1_39' title="bbox 236 2248 1813 2323">
     <span class='ocr_line' id='line_1_39' title="bbox 236 2248 1813 2323; baseline -0.003 -16"><span class='ocrx_word' id='word_1_284' title='bbox 236 2270 346 2307; x_wconf 88' lang='lat' dir='ltr'><strong>non</strong></span> <span class='ocrx_word' id='word_1_285' title='bbox 372 2250 820 2323; x_wconf 85' lang='lat' dir='ltr'><strong>impossibilitatis</strong></span> <span class='ocrx_word' id='word_1_286' title='bbox 850 2259 1010 2314; x_wconf 74' lang='lat' dir='ltr'><strong>esset,</strong></span> <span class='ocrx_word' id='word_1_287' title='bbox 1039 2248 1180 2315; x_wconf 87' lang='lat' dir='ltr'><strong>quod</strong></span> <span class='ocrx_word' id='word_1_288' title='bbox 1214 2260 1516 2304; x_wconf 84' lang='lat' dir='ltr'><strong>taceretur:</strong></span> <span class='ocrx_word' id='word_1_289' title='bbox 1541 2251 1655 2319; x_wconf 89' lang='lat' dir='ltr'><strong>ipse</strong></span> <span class='ocrx_word' id='word_1_290' title='bbox 1681 2264 1813 2319; x_wconf 85' lang='lat' dir='ltr'><strong>quo-</strong></span> 
     </span>
    </p>
   </div>
   <div class='ocr_carea' id='block_1_40' title="bbox 234 2339 1815 2410">
    <p class='ocr_par' dir='ltr' id='par_1_40' title="bbox 234 2339 1815 2410">
     <span class='ocr_line' id='line_1_40' title="bbox 234 2339 1815 2410; baseline 0.001 -15"><span class='ocrx_word' id='word_1_291' title='bbox 234 2358 341 2410; x_wconf 87' lang='lat' dir='ltr'><strong>que</strong></span> <span class='ocrx_word' id='word_1_292' title='bbox 387 2357 492 2395; x_wconf 94' lang='lat' dir='ltr'><strong>non</strong></span> <span class='ocrx_word' id='word_1_293' title='bbox 535 2340 795 2410; x_wconf 85' lang='lat' dir='ltr'><strong>ambigis,</strong></span> <span class='ocrx_word' id='word_1_294' title='bbox 845 2339 972 2408; x_wconf 91' lang='lat' dir='ltr'><strong>quid</strong></span> <span class='ocrx_word' id='word_1_295' title='bbox 1024 2339 1148 2393; x_wconf 91' lang='lat' dir='ltr'><strong>hinc</strong></span> <span class='ocrx_word' id='word_1_296' title='bbox 1196 2339 1510 2393; x_wconf 89' lang='lat' dir='ltr'><strong>universalis</strong></span> <span class='ocrx_word' id='word_1_297' title='bbox 1572 2341 1815 2408; x_wconf 70' lang='lat' dir='ltr'><strong>judic-are</strong></span> 
     </span>
    </p>
   </div>
   <div class='ocr_carea' id='block_1_41' title="bbox 234 2432 690 2504">
    <p class='ocr_par' dir='ltr' id='par_1_41' title="bbox 234 2432 690 2504">
     <span class='ocr_line' id='line_1_41' title="bbox 234 2432 690 2504; baseline -0.007 -17"><span class='ocrx_word' id='word_1_298' title='bbox 234 2435 408 2504; x_wconf 82' lang='lat' dir='ltr'><strong>possit</strong></span> <span class='ocrx_word' id='word_1_299' title='bbox 432 2432 690 2488; x_wconf 86' lang='lat' dir='ltr'><strong>Ecclesia.</strong></span> 
     </span>
    </p>
   </div>
   <div class='ocr_carea' id='block_1_42' title="bbox 308 2521 1814 2596">
    <p class='ocr_par' dir='ltr' id='par_1_42' title="bbox 308 2521 1814 2596">
     <span class='ocr_line' id='line_1_42' title="bbox 308 2521 1814 2596; baseline -0.003 -17"><span class='ocrx_word' id='word_1_300' title='bbox 308 2524 411 2579; x_wconf 88' lang='lat' dir='ltr'><strong>Ubi</strong></span> <span class='ocrx_word' id='word_1_301' title='bbox 436 2536 537 2586; x_wconf 88' lang='lat' dir='ltr'><strong>est,</strong></span> <span class='ocrx_word' id='word_1_302' title='bbox 568 2524 735 2576; x_wconf 89' lang='lat' dir='ltr'><strong>frater</strong></span> <span class='ocrx_word' id='word_1_303' title='bbox 762 2522 943 2585; x_wconf 79' lang='lat' dir='ltr'><strong>Aeaei,</strong></span> <span class='ocrx_word' id='word_1_304' title='bbox 991 2521 1142 2575; x_wconf 84' lang='lat' dir='ltr'><strong>labor</strong></span> <span class='ocrx_word' id='word_1_305' title='bbox 1183 2529 1335 2596; x_wconf 81' lang='lat' dir='ltr'><strong>tuus,</strong></span> <span class='ocrx_word' id='word_1_306' title='bbox 1368 2537 1474 2591; x_wconf 90' lang='lat' dir='ltr'><strong>qtto</strong></span> <span class='ocrx_word' id='word_1_307' title='bbox 1520 2523 1814 2593; x_wconf 82' lang='lat' dir='ltr'><strong>tyrannidis</strong></span> 
     </span>
    </p>
   </div>
   <div class='ocr_carea' id='block_1_43' title="bbox 235 2610 1813 2680">
    <p class='ocr_par' dir='ltr' id='par_1_43' title="bbox 235 2610 1813 2680">
     <span class='ocr_line' id='line_1_43' title="bbox 235 2610 1813 2680; baseline 0.001 -14"><span class='ocrx_word' id='word_1_308' title='bbox 235 2616 507 2669; x_wconf 59' lang='lat' dir='ltr'><strong>haeretica;</strong></span> <span class='ocrx_word' id='word_1_309' title='bbox 554 2624 792 2680; x_wconf 90' lang='lat' dir='ltr'><strong>tempore</strong></span> <span class='ocrx_word' id='word_1_310' title='bbox 841 2612 1157 2665; x_wconf 84' lang='lat' dir='ltr'><strong>desudasti?</strong></span> <span class='ocrx_word' id='word_1_311' title='bbox 1207 2612 1428 2666; x_wconf 83' lang='lat' dir='ltr'><strong>Patieris</strong></span> <span class='ocrx_word' id='word_1_312' title='bbox 1476 2610 1576 2666; x_wconf 91' lang='lat' dir='ltr'><strong>hoc</strong></span> <span class='ocrx_word' id='word_1_313' title='bbox 1616 2614 1813 2667; x_wconf 86' lang='lat' dir='ltr'><strong>damno</strong></span> 
     </span>
    </p>
   </div>
   <div class='ocr_carea' id='block_1_44' title="bbox 232 2703 1814 2771">
    <p class='ocr_par' dir='ltr' id='par_1_44' title="bbox 232 2703 1814 2771">
     <span class='ocr_line' id='line_1_44' title="bbox 232 2703 1814 2771; baseline -0.002 -11"><span class='ocrx_word' id='word_1_314' title='bbox 232 2708 583 2760; x_wconf 73' lang='lat' dir='ltr'><strong>conscientia:</strong></span> <span class='ocrx_word' id='word_1_315' title='bbox 612 2712 713 2757; x_wconf 79' lang='lat' dir='ltr'><strong>tuae</strong></span> <span class='ocrx_word' id='word_1_316' title='bbox 739 2704 1001 2767; x_wconf 76' lang='lat' dir='ltr'><strong>ejusmodi</strong></span> <span class='ocrx_word' id='word_1_317' title='bbox 1026 2703 1203 2771; x_wconf 89' lang='lat' dir='ltr'><strong>perire</strong></span> <span class='ocrx_word' id='word_1_318' title='bbox 1234 2703 1571 2756; x_wconf 82' lang='lat' dir='ltr'><strong>mercedem?</strong></span> <span class='ocrx_word' id='word_1_319' title='bbox 1590 2703 1814 2770; x_wconf 77' lang='lat' dir='ltr'><strong>Respice</strong></span> 
     </span>
    </p>
   </div>
   <div class='ocr_carea' id='block_1_45' title="bbox 235 2790 1814 2864">
    <p class='ocr_par' dir='ltr' id='par_1_45' title="bbox 235 2790 1814 2864">
     <span class='ocr_line' id='line_1_45' title="bbox 235 2790 1814 2864; baseline -0.003 -12"><span class='ocrx_word' id='word_1_320' title='bbox 235 2795 485 2864; x_wconf 80' lang='lat' dir='ltr'><strong>Apostoli</strong></span> <span class='ocrx_word' id='word_1_321' title='bbox 513 2793 698 2856; x_wconf 75' lang='lat' dir='ltr'><strong>verba,</strong></span> <span class='ocrx_word' id='word_1_322' title='bbox 730 2808 847 2861; x_wconf 73' lang='lat' dir='ltr'><strong>qua:</strong></span> <span class='ocrx_word' id='word_1_323' title='bbox 880 2803 1139 2844; x_wconf 82' lang='lat' dir='ltr'><strong>testantur</strong></span> <span class='ocrx_word' id='word_1_324' title='bbox 1165 2810 1176 2843; x_wconf 93' lang='lat'>:</span> <span class='ocrx_word' id='word_1_325' title='bbox 1204 2790 1491 2845; x_wconf 79' lang='lat' dir='ltr'><strong>Currebatis</strong></span> <span class='ocrx_word' id='word_1_326' title='bbox 1526 2791 1679 2857; x_wconf 75' lang='lat' dir='ltr'><strong>bene;</strong></span> <span class='ocrx_word' id='word_1_327' title='bbox 1702 2793 1814 2863; x_wconf 78' lang='lat' dir='ltr'><strong>quis</strong></span> 
     </span>
    </p>
   </div>
   <div class='ocr_carea' id='block_1_46' title="bbox 232 2881 1815 2954">
    <p class='ocr_par' dir='ltr' id='par_1_46' title="bbox 232 2881 1815 2954">
     <span class='ocr_line' id='line_1_46' title="bbox 232 2881 1815 2954; baseline -0.001 -15"><span class='ocrx_word' id='word_1_328' title='bbox 232 2903 327 2939; x_wconf 80' lang='lat' dir='ltr'><strong>vos</strong></span> <span class='ocrx_word' id='word_1_329' title='bbox 353 2884 715 2954; x_wconf 63' lang='lat' dir='ltr'><strong>confuscinauit</strong></span> <span class='ocrx_word' id='word_1_330' title='bbox 746 2882 945 2950; x_wconf 76' lang='lat' dir='ltr'><strong>(Galat.</strong></span> <span class='ocrx_word' id='word_1_331' title='bbox 974 2882 1060 2952; x_wconf 83' lang='lat' dir='ltr'><strong>v)?</strong></span> <span class='ocrx_word' id='word_1_332' title='bbox 1081 2882 1189 2937; x_wconf 88' lang='lat' dir='ltr'><strong>Cur</strong></span> <span class='ocrx_word' id='word_1_333' title='bbox 1218 2898 1426 2947; x_wconf 84' lang='lat' dir='ltr'><strong>eorum,</strong></span> <span class='ocrx_word' id='word_1_334' title='bbox 1456 2881 1640 2947; x_wconf 88' lang='lat' dir='ltr'><strong>frater,</strong></span> <span class='ocrx_word' id='word_1_335' title='bbox 1670 2899 1815 2952; x_wconf 73' lang='lat' dir='ltr'><strong>qua:-</strong></span> 
     </span>
    </p>
   </div>
   <div class='ocr_carea' id='block_1_47' title="bbox 230 2971 1813 3040">
    <p class='ocr_par' dir='ltr' id='par_1_47' title="bbox 230 2971 1813 3040">
     <span class='ocr_line' id='line_1_47' title="bbox 230 2971 1813 3040; baseline -0.001 -10"><span class='ocrx_word' id='word_1_336' title='bbox 230 2992 361 3030; x_wconf 85' lang='lat' dir='ltr'><strong>rere</strong></span> <span class='ocrx_word' id='word_1_337' title='bbox 390 2975 609 3029; x_wconf 82' lang='lat' dir='ltr'><strong>semitas</strong></span> <span class='ocrx_word' id='word_1_338' title='bbox 637 2982 847 3026; x_wconf 87' lang='lat' dir='ltr'><strong>veteres</strong></span> <span class='ocrx_word' id='word_1_339' title='bbox 875 2986 1015 3025; x_wconf 91' lang='lat' dir='ltr'><strong>nunc</strong></span> <span class='ocrx_word' id='word_1_340' title='bbox 1038 2972 1329 3040; x_wconf 78' lang='lat' dir='ltr'><strong>relinquis?</strong></span> <span class='ocrx_word' id='word_1_341' title='bbox 1354 2971 1461 3026; x_wconf 87' lang='lat' dir='ltr'><strong>Cur</strong></span> <span class='ocrx_word' id='word_1_342' title='bbox 1492 2973 1813 3028; x_wconf 74' lang='lat' dir='ltr'><strong>irruentibus</strong></span> 
     </span>
    </p>
   </div>
   <div class='ocr_carea' id='block_1_48' title="bbox 232 3062 1816 3134">
    <p class='ocr_par' dir='ltr' id='par_1_48' title="bbox 232 3062 1816 3134">
     <span class='ocr_line' id='line_1_48' title="bbox 232 3062 1816 3134; baseline -0.001 -13"><span class='ocrx_word' id='word_1_343' title='bbox 232 3067 289 3121; x_wconf 87' lang='lat' dir='ltr'><strong>io</strong></span> <span class='ocrx_word' id='word_1_344' title='bbox 325 3066 468 3119; x_wconf 87' lang='lat' dir='ltr'><strong>ovile</strong></span> <span class='ocrx_word' id='word_1_345' title='bbox 506 3063 833 3118; x_wconf 90' lang='lat' dir='ltr'><strong>dominicum</strong></span> <span class='ocrx_word' id='word_1_346' title='bbox 874 3062 1034 3131; x_wconf 88' lang='lat' dir='ltr'><strong>lupis,</strong></span> <span class='ocrx_word' id='word_1_347' title='bbox 1065 3063 1208 3118; x_wconf 86' lang='lat' dir='ltr'><strong>nulla</strong></span> <span class='ocrx_word' id='word_1_348' title='bbox 1237 3064 1506 3134; x_wconf 85' lang='lat' dir='ltr'><strong>vigilantia</strong></span> <span class='ocrx_word' id='word_1_349' title='bbox 1536 3065 1816 3119; x_wconf 74' lang='lat' dir='ltr'><strong>ministerii</strong></span> 
     </span>
    </p>
   </div>
   <div class='ocr_carea' id='block_1_49' title="bbox 233 3152 1821 3225">
    <p class='ocr_par' dir='ltr' id='par_1_49' title="bbox 233 3152 1821 3225">
     <span class='ocr_line' id='line_1_49' title="bbox 233 3152 1821 3225; baseline 0.003 -19"><span class='ocrx_word' id='word_1_350' title='bbox 233 3155 531 3225; x_wconf 79' lang='lat' dir='ltr'><strong>pastoralis</strong></span> <span class='ocrx_word' id='word_1_351' title='bbox 571 3155 817 3215; x_wconf 85' lang='lat' dir='ltr'><strong>obsistis,</strong></span> <span class='ocrx_word' id='word_1_352' title='bbox 854 3152 946 3207; x_wconf 79' lang='lat' dir='ltr'><strong>sed</strong></span> <span class='ocrx_word' id='word_1_353' title='bbox 992 3155 1358 3222; x_wconf 66' lang='lat' dir='ltr'><strong>aequanimiter</strong></span> <span class='ocrx_word' id='word_1_354' title='bbox 1402 3165 1561 3223; x_wconf 89' lang='lat' dir='ltr'><strong>atque</strong></span> <span class='ocrx_word' id='word_1_355' title='bbox 1602 3169 1821 3211; x_wconf 82' lang='lat' dir='ltr'><strong>securus</strong></span> 
     </span>
    </p>
   </div>
   <div class='ocr_carea' id='block_1_50' title="bbox 231 3246 1821 3314">
    <p class='ocr_par' dir='ltr' id='par_1_50' title="bbox 231 3246 1821 3314">
     <span class='ocr_line' id='line_1_50' title="bbox 231 3246 1821 3314; baseline -0.001 -14"><span class='ocrx_word' id='word_1_356' title='bbox 231 3248 589 3302; x_wconf 86' lang='lat' dir='ltr'><strong>commissum</strong></span> <span class='ocrx_word' id='word_1_357' title='bbox 616 3261 828 3314; x_wconf 80' lang='lat' dir='ltr'><strong>gregem</strong></span> <span class='ocrx_word' id='word_1_358' title='bbox 860 3253 953 3298; x_wconf 91' lang='lat' dir='ltr'><strong>aut</strong></span> <span class='ocrx_word' id='word_1_359' title='bbox 971 3246 1160 3299; x_wconf 87' lang='lat' dir='ltr'><strong>laniari</strong></span> <span class='ocrx_word' id='word_1_360' title='bbox 1191 3246 1470 3314; x_wconf 89' lang='lat' dir='ltr'><strong>perspicis,</strong></span> <span class='ocrx_word' id='word_1_361' title='bbox 1493 3255 1584 3299; x_wconf 87' lang='lat' dir='ltr'><strong>aut</strong></span> <span class='ocrx_word' id='word_1_362' title='bbox 1606 3246 1821 3299; x_wconf 89' lang='lat' dir='ltr'><strong>necari?</strong></span> 
     </span>
    </p>
   </div>
   <div class='ocr_carea' id='block_1_51' title="bbox 230 3333 1819 3401">
    <p class='ocr_par' dir='ltr' id='par_1_51' title="bbox 230 3333 1819 3401">
     <span class='ocr_line' id='line_1_51' title="bbox 230 3333 1819 3401; baseline -0.003 -8"><span class='ocrx_word' id='word_1_363' title='bbox 230 3340 363 3393; x_wconf 81' lang='lat' dir='ltr'><strong>Non</strong></span> <span class='ocrx_word' id='word_1_364' title='bbox 391 3337 660 3392; x_wconf 86' lang='lat' dir='ltr'><strong>dicentem</strong></span> <span class='ocrx_word' id='word_1_365' title='bbox 708 3335 904 3390; x_wconf 89' lang='lat' dir='ltr'><strong>recolis</strong></span> <span class='ocrx_word' id='word_1_366' title='bbox 948 3333 1233 3389; x_wconf 54' lang='lat' dir='ltr'><strong>Dominum</strong></span> <span class='ocrx_word' id='word_1_367' title='bbox 1260 3377 1274 3401; x_wconf 90' lang='lat'><strong>,</strong></span> <span class='ocrx_word' id='word_1_368' title='bbox 1309 3345 1363 3390; x_wconf 91' lang='lat' dir='ltr'><strong>et</strong></span> <span class='ocrx_word' id='word_1_369' title='bbox 1394 3339 1624 3390; x_wconf 87' lang='lat' dir='ltr'><strong>animam</strong></span> <span class='ocrx_word' id='word_1_370' title='bbox 1669 3352 1819 3391; x_wconf 87' lang='lat' dir='ltr'><strong>suam</strong></span> 
     </span>
    </p>
   </div>
   <div class='ocr_carea' id='block_1_52' title="bbox 231 3428 1823 3500">
    <p class='ocr_par' dir='ltr' id='par_1_52' title="bbox 231 3428 1823 3500">
     <span class='ocr_line' id='line_1_52' title="bbox 231 3428 1823 3500; baseline -0.001 -20"><span class='ocrx_word' id='word_1_371' title='bbox 231 3430 460 3500; x_wconf 87' lang='lat' dir='ltr'><strong>quidem</strong></span> <span class='ocrx_word' id='word_1_372' title='bbox 493 3445 590 3497; x_wconf 93' lang='lat' dir='ltr'><strong>pro</strong></span> <span class='ocrx_word' id='word_1_373' title='bbox 617 3428 805 3483; x_wconf 89' lang='lat' dir='ltr'><strong>ovibus</strong></span> <span class='ocrx_word' id='word_1_374' title='bbox 834 3443 1034 3497; x_wconf 90' lang='lat' dir='ltr'><strong>ponere</strong></span> <span class='ocrx_word' id='word_1_375' title='bbox 1063 3428 1181 3496; x_wconf 86' lang='lat' dir='ltr'><strong>pios</strong></span> <span class='ocrx_word' id='word_1_376' title='bbox 1210 3443 1304 3497; x_wconf 87' lang='lat' dir='ltr'><strong>pro</strong></span> <span class='ocrx_word' id='word_1_377' title='bbox 1336 3429 1618 3481; x_wconf 86' lang='lat' dir='ltr'><strong>devotione</strong></span> <span class='ocrx_word' id='word_1_378' title='bbox 1646 3437 1823 3495; x_wconf 85' lang='lat' dir='ltr'><strong>pasto-</strong></span> 
     </span>
    </p>
   </div>
   <div class='ocr_carea' id='block_1_53' title="bbox 232 3517 1820 3586">
    <p class='ocr_par' dir='ltr' id='par_1_53' title="bbox 232 3517 1820 3586">
     <span class='ocr_line' id='line_1_53' title="bbox 232 3517 1820 3586; baseline -0.003 -11"><span class='ocrx_word' id='word_1_379' title='bbox 232 3537 366 3586; x_wconf 83' lang='lat' dir='ltr'><strong>ies;</strong></span> <span class='ocrx_word' id='word_1_380' title='bbox 407 3520 794 3574; x_wconf 67' lang='lat' dir='ltr'><strong>mercenarium</strong></span> <span class='ocrx_word' id='word_1_381' title='bbox 822 3526 998 3573; x_wconf 90' lang='lat' dir='ltr'><strong>autem</strong></span> <span class='ocrx_word' id='word_1_382' title='bbox 1030 3519 1095 3571; x_wconf 87' lang='lat' dir='ltr'><strong>de</strong></span> <span class='ocrx_word' id='word_1_383' title='bbox 1139 3517 1218 3571; x_wconf 89' lang='lat' dir='ltr'><strong>his</strong></span> <span class='ocrx_word' id='word_1_384' title='bbox 1252 3533 1435 3571; x_wconf 90' lang='lat' dir='ltr'><strong>curam</strong></span> <span class='ocrx_word' id='word_1_385' title='bbox 1477 3519 1685 3583; x_wconf 86' lang='lat' dir='ltr'><strong>penitus</strong></span> <span class='ocrx_word' id='word_1_386' title='bbox 1717 3533 1820 3570; x_wconf 93' lang='lat' dir='ltr'><strong>non</strong></span> 
     </span>
    </p>
   </div>
   <div class='ocr_carea' id='block_1_54' title="bbox 233 3610 1823 3675">
    <p class='ocr_par' dir='ltr' id='par_1_54' title="bbox 233 3610 1823 3675">
     <span class='ocr_line' id='line_1_54' title="bbox 233 3610 1823 3675; baseline -0.002 -9"><span class='ocrx_word' id='word_1_387' title='bbox 233 3616 533 3668; x_wconf 84' lang='lat' dir='ltr'><strong>habentem</strong></span> <span class='ocrx_word' id='word_1_388' title='bbox 558 3651 573 3675; x_wconf 84' lang='lat'><strong>,</strong></span> <span class='ocrx_word' id='word_1_389' title='bbox 620 3627 740 3664; x_wconf 78' lang='lat' dir='ltr'><strong>mox</strong></span> <span class='ocrx_word' id='word_1_390' title='bbox 773 3621 829 3663; x_wconf 91' lang='lat' dir='ltr'><strong>ut</strong></span> <span class='ocrx_word' id='word_1_391' title='bbox 871 3611 1091 3664; x_wconf 81' lang='lat' dir='ltr'><strong>bestiam</strong></span> <span class='ocrx_word' id='word_1_392' title='bbox 1126 3610 1261 3663; x_wconf 87' lang='lat' dir='ltr'><strong>forte</strong></span> <span class='ocrx_word' id='word_1_393' title='bbox 1311 3611 1675 3675; x_wconf 79' lang='lat' dir='ltr'><strong>cottSpexet-it,</strong></span> <span class='ocrx_word' id='word_1_394' title='bbox 1709 3611 1823 3663; x_wconf 89' lang='lat' dir='ltr'><strong>sine</strong></span> 
     </span>
    </p>
   </div>
   <div class='ocr_carea' id='block_1_55' title="bbox 232 3700 1821 3770">
    <p class='ocr_par' dir='ltr' id='par_1_55' title="bbox 232 3700 1821 3770">
     <span class='ocr_line' id='line_1_55' title="bbox 232 3700 1821 3770; baseline -0.005 -11"><span class='ocrx_word' id='word_1_395' title='bbox 232 3706 355 3759; x_wconf 87' lang='lat' dir='ltr'><strong>ulla</strong></span> <span class='ocrx_word' id='word_1_396' title='bbox 379 3703 638 3770; x_wconf 73' lang='lat' dir='ltr'><strong>diﬂ‘ugere</strong></span> <span class='ocrx_word' id='word_1_397' title='bbox 667 3700 1095 3755; x_wconf 88' lang='lat' dir='ltr'><strong>c0nsideratione</strong></span> <span class='ocrx_word' id='word_1_398' title='bbox 1127 3701 1448 3754; x_wconf 66' lang='lat' dir='ltr'><strong>testantem?</strong></span> <span class='ocrx_word' id='word_1_399' title='bbox 1480 3700 1669 3752; x_wconf 81' lang='lat' dir='ltr'><strong>Verum</strong></span> <span class='ocrx_word' id='word_1_400' title='bbox 1700 3714 1821 3753; x_wconf 91' lang='lat' dir='ltr'><strong>cum</strong></span> 
     </span>
    </p>
   </div>
   <div class='ocr_carea' id='block_1_56' title="bbox 236 3787 1819 3864">
    <p class='ocr_par' dir='ltr' id='par_1_56' title="bbox 236 3787 1819 3864">
     <span class='ocr_line' id='line_1_56' title="bbox 236 3787 1819 3864; baseline -0.008 -13"><span class='ocrx_word' id='word_1_401' title='bbox 236 3799 341 3851; x_wconf 77' lang='lat' dir='ltr'><strong>tibi</strong></span> <span class='ocrx_word' id='word_1_402' title='bbox 371 3795 609 3864; x_wconf 82' lang='lat' dir='ltr'><strong>fugiendi</strong></span> <span class='ocrx_word' id='word_1_403' title='bbox 642 3793 783 3848; x_wconf 88' lang='lat' dir='ltr'><strong>nulla</strong></span> <span class='ocrx_word' id='word_1_404' title='bbox 811 3796 879 3847; x_wconf 89' lang='lat' dir='ltr'><strong>sit</strong></span> <span class='ocrx_word' id='word_1_405' title='bbox 905 3806 1061 3845; x_wconf 89' lang='lat' dir='ltr'><strong>causa</strong></span> <span class='ocrx_word' id='word_1_406' title='bbox 1095 3793 1239 3858; x_wconf 83' lang='lat' dir='ltr'><strong>(nam</strong></span> <span class='ocrx_word' id='word_1_407' title='bbox 1270 3791 1410 3843; x_wconf 88' lang='lat' dir='ltr'><strong>nulla</strong></span> <span class='ocrx_word' id='word_1_408' title='bbox 1442 3790 1668 3843; x_wconf 78' lang='lat' dir='ltr'><strong>formido</strong></span> <span class='ocrx_word' id='word_1_409' title='bbox 1694 3787 1819 3857; x_wconf 87' lang='lat' dir='ltr'><strong>est),</strong></span> 
     </span>
    </p>
   </div>
   <div class='ocr_carea' id='block_1_57' title="bbox 233 3882 1819 3954">
    <p class='ocr_par' dir='ltr' id='par_1_57' title="bbox 233 3882 1819 3954">
     <span class='ocr_line' id='line_1_57' title="bbox 233 3882 1819 3954; baseline -0.004 -14"><span class='ocrx_word' id='word_1_410' title='bbox 233 3899 432 3941; x_wconf 85' lang='lat' dir='ltr'><strong>metuo</strong></span> <span class='ocrx_word' id='word_1_411' title='bbox 460 3902 526 3938; x_wconf 92' lang='lat' dir='ltr'><strong>ne</strong></span> <span class='ocrx_word' id='word_1_412' title='bbox 565 3896 712 3954; x_wconf 83' lang='lat' dir='ltr'><strong>septa</strong></span> <span class='ocrx_word' id='word_1_413' title='bbox 750 3884 1013 3939; x_wconf 90' lang='lat' dir='ltr'><strong>dominica</strong></span> <span class='ocrx_word' id='word_1_414' title='bbox 1048 3898 1150 3937; x_wconf 90' lang='lat' dir='ltr'><strong>non</strong></span> <span class='ocrx_word' id='word_1_415' title='bbox 1189 3892 1292 3935; x_wconf 87' lang='lat' dir='ltr'><strong>tam</strong></span> <span class='ocrx_word' id='word_1_416' title='bbox 1327 3896 1522 3949; x_wconf 84' lang='lat' dir='ltr'><strong>pavore</strong></span> <span class='ocrx_word' id='word_1_417' title='bbox 1550 3882 1819 3944; x_wconf 85' lang='lat' dir='ltr'><strong>deserere,</strong></span> 
     </span>
    </p>
   </div>
   <div class='ocr_carea' id='block_1_58' title="bbox 232 3974 1825 4047">
    <p class='ocr_par' dir='ltr' id='par_1_58' title="bbox 232 3974 1825 4047">
     <span class='ocr_line' id='line_1_58' title="bbox 232 3974 1825 4047; baseline -0.002 -15"><span class='ocrx_word' id='word_1_418' title='bbox 232 3994 405 4047; x_wconf 82' lang='lat' dir='ltr'><strong>quam</strong></span> <span class='ocrx_word' id='word_1_419' title='bbox 442 3979 623 4047; x_wconf 86' lang='lat' dir='ltr'><strong>(quod</strong></span> <span class='ocrx_word' id='word_1_420' title='bbox 663 3988 745 4032; x_wconf 90' lang='lat' dir='ltr'><strong>est</strong></span> <span class='ocrx_word' id='word_1_421' title='bbox 769 3975 1165 4046; x_wconf 85' lang='lat' dir='ltr'><strong>detestabilius)</strong></span> <span class='ocrx_word' id='word_1_422' title='bbox 1199 3984 1386 4045; x_wconf 90' lang='lat' dir='ltr'><strong>sponte</strong></span> <span class='ocrx_word' id='word_1_423' title='bbox 1419 3974 1646 4029; x_wconf 90' lang='lat' dir='ltr'><strong>videaris</strong></span> <span class='ocrx_word' id='word_1_424' title='bbox 1668 3976 1825 4029; x_wconf 59' lang='lat' dir='ltr'><strong>saevis</strong></span> 
     </span>
    </p>
   </div>
   <div class='ocr_carea' id='block_1_59' title="bbox 230 4064 1117 4140">
    <p class='ocr_par' dir='ltr' id='par_1_59' title="bbox 230 4064 1117 4140">
     <span class='ocr_line' id='line_1_59' title="bbox 230 4064 1117 4140; baseline -0.006 -16"><span class='ocrx_word' id='word_1_425' title='bbox 230 4071 499 4125; x_wconf 81' lang='lat' dir='ltr'><strong>dentibus</strong></span> <span class='ocrx_word' id='word_1_426' title='bbox 527 4069 785 4137; x_wconf 71' lang='lat' dir='ltr'><strong>obiecisse</strong></span> <span class='ocrx_word' id='word_1_427' title='bbox 813 4064 1117 4140; x_wconf 84' lang='lat' dir='ltr'><strong>[dejecisse].</strong></span> 
     </span>
    </p>
   </div>
   <div class='ocr_carea' id='block_1_60' title="bbox 314 4157 1823 4228">
    <p class='ocr_par' dir='ltr' id='par_1_60' title="bbox 314 4157 1823 4228">
     <span class='ocr_line' id='line_1_60' title="bbox 314 4157 1823 4228; baseline -0.003 -13"><span class='ocrx_word' id='word_1_428' title='bbox 314 4163 575 4215; x_wconf 78' lang='lat' dir='ltr'><strong>Ausculta</strong></span> <span class='ocrx_word' id='word_1_429' title='bbox 623 4177 806 4213; x_wconf 67' lang='lat' dir='ltr'><strong>vocent</strong></span> <span class='ocrx_word' id='word_1_430' title='bbox 855 4160 1091 4227; x_wconf 77' lang='lat' dir='ltr'><strong>ejusdem</strong></span> <span class='ocrx_word' id='word_1_431' title='bbox 1146 4157 1356 4211; x_wconf 66' lang='lat' dir='ltr'><strong>Domini</strong></span> <span class='ocrx_word' id='word_1_432' title='bbox 1406 4157 1823 4228; x_wconf 71' lang='lat' dir='ltr'><strong>prmmonentis:</strong></span> 
     </span>
    </p>
   </div>
   <div class='ocr_carea' id='block_1_61' title="bbox 233 4252 1827 4320">
    <p class='ocr_par' dir='ltr' id='par_1_61' title="bbox 233 4252 1827 4320">
     <span class='ocr_line' id='line_1_61' title="bbox 233 4252 1827 4320; baseline -0.002 -15"><span class='ocrx_word' id='word_1_433' title='bbox 233 4254 351 4320; x_wconf 78' lang='lat' dir='ltr'><strong>Qui</strong></span> <span class='ocrx_word' id='word_1_434' title='bbox 381 4269 576 4305; x_wconf 82' lang='lat' dir='ltr'><strong>mecum</strong></span> <span class='ocrx_word' id='word_1_435' title='bbox 607 4270 709 4306; x_wconf 82' lang='lat' dir='ltr'><strong>non</strong></span> <span class='ocrx_word' id='word_1_436' title='bbox 740 4262 833 4319; x_wconf 74' lang='lat' dir='ltr'><strong>est,</strong></span> <span class='ocrx_word' id='word_1_437' title='bbox 867 4263 1039 4304; x_wconf 83' lang='lat' dir='ltr'><strong>contra</strong></span> <span class='ocrx_word' id='word_1_438' title='bbox 1072 4269 1149 4303; x_wconf 82' lang='lat' dir='ltr'><strong>me</strong></span> <span class='ocrx_word' id='word_1_439' title='bbox 1180 4261 1290 4315; x_wconf 76' lang='lat' dir='ltr'><strong>est;</strong></span> <span class='ocrx_word' id='word_1_440' title='bbox 1327 4262 1373 4304; x_wconf 82' lang='lat' dir='ltr'><strong>et</strong></span> <span class='ocrx_word' id='word_1_441' title='bbox 1401 4252 1485 4320; x_wconf 87' lang='lat' dir='ltr'><strong>qui</strong></span> <span class='ocrx_word' id='word_1_442' title='bbox 1517 4267 1704 4303; x_wconf 85' lang='lat' dir='ltr'><strong>mecum</strong></span> <span class='ocrx_word' id='word_1_443' title='bbox 1728 4266 1827 4303; x_wconf 86' lang='lat' dir='ltr'><strong>non</strong></span> 
     </span>
    </p>
   </div>
   <div class='ocr_carea' id='block_1_62' title="bbox 230 4319 1841 4415">
    <p class='ocr_par' dir='ltr' id='par_1_62' title="bbox 230 4319 1841 4415">
     <span class='ocr_line' id='line_1_62' title="bbox 230 4319 1841 4415; baseline -0.001 -17"><span class='ocrx_word' id='word_1_444' title='bbox 230 4347 449 4415; x_wconf 81' lang='lat' dir='ltr'><strong>colligit</strong></span> <span class='ocrx_word' id='word_1_445' title='bbox 473 4385 489 4408; x_wconf 93' lang='lat'><strong>,</strong></span> <span class='ocrx_word' id='word_1_446' title='bbox 537 4346 780 4413; x_wconf 80' lang='lat' dir='ltr'><strong>dispergit</strong></span> <span class='ocrx_word' id='word_1_447' title='bbox 815 4344 981 4414; x_wconf 82' lang='lat' dir='ltr'><strong>(Luc.</strong></span> <span class='ocrx_word' id='word_1_448' title='bbox 1010 4360 1059 4397; x_wconf 77' lang='lat' dir='ltr'><strong>XI</strong></span> <span class='ocrx_word' id='word_1_449' title='bbox 1085 4342 1125 4412; x_wconf 91' lang='lat'><strong>).</strong></span> <span class='ocrx_word' id='word_1_450' title='bbox 1178 4343 1245 4396; x_wconf 85' lang='lat' dir='ltr'><strong>Et</strong></span> <span class='ocrx_word' id='word_1_451' title='bbox 1291 4319 1573 4413; x_wconf 83' lang='lat' dir='ltr'><strong>diligenter</strong></span> <span class='ocrx_word' id='word_1_452' title='bbox 1613 4319 1841 4401; x_wconf 79' lang='lat' dir='ltr'><strong>attende</strong></span> 
     </span>
    </p>
   </div>
   <div class='ocr_carea' id='block_1_63' title="bbox 229 4432 1824 4501">
    <p class='ocr_par' dir='ltr' id='par_1_63' title="bbox 229 4432 1824 4501">
     <span class='ocr_line' id='line_1_63' title="bbox 229 4432 1824 4501; baseline -0.004 -11"><span class='ocrx_word' id='word_1_453' title='bbox 229 4435 384 4490; x_wconf 79' lang='lat' dir='ltr'><strong>nihil</strong></span> <span class='ocrx_word' id='word_1_454' title='bbox 416 4435 559 4487; x_wconf 86' lang='lat' dir='ltr'><strong>aliud</strong></span> <span class='ocrx_word' id='word_1_455' title='bbox 587 4449 706 4489; x_wconf 84' lang='lat' dir='ltr'><strong>esse</strong></span> <span class='ocrx_word' id='word_1_456' title='bbox 734 4451 837 4487; x_wconf 64' lang='lat' dir='ltr'><strong>non</strong></span> <span class='ocrx_word' id='word_1_457' title='bbox 872 4448 1156 4501; x_wconf 86' lang='lat' dir='ltr'><strong>procurare</strong></span> <span class='ocrx_word' id='word_1_458' title='bbox 1185 4449 1302 4501; x_wconf 67' lang='lat' dir='ltr'><strong>qua:</strong></span> <span class='ocrx_word' id='word_1_459' title='bbox 1326 4432 1521 4487; x_wconf 80' lang='lat' dir='ltr'><strong>Christi</strong></span> <span class='ocrx_word' id='word_1_460' title='bbox 1549 4443 1692 4495; x_wconf 90' lang='lat' dir='ltr'><strong>sunt,</strong></span> <span class='ocrx_word' id='word_1_461' title='bbox 1726 4432 1824 4485; x_wconf 82' lang='lat' dir='ltr'><strong>nisi</strong></span> 
     </span>
    </p>
   </div>
   <div class='ocr_carea' id='block_1_64' title="bbox 192 4523 1828 4592">
    <p class='ocr_par' dir='ltr' id='par_1_64' title="bbox 192 4523 1828 4592">
     <span class='ocr_line' id='line_1_64' title="bbox 192 4523 1828 4592; baseline -0.002 -11"><span class='ocrx_word' id='word_1_462' title='bbox 192 4540 300 4581; x_wconf 42' lang='lat' dir='ltr'><strong>vse</strong></span> <span class='ocrx_word' id='word_1_463' title='bbox 348 4526 527 4592; x_wconf 87' lang='lat' dir='ltr'><strong>palam</strong></span> <span class='ocrx_word' id='word_1_464' title='bbox 570 4523 806 4592; x_wconf 76' lang='lat' dir='ltr'><strong>profiteri</strong></span> <span class='ocrx_word' id='word_1_465' title='bbox 837 4526 952 4590; x_wconf 84' lang='lat' dir='ltr'><strong>ejus</strong></span> <span class='ocrx_word' id='word_1_466' title='bbox 996 4524 1289 4577; x_wconf 89' lang='lat' dir='ltr'><strong>inimicum.</strong></span> <span class='ocrx_word' id='word_1_467' title='bbox 1329 4523 1442 4577; x_wconf 77' lang='lat' dir='ltr'><strong>Non</strong></span> <span class='ocrx_word' id='word_1_468' title='bbox 1483 4524 1828 4591; x_wconf 81' lang='lat' dir='ltr'><strong>desperemus</strong></span> 
     </span>
    </p>
   </div>
   <div class='ocr_carea' id='block_1_65' title="bbox 226 4614 1825 4681">
    <p class='ocr_par' dir='ltr' id='par_1_65' title="bbox 226 4614 1825 4681">
     <span class='ocr_line' id='line_1_65' title="bbox 226 4614 1825 4681; baseline -0.003 -11"><span class='ocrx_word' id='word_1_469' title='bbox 226 4618 464 4678; x_wconf 85' lang='lat' dir='ltr'><strong>facere,</strong></span> <span class='ocrx_word' id='word_1_470' title='bbox 503 4614 688 4681; x_wconf 84' lang='lat' dir='ltr'><strong>frater,</strong></span> <span class='ocrx_word' id='word_1_471' title='bbox 738 4629 919 4668; x_wconf 85' lang='lat' dir='ltr'><strong>veram</strong></span> <span class='ocrx_word' id='word_1_472' title='bbox 947 4614 1237 4669; x_wconf 87' lang='lat' dir='ltr'><strong>Salvatoris</strong></span> <span class='ocrx_word' id='word_1_473' title='bbox 1278 4614 1445 4667; x_wconf 89' lang='lat' dir='ltr'><strong>nostri</strong></span> <span class='ocrx_word' id='word_1_474' title='bbox 1487 4615 1825 4681; x_wconf 77' lang='lat' dir='ltr'><strong>sententiam,</strong></span> 
     </span>
    </p>
   </div>
   <div class='ocr_carea' id='block_1_66' title="bbox 226 4705 1830 4777">
    <p class='ocr_par' dir='ltr' id='par_1_66' title="bbox 226 4705 1830 4777">
     <span class='ocr_line' id='line_1_66' title="bbox 226 4705 1830 4777; baseline -0.002 -15"><span class='ocrx_word' id='word_1_475' title='bbox 226 4726 356 4777; x_wconf 83' lang='lat' dir='ltr'><strong>qua</strong></span> <span class='ocrx_word' id='word_1_476' title='bbox 389 4723 453 4761; x_wconf 87' lang='lat' dir='ltr'><strong>se</strong></span> <span class='ocrx_word' id='word_1_477' title='bbox 482 4723 650 4777; x_wconf 90' lang='lat' dir='ltr'><strong>usque</strong></span> <span class='ocrx_word' id='word_1_478' title='bbox 674 4708 740 4761; x_wconf 91' lang='lat' dir='ltr'><strong>ad</strong></span> <span class='ocrx_word' id='word_1_479' title='bbox 772 4710 930 4761; x_wconf 87' lang='lat' dir='ltr'><strong>tinem</strong></span> <span class='ocrx_word' id='word_1_480' title='bbox 961 4707 1140 4761; x_wconf 62' lang='lat' dir='ltr'><strong>Surculi</strong></span> <span class='ocrx_word' id='word_1_481' title='bbox 1167 4708 1418 4761; x_wconf 70' lang='lat' dir='ltr'><strong>Ecclesiae</strong></span> <span class='ocrx_word' id='word_1_482' title='bbox 1463 4722 1573 4759; x_wconf 82' lang='lat' dir='ltr'><strong>sua:</strong></span> <span class='ocrx_word' id='word_1_483' title='bbox 1604 4720 1706 4757; x_wconf 91' lang='lat' dir='ltr'><strong>non</strong></span> <span class='ocrx_word' id='word_1_484' title='bbox 1736 4705 1830 4758; x_wconf 88' lang='lat' dir='ltr'><strong>de-</strong></span> 
     </span>
    </p>
   </div>
   <div class='ocr_carea' id='block_1_67' title="bbox 225 4797 1830 4868">
    <p class='ocr_par' dir='ltr' id='par_1_67' title="bbox 225 4797 1830 4868">
     <span class='ocr_line' id='line_1_67' title="bbox 225 4797 1830 4868; baseline -0.002 -13"><span class='ocrx_word' id='word_1_485' title='bbox 225 4804 499 4856; x_wconf 79' lang='lat' dir='ltr'><strong>futurum</strong></span> <span class='ocrx_word' id='word_1_486' title='bbox 540 4815 659 4853; x_wconf 88' lang='lat' dir='ltr'><strong>esse</strong></span> <span class='ocrx_word' id='word_1_487' title='bbox 706 4801 969 4866; x_wconf 79' lang='lat' dir='ltr'><strong>pollicitus</strong></span> <span class='ocrx_word' id='word_1_488' title='bbox 995 4808 1077 4853; x_wconf 91' lang='lat' dir='ltr'><strong>est</strong></span> <span class='ocrx_word' id='word_1_489' title='bbox 1117 4800 1134 4868; x_wconf 90' lang='lat'><strong>(</strong></span> <span class='ocrx_word' id='word_1_490' title='bbox 1162 4798 1345 4852; x_wconf 78' lang='lat' dir='ltr'><strong>Matth.</strong></span> <span class='ocrx_word' id='word_1_491' title='bbox 1378 4812 1544 4851; x_wconf 77' lang='lat' dir='ltr'><strong>X\\ltll</strong></span> <span class='ocrx_word' id='word_1_492' title='bbox 1569 4797 1611 4860; x_wconf 85' lang='lat'><strong>),</strong></span> <span class='ocrx_word' id='word_1_493' title='bbox 1641 4814 1738 4851; x_wconf 88' lang='lat' dir='ltr'><strong>nec</strong></span> <span class='ocrx_word' id='word_1_494' title='bbox 1763 4798 1830 4852; x_wconf 89' lang='lat' dir='ltr'><strong>ab</strong></span> 
     </span>
    </p>
   </div>
   <div class='ocr_carea' id='block_1_68' title="bbox 224 4890 1830 4962">
    <p class='ocr_par' dir='ltr' id='par_1_68' title="bbox 224 4890 1830 4962">
     <span class='ocr_line' id='line_1_68' title="bbox 224 4890 1830 4962; baseline -0.002 -13"><span class='ocrx_word' id='word_1_495' title='bbox 224 4893 415 4950; x_wconf 79' lang='lat' dir='ltr'><strong>inferi</strong></span> <span class='ocrx_word' id='word_1_496' title='bbox 450 4893 615 4958; x_wconf 88' lang='lat' dir='ltr'><strong>portis</strong></span> <span class='ocrx_word' id='word_1_497' title='bbox 642 4908 757 4945; x_wconf 91' lang='lat' dir='ltr'><strong>eam</strong></span> <span class='ocrx_word' id='word_1_498' title='bbox 790 4893 924 4945; x_wconf 84' lang='lat' dir='ltr'><strong>dixit</strong></span> <span class='ocrx_word' id='word_1_499' title='bbox 944 4906 1064 4946; x_wconf 84' lang='lat' dir='ltr'><strong>esse</strong></span> <span class='ocrx_word' id='word_1_500' title='bbox 1090 4894 1439 4960; x_wconf 84' lang='lat' dir='ltr'><strong>superandam</strong></span> <span class='ocrx_word' id='word_1_501' title='bbox 1458 4890 1673 4961; x_wconf 77' lang='lat' dir='ltr'><strong>(Matth.</strong></span> <span class='ocrx_word' id='word_1_502' title='bbox 1696 4892 1830 4962; x_wconf 76' lang='lat' dir='ltr'><strong>XVI),</strong></span> 
     </span>
    </p>
   </div>
   <div class='ocr_carea' id='block_1_69' title="bbox 220 4985 1829 5054">
    <p class='ocr_par' dir='ltr' id='par_1_69' title="bbox 220 4985 1829 5054">
     <span class='ocr_line' id='line_1_69' title="bbox 220 4985 1829 5054; baseline 0.003 -19"><span class='ocrx_word' id='word_1_503' title='bbox 220 4998 288 5042; x_wconf 80' lang='grc' dir='ltr'><strong>ρι</strong></span> <span class='ocrx_word' id='word_1_504' title='bbox 321 4998 460 5053; x_wconf 68' lang='lat' dir='ltr'><strong>quas</strong></span> <span class='ocrx_word' id='word_1_505' title='bbox 485 4985 658 5036; x_wconf 88' lang='lat' dir='ltr'><strong>omnia</strong></span> <span class='ocrx_word' id='word_1_506' title='bbox 696 5000 790 5052; x_wconf 86' lang='lat' dir='ltr'><strong>per</strong></span> <span class='ocrx_word' id='word_1_507' title='bbox 815 4985 1123 5052; x_wconf 74' lang='lat' dir='ltr'><strong>apostolica:</strong></span> <span class='ocrx_word' id='word_1_508' title='bbox 1153 4987 1283 5038; x_wconf 75' lang='lat' dir='ltr'><strong>Scito</strong></span> <span class='ocrx_word' id='word_1_509' title='bbox 1314 4987 1569 5039; x_wconf 71' lang='lat' dir='ltr'><strong>doctrina:</strong></span> <span class='ocrx_word' id='word_1_510' title='bbox 1601 4989 1611 5038; x_wconf 94' lang='grc' dir='ltr'><strong>Ι</strong></span> <span class='ocrx_word' id='word_1_511' title='bbox 1637 5003 1829 5054; x_wconf 85' lang='lat' dir='ltr'><strong>garcn-</strong></span> 
     </span>
    </p>
   </div>
   <div class='ocr_carea' id='block_1_70' title="bbox 220 5078 1830 5139">
    <p class='ocr_par' dir='ltr' id='par_1_70' title="bbox 220 5078 1830 5139">
     <span class='ocr_line' id='line_1_70' title="bbox 220 5078 1830 5139; baseline 0.001 -7"><span class='ocrx_word' id='word_1_512' title='bbox 220 5094 332 5133; x_wconf 87' lang='lat' dir='ltr'><strong>tur</strong></span> <span class='ocrx_word' id='word_1_513' title='bbox 387 5080 441 5129; x_wconf 90' lang='lat' dir='ltr'><strong>in</strong></span> <span class='ocrx_word' id='word_1_514' title='bbox 488 5086 645 5129; x_wconf 82' lang='lat' dir='ltr'><strong>terris</strong></span> <span class='ocrx_word' id='word_1_515' title='bbox 671 5117 686 5139; x_wconf 80' lang='grc'><strong>,</strong></span> <span class='ocrx_word' id='word_1_516' title='bbox 733 5092 829 5129; x_wconf 80' lang='lat' dir='ltr'><strong>nt-c</strong></span> <span class='ocrx_word' id='word_1_517' title='bbox 860 5078 911 5129; x_wconf 89' lang='lat' dir='ltr'><strong>in</strong></span> <span class='ocrx_word' id='word_1_518' title='bbox 949 5078 1256 5130; x_wconf 64' lang='lat' dir='ltr'><strong>Cflfl0&gt;lllll|5</strong></span> <span class='ocrx_word' id='word_1_519' title='bbox 1288 5080 1601 5131; x_wconf 75' lang='lat' dir='ltr'><strong>memoravit</strong></span> <span class='ocrx_word' id='word_1_520' title='bbox 1631 5080 1830 5133; x_wconf 76' lang='lat' dir='ltr'><strong>absolvi</strong></span> 
     </span>
    </p>
   </div>
   <div class='ocr_carea' id='block_1_71' title="bbox 219 5166 1832 5239">
    <p class='ocr_par' dir='ltr' id='par_1_71' title="bbox 219 5166 1832 5239">
     <span class='ocr_line' id='line_1_71' title="bbox 219 5166 1832 5239; baseline 0.001 -17"><span class='ocrx_word' id='word_1_521' title='bbox 219 5179 237 5239; x_wconf 92' lang='lat'><strong>(</strong></span> <span class='ocrx_word' id='word_1_522' title='bbox 274 5166 495 5222; x_wconf 72' lang='lat' dir='ltr'><strong>Matth.</strong></span> <span class='ocrx_word' id='word_1_523' title='bbox 530 5183 637 5229; x_wconf 74' lang='lat' dir='ltr'><strong>XVI,</strong></span> <span class='ocrx_word' id='word_1_524' title='bbox 673 5168 737 5221; x_wconf 70' lang='lat'><strong>18</strong></span> <span class='ocrx_word' id='word_1_525' title='bbox 760 5174 801 5235; x_wconf 85' lang='lat'><strong>).</strong></span> <span class='ocrx_word' id='word_1_526' title='bbox 831 5168 1010 5237; x_wconf 78' lang='lat' dir='ltr'><strong>Neque</strong></span> <span class='ocrx_word' id='word_1_527' title='bbox 1042 5181 1301 5235; x_wconf 86' lang='lat' dir='ltr'><strong>putemus,</strong></span> <span class='ocrx_word' id='word_1_528' title='bbox 1340 5170 1478 5237; x_wconf 91' lang='lat' dir='ltr'><strong>quod</strong></span> <span class='ocrx_word' id='word_1_529' title='bbox 1510 5171 1832 5236; x_wconf 80' lang='lat' dir='ltr'><strong>quibuslibet</strong></span> 
     </span>
    </p>
   </div>
   <div class='ocr_carea' id='block_1_72' title="bbox 210 5259 1822 5329">
    <p class='ocr_par' dir='ltr' id='par_1_72' title="bbox 210 5259 1822 5329">
     <span class='ocr_line' id='line_1_72' title="bbox 210 5259 1822 5329; baseline -0.001 -14"><span class='ocrx_word' id='word_1_530' title='bbox 210 5264 306 5316; x_wconf 74' lang='lat' dir='ltr'><strong>sit</strong></span> <span class='ocrx_word' id='word_1_531' title='bbox 371 5259 574 5311; x_wconf 69' lang='lat' dir='ltr'><strong>vallata</strong></span> <span class='ocrx_word' id='word_1_532' title='bbox 624 5260 911 5327; x_wconf 63' lang='lat' dir='ltr'><strong>periculis,</strong></span> <span class='ocrx_word' id='word_1_533' title='bbox 954 5274 1183 5327; x_wconf 80' lang='lat' dir='ltr'><strong>unquam</strong></span> <span class='ocrx_word' id='word_1_534' title='bbox 1236 5262 1441 5327; x_wconf 86' lang='lat' dir='ltr'><strong>pondus</strong></span> <span class='ocrx_word' id='word_1_535' title='bbox 1487 5261 1681 5329; x_wconf 79' lang='lat' dir='ltr'><strong>vigoris</strong></span> <span class='ocrx_word' id='word_1_536' title='bbox 1722 5265 1822 5327; x_wconf 85' lang='lat' dir='ltr'><strong>sui,</strong></span> 
     </span>
    </p>
   </div>
   <div class='ocr_carea' id='block_1_73' title="bbox 310 5463 1093 5519">
    <p class='ocr_par' dir='ltr' id='par_1_73' title="bbox 310 5463 1093 5519">
     <span class='ocr_line' id='line_1_73' title="bbox 310 5463 1093 5519; baseline -0.009 1"><span class='ocrx_word' id='word_1_537' title='bbox 310 5469 333 5499; x_wconf 83' lang='grc'>¹</span> <span class='ocrx_word' id='word_1_538' title='bbox 375 5465 546 5519; x_wconf 75' lang='lat' dir='ltr'><strong>Forte</strong></span> <span class='ocrx_word' id='word_1_539' title='bbox 566 5464 804 5517; x_wconf 78' lang='lat' dir='ltr'><strong>adversis.</strong></span> <span class='ocrx_word' id='word_1_540' title='bbox 835 5463 1093 5515; x_wconf 64' lang='lat' dir='ltr'><strong>llsnstrtv.</strong></span> 
     </span>
    </p>
   </div>
   <div class='ocr_carea' id='block_1_74' title="bbox 311 5530 1839 5598">
    <p class='ocr_par' dir='ltr' id='par_1_74' title="bbox 311 5530 1839 5598">
     <span class='ocr_line' id='line_1_74' title="bbox 311 5530 1839 5598; baseline -0.006 -8"><span class='ocrx_word' id='word_1_541' title='bbox 311 5539 341 5569; x_wconf 82' lang='grc'>⁸</span> <span class='ocrx_word' id='word_1_542' title='bbox 373 5536 481 5590; x_wconf 69' lang='lat' dir='ltr'><strong>llic</strong></span> <span class='ocrx_word' id='word_1_543' title='bbox 513 5534 880 5586; x_wconf 72' lang='lat' dir='ltr'><strong>locus-citatur-</strong></span> <span class='ocrx_word' id='word_1_544' title='bbox 903 5536 951 5584; x_wconf 91' lang='lat' dir='ltr'><strong>in</strong></span> <span class='ocrx_word' id='word_1_545' title='bbox 977 5536 1131 5597; x_wconf 84' lang='lat' dir='ltr'><strong>epist.</strong></span> <span class='ocrx_word' id='word_1_546' title='bbox 1158 5531 1379 5583; x_wconf 75' lang='lat' dir='ltr'><strong>Victoris</strong></span> <span class='ocrx_word' id='word_1_547' title='bbox 1399 5531 1470 5583; x_wconf 79' lang='lat' dir='ltr'><strong>Ca</strong></span> <span class='ocrx_word' id='word_1_548' title='bbox 1484 5530 1839 5598; x_wconf 77' lang='lat' dir='ltr'><strong>rthagineusis</strong></span> 
     </span>
    </p>
   </div>
   <div class='ocr_carea' id='block_1_75' title="bbox 203 5601 1844 5670">
    <p class='ocr_par' dir='ltr' id='par_1_75' title="bbox 203 5601 1844 5670">
     <span class='ocr_line' id='line_1_75' title="bbox 203 5601 1844 5670; baseline -0.009 -3"><span class='ocrx_word' id='word_1_549' title='bbox 203 5616 279 5669; x_wconf 85' lang='lat' dir='ltr'><strong>in</strong></span> <span class='ocrx_word' id='word_1_550' title='bbox 323 5606 548 5663; x_wconf 61' lang='lat' dir='ltr'><strong>conuii.</strong></span> <span class='ocrx_word' id='word_1_551' title='bbox 583 5605 823 5657; x_wconf 80' lang='lat' dir='ltr'><strong>Lateran.</strong></span> <span class='ocrx_word' id='word_1_552' title='bbox 867 5605 966 5656; x_wconf 75' lang='lat' dir='ltr'><strong>sub</strong></span> <span class='ocrx_word' id='word_1_553' title='bbox 998 5603 1218 5655; x_wconf 77' lang='lat' dir='ltr'><strong>Martioo</strong></span> <span class='ocrx_word' id='word_1_554' title='bbox 1261 5615 1390 5670; x_wconf 84' lang='lat' dir='ltr'><strong>papa</strong></span> <span class='ocrx_word' id='word_1_555' title='bbox 1442 5604 1490 5654; x_wconf 88' lang='lat' dir='ltr'><strong>in</strong></span> <span class='ocrx_word' id='word_1_556' title='bbox 1527 5618 1667 5655; x_wconf 87' lang='lat' dir='ltr'><strong>secr.</strong></span> <span class='ocrx_word' id='word_1_557' title='bbox 1711 5601 1767 5653; x_wconf 78' lang='lat'><strong>‘2.</strong></span> <span class='ocrx_word' id='word_1_558' title='bbox 1798 5603 1844 5653; x_wconf 77' lang='grc' dir='ltr'><strong>Α</strong></span> 
     </span>
    </p>
   </div>
   <div class='ocr_carea' id='block_1_76' title="bbox 1908 1795 3486 1869">
    <p class='ocr_par' dir='ltr' id='par_1_76' title="bbox 1908 1795 3486 1869">
     <span class='ocr_line' id='line_1_76' title="bbox 1908 1795 3486 1869; baseline -0.003 -18"><span class='ocrx_word' id='word_1_559' title='bbox 1908 1797 2119 1851; x_wconf 90' lang='lat' dir='ltr'><strong>hostilia</strong></span> <span class='ocrx_word' id='word_1_560' title='bbox 2150 1796 2311 1851; x_wconf 86' lang='lat' dir='ltr'><strong>corda</strong></span> <span class='ocrx_word' id='word_1_561' title='bbox 2343 1798 2623 1865; x_wconf 73' lang='lat' dir='ltr'><strong>perspicis,</strong></span> <span class='ocrx_word' id='word_1_562' title='bbox 2646 1796 2878 1864; x_wconf 66' lang='lat' dir='ltr'><strong>quiescis</strong></span> <span class='ocrx_word' id='word_1_563' title='bbox 2905 1813 2916 1846; x_wconf 92' lang='lat'>:</span> <span class='ocrx_word' id='word_1_564' title='bbox 2944 1795 3072 1848; x_wconf 88' lang='lat' dir='ltr'><strong>nnlti</strong></span> <span class='ocrx_word' id='word_1_565' title='bbox 3104 1795 3283 1869; x_wconf 86' lang='lat' dir='ltr'><strong>crede,</strong></span> <span class='ocrx_word' id='word_1_566' title='bbox 3309 1796 3486 1848; x_wconf 61' lang='lat' dir='ltr'><strong>nescio</strong></span> 
     </span>
    </p>
   </div>
   <div class='ocr_carea' id='block_1_77' title="bbox 1902 1888 3487 1957">
    <p class='ocr_par' dir='ltr' id='par_1_77' title="bbox 1902 1888 3487 1957">
     <span class='ocr_line' id='line_1_77' title="bbox 1902 1888 3487 1957; baseline -0.002 -14"><span class='ocrx_word' id='word_1_567' title='bbox 1902 1889 2353 1957; x_wconf 80' lang='lat' dir='ltr'><strong>quemadmodum</strong></span> <span class='ocrx_word' id='word_1_568' title='bbox 2387 1899 2439 1942; x_wconf 91' lang='lat' dir='ltr'><strong>te</strong></span> <span class='ocrx_word' id='word_1_569' title='bbox 2471 1890 2725 1943; x_wconf 66' lang='lat' dir='ltr'><strong>Ecclesim</strong></span> <span class='ocrx_word' id='word_1_570' title='bbox 2754 1890 2913 1941; x_wconf 90' lang='lat' dir='ltr'><strong>totius</strong></span> <span class='ocrx_word' id='word_1_571' title='bbox 2943 1893 3139 1949; x_wconf 83' lang='lat' dir='ltr'><strong>asseris</strong></span> <span class='ocrx_word' id='word_1_572' title='bbox 3174 1904 3298 1942; x_wconf 84' lang='lat' dir='ltr'><strong>esse</strong></span> <span class='ocrx_word' id='word_1_573' title='bbox 3327 1888 3487 1956; x_wconf 87' lang='lat' dir='ltr'><strong>parti-</strong></span> 
     </span>
    </p>
   </div>
   <div class='ocr_carea' id='block_1_78' title="bbox 1910 1979 3489 2048">
    <p class='ocr_par' dir='ltr' id='par_1_78' title="bbox 1910 1979 3489 2048">
     <span class='ocr_line' id='line_1_78' title="bbox 1910 1979 3489 2048; baseline -0.003 -13"><span class='ocrx_word' id='word_1_574' title='bbox 1910 1983 2103 2048; x_wconf 83' lang='lat' dir='ltr'><strong>cipem.</strong></span> <span class='ocrx_word' id='word_1_575' title='bbox 2135 1980 2215 2034; x_wconf 86' lang='lat' dir='ltr'><strong>Ad</strong></span> <span class='ocrx_word' id='word_1_576' title='bbox 2248 1990 2298 2034; x_wconf 90' lang='lat' dir='ltr'><strong>te</strong></span> <span class='ocrx_word' id='word_1_577' title='bbox 2324 1979 2508 2033; x_wconf 91' lang='lat' dir='ltr'><strong>oculos</strong></span> <span class='ocrx_word' id='word_1_578' title='bbox 2536 1988 2789 2047; x_wconf 80' lang='lat' dir='ltr'><strong>praeterea</strong></span> <span class='ocrx_word' id='word_1_579' title='bbox 2822 1996 2926 2031; x_wconf 91' lang='lat' dir='ltr'><strong>non</strong></span> <span class='ocrx_word' id='word_1_580' title='bbox 2968 1980 3200 2041; x_wconf 68' lang='lat' dir='ltr'><strong>reducis,</strong></span> <span class='ocrx_word' id='word_1_581' title='bbox 3228 1979 3352 2048; x_wconf 89' lang='lat' dir='ltr'><strong>quia</strong></span> <span class='ocrx_word' id='word_1_582' title='bbox 3384 1995 3489 2032; x_wconf 89' lang='lat' dir='ltr'><strong>tton</strong></span> 
     </span>
    </p>
   </div>
   <div class='ocr_carea' id='block_1_79' title="bbox 1912 2070 3490 2128">
    <p class='ocr_par' dir='ltr' id='par_1_79' title="bbox 1912 2070 3490 2128">
     <span class='ocr_line' id='line_1_79' title="bbox 1912 2070 3490 2128; baseline -0.003 -1"><span class='ocrx_word' id='word_1_583' title='bbox 1912 2074 2086 2128; x_wconf 88' lang='lat' dir='ltr'><strong>solum</strong></span> <span class='ocrx_word' id='word_1_584' title='bbox 2137 2073 2190 2127; x_wconf 92' lang='lat' dir='ltr'><strong>in</strong></span> <span class='ocrx_word' id='word_1_585' title='bbox 2240 2072 2340 2125; x_wconf 89' lang='lat' dir='ltr'><strong>hac</strong></span> <span class='ocrx_word' id='word_1_586' title='bbox 2383 2086 2542 2126; x_wconf 84' lang='lat' dir='ltr'><strong>causa</strong></span> <span class='ocrx_word' id='word_1_587' title='bbox 2573 2071 2831 2125; x_wconf 83' lang='lat' dir='ltr'><strong>adversus</strong></span> <span class='ocrx_word' id='word_1_588' title='bbox 2876 2086 3088 2125; x_wconf 85' lang='lat' dir='ltr'><strong>omnem</strong></span> <span class='ocrx_word' id='word_1_589' title='bbox 3117 2070 3368 2125; x_wconf 77' lang='lat' dir='ltr'><strong>catholici</strong></span> <span class='ocrx_word' id='word_1_590' title='bbox 3395 2070 3490 2123; x_wconf 88' lang='lat' dir='ltr'><strong>do-</strong></span> 
     </span>
    </p>
   </div>
   <div class='ocr_carea' id='block_1_80' title="bbox 1911 2160 3493 2231">
    <p class='ocr_par' dir='ltr' id='par_1_80' title="bbox 1911 2160 3493 2231">
     <span class='ocr_line' id='line_1_80' title="bbox 1911 2160 3493 2231; baseline -0.001 -15"><span class='ocrx_word' id='word_1_591' title='bbox 1911 2163 2105 2231; x_wconf 89' lang='lat' dir='ltr'><strong>gmatis</strong></span> <span class='ocrx_word' id='word_1_592' title='bbox 2132 2162 2381 2217; x_wconf 89' lang='lat' dir='ltr'><strong>tendatur</strong></span> <span class='ocrx_word' id='word_1_593' title='bbox 2412 2161 2690 2224; x_wconf 89' lang='lat' dir='ltr'><strong>unitatem,</strong></span> <span class='ocrx_word' id='word_1_594' title='bbox 2722 2161 2817 2215; x_wconf 86' lang='lat' dir='ltr'><strong>sed</strong></span> <span class='ocrx_word' id='word_1_595' title='bbox 2846 2161 3007 2216; x_wconf 88' lang='lat' dir='ltr'><strong>etiam</strong></span> <span class='ocrx_word' id='word_1_596' title='bbox 3037 2161 3245 2215; x_wconf 86' lang='lat' dir='ltr'><strong>cunctis</strong></span> <span class='ocrx_word' id='word_1_597' title='bbox 3271 2160 3493 2215; x_wconf 63' lang='lat' dir='ltr'><strong>haeresi.</strong></span> 
     </span>
    </p>
   </div>
   <div class='ocr_carea' id='block_1_81' title="bbox 1914 2254 3491 2324">
    <p class='ocr_par' dir='ltr' id='par_1_81' title="bbox 1914 2254 3491 2324">
     <span class='ocr_line' id='line_1_81' title="bbox 1914 2254 3491 2324; baseline -0.001 -15"><span class='ocrx_word' id='word_1_598' title='bbox 1914 2255 2053 2322; x_wconf 89' lang='lat' dir='ltr'><strong>bus,</strong></span> <span class='ocrx_word' id='word_1_599' title='bbox 2084 2270 2206 2324; x_wconf 66' lang='lat' dir='ltr'><strong>quin</strong></span> <span class='ocrx_word' id='word_1_600' title='bbox 2250 2255 2334 2310; x_wconf 90' lang='lat' dir='ltr'><strong>vel</strong></span> <span class='ocrx_word' id='word_1_601' title='bbox 2364 2270 2423 2309; x_wconf 89' lang='lat' dir='ltr'><strong>se</strong></span> <span class='ocrx_word' id='word_1_602' title='bbox 2451 2254 2606 2308; x_wconf 84' lang='lat' dir='ltr'><strong>nobis</strong></span> <span class='ocrx_word' id='word_1_603' title='bbox 2652 2254 2845 2309; x_wconf 89' lang='lat' dir='ltr'><strong>melius</strong></span> <span class='ocrx_word' id='word_1_604' title='bbox 2889 2255 3092 2309; x_wconf 85' lang='lat' dir='ltr'><strong>sentire</strong></span> <span class='ocrx_word' id='word_1_605' title='bbox 3133 2254 3491 2324; x_wconf 65' lang='lat' dir='ltr'><strong>praetendunt,</strong></span> 
     </span>
    </p>
   </div>
   <div class='ocr_carea' id='block_1_82' title="bbox 1915 2345 3493 2415">
    <p class='ocr_par' dir='ltr' id='par_1_82' title="bbox 1915 2345 3493 2415">
     <span class='ocr_line' id='line_1_82' title="bbox 1915 2345 3493 2415; baseline -0.001 -15"><span class='ocrx_word' id='word_1_606' title='bbox 1915 2347 2220 2402; x_wconf 89' lang='lat' dir='ltr'><strong>resnmendi</strong></span> <span class='ocrx_word' id='word_1_607' title='bbox 2252 2347 2393 2400; x_wconf 82' lang='lat' dir='ltr'><strong>vires</strong></span> <span class='ocrx_word' id='word_1_608' title='bbox 2416 2384 2432 2409; x_wconf 91' lang='lat'><strong>,</strong></span> <span class='ocrx_word' id='word_1_609' title='bbox 2462 2353 2625 2415; x_wconf 89' lang='lat' dir='ltr'><strong>atque</strong></span> <span class='ocrx_word' id='word_1_610' title='bbox 2655 2345 2797 2400; x_wconf 86' lang='lat' dir='ltr'><strong>inter</strong></span> <span class='ocrx_word' id='word_1_611' title='bbox 2839 2360 2966 2399; x_wconf 90' lang='lat' dir='ltr'><strong>usus</strong></span> <span class='ocrx_word' id='word_1_612' title='bbox 3015 2346 3270 2414; x_wconf 88' lang='lat' dir='ltr'><strong>pristinos</strong></span> <span class='ocrx_word' id='word_1_613' title='bbox 3316 2361 3493 2400; x_wconf 82' lang='lat' dir='ltr'><strong>resur-</strong></span> 
     </span>
    </p>
   </div>
   <div class='ocr_carea' id='block_1_83' title="bbox 1910 2434 3493 2507">
    <p class='ocr_par' dir='ltr' id='par_1_83' title="bbox 1910 2434 3493 2507">
     <span class='ocr_line' id='line_1_83' title="bbox 1910 2434 3493 2507; baseline -0.003 -16"><span class='ocrx_word' id='word_1_614' title='bbox 1910 2437 2069 2507; x_wconf 86' lang='lat' dir='ltr'><strong>gendi</strong></span> <span class='ocrx_word' id='word_1_615' title='bbox 2094 2476 2111 2502; x_wconf 91' lang='lat'><strong>,</strong></span> <span class='ocrx_word' id='word_1_616' title='bbox 2163 2437 2301 2490; x_wconf 89' lang='lat' dir='ltr'><strong>latus</strong></span> <span class='ocrx_word' id='word_1_617' title='bbox 2343 2450 2565 2504; x_wconf 88' lang='lat' dir='ltr'><strong>campus</strong></span> <span class='ocrx_word' id='word_1_618' title='bbox 2610 2436 2868 2504; x_wconf 87' lang='lat' dir='ltr'><strong>aperitur,</strong></span> <span class='ocrx_word' id='word_1_619' title='bbox 2901 2436 2946 2488; x_wconf 89' lang='lat' dir='ltr'><strong>si</strong></span> <span class='ocrx_word' id='word_1_620' title='bbox 2978 2437 3142 2488; x_wconf 89' lang='lat' dir='ltr'><strong>semel</strong></span> <span class='ocrx_word' id='word_1_621' title='bbox 3170 2434 3312 2503; x_wconf 88' lang='lat' dir='ltr'><strong>quod</strong></span> <span class='ocrx_word' id='word_1_622' title='bbox 3340 2448 3369 2488; x_wconf 92' lang='lat' dir='ltr'><strong>a</strong></span> <span class='ocrx_word' id='word_1_623' title='bbox 3400 2450 3493 2487; x_wconf 59' lang='lat' dir='ltr'><strong>noa</strong></span> 
     </span>
    </p>
   </div>
   <div class='ocr_carea' id='block_1_84' title="bbox 1914 2524 3496 2593">
    <p class='ocr_par' dir='ltr' id='par_1_84' title="bbox 1914 2524 3496 2593">
     <span class='ocr_line' id='line_1_84' title="bbox 1914 2524 3496 2593; baseline -0.002 -13"><span class='ocrx_word' id='word_1_624' title='bbox 1914 2525 2039 2581; x_wconf 88' lang='lat' dir='ltr'><strong>stris</strong></span> <span class='ocrx_word' id='word_1_625' title='bbox 2092 2526 2386 2591; x_wconf 87' lang='lat' dir='ltr'><strong>majoribus</strong></span> <span class='ocrx_word' id='word_1_626' title='bbox 2422 2537 2505 2579; x_wconf 87' lang='lat' dir='ltr'><strong>est</strong></span> <span class='ocrx_word' id='word_1_627' title='bbox 2549 2526 2849 2592; x_wconf 89' lang='lat' dir='ltr'><strong>depositum</strong></span> <span class='ocrx_word' id='word_1_628' title='bbox 2875 2564 2891 2589; x_wconf 91' lang='lat'><strong>,</strong></span> <span class='ocrx_word' id='word_1_629' title='bbox 2940 2524 3177 2593; x_wconf 86' lang='lat' dir='ltr'><strong>qualibet</strong></span> <span class='ocrx_word' id='word_1_630' title='bbox 3215 2525 3496 2578; x_wconf 87' lang='lat' dir='ltr'><strong>occasione</strong></span> 
     </span>
    </p>
   </div>
   <div class='ocr_carea' id='block_1_85' title="bbox 1917 2618 3091 2687">
    <p class='ocr_par' dir='ltr' id='par_1_85' title="bbox 1917 2618 3091 2687">
     <span class='ocr_line' id='line_1_85' title="bbox 1917 2618 3091 2687; baseline -0.002 -15"><span class='ocrx_word' id='word_1_631' title='bbox 1917 2618 2176 2687; x_wconf 73' lang='lat' dir='ltr'><strong>pulsetur.</strong></span> <span class='ocrx_word' id='word_1_632' title='bbox 3084 2674 3091 2681; x_wconf 62' lang='grc'><em>,</em></span> 
     </span>
    </p>
   </div>
   <div class='ocr_carea' id='block_1_86' title="bbox 1988 2705 3495 2775">
    <p class='ocr_par' dir='ltr' id='par_1_86' title="bbox 1988 2705 3495 2775">
     <span class='ocr_line' id='line_1_86' title="bbox 1988 2705 3495 2775; baseline -0.003 -12"><span class='ocrx_word' id='word_1_633' title='bbox 1988 2709 2137 2763; x_wconf 83' lang='lat' dir='ltr'><strong>Unde</strong></span> <span class='ocrx_word' id='word_1_634' title='bbox 2166 2709 2354 2762; x_wconf 90' lang='lat' dir='ltr'><strong>iterum</strong></span> <span class='ocrx_word' id='word_1_635' title='bbox 2387 2717 2547 2774; x_wconf 82' lang='lat' dir='ltr'><strong>atque</strong></span> <span class='ocrx_word' id='word_1_636' title='bbox 2586 2707 2777 2761; x_wconf 87' lang='lat' dir='ltr'><strong>iterum</strong></span> <span class='ocrx_word' id='word_1_637' title='bbox 2808 2713 3183 2775; x_wconf 89' lang='lat' dir='ltr'><strong>protestamur,</strong></span> <span class='ocrx_word' id='word_1_638' title='bbox 3229 2720 3295 2760; x_wconf 87' lang='lat' dir='ltr'><strong>ne</strong></span> <span class='ocrx_word' id='word_1_639' title='bbox 3322 2705 3373 2757; x_wconf 91' lang='lat' dir='ltr'><strong>in</strong></span> <span class='ocrx_word' id='word_1_640' title='bbox 3402 2705 3495 2759; x_wconf 80' lang='lat' dir='ltr'><strong>ab-</strong></span> 
     </span>
    </p>
   </div>
   <div class='ocr_carea' id='block_1_87' title="bbox 1916 2795 3494 2869">
    <p class='ocr_par' dir='ltr' id='par_1_87' title="bbox 1916 2795 3494 2869">
     <span class='ocr_line' id='line_1_87' title="bbox 1916 2795 3494 2869; baseline -0.006 -14"><span class='ocrx_word' id='word_1_641' title='bbox 1916 2812 2130 2869; x_wconf 86' lang='lat' dir='ltr'><strong>ruptum</strong></span> <span class='ocrx_word' id='word_1_642' title='bbox 2165 2799 2325 2853; x_wconf 88' lang='lat' dir='ltr'><strong>totius</strong></span> <span class='ocrx_word' id='word_1_643' title='bbox 2355 2798 2608 2853; x_wconf 69' lang='lat' dir='ltr'><strong>Ecclesiae</strong></span> <span class='ocrx_word' id='word_1_644' title='bbox 2648 2806 2845 2852; x_wconf 79' lang='lat' dir='ltr'><strong>statuta</strong></span> <span class='ocrx_word' id='word_1_645' title='bbox 2878 2812 2971 2864; x_wconf 89' lang='lat' dir='ltr'><strong>per</strong></span> <span class='ocrx_word' id='word_1_646' title='bbox 2996 2795 3272 2849; x_wconf 85' lang='lat' dir='ltr'><strong>audaciam</strong></span> <span class='ocrx_word' id='word_1_647' title='bbox 3310 2804 3494 2848; x_wconf 89' lang='lat' dir='ltr'><strong>contra</strong></span> 
     </span>
    </p>
   </div>
   <div class='ocr_carea' id='block_1_88' title="bbox 1915 2886 3490 2960">
    <p class='ocr_par' dir='ltr' id='par_1_88' title="bbox 1915 2886 3490 2960">
     <span class='ocr_line' id='line_1_88' title="bbox 1915 2886 3490 2960; baseline -0.006 -14"><span class='ocrx_word' id='word_1_648' title='bbox 1915 2891 2176 2960; x_wconf 76' lang='lat' dir='ltr'><strong>synodum</strong></span> <span class='ocrx_word' id='word_1_649' title='bbox 2228 2890 2543 2944; x_wconf 85' lang='lat' dir='ltr'><strong>catholicam</strong></span> <span class='ocrx_word' id='word_1_650' title='bbox 2590 2890 2868 2957; x_wconf 89' lang='lat' dir='ltr'><strong>insurgere</strong></span> <span class='ocrx_word' id='word_1_651' title='bbox 2908 2887 3245 2940; x_wconf 80' lang='lat' dir='ltr'><strong>molientium</strong></span> <span class='ocrx_word' id='word_1_652' title='bbox 3291 2886 3490 2939; x_wconf 86' lang='lat' dir='ltr'><strong>sinatur</strong></span> 
     </span>
    </p>
   </div>
   <div class='ocr_carea' id='block_1_89' title="bbox 1919 2977 3495 3051">
    <p class='ocr_par' dir='ltr' id='par_1_89' title="bbox 1919 2977 3495 3051">
     <span class='ocr_line' id='line_1_89' title="bbox 1919 2977 3495 3051; baseline -0.004 -14"><span class='ocrx_word' id='word_1_653' title='bbox 1919 2982 2133 3038; x_wconf 89' lang='lat' dir='ltr'><strong>abduci.</strong></span> <span class='ocrx_word' id='word_1_654' title='bbox 2167 2982 2222 3038; x_wconf 89' lang='lat' dir='ltr'><strong>ltt</strong></span> <span class='ocrx_word' id='word_1_655' title='bbox 2245 2997 2350 3051; x_wconf 89' lang='lat' dir='ltr'><strong>quo</strong></span> <span class='ocrx_word' id='word_1_656' title='bbox 2378 2980 2590 3051; x_wconf 75' lang='lat' dir='ltr'><strong>quidem</strong></span> <span class='ocrx_word' id='word_1_657' title='bbox 2621 2981 2912 3035; x_wconf 88' lang='lat' dir='ltr'><strong>certamine</strong></span> <span class='ocrx_word' id='word_1_658' title='bbox 2943 2981 3153 3033; x_wconf 88' lang='lat' dir='ltr'><strong>lirmum</strong></span> <span class='ocrx_word' id='word_1_659' title='bbox 3185 2977 3495 3032; x_wconf 81' lang='lat' dir='ltr'><strong>tundatuen-</strong></span> 
     </span>
    </p>
   </div>
   <div class='ocr_carea' id='block_1_90' title="bbox 1872 3071 3495 3141">
    <p class='ocr_par' dir='ltr' id='par_1_90' title="bbox 1872 3071 3495 3141">
     <span class='ocr_line' id='line_1_90' title="bbox 1872 3071 3495 3141; baseline -0.004 -11"><span class='ocrx_word' id='word_1_660' title='bbox 1872 3071 1890 3094; x_wconf 87' lang='lat'><strong>‘</strong></span> <span class='ocrx_word' id='word_1_661' title='bbox 1922 3085 2032 3132; x_wconf 91' lang='lat' dir='ltr'><strong>tum</strong></span> <span class='ocrx_word' id='word_1_662' title='bbox 2065 3079 2202 3131; x_wconf 84' lang='lat' dir='ltr'><strong>Deus</strong></span> <span class='ocrx_word' id='word_1_663' title='bbox 2228 3084 2469 3141; x_wconf 89' lang='lat' dir='ltr'><strong>statuet,</strong></span> <span class='ocrx_word' id='word_1_664' title='bbox 2512 3074 2652 3127; x_wconf 90' lang='lat' dir='ltr'><strong>sicut</strong></span> <span class='ocrx_word' id='word_1_665' title='bbox 2693 3072 2761 3127; x_wconf 91' lang='lat' dir='ltr'><strong>de</strong></span> <span class='ocrx_word' id='word_1_666' title='bbox 2799 3087 2867 3126; x_wconf 92' lang='lat' dir='ltr'><strong>eo</strong></span> <span class='ocrx_word' id='word_1_667' title='bbox 2913 3071 3069 3125; x_wconf 87' lang='lat' dir='ltr'><strong>nobis</strong></span> <span class='ocrx_word' id='word_1_668' title='bbox 3098 3071 3223 3125; x_wconf 89' lang='lat' dir='ltr'><strong>licet</strong></span> <span class='ocrx_word' id='word_1_669' title='bbox 3248 3084 3495 3137; x_wconf 89' lang='lat' dir='ltr'><strong>sperare;</strong></span> 
     </span>
    </p>
   </div>
   <div class='ocr_carea' id='block_1_91' title="bbox 1921 3158 3498 3233">
    <p class='ocr_par' dir='ltr' id='par_1_91' title="bbox 1921 3158 3498 3233">
     <span class='ocr_line' id='line_1_91' title="bbox 1921 3158 3498 3233; baseline -0.008 -12"><span class='ocrx_word' id='word_1_670' title='bbox 1921 3177 1976 3222; x_wconf 86' lang='lat' dir='ltr'><strong>et</strong></span> <span class='ocrx_word' id='word_1_671' title='bbox 2020 3168 2153 3220; x_wconf 87' lang='lat' dir='ltr'><strong>novit</strong></span> <span class='ocrx_word' id='word_1_672' title='bbox 2180 3165 2428 3219; x_wconf 81' lang='lat' dir='ltr'><strong>Dominus</strong></span> <span class='ocrx_word' id='word_1_673' title='bbox 2448 3163 2534 3233; x_wconf 84' lang='lat' dir='ltr'><strong>qui</strong></span> <span class='ocrx_word' id='word_1_674' title='bbox 2563 3172 2679 3217; x_wconf 84' lang='lat' dir='ltr'><strong>sunt</strong></span> <span class='ocrx_word' id='word_1_675' title='bbox 2717 3165 2828 3233; x_wconf 84' lang='lat' dir='ltr'><strong>ejus</strong></span> <span class='ocrx_word' id='word_1_676' title='bbox 2858 3159 2944 3232; x_wconf 82' lang='lat' dir='ltr'><strong>(Il</strong></span> <span class='ocrx_word' id='word_1_677' title='bbox 2984 3159 3119 3214; x_wconf 87' lang='lat' dir='ltr'><strong>Tim.</strong></span> <span class='ocrx_word' id='word_1_678' title='bbox 3148 3175 3214 3226; x_wconf 88' lang='lat' dir='ltr'><strong>tt,</strong></span> <span class='ocrx_word' id='word_1_679' title='bbox 3247 3160 3359 3226; x_wconf 73' lang='lat' dir='ltr'><strong>i9).</strong></span> <span class='ocrx_word' id='word_1_680' title='bbox 3391 3158 3498 3211; x_wconf 77' lang='lat' dir='ltr'><strong>Ve-</strong></span> 
     </span>
    </p>
   </div>
   <div class='ocr_carea' id='block_1_92' title="bbox 1922 3249 3497 3324">
    <p class='ocr_par' dir='ltr' id='par_1_92' title="bbox 1922 3249 3497 3324">
     <span class='ocr_line' id='line_1_92' title="bbox 1922 3249 3497 3324; baseline -0.008 -12"><span class='ocrx_word' id='word_1_681' title='bbox 1922 3270 2245 3324; x_wconf 74' lang='lat' dir='ltr'><strong>rumtamen.</strong></span> <span class='ocrx_word' id='word_1_682' title='bbox 2274 3254 2420 3308; x_wconf 88' lang='lat' dir='ltr'><strong>salvo</strong></span> <span class='ocrx_word' id='word_1_683' title='bbox 2455 3268 2543 3318; x_wconf 87' lang='lat' dir='ltr'><strong>eo,</strong></span> <span class='ocrx_word' id='word_1_684' title='bbox 2574 3253 2714 3320; x_wconf 89' lang='lat' dir='ltr'><strong>quod</strong></span> <span class='ocrx_word' id='word_1_685' title='bbox 2747 3254 2799 3306; x_wconf 89' lang='lat' dir='ltr'><strong>in</strong></span> <span class='ocrx_word' id='word_1_686' title='bbox 2830 3252 2917 3305; x_wconf 90' lang='lat' dir='ltr'><strong>die</strong></span> <span class='ocrx_word' id='word_1_687' title='bbox 2942 3250 3128 3319; x_wconf 83' lang='lat' dir='ltr'><strong>judieii</strong></span> <span class='ocrx_word' id='word_1_688' title='bbox 3158 3249 3315 3303; x_wconf 76' lang='lat' dir='ltr'><strong>talem</strong></span> <span class='ocrx_word' id='word_1_689' title='bbox 3342 3265 3373 3301; x_wconf 86' lang='lat' dir='ltr'><strong>a</strong></span> <span class='ocrx_word' id='word_1_690' title='bbox 3405 3264 3497 3301; x_wconf 86' lang='lat' dir='ltr'><strong>no-</strong></span> 
     </span>
    </p>
   </div>
   <div class='ocr_carea' id='block_1_93' title="bbox 1923 3342 3499 3414">
    <p class='ocr_par' dir='ltr' id='par_1_93' title="bbox 1923 3342 3499 3414">
     <span class='ocr_line' id='line_1_93' title="bbox 1923 3342 3499 3414; baseline -0.007 -11"><span class='ocrx_word' id='word_1_691' title='bbox 1923 3350 2004 3403; x_wconf 89' lang='lat' dir='ltr'><strong>bis</strong></span> <span class='ocrx_word' id='word_1_692' title='bbox 2034 3347 2325 3402; x_wconf 86' lang='lat' dir='ltr'><strong>Ecclesiam</strong></span> <span class='ocrx_word' id='word_1_693' title='bbox 2352 3390 2368 3414; x_wconf 89' lang='lat'><strong>,</strong></span> <span class='ocrx_word' id='word_1_694' title='bbox 2400 3356 2608 3399; x_wconf 90' lang='lat' dir='ltr'><strong>certum</strong></span> <span class='ocrx_word' id='word_1_695' title='bbox 2656 3354 2762 3409; x_wconf 80' lang='lat' dir='ltr'><strong>est,</strong></span> <span class='ocrx_word' id='word_1_696' title='bbox 2793 3343 3003 3411; x_wconf 86' lang='lat' dir='ltr'><strong>qualem</strong></span> <span class='ocrx_word' id='word_1_697' title='bbox 3028 3356 3058 3394; x_wconf 89' lang='lat' dir='ltr'><strong>a</strong></span> <span class='ocrx_word' id='word_1_698' title='bbox 3092 3342 3329 3408; x_wconf 84' lang='lat' dir='ltr'><strong>patribus</strong></span> <span class='ocrx_word' id='word_1_699' title='bbox 3358 3343 3499 3394; x_wconf 87' lang='lat' dir='ltr'><strong>acci-</strong></span> 
     </span>
    </p>
   </div>
   <div class='ocr_carea' id='block_1_94' title="bbox 1924 3430 3494 3507">
    <p class='ocr_par' dir='ltr' id='par_1_94' title="bbox 1924 3430 3494 3507">
     <span class='ocr_line' id='line_1_94' title="bbox 1924 3430 3494 3507; baseline -0.006 -17"><span class='ocrx_word' id='word_1_700' title='bbox 1924 3439 2099 3507; x_wconf 90' lang='lat' dir='ltr'><strong>pimus</strong></span> <span class='ocrx_word' id='word_1_701' title='bbox 2123 3480 2139 3503; x_wconf 84' lang='lat'><strong>,</strong></span> <span class='ocrx_word' id='word_1_702' title='bbox 2193 3434 2538 3504; x_wconf 78' lang='lat' dir='ltr'><strong>exigendam;</strong></span> <span class='ocrx_word' id='word_1_703' title='bbox 2578 3435 2739 3486; x_wconf 90' lang='lat' dir='ltr'><strong>etiam</strong></span> <span class='ocrx_word' id='word_1_704' title='bbox 2795 3434 2847 3485; x_wconf 92' lang='lat' dir='ltr'><strong>in</strong></span> <span class='ocrx_word' id='word_1_705' title='bbox 2897 3431 2997 3484; x_wconf 71' lang='lat' dir='ltr'><strong>hac</strong></span> <span class='ocrx_word' id='word_1_706' title='bbox 3036 3433 3141 3483; x_wconf 90' lang='lat' dir='ltr'><strong>vita</strong></span> <span class='ocrx_word' id='word_1_707' title='bbox 3188 3446 3248 3483; x_wconf 89' lang='lat' dir='ltr'><strong>se</strong></span> <span class='ocrx_word' id='word_1_708' title='bbox 3284 3430 3348 3482; x_wconf 86' lang='lat' dir='ltr'><strong>ad</strong></span> <span class='ocrx_word' id='word_1_709' title='bbox 3376 3446 3494 3482; x_wconf 89' lang='lat' dir='ltr'><strong>eaut</strong></span> 
     </span>
    </p>
   </div>
   <div class='ocr_carea' id='block_1_95' title="bbox 1924 3520 3495 3595">
    <p class='ocr_par' dir='ltr' id='par_1_95' title="bbox 1924 3520 3495 3595">
     <span class='ocr_line' id='line_1_95' title="bbox 1924 3520 3495 3595; baseline -0.008 -12"><span class='ocrx_word' id='word_1_710' title='bbox 1924 3542 2026 3583; x_wconf 86' lang='lat' dir='ltr'><strong>non</strong></span> <span class='ocrx_word' id='word_1_711' title='bbox 2057 3527 2323 3595; x_wconf 85' lang='lat' dir='ltr'><strong>pertinere</strong></span> <span class='ocrx_word' id='word_1_712' title='bbox 2352 3532 2659 3591; x_wconf 79' lang='lat' dir='ltr'><strong>cognoscat,</strong></span> <span class='ocrx_word' id='word_1_713' title='bbox 2691 3523 2779 3590; x_wconf 85' lang='lat' dir='ltr'><strong>qui</strong></span> <span class='ocrx_word' id='word_1_714' title='bbox 2825 3536 2930 3574; x_wconf 92' lang='lat' dir='ltr'><strong>non</strong></span> <span class='ocrx_word' id='word_1_715' title='bbox 2977 3521 3148 3575; x_wconf 88' lang='lat' dir='ltr'><strong>solum</strong></span> <span class='ocrx_word' id='word_1_716' title='bbox 3182 3520 3495 3588; x_wconf 71' lang='lat' dir='ltr'><strong>plrtllludittt</strong></span> 
     </span>
    </p>
   </div>
   <div class='ocr_carea' id='block_1_96' title="bbox 1923 3610 3498 3686">
    <p class='ocr_par' dir='ltr' id='par_1_96' title="bbox 1923 3610 3498 3686">
     <span class='ocr_line' id='line_1_96' title="bbox 1923 3610 3498 3686; baseline -0.006 -14"><span class='ocrx_word' id='word_1_717' title='bbox 1923 3619 2040 3686; x_wconf 86' lang='lat' dir='ltr'><strong>ejus</strong></span> <span class='ocrx_word' id='word_1_718' title='bbox 2069 3617 2223 3671; x_wconf 79' lang='lat' dir='ltr'><strong>noxia</strong></span> <span class='ocrx_word' id='word_1_719' title='bbox 2270 3625 2491 3668; x_wconf 87' lang='lat' dir='ltr'><strong>conatur</strong></span> <span class='ocrx_word' id='word_1_720' title='bbox 2532 3612 2761 3675; x_wconf 80' lang='lat' dir='ltr'><strong>inferre,</strong></span> <span class='ocrx_word' id='word_1_721' title='bbox 2807 3612 2899 3665; x_wconf 87' lang='lat' dir='ltr'><strong>sed</strong></span> <span class='ocrx_word' id='word_1_722' title='bbox 2939 3611 3098 3664; x_wconf 88' lang='lat' dir='ltr'><strong>etiaut</strong></span> <span class='ocrx_word' id='word_1_723' title='bbox 3142 3610 3231 3679; x_wconf 91' lang='lat' dir='ltr'><strong>qui</strong></span> <span class='ocrx_word' id='word_1_724' title='bbox 3272 3624 3335 3663; x_wconf 90' lang='lat' dir='ltr'><strong>ea</strong></span> <span class='ocrx_word' id='word_1_725' title='bbox 3378 3625 3498 3679; x_wconf 65' lang='lat' dir='ltr'><strong>quas</strong></span> 
     </span>
    </p>
   </div>
   <div class='ocr_carea' id='block_1_97' title="bbox 1924 3700 3501 3779">
    <p class='ocr_par' dir='ltr' id='par_1_97' title="bbox 1924 3700 3501 3779">
     <span class='ocr_line' id='line_1_97' title="bbox 1924 3700 3501 3779; baseline -0.006 -17"><span class='ocrx_word' id='word_1_726' title='bbox 1924 3709 2097 3769; x_wconf 86' lang='lat' dir='ltr'><strong>eidem</strong></span> <span class='ocrx_word' id='word_1_727' title='bbox 2125 3707 2468 3779; x_wconf 82' lang='lat' dir='ltr'><strong>congruentia</strong></span> <span class='ocrx_word' id='word_1_728' title='bbox 2500 3713 2625 3757; x_wconf 82' lang='lat' dir='ltr'><strong>sunt</strong></span> <span class='ocrx_word' id='word_1_729' title='bbox 2662 3703 2963 3756; x_wconf 86' lang='lat' dir='ltr'><strong>dissimulat</strong></span> <span class='ocrx_word' id='word_1_730' title='bbox 2994 3700 3300 3769; x_wconf 88' lang='lat' dir='ltr'><strong>providere.</strong></span> <span class='ocrx_word' id='word_1_731' title='bbox 3348 3700 3501 3754; x_wconf 85' lang='lat' dir='ltr'><strong>Absit</strong></span> 
     </span>
    </p>
   </div>
   <div class='ocr_carea' id='block_1_98' title="bbox 1924 3796 3501 3863">
    <p class='ocr_par' dir='ltr' id='par_1_98' title="bbox 1924 3796 3501 3863">
     <span class='ocr_line' id='line_1_98' title="bbox 1924 3796 3501 3863; baseline -0.006 -6"><span class='ocrx_word' id='word_1_732' title='bbox 1924 3813 1984 3857; x_wconf 90' lang='lat' dir='ltr'><strong>ut</strong></span> <span class='ocrx_word' id='word_1_733' title='bbox 2016 3803 2084 3857; x_wconf 90' lang='lat' dir='ltr'><strong>de</strong></span> <span class='ocrx_word' id='word_1_734' title='bbox 2114 3811 2201 3857; x_wconf 91' lang='lat' dir='ltr'><strong>tua</strong></span> <span class='ocrx_word' id='word_1_735' title='bbox 2229 3801 2518 3854; x_wconf 90' lang='lat' dir='ltr'><strong>dilectione</strong></span> <span class='ocrx_word' id='word_1_736' title='bbox 2559 3799 2740 3851; x_wconf 87' lang='lat' dir='ltr'><strong>taliter</strong></span> <span class='ocrx_word' id='word_1_737' title='bbox 2766 3811 2863 3849; x_wconf 79' lang='lat' dir='ltr'><strong>nos</strong></span> <span class='ocrx_word' id='word_1_738' title='bbox 2893 3796 3172 3850; x_wconf 84' lang='lat' dir='ltr'><strong>credamus</strong></span> <span class='ocrx_word' id='word_1_739' title='bbox 3197 3835 3212 3860; x_wconf 92' lang='lat'><strong>,</strong></span> <span class='ocrx_word' id='word_1_740' title='bbox 3243 3809 3402 3863; x_wconf 91' lang='lat' dir='ltr'><strong>quem</strong></span> <span class='ocrx_word' id='word_1_741' title='bbox 3447 3805 3501 3848; x_wconf 88' lang='lat' dir='ltr'><strong>et</strong></span> 
     </span>
    </p>
   </div>
   <div class='ocr_carea' id='block_1_99' title="bbox 1923 3885 3499 3960">
    <p class='ocr_par' dir='ltr' id='par_1_99' title="bbox 1923 3885 3499 3960">
     <span class='ocr_line' id='line_1_99' title="bbox 1923 3885 3499 3960; baseline -0.007 -13"><span class='ocrx_word' id='word_1_742' title='bbox 1923 3891 2121 3947; x_wconf 90' lang='lat' dir='ltr'><strong>dudum</strong></span> <span class='ocrx_word' id='word_1_743' title='bbox 2150 3907 2245 3960; x_wconf 93' lang='lat' dir='ltr'><strong>pro</strong></span> <span class='ocrx_word' id='word_1_744' title='bbox 2271 3888 2540 3943; x_wconf 83' lang='lat' dir='ltr'><strong>catholica</strong></span> <span class='ocrx_word' id='word_1_745' title='bbox 2563 3887 2668 3942; x_wconf 80' lang='lat' dir='ltr'><strong>ﬁde</strong></span> <span class='ocrx_word' id='word_1_746' title='bbox 2692 3886 2920 3941; x_wconf 90' lang='lat' dir='ltr'><strong>viriliter</strong></span> <span class='ocrx_word' id='word_1_747' title='bbox 2948 3885 3167 3939; x_wconf 86' lang='lat' dir='ltr'><strong>stetisse</strong></span> <span class='ocrx_word' id='word_1_748' title='bbox 3197 3885 3499 3939; x_wconf 84' lang='lat' dir='ltr'><strong>reminisci-</strong></span> 
     </span>
    </p>
   </div>
   <div class='ocr_carea' id='block_1_100' title="bbox 1924 3976 3503 4050">
    <p class='ocr_par' dir='ltr' id='par_1_100' title="bbox 1924 3976 3503 4050">
     <span class='ocr_line' id='line_1_100' title="bbox 1924 3976 3503 4050; baseline -0.006 -12"><span class='ocrx_word' id='word_1_749' title='bbox 1924 4000 2064 4050; x_wconf 88' lang='lat' dir='ltr'><strong>mur,</strong></span> <span class='ocrx_word' id='word_1_750' title='bbox 2110 3990 2165 4037; x_wconf 78' lang='grc' dir='ltr'><strong>ει</strong></span> <span class='ocrx_word' id='word_1_751' title='bbox 2194 3997 2223 4035; x_wconf 90' lang='lat' dir='ltr'><strong>a</strong></span> <span class='ocrx_word' id='word_1_752' title='bbox 2269 3981 2431 4034; x_wconf 89' lang='lat' dir='ltr'><strong>totius</strong></span> <span class='ocrx_word' id='word_1_753' title='bbox 2469 3979 2720 4035; x_wconf 59' lang='lat' dir='ltr'><strong>Ecclesiae</strong></span> <span class='ocrx_word' id='word_1_754' title='bbox 2765 3992 2994 4046; x_wconf 89' lang='lat' dir='ltr'><strong>corpore</strong></span> <span class='ocrx_word' id='word_1_755' title='bbox 3022 3977 3267 4029; x_wconf 88' lang='lat' dir='ltr'><strong>nolumus</strong></span> <span class='ocrx_word' id='word_1_756' title='bbox 3304 3976 3503 4029; x_wconf 85' lang='lat' dir='ltr'><strong>discre-</strong></span> 
     </span>
    </p>
   </div>
   <div class='ocr_carea' id='block_1_101' title="bbox 1926 4068 3502 4147">
    <p class='ocr_par' dir='ltr' id='par_1_101' title="bbox 1926 4068 3502 4147">
     <span class='ocr_line' id='line_1_101' title="bbox 1926 4068 3502 4147; baseline -0.006 -16"><span class='ocrx_word' id='word_1_757' title='bbox 1926 4092 2075 4147; x_wconf 87' lang='lat' dir='ltr'><strong>pare.</strong></span> <span class='ocrx_word' id='word_1_758' title='bbox 2106 4075 2440 4142; x_wconf 86' lang='lat' dir='ltr'><strong>Quapropter</strong></span> <span class='ocrx_word' id='word_1_759' title='bbox 2467 4071 2750 4124; x_wconf 88' lang='lat' dir='ltr'><strong>instantius</strong></span> <span class='ocrx_word' id='word_1_760' title='bbox 2772 4071 2882 4138; x_wconf 84' lang='lat' dir='ltr'><strong>(qui</strong></span> <span class='ocrx_word' id='word_1_761' title='bbox 2917 4077 2967 4122; x_wconf 87' lang='lat' dir='ltr'><strong>te</strong></span> <span class='ocrx_word' id='word_1_762' title='bbox 2995 4069 3208 4121; x_wconf 89' lang='lat' dir='ltr'><strong>sincero</strong></span> <span class='ocrx_word' id='word_1_763' title='bbox 3232 4068 3502 4133; x_wconf 85' lang='lat' dir='ltr'><strong>diligimus</strong></span> 
     </span>
    </p>
   </div>
   <div class='ocr_carea' id='block_1_102' title="bbox 1928 4157 3503 4232">
    <p class='ocr_par' dir='ltr' id='par_1_102' title="bbox 1928 4157 3503 4232">
     <span class='ocr_line' id='line_1_102' title="bbox 1928 4157 3503 4232; baseline -0.008 -11"><span class='ocrx_word' id='word_1_764' title='bbox 1928 4168 2167 4222; x_wconf 89' lang='lat' dir='ltr'><strong>caritatis</strong></span> <span class='ocrx_word' id='word_1_765' title='bbox 2218 4165 2410 4218; x_wconf 90' lang='lat' dir='ltr'><strong>intuitu</strong></span> <span class='ocrx_word' id='word_1_766' title='bbox 2437 4164 2455 4232; x_wconf 97' lang='lat'><strong>)</strong></span> <span class='ocrx_word' id='word_1_767' title='bbox 2483 4163 2676 4216; x_wconf 90' lang='lat' dir='ltr'><strong>crebro</strong></span> <span class='ocrx_word' id='word_1_768' title='bbox 2708 4160 2953 4229; x_wconf 88' lang='lat' dir='ltr'><strong>repetitis</strong></span> <span class='ocrx_word' id='word_1_769' title='bbox 2998 4157 3392 4212; x_wconf 89' lang='lat' dir='ltr'><strong>hortationibus</strong></span> <span class='ocrx_word' id='word_1_770' title='bbox 3424 4157 3503 4210; x_wconf 87' lang='lat' dir='ltr'><strong>in-</strong></span> 
     </span>
    </p>
   </div>
   <div class='ocr_carea' id='block_1_103' title="bbox 1928 4249 3504 4323">
    <p class='ocr_par' dir='ltr' id='par_1_103' title="bbox 1928 4249 3504 4323">
     <span class='ocr_line' id='line_1_103' title="bbox 1928 4249 3504 4323; baseline -0.005 -13"><span class='ocrx_word' id='word_1_771' title='bbox 1928 4259 2175 4323; x_wconf 66' lang='lat' dir='ltr'><strong>citemus,</strong></span> <span class='ocrx_word' id='word_1_772' title='bbox 2224 4266 2282 4309; x_wconf 90' lang='lat' dir='ltr'><strong>ut</strong></span> <span class='ocrx_word' id='word_1_773' title='bbox 2324 4256 2437 4322; x_wconf 84' lang='lat' dir='ltr'><strong>ipse</strong></span> <span class='ocrx_word' id='word_1_774' title='bbox 2484 4255 2716 4307; x_wconf 69' lang='lat' dir='ltr'><strong>vicis~im</strong></span> <span class='ocrx_word' id='word_1_775' title='bbox 2747 4267 2809 4308; x_wconf 89' lang='lat' dir='ltr'><strong>ea</strong></span> <span class='ocrx_word' id='word_1_776' title='bbox 2860 4258 2979 4319; x_wconf 88' lang='lat' dir='ltr'><strong>post</strong></span> <span class='ocrx_word' id='word_1_777' title='bbox 3014 4249 3130 4304; x_wconf 64' lang='lat' dir='ltr'><strong>hate</strong></span> <span class='ocrx_word' id='word_1_778' title='bbox 3156 4250 3357 4303; x_wconf 83' lang='lat' dir='ltr'><strong>devites</strong></span> <span class='ocrx_word' id='word_1_779' title='bbox 3384 4264 3504 4315; x_wconf 70' lang='lat' dir='ltr'><strong>qua)</strong></span> 
     </span>
    </p>
   </div>
   <div class='ocr_carea' id='block_1_104' title="bbox 1933 4340 3501 4408">
    <p class='ocr_par' dir='ltr' id='par_1_104' title="bbox 1933 4340 3501 4408">
     <span class='ocr_line' id='line_1_104' title="bbox 1933 4340 3501 4408; baseline -0.007 -7"><span class='ocrx_word' id='word_1_780' title='bbox 1933 4359 1985 4401; x_wconf 92' lang='lat' dir='ltr'><strong>te</strong></span> <span class='ocrx_word' id='word_1_781' title='bbox 2012 4350 2080 4400; x_wconf 88' lang='lat' dir='ltr'><strong>ab</strong></span> <span class='ocrx_word' id='word_1_782' title='bbox 2108 4347 2250 4400; x_wconf 90' lang='lat' dir='ltr'><strong>omni</strong></span> <span class='ocrx_word' id='word_1_783' title='bbox 2282 4345 2439 4398; x_wconf 91' lang='lat' dir='ltr'><strong>domo</strong></span> <span class='ocrx_word' id='word_1_784' title='bbox 2466 4343 2663 4398; x_wconf 84' lang='lat' dir='ltr'><strong>Christi</strong></span> <span class='ocrx_word' id='word_1_785' title='bbox 2694 4343 2980 4397; x_wconf 87' lang='lat' dir='ltr'><strong>ostendant</strong></span> <span class='ocrx_word' id='word_1_786' title='bbox 3004 4356 3124 4396; x_wconf 89' lang='lat' dir='ltr'><strong>esse</strong></span> <span class='ocrx_word' id='word_1_787' title='bbox 3146 4340 3501 4408; x_wconf 79' lang='lat' dir='ltr'><strong>disjunctunt;</strong></span> 
     </span>
    </p>
   </div>
   <div class='ocr_carea' id='block_1_105' title="bbox 1933 4429 3506 4508">
    <p class='ocr_par' dir='ltr' id='par_1_105' title="bbox 1933 4429 3506 4508">
     <span class='ocr_line' id='line_1_105' title="bbox 1933 4429 3506 4508; baseline -0.008 -15"><span class='ocrx_word' id='word_1_788' title='bbox 1933 4454 2032 4494; x_wconf 86' lang='lat' dir='ltr'><strong>nec</strong></span> <span class='ocrx_word' id='word_1_789' title='bbox 2076 4442 2243 4508; x_wconf 88' lang='lat' dir='ltr'><strong>magis</strong></span> <span class='ocrx_word' id='word_1_790' title='bbox 2295 4437 2384 4489; x_wconf 87' lang='lat' dir='ltr'><strong>illa</strong></span> <span class='ocrx_word' id='word_1_791' title='bbox 2431 4435 2655 4488; x_wconf 88' lang='lat' dir='ltr'><strong>secteris</strong></span> <span class='ocrx_word' id='word_1_792' title='bbox 2699 4448 2818 4501; x_wconf 66' lang='lat' dir='ltr'><strong>quae</strong></span> <span class='ocrx_word' id='word_1_793' title='bbox 2865 4433 2932 4485; x_wconf 89' lang='lat' dir='ltr'><strong>ab</strong></span> <span class='ocrx_word' id='word_1_794' title='bbox 2980 4431 3166 4486; x_wconf 85' lang='lat' dir='ltr'><strong>eadem</strong></span> <span class='ocrx_word' id='word_1_795' title='bbox 3219 4444 3268 4483; x_wconf 87' lang='lat' dir='ltr'><strong>te</strong></span> <span class='ocrx_word' id='word_1_796' title='bbox 3311 4429 3506 4481; x_wconf 71' lang='lat' dir='ltr'><strong>faciant</strong></span> 
     </span>
    </p>
   </div>
   <div class='ocr_carea' id='block_1_106' title="bbox 1933 4519 3507 4601">
    <p class='ocr_par' dir='ltr' id='par_1_106' title="bbox 1933 4519 3507 4601">
     <span class='ocr_line' id='line_1_106' title="bbox 1933 4519 3507 4601; baseline -0.01 -15"><span class='ocrx_word' id='word_1_797' title='bbox 1933 4546 2052 4587; x_wconf 89' lang='lat' dir='ltr'><strong>esse</strong></span> <span class='ocrx_word' id='word_1_798' title='bbox 2076 4530 2325 4601; x_wconf 80' lang='lat' dir='ltr'><strong>divisum.</strong></span> <span class='ocrx_word' id='word_1_799' title='bbox 2355 4527 2513 4582; x_wconf 85' lang='lat' dir='ltr'><strong>Multa</strong></span> <span class='ocrx_word' id='word_1_800' title='bbox 2547 4540 2672 4580; x_wconf 76' lang='lat' dir='ltr'><strong>vero</strong></span> <span class='ocrx_word' id='word_1_801' title='bbox 2702 4526 2843 4594; x_wconf 86' lang='lat' dir='ltr'><strong>(quia</strong></span> <span class='ocrx_word' id='word_1_802' title='bbox 2878 4538 2982 4576; x_wconf 90' lang='lat' dir='ltr'><strong>non</strong></span> <span class='ocrx_word' id='word_1_803' title='bbox 3010 4538 3144 4590; x_wconf 86' lang='lat' dir='ltr'><strong>opus</strong></span> <span class='ocrx_word' id='word_1_804' title='bbox 3171 4519 3269 4573; x_wconf 90' lang='lat' dir='ltr'><strong>fuit</strong></span> <span class='ocrx_word' id='word_1_805' title='bbox 3314 4520 3507 4573; x_wconf 78' lang='lat' dir='ltr'><strong>litteris</strong></span> 
     </span>
    </p>
   </div>
   <div class='ocr_carea' id='block_1_107' title="bbox 1933 4611 3509 4685">
    <p class='ocr_par' dir='ltr' id='par_1_107' title="bbox 1933 4611 3509 4685">
     <span class='ocr_line' id='line_1_107' title="bbox 1933 4611 3509 4685; baseline -0.009 -8"><span class='ocrx_word' id='word_1_806' title='bbox 1933 4622 2186 4677; x_wconf 88' lang='lat' dir='ltr'><strong>universa</strong></span> <span class='ocrx_word' id='word_1_807' title='bbox 2214 4617 2528 4685; x_wconf 66' lang='lat' dir='ltr'><strong>congerere)</strong></span> <span class='ocrx_word' id='word_1_808' title='bbox 2558 4630 2782 4685; x_wconf 65' lang='lat' dir='ltr'><strong>quicque</strong></span> <span class='ocrx_word' id='word_1_809' title='bbox 2815 4612 3015 4667; x_wconf 89' lang='lat' dir='ltr'><strong>utilitas</strong></span> <span class='ocrx_word' id='word_1_810' title='bbox 3051 4611 3245 4679; x_wconf 82' lang='lat' dir='ltr'><strong>negotii</strong></span> <span class='ocrx_word' id='word_1_811' title='bbox 3277 4625 3509 4678; x_wconf 70' lang='lat' dir='ltr'><strong>praesen-</strong></span> 
     </span>
    </p>
   </div>
   <div class='ocr_carea' id='block_1_108' title="bbox 1935 4702 3510 4783">
    <p class='ocr_par' dir='ltr' id='par_1_108' title="bbox 1935 4702 3510 4783">
     <span class='ocr_line' id='line_1_108' title="bbox 1935 4702 3510 4783; baseline -0.01 -14"><span class='ocrx_word' id='word_1_812' title='bbox 1935 4718 2003 4770; x_wconf 88' lang='lat' dir='ltr'><strong>tis</strong></span> <span class='ocrx_word' id='word_1_813' title='bbox 2025 4715 2306 4783; x_wconf 79' lang='lat' dir='ltr'><strong>efﬂagitat,</strong></span> <span class='ocrx_word' id='word_1_814' title='bbox 2332 4710 2578 4764; x_wconf 84' lang='lat' dir='ltr'><strong>fratribus</strong></span> <span class='ocrx_word' id='word_1_815' title='bbox 2602 4717 2653 4762; x_wconf 87' lang='lat' dir='ltr'><strong>et</strong></span> <span class='ocrx_word' id='word_1_816' title='bbox 2676 4705 3007 4776; x_wconf 74' lang='lat' dir='ltr'><strong>coepiscopis</strong></span> <span class='ocrx_word' id='word_1_817' title='bbox 3031 4704 3337 4773; x_wconf 69' lang='lat' dir='ltr'><strong>apostolicae</strong></span> <span class='ocrx_word' id='word_1_818' title='bbox 3365 4702 3510 4757; x_wconf 65' lang='lat' dir='ltr'><strong>sedis</strong></span> 
     </span>
    </p>
   </div>
   <div class='ocr_carea' id='block_1_109' title="bbox 1938 4795 3512 4878">
    <p class='ocr_par' dir='ltr' id='par_1_109' title="bbox 1938 4795 3512 4878">
     <span class='ocr_line' id='line_1_109' title="bbox 1938 4795 3512 4878; baseline -0.011 -15"><span class='ocrx_word' id='word_1_819' title='bbox 1938 4809 2201 4878; x_wconf 86' lang='lat' dir='ltr'><strong>legatione</strong></span> <span class='ocrx_word' id='word_1_820' title='bbox 2253 4803 2612 4873; x_wconf 80' lang='lat' dir='ltr'><strong>fungentibus,</strong></span> <span class='ocrx_word' id='word_1_821' title='bbox 2653 4801 2735 4854; x_wconf 90' lang='lat' dir='ltr'><strong>vel</strong></span> <span class='ocrx_word' id='word_1_822' title='bbox 2764 4814 2884 4853; x_wconf 91' lang='lat' dir='ltr'><strong>cum</strong></span> <span class='ocrx_word' id='word_1_823' title='bbox 2928 4798 3144 4851; x_wconf 90' lang='lat' dir='ltr'><strong>domino</strong></span> <span class='ocrx_word' id='word_1_824' title='bbox 3184 4795 3296 4849; x_wconf 81' lang='lat' dir='ltr'><strong>lilio</strong></span> <span class='ocrx_word' id='word_1_825' title='bbox 3328 4807 3512 4848; x_wconf 90' lang='lat' dir='ltr'><strong>nostro</strong></span> 
     </span>
    </p>
   </div>
   <div class='ocr_carea' id='block_1_110' title="bbox 1942 4886 3508 4962">
    <p class='ocr_par' dir='ltr' id='par_1_110' title="bbox 1942 4886 3508 4962">
     <span class='ocr_line' id='line_1_110' title="bbox 1942 4886 3508 4962; baseline -0.011 -8"><span class='ocrx_word' id='word_1_826' title='bbox 1942 4896 2362 4955; x_wconf 84' lang='lat' dir='ltr'><strong>clementissimo</strong></span> <span class='ocrx_word' id='word_1_827' title='bbox 2395 4893 2663 4962; x_wconf 89' lang='lat' dir='ltr'><strong>principe,</strong></span> <span class='ocrx_word' id='word_1_828' title='bbox 2695 4890 2778 4944; x_wconf 91' lang='lat' dir='ltr'><strong>vel</strong></span> <span class='ocrx_word' id='word_1_829' title='bbox 2812 4904 2929 4943; x_wconf 84' lang='lat' dir='ltr'><strong>cum</strong></span> <span class='ocrx_word' id='word_1_830' title='bbox 2962 4898 3048 4942; x_wconf 91' lang='lat' dir='ltr'><strong>tua</strong></span> <span class='ocrx_word' id='word_1_831' title='bbox 3093 4888 3375 4939; x_wconf 78' lang='lat' dir='ltr'><strong>dilectione</strong></span> <span class='ocrx_word' id='word_1_832' title='bbox 3400 4886 3508 4938; x_wconf 59' lang='lat' dir='ltr'><strong>col-</strong></span> 
     </span>
    </p>
   </div>
   <div class='ocr_carea' id='block_1_111' title="bbox 1939 4979 3512 5057">
    <p class='ocr_par' dir='ltr' id='par_1_111' title="bbox 1939 4979 3512 5057">
     <span class='ocr_line' id='line_1_111' title="bbox 1939 4979 3512 5057; baseline -0.014 -13"><span class='ocrx_word' id='word_1_833' title='bbox 1939 4988 2202 5057; x_wconf 87' lang='lat' dir='ltr'><strong>loquenda</strong></span> <span class='ocrx_word' id='word_1_834' title='bbox 2249 4983 2617 5040; x_wconf 81' lang='lat' dir='ltr'><strong>mandavimus</strong></span> <span class='ocrx_word' id='word_1_835' title='bbox 2643 5000 2656 5036; x_wconf 91' lang='lat'>:</span> <span class='ocrx_word' id='word_1_836' title='bbox 2682 4979 2819 5049; x_wconf 90' lang='lat' dir='ltr'><strong>quod</strong></span> <span class='ocrx_word' id='word_1_837' title='bbox 2861 4994 3070 5042; x_wconf 64' lang='lat' dir='ltr'><strong>inquom</strong></span> <span class='ocrx_word' id='word_1_838' title='bbox 3102 4985 3185 5029; x_wconf 89' lang='lat' dir='ltr'><strong>est</strong></span> <span class='ocrx_word' id='word_1_839' title='bbox 3212 4986 3263 5027; x_wconf 81' lang='lat' dir='ltr'><strong>et</strong></span> <span class='ocrx_word' id='word_1_840' title='bbox 3291 4990 3386 5041; x_wconf 84' lang='lat' dir='ltr'><strong>pro</strong></span> <span class='ocrx_word' id='word_1_841' title='bbox 3424 4990 3512 5026; x_wconf 78' lang='lat' dir='ltr'><strong>ca-</strong></span> 
     </span>
    </p>
   </div>
   <div class='ocr_carea' id='block_1_112' title="bbox 1940 5064 3511 5137">
    <p class='ocr_par' dir='ltr' id='par_1_112' title="bbox 1940 5064 3511 5137">
     <span class='ocr_line' id='line_1_112' title="bbox 1940 5064 3511 5137; baseline -0.015 -4"><span class='ocrx_word' id='word_1_842' title='bbox 1940 5080 2149 5133; x_wconf 75' lang='lat' dir='ltr'><strong>tholicae</strong></span> <span class='ocrx_word' id='word_1_843' title='bbox 2178 5075 2298 5129; x_wconf 79' lang='lat' dir='ltr'><strong>fidei</strong></span> <span class='ocrx_word' id='word_1_844' title='bbox 2327 5073 2699 5127; x_wconf 85' lang='lat' dir='ltr'><strong>observatione</strong></span> <span class='ocrx_word' id='word_1_845' title='bbox 2742 5077 2986 5137; x_wconf 86' lang='lat' dir='ltr'><strong>prompta</strong></span> <span class='ocrx_word' id='word_1_846' title='bbox 3011 5080 3188 5121; x_wconf 82' lang='lat' dir='ltr'><strong>meme</strong></span> <span class='ocrx_word' id='word_1_847' title='bbox 3218 5064 3511 5129; x_wconf 65' lang='lat' dir='ltr'><strong>suscipere,</strong></span> 
     </span>
    </p>
   </div>
   <div class='ocr_carea' id='block_1_113' title="bbox 1937 5152 3553 5237">
    <p class='ocr_par' dir='ltr' id='par_1_113' title="bbox 1937 5152 3553 5237">
     <span class='ocr_line' id='line_1_113' title="bbox 1937 5152 3553 5237; baseline -0.014 -13"><span class='ocrx_word' id='word_1_848' title='bbox 1937 5182 1988 5225; x_wconf 90' lang='lat' dir='ltr'><strong>et</strong></span> <span class='ocrx_word' id='word_1_849' title='bbox 2010 5184 2106 5237; x_wconf 89' lang='lat' dir='ltr'><strong>pro</strong></span> <span class='ocrx_word' id='word_1_850' title='bbox 2127 5177 2232 5221; x_wconf 64' lang='lat' dir='ltr'><strong>tum</strong></span> <span class='ocrx_word' id='word_1_851' title='bbox 2260 5163 2627 5219; x_wconf 64' lang='lat' dir='ltr'><strong>aestimationis</strong></span> <span class='ocrx_word' id='word_1_852' title='bbox 2655 5160 2845 5214; x_wconf 91' lang='lat' dir='ltr'><strong>intuitu</strong></span> <span class='ocrx_word' id='word_1_853' title='bbox 2870 5157 3222 5211; x_wconf 87' lang='lat' dir='ltr'><strong>necessariam</strong></span> <span class='ocrx_word' id='word_1_854' title='bbox 3256 5152 3392 5221; x_wconf 89' lang='lat' dir='ltr'><strong>apud</strong></span> <span class='ocrx_word' id='word_1_855' title='bbox 3423 5167 3515 5205; x_wconf 89' lang='lat' dir='ltr'><strong>au-</strong></span> <span class='ocrx_word' id='word_1_856' title='bbox 3542 5185 3553 5194; x_wconf 72' lang='grc' dir='ltr'><strong><em>ο</em></strong></span> 
     </span>
    </p>
   </div>
   <div class='ocr_carea' id='block_1_114' title="bbox 1935 5246 3509 5333">
    <p class='ocr_par' dir='ltr' id='par_1_114' title="bbox 1935 5246 3509 5333">
     <span class='ocr_line' id='line_1_114' title="bbox 1935 5246 3509 5333; baseline -0.013 -17"><span class='ocrx_word' id='word_1_857' title='bbox 1935 5272 2103 5333; x_wconf 75' lang='lat' dir='ltr'><strong>gusta:</strong></span> <span class='ocrx_word' id='word_1_858' title='bbox 2131 5258 2322 5314; x_wconf 89' lang='lat' dir='ltr'><strong>mentis</strong></span> <span class='ocrx_word' id='word_1_859' title='bbox 2347 5254 2773 5311; x_wconf 87' lang='lat' dir='ltr'><strong>benevolentiam</strong></span> <span class='ocrx_word' id='word_1_860' title='bbox 2798 5249 3229 5320; x_wconf 78' lang='lat' dir='ltr'><strong>suggesuouibus</strong></span> <span class='ocrx_word' id='word_1_861' title='bbox 3251 5246 3457 5312; x_wconf 68' lang='lat' dir='ltr'><strong>ad,ovat</strong></span> <span class='ocrx_word' id='word_1_862' title='bbox 3476 5249 3509 5295; x_wconf 86' lang='lat' dir='ltr'><strong>i.</strong></span> 
     </span>
    </p>
   </div>
   <div class='ocr_carea' id='block_1_115' title="bbox 1941 5442 3507 5584">
    <p class='ocr_par' dir='ltr' id='par_1_115' title="bbox 1941 5442 3507 5584">
     <span class='ocr_line' id='line_1_115' title="bbox 1941 5442 3507 5584; baseline -0.014 -71"><span class='ocrx_word' id='word_1_863' title='bbox 1941 5460 2196 5584; x_wconf 55' lang='lat' dir='ltr'><strong>gratiam</strong></span> <span class='ocrx_word' id='word_1_864' title='bbox 2244 5471 2365 5523; x_wconf 79' lang='lat' dir='ltr'><strong>xm,</strong></span> <span class='ocrx_word' id='word_1_865' title='bbox 2417 5469 2472 5523; x_wconf 87' lang='lat' dir='ltr'><strong>q.</strong></span> <span class='ocrx_word' id='word_1_866' title='bbox 2519 5453 2592 5517; x_wconf 80' lang='grc'><strong>1,</strong></span> <span class='ocrx_word' id='word_1_867' title='bbox 2641 5450 2890 5506; x_wconf 85' lang='lat' dir='ltr'><strong>tribuitur</strong></span> <span class='ocrx_word' id='word_1_868' title='bbox 2937 5445 3218 5502; x_wconf 82' lang='lat' dir='ltr'><strong>Anastasio</strong></span> <span class='ocrx_word' id='word_1_869' title='bbox 3265 5442 3301 5495; x_wconf 92' lang='lat' dir='ltr'><strong>ll</strong></span> <span class='ocrx_word' id='word_1_870' title='bbox 3337 5455 3507 5508; x_wconf 64' lang='lat' dir='ltr'><strong>papie.</strong></span> 
     </span>
     <span class='ocr_line' id='line_1_116' title="bbox 1995 5544 2205 5584; baseline -0.014 -1"><span class='ocrx_word' id='word_1_871' title='bbox 1995 5544 2205 5584; x_wconf 69' lang='lat' dir='ltr'><strong>meum.</strong></span> 
     </span>
    </p>
   </div>
   <div class='ocr_carea' id='block_1_116' title="bbox 1995 5544 2205 5584">
    <p class='ocr_par' dir='ltr' id='par_1_116' title="bbox 1995 5544 2205 5584">
     <span class='ocr_line' id='line_1_117' title="bbox 1995 5544 2205 5584; baseline -0.014 -1"><span class='ocrx_word' id='word_1_872' title='bbox 1995 5544 2205 5584; x_wconf 73' lang='grc' dir='ltr'><strong>ΑιωυιΝ.</strong></span> 
     </span>
    </p>
   </div>
  </div>
