4046 6188
563 236 666 309 899

1124 355 1455 412 EPISTOIA
1508 354 1571 410 ll.

934 478 957 505 ⁵
992 484 1058 523 Δί)
1097 483 1334 521 ΖΕΝΟΝΙΞΙ
1374 479 1763 520 IIPERATORSM.

563 585 670 639 Pro
695 582 927 637 Ecclesia
948 582 1298 637 Alexandrina
1337 580 1597 647 supplicat
1620 594 1641 632 :
1661 576 1915 648 quidquid
1933 576 2145 629 antehac

629 671 722 725 pro
749 655 1047 723 defensione
1064 652 1291 724 ejusdem
1319 649 1561 725 Ecclesia:
1582 649 1825 725 dixit-aut
1851 650 2146 725 fecit,_corn-

630 718 904 787 institerat,
948 733 1002 776 ut
1044 718 1371 790 posteriorem
1411 718 1632 773 Joannis
1666 718 2007 790 Alesaudriui
2035 718 2144 784 epi-

630 796 771 914 ῗθοιξῖ
796 789 1118 864 ejectionem,
1139 802 1187 845 et
1212 790 1348 844 Petri
1368 790 1543 861 Hoggt'
1569 789 1945 844 restitutionem
1966 802 2143 857 repre-

668 880 729 914 en
767 874 840 914 at.

668 864 840 917 sudat.

636 993 823 1061 Incipit
850 992 1091 1060 epistola:
1124 990 1429 1058 exemplum
1458 989 1748 1043 beatissimi
1782 1002 1931 1057 papae
1956 987 2145 1042 Felicis

566 1084 716 1140 urbis
745 1085 925 1137 Roma:
974 1084 1041 1136 ad
1084 1083 1353 1137 Zenonem
1396 1084 1688 1153 Augustum
1722 1096 1816 1152 per
1842 1082 2067 1135 Vitaletn
2093 1090 2146 1135 et

565 1176 828 1232 Misenum
859 1174 1164 1243 episcojios.

636 1266 869 1322 Decebat
899 1266 1159 1334 profecto,
1184 1263 1503 1317 venerabilis
1532 1263 1844 1332 imperator,
1877 1271 1995 1330 post
2022 1275 2147 1315 san-

560 1370 663 1416 cta:
689 1351 960 1413 memoria:
1007 1356 1306 1410 decessoris
1354 1355 1457 1409 mei
1509 1355 1813 1415 transitum,
1869 1368 2062 1421 meque
2092 1355 2144 1407 in

564 1452 682 1521 ejus
708 1451 884 1503 locum
910 1448 1087 1502 divina
1129 1449 1295 1516 gratia
1326 1446 1693 1514 subrogatum,
1717 1446 2016 1499 clementiae
2043 1452 2146 1497 tua:

565 1543 864 1596 litterarum
912 1553 1106 1592 munus
1137 1537 1369 1591 offerre:
1394 1537 1538 1606 quod
1569 1537 1649 1589 vel
1682 1550 1766 1600 ιι,
1800 1536 1938 1588 sicut
1967 1548 2144 1588 rerum

562 1633 820 1704 poscebat
858 1633 1034 1698 ratio,
1084 1631 1428 1693 nuntiarem,
1482 1628 1564 1682 vel
1614 1626 1967 1681 officiositatis
2011 1641 2145 1679 mea:

564 1723 829 1793 primitias
875 1720 1187 1777 exhiberem
1230 1736 1243 1771 :

562 1814 726 1868 etiam
769 1812 859 1865 illa
907 1812 1107 1880 pariter
1147 1818 1490 1863 necterentur
1529 1822 1648 1876 quae
1677 1805 1745 1859 ad
1775 1807 1939 1859 veSIri
1971 1803 2149 1859 muni-

564 1918 689 1957 men
721 1901 973 1971 imperii,
1026 1900 1502 1969 prosperitatisque
1529 1898 1646 1965 ejus
1691 1895 1940 1965 sull'ragia
1986 1896 2150 1964 perti-

565 2005 783 2059 nerent;
825 2003 1130 2063 quantoque
1174 2002 1357 2046 essent
1400 1990 1578 2044 studio
1638 1988 1843 2057 majore
1878 1987 2146 2049 curanda,

565 2094 715 2139 tanto
773 2082 1107 2153 dignioribus
1151 2080 1497 2135 internuntiis
1549 2078 1913 2146 explerentur.
1967 2076 2149 2145 ltaque

564 2173 893 2230 conveniens
922 2172 1022 2225 init
1051 2180 1106 2224 ut
1125 2170 1316 2225 Vitalis
1347 2179 1402 2223 et
1425 2168 1613 2223 Miseni
1646 2166 1867 2220 fratrum
1892 2174 1946 2219 et
1970 2167 2150 2231 coepi-

564 2278 851 2332 sc0porum
879 2276 1144 2326 meorum,
1170 2269 1225 2315 et
1265 2259 1445 2314 famuli
1476 2257 1636 2313 vestri
1670 2256 1867 2311 Felicis
1898 2256 2149 2310 Ecclesiae

564 2357 858 2414 defensoris
887 2356 953 2410 ad
979 2370 1074 2409 vos
1102 2354 1457 2409 necessariam
1498 2350 1819 2420 legationem
1850 2351 2144 2413 mitterem,

560 2449 656 2518 qui
687 2462 792 2501 non
824 2456 931 2502 tam
964 2445 1125 2513 bajuli
1145 2445 1326 2513 specie
1349 2444 1448 2497 ista
1473 2441 1765 2505 deferrent,
1789 2455 1948 2509 quam
1975 2450 2149 2494 meam

564 2540 734 2594 vicem
764 2547 1080 2608 peragentes
1107 2580 1121 2604 ,
1154 2550 1243 2591 me
1287 2534 1685 2604 quodammodo
1713 2534 1866 2587 vobis
1914 2534 2152 2588 facerent

565 2645 687 2684 esse
717 2638 1059 2696 praesentem.
1097 2628 1197 2681 Per
1226 2626 1363 2681 hanc
1391 2625 1572 2695 igitur,
1610 2625 1756 2678 velut
1779 2624 2024 2678 cominus
2053 2624 2153 2678 ho-

567 2722 917 2778 norificentia:
963 2732 1068 2776 tua:
1108 2721 1325 2791 junctus
1368 2717 1653 2788 colloquiis
1678 2759 1694 2784 ,
1726 2732 1921 2787 precor
1948 2727 2004 2770 ut
2026 2730 2153 2784 sup-

568 2816 905 2882 plicationem
957 2828 1128 2867 meam
1175 2811 1419 2881 benignis
1468 2810 1708 2875 auribus,
1740 2810 1878 2864 sicut
1906 2808 2151 2877 princeps

566 2908 926 2970 Christianus,
958 2906 1208 2975 accipias.
1235 2906 1344 2958 Nec
1370 2904 1637 2958 existimet
1667 2905 1838 2972 pietas
1868 2912 1977 2968 tua,
2011 2899 2151 2969 quod

567 2999 847 3067 quisquam
874 2997 1042 3065 magis
1070 2997 1280 3050 sincera
1303 3004 1477 3047 mente
1501 3002 1552 3047 te
1572 2993 1777 3062 diligat,
1805 3006 1962 3059 quam
1982 2992 2070 3059 qui
2102 3001 2153 3044 te

1889 238 2144 298 FELlClS
2185 237 2385 293 PAPIE
2408 235 2495 291 Ill.

2168 355 2220 412 Α
2314 350 2505 414 anrso
2550 355 2621 410 te,
2657 346 2728 400 fili
2764 346 3018 413 piissime,
3055 361 3122 402 ne
3155 350 3330 403 tunica
3358 349 3571 406 Domini
3604 352 3826 422 desuper

3730 242 3827 299 900

2245 451 2493 496 comexta
2527 454 2622 506 pur
2653 449 2844 507 totum,
2868 454 2970 507 qua
3004 439 3056 493 in
3081 454 3246 493 unum
3277 457 3474 509 corpus
3505 454 3692 497 sancto
3716 446 3830 514 Spi-

2244 532 2347 585 ritu
2374 531 2572 598 ubique
2602 538 2840 597 regente,
2869 530 3197 583 individuam
3230 532 3339 586 fore
3368 534 3567 587 Christi
3598 535 3832 604 ﬁguravit

2245 620 2539 674 Ecclesiam
2566 659 2581 683 ,
2629 621 2735 673 ulla
2776 621 2993 688 p.tiaris
3037 628 3183 674 sorte
3213 623 3443 686 violari;
3491 639 3630 677 neve
3676 627 3827 693 cujus

2246 713 2389 766 inter
2427 713 2572 782 ipsos
2596 710 2684 779 qui
2716 711 3099 766 crucifixernnt
3139 714 3496 780 Salvatorcin,
3538 717 3731 771 mansit
3761 720 3834 771 in-

2248 807 2487 869 tegritas,
2512 806 2618 860 tuis
2647 806 2891 861 videatur
2914 810 3249 876 temporibus
3278 826 3398 866 esse
3428 813 3625 867 divisa.
3650 815 3836 870 Nonne

2248 911 2363 951 mea
2397 896 2528 950 fides
2556 904 2660 959 est,
2695 913 2853 965 quam
2890 899 3055 951 solam
3084 913 3204 955 esse
3241 915 3398 956 unam
3423 944 3437 965 ,
3475 914 3530 958 et
3570 904 3713 958 nulla
3742 904 3836 958 ad-

2245 989 2499 1042 versitate
2529 991 2886 1055 superandam
2918 990 3174 1045 Dominus
3203 994 3317 1059 ipse
3360 997 3703 1058 monstravit,
3746 996 3833 1062 qui

2248 1078 2503 1131 Ecclesia:
2549 1092 2665 1132 sum
2712 1078 2764 1131 in
2815 1094 2928 1132 mea
2980 1081 3323 1136 confessione
3366 1082 3601 1138 fundata:
3656 1094 3839 1152 portas

2248 1167 2403 1221 inferi
2438 1183 2708 1236 nunquam
2743 1170 3110 1236 przevalituras
3144 1186 3265 1227 esse
3306 1174 3595 1240 promisit?
3636 1176 3763 1231 llmc
3790 1190 3840 1235 te

2246 1268 2488 1311 renatum
2536 1258 2603 1310 ad
2652 1259 2853 1325 regiam
2900 1260 3122 1315 sustulit
3161 1261 3476 1330 dignitatem
3507 1305 3521 1329 ,
3551 1277 3719 1333 atque
3766 1270 3839 1321 ab

2247 1347 2363 1416 ejus
2393 1349 2853 1417 impugnatorihus
2898 1360 3163 1418 poteState
3202 1362 3460 1420 extrusa,
3510 1358 3843 1424 prmvalendi

2248 1439 2340 1492 tibi
2365 1438 2541 1492 denuo
2570 1439 2708 1492 viam
2735 1440 2786 1493 in
2817 1440 2982 1510 ipsius
3007 1441 3321 1498 defensione
3347 1447 3622 1513 patefecit.

2318 1530 2539 1596 Verum,
2568 1546 2772 1600 quaeso,
2801 1548 3040 1602 propone
3068 1535 3228 1588 etiam
3256 1540 3497 1607 exempla
3522 1549 3845 1609 gestorum,

2246 1632 2296 1677 et
2332 1623 2470 1678 hanc
2496 1622 2666 1677 vicem
2700 1624 2834 1678 meis
2873 1625 3106 1690 repende
3133 1626 3426 1689 beneficiis,
3470 1639 3530 1683 nt
3573 1646 3698 1699 quze
3746 1649 3843 1700 per

1288 1718 1483 1787 quibus
1533 1728 1710 1772 tamen
1745 1718 1845 1770 rite
1873 1715 2144 1783 depensis,
2182 1709 2225 1767 Β
2250 1726 2428 1766 rerum
2468 1713 2713 1766 exauiina
2752 1713 3136 1782 comprobasti,
3189 1725 3245 1770 et
3290 1717 3589 1785 periculosa
3638 1736 3845 1787 ρι-ειω-

2251 1816 2396 1868 veas,
2424 1810 2477 1856 et
2506 1801 2743 1856 subsidia
2774 1816 3104 1869 recuperata:
3144 1820 3174 1858 a
3209 1816 3258 1860 te
3285 1806 3561 1876 dignitatis
3595 1809 3845 1864 affectes.

2250 1893 2375 1947 llaec
2402 1908 2554 1963 rogo,
2580 1909 2701 1963 qua:
2725 1894 2867 1948 dicta
2893 1895 3031 1949 Deus
3054 1910 3175 1951 esse
3204 1899 3368 1953 voluit
3394 1915 3488 1968 per
3511 1902 3673 1956 dictae
3701 1905 3845 1957 stadia

2247 1986 2564 2050 antistitem,
2602 1986 2686 2041 vel
2720 2002 2816 2054 per
2851 1988 2956 2042 mei
2992 1988 3198 2043 ordinis
3226 1993 3571 2059 parvitatem,
3613 1995 3707 2064 qni
3742 2005 3845 2050 tua:

2249 2082 2271 2112 ⁸
2292 2079 2596 2135 securitatis
2618 2079 2836 2147 intuitu,
2872 2080 3243 2150 hujuscemodi
3291 2084 3412 2139 ideo
3439 2088 3741 2154 promenda
3761 2089 3845 2155 jn-

2248 2172 2465 2237 dicavit,
2492 2181 2551 2225 ut
2576 2187 2680 2226 non
2709 2181 2816 2226 tam
2843 2187 2937 2240 per
2959 2174 3074 2241 ejus
3094 2174 3523 2245 qualemcunque
3552 2178 3842 2244 vicarium,

2249 2265 2343 2320 sed
2375 2265 2653 2335 praesentis
2680 2265 2908 2334 apostoli
2940 2268 3082 2321 velut
3109 2270 3426 2325 auctoritate
3452 2274 3842 2336 commcnitus,

2250 2355 2410 2412 altius
2441 2358 2554 2410 vias
2583 2368 2636 2409 et
2660 2356 2856 2410 divinae
2884 2358 3199 2412 reverentiae
3225 2370 3279 2412 et
3304 2360 3552 2415 humana:
3574 2363 3846 2416 conditio—

2251 2447 2333 2501 nis
2363 2448 2628 2515 aspiciens
2665 2445 2828 2515 (quod
2862 2446 3027 2515 absit)
3056 2464 3163 2503 non
3204 2450 3441 2518 ingratus
3483 2454 3727 2507 existere
3769 2454 3847 2506 vi-

2250 2537 2426 2594 dearis
2451 2538 2661 2592 collata:
2693 2537 2960 2592 felicitatis
2988 2539 3217 2594 auctori.
3250 2541 3472 2605 Redeat,
3498 2543 3758 2607 obsecro,
3792 2546 3843 2597 in

2252 2628 2414 2681 animi
2464 2627 2539 2681 tui
2585 2627 2789 2696 integra
2838 2627 3225 2686 deliberatione
3278 2647 3662 2702 conspectuin,
3724 2652 3847 2704 qua:

2255 2716 2500 2771 inimicos
2532 2726 2651 2769 tuos
2682 2716 2818 2771 facta
2850 2717 3192 2785 dejecerunt,
3224 2737 3345 2791 qua:
3382 2733 3434 2778 te
3461 2724 3527 2778 ad
3559 2726 3847 2793 imperiale

2253 2807 2520 2877 fastigium
2545 2807 2653 2861 Deo
2679 2808 2969 2862 comitante
2993 2812 3324 2877 revexerint;
3353 2814 3581 2881 qualiter
3606 2814 3689 2867 illi
3723 2830 3846 2869 cum

2255 2898 2483 2953 nefanda
2525 2897 2787 2965 dogmatis
2807 2900 3111 2965 reccptione
3136 2902 3516 2966 conciderunt;
3562 2912 3616 2958 et
3643 2918 3848 2971 quem-

2256 2990 2540 3044 admodum
2590 2989 2756 3057 gloria
2802 3002 2888 3042 tua
2930 2993 2980 3043 in
3012 2990 3382 3048 haereticorum
3433 2994 3593 3050 fuerit
3638 2994 3847 3063 depul-

570 3105 755 3159 pacem
796 3091 847 3143 in
882 3090 991 3142 Deo
1019 3090 1132 3141 vult
1170 3087 1368 3140 habere
1398 3095 1705 3154 perpetuam
1733 3101 1746 3138 :
1773 3085 1987 3153 quando
2027 3084 2148 3137 fidei
2178 3069 2223 3132 C
2255 3084 2405 3139 sione
2435 3094 2676 3149 reparata
2712 3100 2723 3134 :
2762 3090 2819 3135 ut
2845 3082 2917 3136 illi
2946 3094 3130 3138 contra
3157 3085 3611 3143 Chalcedonensis
3638 3087 3848 3158 synodi

570 3189 749 3235 mente
774 3193 879 3233 non
905 3178 1164 3245 ambigas,
1196 3187 1251 3231 et
1279 3176 1587 3245 temporalis
1629 3176 1880 3229 culminis
1915 3183 2152 3245 potesta-

573 3282 681 3325 tem
730 3278 786 3323 et
826 3278 1042 3322 internae
1087 3267 1211 3327 vitae
1240 3266 1560 3322 commercia
1593 3265 1662 3320 de
1692 3279 1925 3335 snperna
1976 3266 2156 3336 propi-

574 3360 794 3413 tiatione
822 3358 1077 3427 pendere.

642 3455 783 3510 Ecce
821 3453 1024 3523 jamdiu
1065 3461 1147 3507 est
1175 3450 1315 3518 quod
1367 3452 1509 3506 beati
1548 3451 1776 3521 apostoli
1808 3451 1987 3517 sedes,
2018 3450 2154 3506 datis

575 3560 669 3612 per
711 3545 880 3598 beatae
910 3545 1183 3597 memoria:
1210 3543 1548 3596 decessorem
1580 3554 1753 3596 meum
1799 3540 1865 3594 ad
1895 3541 2156 3595 serenita-

574 3646 679 3689 tem
723 3646 869 3688 tuam
900 3634 1111 3698 litteris,
1143 3642 1491 3698 exspectans,
1518 3643 1572 3687 et
1596 3633 1796 3686 nullum
1829 3633 2033 3699 recepit
2061 3647 2156 3701 pro

572 3724 831 3779 catholica
865 3722 989 3787 fide,
1006 3737 1103 3792 pro
1128 3724 1143 3754 ¹
1166 3723 1585 3778 Occidentalium
1606 3721 1991 3794 [Orientalium]
2009 3733 2151 3776 trano

575 3812 840 3881 qnilaitate
866 3826 1209 3880 responsum;
1244 3813 1536 3880 praesertim
1565 3828 1681 3865 cum
1715 3821 1856 3866 tuam
1879 3816 2159 3867 conscien-

578 3905 705 3953 tiam
725 3942 740 3966 ,
764 3901 1146 3968 gloriosissime
1179 3902 1426 3969 princeps
1443 3940 1458 3967 ,
1491 3901 1789 3956 metuendis
1813 3902 2159 3956 obstrinxerit

578 3992 666 4046 illa
696 3992 1070 4057 sacramentis,
1100 4007 1168 4046 ne
1195 3992 1352 4046 sedes
1384 3995 1520 4048 beati
1552 3995 1898 4063 evangelista:
1936 3995 2094 4049 Marci
2126 4010 2155 4048 a

574 4084 817 4137 doctrinm
862 4083 1101 4152 magistri
1149 4084 1231 4137 sui
1277 4084 1359 4139 vel
1398 4086 1776 4139 communione
1820 4088 2157 4155 permitteres

574 4176 834 4242 separari.
877 4174 983 4228 Sed
1029 4174 1278 4242 quoniam
1326 4176 1531 4242 praefati
1575 4174 1875 4230 decessoris
1906 4177 2009 4231 mei
2045 4185 2159 4231 stu-

575 4267 764 4331 dium,
813 4264 967 4334 longa
1020 4265 1458 4320 incommoditate
1504 4264 1777 4329 faciente,
1827 4266 1939 4321 hzrc
1966 4270 2157 4322 eadem

575 4357 818 4412 crebrius
848 4356 1046 4409 iterare
1076 4370 1181 4409 non
1213 4354 1418 4423 potuit;
1462 4370 1557 4421 per
1600 4370 1735 4410 mea:
1776 4372 1915 4411 nunc
1950 4358 2159 4412 humili-

578 4449 701 4500 tatis
729 4446 963 4500 officium
995 4445 1277 4499 sollicitius
1320 4455 1567 4514 repetere
1609 4462 1715 4500 non
1747 4449 1993 4517 quiescit.
2022 4450 2156 4504 Rur-
2182 4427 2237 4487 D

582 4549 673 4588 sus
702 4550 830 4604 ergo
857 4535 1088 4601 aposto'i
1112 4534 1257 4591 Petri
1288 4536 1592 4591 veneranda
1622 4538 1889 4600 confessio
1917 4549 2154 4596 materna

580 4627 741 4677 instat
782 4627 1001 4680 vocibus
1027 4668 1040 4687 ,
1084 4635 1139 4681 et
1181 4640 1399 4681 suorum
1449 4627 1716 4697 praecipue
1747 4628 1975 4684 filiorum
2011 4646 2157 4686 com-

584 4715 786 4782 pellare
814 4730 918 4768 non
950 4716 1203 4771 desinens
1234 4718 1609 4772 confidentiam
1657 4728 1758 4773 tuie
1789 4722 1999 4789 pietatis
2023 4766 2037 4787 ,
2064 4738 2157 4777 cx-

578 4808 775 4858 clamat
821 4823 835 4858 :
879 4805 1180 4861 Christiane
1228 4809 1513 4877 princeps,
1561 4826 1657 4864 cur
1705 4826 1790 4865 me
1832 4826 1861 4865 a
1892 4814 2158 4867 curriculo

584 4898 842 4963 caritatis,
862 4912 966 4965 quo
991 4899 1225 4953 Ecclesia
1250 4903 1562 4956 universalis
1584 4903 1917 4972 astringitur,
1939 4908 2159 4972 permit-

580 4992 650 5044 tis
671 4988 865 5043 incidi?
886 4987 995 5043 Cur
1022 4988 1073 5043 in
1098 5005 1182 5044 tne
1202 4992 1405 5061 rumpis
1435 4999 1596 5047 latius
1615 4994 1760 5048 orbis
1780 4996 2090 5051 assensum!

650 5174 679 5201 ⁸
704 5164 829 5238 Ηςεε
852 5174 931 5218 est
954 5165 1317 5238 illasynodica
1348 5166 1539 5221 Felicis
1566 5180 1715 5238 papa:
1744 5167 1965 5235 epistola
1993 5184 2149 5238 quant

580 5236 805 5289 coiisilio
834 5237 1019 5305 synodi
1048 5234 1301 5289 Romana:
1328 5238 1469 5291 dedit
1515 5240 1579 5288 ad
1608 5234 1875 5289 Zenonem
1920 5234 2154 5307 impera—

580 5316 752 5360 torem
784 5320 800 5361 :
830 5323 929 5376 qua
957 5307 1258 5371 occasione,
1286 5308 1336 5360 in
1364 5311 1503 5361 notis
1532 5307 1674 5360 illius
1700 5309 1886 5376 synodi
1915 5311 2153 5365 dicemus

656 5443 670 5473 ¹
697 5441 789 5495 Vel
824 5442 1249 5507 Occidentalium,
1283 5443 1373 5513 qui
1416 5442 1625 5497 solliciti
1658 5451 1783 5499 sunt
1808 5443 1873 5500 de
1902 5446 2157 5503 Orienta-

579 5510 708 5568 lium
740 5516 930 5566 salute.
968 5514 1224 5566 lltnnum.

652 5585 671 5612 ¹
707 5582 842 5652 [τδρ
882 5585 1182 5647 εενιοιίιαῐίς,
1216 5592 1272 5638 ut
1314 5583 1445 5638 inira
1488 5584 1537 5638 in
1571 5588 1669 5639 hac
1696 5585 1941 5655 epistola.
2010 5586 2153 5641 "Alt-

584 5662 727 5706 OUtN.

2255 3175 2578 3230 venerabilia
2629 3173 2957 3240 constituta,
3011 3185 3065 3230 et
3113 3178 3406 3232 beatissimi
3449 3194 3594 3248 papae
3634 3179 3849 3234 Leonis

2270 3265 2466 3332 scripta
2505 3265 2803 3328 venientes,
2836 3266 2946 3333 ipsa
2985 3266 3063 3319 sui
3109 3266 3383 3323 molitione
3420 3270 3630 3339 collapsi
3683 3282 3848 3333 sunt;

2255 3367 2309 3412 et
2332 3356 2525 3425 quibus
2556 3356 2727 3410 modis
2765 3371 2949 3411 eorum
2992 3357 3416 3425 reformationes,
3461 3362 3523 3414 ad
3553 3362 3848 3430 pristinum

2256 3450 2277 3481 ³
2306 3457 2609 3503 remearunt
2647 3446 2668 3477 δ
2699 3458 2905 3503 tuarum
2957 3453 3307 3505 reverentiam
3353 3451 3743 3521 principatum.

2327 3540 2532 3605 Liceat,
2562 3553 2682 3605 oro,
2711 3541 2848 3611 apud
2889 3550 2940 3595 te
2982 3539 3206 3594 fidenter
3249 3554 3518 3608 exponere
3560 3539 3849 3613 [exercere]

2256 3645 2415 3697 quem
2464 3633 2715 3687 convenit
2756 3647 2861 3687 non
2907 3642 3103 3686 tacere.
3154 3630 3377 3686 Unicum
3418 3631 3469 3685 in
3507 3641 3559 3685 te
3586 3642 3852 3699 superest

2259 3719 2419 3789 prisci
2453 3736 2645 3777 nomen
2686 3724 3048 3792 imperatoris.
3075 3723 3171 3787 Ne,
3197 3737 3399 3792 quaeso,
3430 3722 3578 3777 nobis
3606 3724 3851 3778 salutem

2259 3821 2436 3878 tuam,
2485 3814 2569 3883 pie
2609 3814 2926 3883 imperator,
2956 3814 3216 3878 invideas,
3254 3828 3321 3868 ne
3366 3812 3602 3867 ﬁduciam
3648 3828 3762 3881 pro
3804 3823 3855 3867 te

2259 3906 2469 3957 minuas
2506 3906 2859 3974 supplicandi.
2889 3904 3080 3959 Causae
3109 3905 3301 3971 quibus
3331 3903 3578 3958 Dominus
3604 3904 3685 3955 sit
3724 3918 3855 3973 pro-

2258 3996 2420 4065 pitius
2461 3997 2791 4063 inquirendae
2828 4009 2971 4063 sunt,
3008 4012 3113 4052 non
3152 3996 3346 4065 quibus
3384 3998 3497 4064 ejus
3538 3993 3855 4064 indignatio

2261 4099 2597 4157 provocetur.
2632 4088 2925 4155 Convenio,
2965 4096 3260 4153 contestor,
3287 4087 3556 4149 obtestor;
3580 4086 3855 4152 quoniam

2260 4190 2459 4244 metuo,
2498 4179 2773 4243 horresco,
2824 4179 3073 4241 formido,
3119 4193 3186 4232 ne
3227 4176 3515 4230 mutatione
3552 4188 3854 4227 causarum

2260 4268 2427 4338 (quod
2462 4269 2626 4339 absit)
2666 4278 2896 4324 mutetur
2920 4278 3158 4325 eventus.
3200 4267 3423 4332 Respice
3464 4265 3740 4333 propitius
3788 4268 3853 4318 ad

2260 4359 2571 4415 decessores
2595 4369 2714 4414 tuos
2734 4370 2972 4429 augustae
2992 4361 3271 4414 memoria:
3286 4357 3602 4410 Marcianum
3626 4356 3855 4409 Scilicet

2261 4459 2315 4505 et
2344 4448 2575 4504 Leonem
2596 4489 2611 4514 ,
2640 4460 2693 4503 et
2724 4459 2990 4504 tantorum
3023 4449 3321 4516 principum
3355 4447 3539 4510 fidem,
3569 4443 3857 4513 legitimus

2262 4553 2447 4593 eorum
2468 4552 2748 4593 successor
2772 4556 2785 4590 :
2810 4538 3058 4608 amplecti
3083 4537 3245 4591 debes
3269 4536 3477 4589 illorum
3503 4536 3554 4589 in
3578 4534 3857 4605 religione

2262 4643 2601 4693 consensum,
2648 4644 2874 4699 quorum
2924 4628 3089 4683 debes
3136 4626 3412 4681 memoria:
3462 4625 3857 4679 reverentiam.

2263 4725 2415 4778 Absit
2440 4741 2465 4774 a
2492 4733 2576 4778 tua
2600 4723 2903 4786 devotione,
2926 4722 3065 4776 absit
3092 4736 3121 4775 a
3150 4730 3238 4775 tua
3264 4728 3543 4788 potestate,
3573 4728 3625 4771 ut
3654 4719 3858 4773 talium

2264 4813 2499 4870 credaris
2528 4815 2799 4883 respuisse
2826 4812 3104 4881 judicium.

2338 4904 2618 4959 Postremo
2673 4905 3060 4973 professionem
3117 4913 3297 4967 tuam,
3353 4898 3861 4966 conscientiamque

2268 4995 2609 5050 recolendam
2637 4994 2882 5050 sensibus
2911 5004 3013 5049 tua:
3041 4994 3253 5063 pietatis
3282 4992 3514 5046 insinuo.
3544 4989 3751 5045 Palatii
3788 4989 3862 5043 tui

2262 5170 2418 5224 infra.
2451 5167 2528 5223 Ex
2557 5149 2742 5222 codice
2767 5164 3145 5221 Cresconianm
3175 5161 3506 5218 collectionis
3535 5163 3868 5229 supradicto

2262 5242 2314 5294 in
2342 5242 2477 5364 hasne
2505 5240 2797 5362 edlitionem
2822 5237 3175 5291 Couciliorum
3205 5248 3346 5287 nunc
3370 5247 3556 5288 recens
3583 5235 3863 5287 translata

2262 5321 2365 5364 est.
2436 5324 2523 5363 ev.
2599 5322 2749 5362 INIUS.

2262 5321 2365 5366 ρει.
2395 5321 2523 5364 δεν.
2556 5321 2749 5362 υιΝιυε.

2337 5446 2357 5476 ⁸
2385 5446 2720 5513 Rapui-arent.
2744 5444 2874 5496 Coo.
2902 5441 3032 5496 Luc.
3059 5441 3217 5513 Forte
3239 5450 3556 5513 revocarunt.
3585 5437 3865 5494 Ηλιωιτις.

2262 5516 2537 5640 "‘Fortc
2592 5526 2676 5568 tua
2725 5529 2839 5567 cum
2891 5512 3187 5566 reverentia.
3243 5512 3298 5565 ln
3341 5512 3472 5582 Reg.
3526 5524 3650 5575 ηις..
3692 5522 3867 5563 (uaris.

2313 5602 2520 5640 ARiUIN.

2313 5603 2393 5640 λιιι
2417 5602 2520 5640 UIN.
