4046 6188
276 258 382 315 90l

1467 258 1822 319 EPISTOLIE
1867 256 1951 313 ET
1994 258 2306 315 DECRETA
2318 301 2330 313 .

3420 267 3557 339 vos

250 383 421 439 facito
459 380 656 438 scrinia
682 380 973 447 recenseri,
1001 389 1055 436 et
1088 380 1285 449 scripta
1319 379 1408 435 illa
1433 379 1723 449 diligenter
1754 378 1833 430 in-
1862 380 1909 437 Α
1937 378 2369 432 communionem
2418 376 2665 433 catholici
2706 378 2970 437 Timothei
3020 381 3312 438 mandastis
3355 384 3523 454 recipi

249 475 526 545 vestigari,
562 489 681 543 quas
723 472 790 527 ad
828 473 1039 542 apicem
1077 486 1301 527 summa:
1338 470 1647 540 regrediens
1689 476 1837 537 pote--

246 565 411 620 statis
445 566 511 618 ad
543 564 883 619 decessorem
922 577 1098 617 meum
1131 563 1299 632 pietas
1328 571 1413 616 tua
1445 577 1540 632 pro
1567 560 1835 617 communi

246 656 608 725 gratulatione
643 655 838 709 direxit
870 672 881 706 :
914 655 997 707 his
1032 669 1151 707 cum
1194 668 1407 722 semper
1448 665 1636 722 magna
1680 650 1837 704 laude

249 746 627 816 prosequeris,
671 744 813 813 quod
854 744 1158 798 luereticam
1202 743 1535 813 tyrannidem
1580 740 1835 810 pradica-

250 838 416 891 tionis
443 836 720 891 catholicae
753 836 935 903 vigore
974 835 1311 902 contriveris,
1344 849 1445 903 qua
1476 834 1655 902 utique
1684 833 1835 885 istius

248 930 487 982 veritati~
515 927 893 996 praedicatione
921 926 1049 980 nihil
1073 927 1215 980 aliud
1237 940 1395 995 quam
1417 926 1483 979 de
1502 923 1833 993 Eutycltiano

248 1024 463 1076 labores
485 1039 672 1077 errore
702 1038 921 1091 prorsus
947 1022 1229 1085 abolendo,
1263 1023 1485 1091 ejusque
1512 1020 1832 1089 sequacibus

244 1115 613 1168 excludendis.
663 1114 787 1167 Haec
819 1130 915 1182 pro
944 1115 1133 1184 synodi
1157 1113 1610 1168 Chalcedonensis
1641 1111 1833 1164 deﬁni-

246 1205 397 1257 tione
438 1205 720 1267 servanda,
754 1206 1164 1273 reducendoque
1203 1214 1401 1258 sanctae
1441 1207 1715 1257 memoriae
1744 1204 1832 1255 'l‘i-

242 1296 466 1349 tnotlteo
506 1306 666 1349 rectm
702 1290 821 1348 ﬁdei
867 1296 1166 1359 sacerdote,
1203 1304 1308 1349 tota
1340 1310 1433 1348 sua
1471 1304 1648 1348 textus
1689 1296 1831 1347 serie

242 1389 333 1455 pie
363 1390 533 1442 locuta
561 1400 663 1443 est.
698 1388 819 1442 llaec
844 1398 992 1442 certe
1032 1399 1117 1442 tua
1151 1390 1503 1442 mansuetudo
1546 1388 1825 1456 cognovit:

241 1494 344 1533 nec
384 1495 467 1533 tes
506 1480 803 1548 incognitas
833 1489 919 1534 tua
960 1482 1240 1533 clementia
1275 1480 1513 1547 proferre
1546 1480 1826 1549 potuisset,

237 1583 291 1625 et
332 1572 505 1639 palam
538 1581 831 1641 aperteque
875 1572 1131 1641 professa,
1165 1573 1308 1643 quod
1353 1574 1570 1629 laudum
1613 1584 1826 1629 tuarum

240 1662 620 1717 testiﬁcatione
653 1663 898 1718 ﬁrmasti.

1941 470 2071 538 (non
2119 472 2277 524 etiam
2332 469 2397 523 ad
2454 471 2592 525 male
2637 473 2943 541 prresumpti
2999 474 3193 543 gradus
3244 474 3522 545 priviegia

1938 561 2299 615 decreveratis
2321 560 2575 631 admitti),
2599 573 2992 632 consequenter
3014 565 3273 620 addentes
3296 578 3523 624 exteros

1937 651 2204 706 deteriora
2254 652 2554 717 subituros,
2607 651 2652 705 si
2696 653 2893 721 eligere
2937 656 3155 709 meliora
3199 657 3516 715 noluissent.

1942 742 2047 797 Vos
2088 742 2370 810 cujuslibet
2408 752 2519 811 post
2567 742 2663 796 has
2703 744 2877 797 varias
2914 746 3291 805 satisfactionis
3325 765 3518 806 causas

1935 834 2142 889 cunctis
2186 836 2392 903 penitus
2430 836 2744 901 abstulistis,
2783 836 2976 905 quibus
3018 839 3161 908 ipsos
3200 842 3270 897 ab
3298 847 3517 900 unitatis

1934 930 2204 981 consortio
2234 928 2567 983 discedentes
2586 971 2601 994 ,
2649 931 2990 985 recensuistis
3022 934 3208 988 tulisse
3229 935 3512 1003 judicium.

1936 1018 2044 1072 Vos
2072 1019 2138 1073 de
2178 1018 2344 1087 ipsius
2374 1035 2597 1088 persona
2634 1021 2771 1075 Petri
2815 1022 3102 1092 quidquam
3133 1025 3313 1081 denuo
3351 1028 3515 1083 defri-

1932 1111 2110 1171 candi.
2134 1111 2362 1179 sapienti
2384 1110 2811 1167 consideratione
2834 1114 3070 1169 tacuistis
3098 1132 3113 1168 :
3137 1116 3333 1187 quippe
3352 1134 3511 1188 quem

1936 1200 2189 1255 Ecclesia:
2242 1216 2367 1255 arce
2411 1201 2717 1270 dejectum,
2775 1204 2932 1257 simul
2989 1206 3197 1271 pervasi
3255 1208 3511 1276 pontiﬁcii

1935 1291 2188 1347 videretis
2247 1292 2451 1348 honore
2501 1293 2789 1359 nudatum;
2863 1309 2963 1349 nec
3022 1296 3129 1351 ullo
3180 1300 3341 1353 modo
3392 1300 3510 1356 ﬁeri

1934 1396 2120 1450 posse,
2165 1392 2221 1436 ιιι
2262 1399 2499 1452 unquam
2543 1385 2623 1439 vel
2676 1385 2992 1440 orthodoxis
3033 1389 3376 1457 praesideret,
3416 1393 3508 1462 qui

1929 1484 2021 1526 aut
2047 1489 2076 1526 a
2115 1476 2292 1539 nullis,
2334 1484 2427 1528 aut
2466 1475 2535 1529 ab
2564 1475 2830 1531 haereticis
2875 1477 3047 1533 fuerat
3086 1479 3379 1547 institutus,
3419 1485 3506 1541 vel

1928 1566 2158 1620 recidiva
2200 1569 2353 1621 toties
2391 1568 2691 1623 temeritate
2721 1570 2985 1624 violentus
3012 1572 3153 1628 ovile
3180 1574 3505 1632 dominicum

1929 1657 2186 1711 subdolus
2214 1668 2268 1712 et
2298 1658 2590 1714 invidiostts
2621 1660 2861 1716 intraret.

312 1752 671 1823 Requirantur
696 1754 783 1808 illa
812 1769 1046 1824 quoque,
1077 1769 1196 1825 qua:
1223 1755 1289 1810 ad
1316 1766 1515 1811 sanctae
1546 1759 1822 1811 memoria:
1855 1748 1900 1808 Β
1997 1755 2169 1819 Atque
2210 1752 2331 1805 ideo
2371 1751 2515 1821 quod
2555 1754 2886 1824 corrigendis
2929 1755 3044 1823 ejus
3093 1758 3504 1827 praetendebatis

237 1842 583 1899 Timotheum
631 1845 993 1899 ortltodoxum
1042 1845 1460 1901 Alexandrinum
1506 1848 1818 1917 episcopum

236 1936 542 1992 serenitatis
584 1946 688 1990 tua:
727 1936 932 2006 paginae
973 1946 1099 1991 sunt
1144 1936 1356 2003 locutae,
1386 1946 1548 2007 atque
1586 1956 1648 1993 ex
1692 1940 1819 2008 ipsis

235 2029 446 2084 actibus
493 2029 734 2095 intuere,
778 2030 879 2085 nisi
916 2028 1077 2085 Petro
1122 2046 1186 2085 ex
1234 2046 1296 2086 ea
1345 2040 1638 2086 memorata
1688 2034 1820 2088 urbe

232 2123 469 2187 secluso,
498 2122 588 2191 qui
635 2122 684 2176 ei
731 2123 983 2178 Ecclesia:
1035 2132 1160 2178 tunc
1211 2124 1469 2192 temporis
1509 2125 1814 2190 incubabat,

233 2212 597 2282 snpradictum
625 2211 962 2268 Timotheum
1006 2227 1111 2267 non
1143 2212 1308 2268 fuisse
1345 2225 1675 2268 revocatum.
1715 2215 1768 2266 Vi
1791 2229 1818 2269 s

233 2304 304 2356 ad
331 2304 577 2357 eumdem
608 2304 925 2358 veneranda:
957 2304 1348 2359 recordationis
1378 2305 1679 2371 pontificem
1705 2305 1816 2374 jam

232 2396 514 2451 reductum
561 2410 743 2450 sacras
785 2396 1119 2451 venerabiles
1164 2411 1287 2449 mox
1333 2397 1576 2461 dedistis,
1624 2399 1819 2466 quibus

233 2488 384 2543 ﬁdeli
424 2498 640 2557 pectore
683 2488 1082 2558 gloriabamini,
1131 2488 1269 2558 quod
1315 2497 1512 2542 sanctzn
1562 2488 1818 2542 Ecclesiae

231 2594 444 2649 magna:
485 2580 714 2634 civitatis
746 2578 1129 2634 Alexandrina:
1169 2578 1460 2649 providens
1502 2578 1817 2632 orthodoxa:

228 2669 380 2734 ﬁdei,
412 2668 667 2723 Dominus
704 2678 888 2724 noster
929 2685 993 2724 ac
1022 2669 1271 2725 Salvator
1300 2684 1484 2724 verum
1524 2672 1817 2725 resﬁtuerit

225 2761 589 2818 sacerdotem.
636 2762 736 2818 Ubi
772 2764 1109 2819 manifestum
1159 2772 1262 2828 est,
1311 2764 1433 2833 quia
1467 2779 1587 2818 cum
1630 2778 1815 2818 verum

226 2855 430 2920 dicitis,
456 2856 600 2909 illum
628 2855 794 2910 fuisse
824 2856 1014 2910 falsum
1045 2856 1132 2925 qui
1161 2856 1346 2925 pulsus
1374 2867 1474 2919 est,
1502 2856 1813 2922 ostenditis;

222 2956 431 3001 etcum
488 2948 539 3000 in
594 2948 899 3002 venerando
953 2947 1238 3003 Timotheo
1302 2948 1602 3003 orthodoxe
1656 2948 1813 3004 ﬁdem

224 3037 511 3093 dominum
534 3039 799 3094 testatnini
823 3039 1122 3105 reduxisse,
1148 3054 1456 3108 perversam
1488 3041 1539 3094 iu
1566 3040 1816 3095 omnibus

224 3128 284 3184 in
329 3128 494 3183 Petro
543 3130 832 3197 perhibetis
882 3104 1165 3185 refutasse-
1195 3130 1540 3196 doctrinam,
1593 3147 1699 3186 non
1748 3104 1889 3188 obc

225 3220 399 3286 aliud,
428 3220 529 3275 nisi
568 3220 690 3291 quia
728 3229 783 3276 ct
820 3221 911 3276 ille
949 3222 1038 3292 qui
1077 3222 1407 3278 orthodoxus
1447 3227 1819 3293 pronuntiatur

224 3323 289 3369 et
346 3328 528 3380 verus,
576 3313 999 3369 Cltalcedonensi
1049 3316 1257 3385 synodo
1321 3316 1480 3385 (sicut
1527 3318 1642 3386 ejus
1693 3326 1818 3372 tunc

228 3405 400 3459 missa
454 3414 600 3461 tenet
663 3404 951 3477 professio)
1002 3406 1407 3472 consentiebat;
1468 3416 1522 3461 et
1576 3408 1677 3463 iste
1726 3408 1816 3477 qui

226 3499 402 3553 falsus
456 3508 511 3554 et
568 3512 854 3567 perversos
903 3497 1144 3568 ejicitur,
1200 3498 1269 3553 ab
1321 3498 1560 3568 ejusdem
1628 3500 1817 3571 synodi

223 3590 446 3645 tramite
492 3590 850 3659 discrepabat.

299 3681 545 3749 Denique
584 3690 804 3735 cunctos
843 3681 1122 3751 episcopos
1153 3680 1392 3753 Egypti,
1435 3682 1820 3753 universosque

222 3773 410 3829 cleros
440 3772 457 3845 [
465 3773 603 3845 forte
628 3771 861 3843 clericos]
905 3772 1243 3843 increpastis,
1279 3775 1471 3829 vestris
1497 3776 1822 3844 generaliter

222 3864 473 3931 ap'cibus
502 3865 828 3930 sancientes,
856 3874 915 3918 ut
944 3864 1046 3919 nisi
1076 3866 1213 3919 intra
1244 3866 1378 3920 duos
1409 3880 1620 3921 menses
1648 3866 1714 3920 ab
1738 3866 1820 3921 his

222 3970 350 4023 qum
392 3968 424 4007 a
469 3954 731 4023 principio
776 3964 963 4009 contra
1010 3968 1269 4022 canones,
1319 3963 1503 4009 contra
1548 3956 1822 4011 Ecclesias

221 4046 346 4112 Dei,
377 4057 562 4100 contra
585 4045 937 4101 orthodoxam
960 4045 1119 4101 ﬁdem
1161 4048 1549 4117 cogitaverunt,
1585 4046 1820 4103 abstine-

220 4144 371 4200 rent,
398 4147 558 4204 atque
586 4136 726 4190 beati
749 4134 1015 4190 Timethei
1044 4138 1443 4202 communione,
1472 4152 1631 4206 quam
1660 4139 1823 4206 impie

222 4229 588 4299 reliquerunt,
620 4228 795 4299 dignae
835 4231 1164 4299 poenitentia:
1204 4229 1571 4285 satisfactione
1613 4247 1822 4287 remea-

223 4331 384 4386 rent;
436 4336 544 4376 non
595 4324 768 4376 solum
818 4321 1196 4392 despoliandos
1256 4322 1586 4389 honoribus,
1636 4339 1820 4380 verum

221 4414 393 4466 etiam
437 4421 492 4465 et
526 4412 886 4467 Alexandrina
930 4417 1062 4469 urbe
1098 4421 1153 4469 et
1193 4413 1339 4467 omni
1369 4412 1685 4483 Egyptiaca
1738 4433 1824 4471 re-

1921 1843 2272 1898 sectatoribus
2320 1844 2683 1913 irrogandum,
2731 1845 2852 1900 huic
2895 1846 3006 1915 jam
3055 1851 3204 1919 quasi
3249 1853 3503 1921 magistro

1921 1936 2140 1991 sceleris
2170 1938 2558 1992 rationabiliter
2583 1938 2929 2007 dupulabatis
2958 1940 3212 1996 inllictum
3246 1960 3261 1997 :
3295 1954 3353 1998 ut
3379 1945 3500 2014 qni-

1921 2028 2019 2081 bus
2041 2026 2234 2082 fratres
2255 2035 2517 2082 merserat
2538 2029 2604 2082 ad
2631 2031 2859 2099 ruinam,
2890 2030 3049 2085 ﬁeret
3068 2033 3181 2101 ipse
3205 2037 3502 2091 metuenda:

1918 2117 2278 2174 damnationis
2315 2120 2618 2188 exemplum
2651 2137 2667 2175 :
2709 2122 2958 2192 quodque
2995 2123 3129 2179 adeo
3172 2140 3358 2181 verum
3396 2138 3499 2188 est.

1920 2218 1975 2263 ttt
2001 2219 2308 2278 superstare
2336 2212 2642 2266 venerando
2667 2212 2952 2268 Timetheo
2981 2215 3240 2284 legionem
3271 2219 3501 2275 sollicite

1913 2301 2220 2371 jusseritis,
2273 2303 2317 2355 si
2371 2302 2547 2357 eidem
2601 2303 2907 2359 humanitus
2960 2306 3158 2373 aliquid
3209 2314 3497 2365 evenisset.

1924 2392 2026 2449 Vos
2058 2408 2163 2448 non
2194 2393 2296 2449 nisi
2325 2394 2394 2448 de
2418 2394 2807 2449 catholicorum
2837 2398 3068 2467 collegio
3097 2400 3414 2455 clericorum
3447 2412 3500 2457 et

1916 2497 1947 2536 a
1974 2484 2248 2539 catholicis
2286 2494 2659 2540 consecratum
2700 2487 2939 2542 subiistis
2977 2489 3158 2546 videre
3197 2503 3496 2559 pastorem:

1918 2574 2040 2643 quia
2070 2575 2267 2643 ubique
2293 2575 2441 2629 nullo
2472 2575 2575 2629 ritu
2604 2576 2707 2630 sub
2735 2588 2927 2631 vestra:
2957 2582 3264 2636 serenitaris
3293 2585 3497 2638 obtuti-

1918 2666 2018 2720 bus
2064 2666 2282 2721 haeresis
2328 2667 2443 2735 ipse
2492 2668 2793 2736 praecipuus
2822 2668 3166 2739 Eutyeltianaa
3215 2674 3499 2731 dementia)

1917 2758 2090 2826 potuit
2128 2772 2247 2813 esse
2285 2759 2372 2813 vel
2414 2759 2517 2813 dici
2560 2760 2845 2815 orthodoxi
2891 2777 3172 2820 successor
3221 2768 3496 2823 antistitis.

1904 2848 2035 2914 Quo
2079 2846 2234 2916 igitur
2270 2849 2449 2903 animo
2491 2849 2714 2905 bestiam
2764 2867 2922 2921 quam
2963 2868 2991 2906 a
3018 2857 3268 2926 gregibus
3297 2857 3498 2916 Christi

1918 2941 2145 2995 duxistis
2172 2928 2574 3012 abigendant‘in
2622 2960 2806 2998 eorum
2836 2945 3013 3001 denuo
3041 2949 3278 3017 patimini
3308 2954 3500 3008 stevire

1918 3034 2252 3103 perniciem?
2303 3035 2464 3090 Certe
2499 3035 2709 3117 legibus
2738 3052 2871 3105 quas
2907 3038 3168 3095 universis
3203 3044 3496 3110 imponitis,

1920 3124 2086 3195 magis
2107 3125 2267 3180 vultis
2287 3126 2426 3180 vinci
2446 3141 2604 3196 quam
2629 3129 2965 3198 promulgare
2984 3133 3278 3197 contraria;
3303 3144 3501 3203 quanto
3560 3126 3577 3137 ’

1919 3218 2086 3271 satius
2134 3216 2325 3281 fuerit,
2378 3216 2694 3272 intemerata
2741 3219 3030 3287 persistere
3074 3239 3193 3292 quae
3242 3225 3356 3279 heri
3406 3241 3501 3295 pro

1922 3307 2227 3376 integritate
2255 3309 2537 3364 retinenda
2569 3310 2733 3364 totius
2765 3312 3017 3365 Ecclesiae
3049 3315 3365 3383 pratulistis,
3393 3334 3502 3386 quo

1919 3409 1974 3453 et
2003 3401 2078 3454 tui
2109 3400 2357 3455 catholici
2388 3401 2594 3470 imperii
2619 3405 2911 3457 auctoritas
2942 3406 3253 3461 inconvulsa
3284 3424 3502 3476 perma-

1920 3500 2063 3553 neat,
2102 3502 2157 3545 et
2192 3491 2324 3545 nihil
2363 3492 2585 3545 accedat
2615 3492 2757 3561 quod
2797 3494 3004 3549 actibus
3046 3498 3185 3565 apud
3219 3500 3500 3556 Dominum

1918 3593 2113 3637 vestrae
2148 3582 2384 3636 felicitati
2415 3582 2657 3637 obsistat.

1990 3672 2179 3728 Cernis
2210 3675 2374 3741 enim,
2408 3673 2727 3729 venerabilis
2770 3674 3078 3744 imperator,
3111 3678 3231 3747 quia
3260 3689 3315 3734 ut
3341 3679 3503 3736 Chal-

1920 3770 2239 3824 cedonensis
2279 3769 2471 3840 synodi
2516 3769 2805 3822 indubitata
2850 3770 3115 3836 defensio,
3167 3774 3503 3830 inimicorum

1922 3863 2039 3928 ejus
2065 3862 2214 3915 elisiu
2243 3870 2347 3925 est,
2377 3862 2454 3914 sic
2479 3861 2714 3915 vicissim
2745 3862 3025 3917 manifesta
3055 3863 3195 3919 illius
3225 3866 3504 3936 impugna-

1924 3954 2070 4008 tione
2097 3955 2479 4022 comprobatur
2510 3954 2739 4007 hostium
2771 3954 3087 4009 veneranda:
3129 3959 3291 4026 ipsius
3319 3959 3506 4028 cogni-

1925 4046 2084 4098 tionis
2124 4040 2493 4116 [protectionis]
2533 4043 2759 4098 evectio.
2802 4043 3118 4100 Meministis
3156 4048 3505 4115 quemadmo-

1924 4135 2050 4189 dum
2091 4136 2254 4189 verba
2298 4135 2480 4188 divina
2525 4147 2621 4187 nos
2654 4135 2938 4197 instruant,
2973 4134 3151 4203 Neque
3190 4138 3243 4189 in
3272 4137 3504 4192 dextrum

1924 4243 2086 4298 neque
2113 4228 2164 4280 in
2188 4229 2453 4280 sinistrum
2480 4225 2688 4279 limitem
2708 4234 2857 4279 rectae
2876 4225 3220 4295 dispositionis
3243 4227 3504 4293 excedere,

1926 4328 2013 4376 sed
2054 4322 2134 4375 via
2178 4325 2259 4390 (ut
2287 4320 2540 4388 scriptum
2570 4318 2677 4388 est)
2724 4319 2867 4390 regia
2917 4322 3181 4389 mediaque
3225 4320 3506 4391 gradiendo

1929 4415 2104 4487 (Deut.
2140 4416 2289 4483 xxv),
2340 4414 2462 4467 hinc
2502 4422 2661 4483 atque
2686 4414 2809 4467 inde
2835 4413 3064 4468 Nestorii
3094 4414 3507 4486 Eutycltetisqne

218 4510 392 4575 gione
431 4506 697 4561 carituros
729 4521 743 4559 :
777 4505 1030 4575 injustum
1068 4510 1209 4563 enim
1256 4510 1449 4578 videri,
1498 4514 1634 4567 sicut
1662 4512 1817 4567 Chri-
1850 4477 1902 4536 Β
1925 4506 2199 4575 sacrilegia
2231 4506 2583 4559 condemnata
2613 4504 2917 4571 detestans,
2952 4506 3024 4558 ita
3057 4519 3264 4573 magna:
3296 4506 3507 4574 pietatis

220 4602 440 4653 stianus
465 4599 756 4668 imperator
775 4599 1071 4667 afﬁrmans,
1094 4613 1150 4656 ut
1175 4604 1263 4673 qui
1291 4618 1349 4658 se
1368 4605 1384 4635 ¹
1408 4604 1473 4659 ad
1499 4605 1816 4670 Ecclesiam,

217 4706 352 4760 quae
405 4689 603 4760 ubique
649 4700 909 4746 terrarum
957 4702 1080 4759 est,
1134 4706 1511 4765 segregarcnt,
1563 4696 1820 4752 haberent

214 4783 567 4848 sacerdotes,
596 4794 689 4837 aut
719 4784 829 4838 ullo
857 4799 1011 4839 sacro
1052 4787 1335 4842 ministerii
1380 4790 1596 4844 nomine
1627 4804 1817 4845 cense-

215 4883 443 4928 rentur.
484 4872 590 4927 Vos
631 4875 847 4945 indigne
888 4876 1117 4932 ferentes
1164 4879 1231 4933 ab
1260 4880 1635 4936 Alexandrinis
1676 4883 1818 4937 sedi-

213 4970 406 5019 tiones
427 4966 738 5030 concitatas,
765 4981 858 5022 eos
880 4969 968 5038 qui
998 4980 1216 5039 propter
1240 4972 1482 5027 ordinem
1509 4974 1811 5029 clerit-alem

209 5056 390 5111 simili
420 5055 735 5124 deceptione
772 5060 1106 5127 tenebantur,
1141 5062 1240 5116 nisi
1269 5064 1594 5119 salutaribus
1636 5066 1807 5121 moni-

211 5152 291 5203 tis
319 5147 628 5212 obedirent,
659 5150 747 5204 tali
777 5164 932 5218 paena
962 5150 1152 5221 dignos
1180 5152 1601 5215 arbitrabamini.

294 5237 412 5292 Vos
435 5238 650 5293 Petrum
681 5241 898 5310 speciali
930 5251 1178 5298 notantes
1206 5244 1400 5314 elogio,
1432 5246 1573 5314 quod
1631 5246 1813 5303 illicite

203 5347 277 5388 se
310 5332 696 5387 Alexandrinae
741 5334 1010 5403 injecisset
1042 5337 1322 5405 Ecclesiae,
1355 5353 1546 5393 omnes
1574 5340 1663 5410 qui
1702 5349 1809 5395 tam
1868 5400 1870 5403 τ

202 5424 286 5480 ab
319 5438 393 5479 eo
412 5438 575 5494 quam
605 5425 855 5481 haeretico
880 5426 1161 5484 Timotheo
1186 5429 1294 5497 jam
1318 5428 1572 5485 defuncto
1604 5432 1811 5487 fuerant

204 5515 490 5584 ordinati,
532 5515 577 5570 si
626 5517 762 5572 infra
812 5518 957 5575 ﬁnita
1009 5529 1246 5590 tempora
1296 5521 1695 5591 resipiscerent,
1740 5523 1808 5578 ad

291 5700 314 5729 ¹
345 5696 507 5751 Forte
525 5699 585 5751 ab
604 5698 831 5757 Ecclesia
856 5702 936 5757 vel
967 5703 1204 5758 adversus
1221 5701 1527 5761 Ecclesium.
1548 5704 1810 5762 lluntmt.

1924 4600 2220 4670 pra-dicatis
2263 4607 2679 4662 sacramentum,
2716 4604 2772 4649 ttt
2800 4596 3176 4664 omnipotentis
3211 4596 3307 4651 Dei
3334 4597 3508 4653 Patris

1922 4689 2376 4746 consubstantiale
2416 4688 2907 4758 sempiternumque
2940 4688 3193 4753 Verbum,
3238 4691 3379 4760 quod
3421 4692 3506 4747 in-

1923 4768 2285 4838 coinmutabili
2327 4780 2526 4835 deitate
2566 4789 2622 4834 et
2664 4778 2997 4834 incarnatum
3034 4790 3135 4847 est,
3179 4790 3235 4835 et
3275 4784 3343 4835 ab
3388 4782 3507 4852 ipso

1923 4875 2206 4931 ineﬁabilis
2246 4872 2611 4943 conceptionis
2640 4872 2881 4938 exordio,
2913 4887 3075 4943 quam
3118 4874 3219 4928 sibi
3261 4875 3314 4929 in
3354 4886 3506 4930 utero

1928 4968 2157 5037 Virginis
2184 4968 2371 5021 matris
2394 4973 2640 5034 potenter
2667 4966 2938 5029 instruxit,
2965 4981 3126 5018 ttnum
3155 4967 3507 5035 eamdemque

1923 5062 2104 5118 Jesnm
2131 5059 2401 5116 Christum
2433 5057 2713 5112 Dominum
2742 5065 3003 5121 nostrum,
3036 5071 3199 5110 unum
3229 5058 3505 5112 eumdem-

1926 5169 2029 5225 que
2055 5162 2110 5208 et
2135 5151 2228 5207 Dei
2256 5160 2310 5206 et
2337 5148 2570 5204 hominis
2600 5146 2815 5212 Filium,
2848 5162 3010 5200 unum
3040 5148 3395 5217 eutndemque
3427 5148 3507 5201 itt-

1925 5245 2175 5309 conluse,
2210 5241 2437 5297 indivise
2469 5238 2634 5292 Deum
2673 5237 3051 5308 hominemque
3096 5237 3357 5291 veraciter
3388 5251 3506 5304 per-

1926 5344 2227 5392 manentem
2269 5332 2581 5386 intemerata
2613 5328 2784 5382 Patris
2829 5329 2944 5397 lege
2972 5329 3261 5397 prolatum,
3309 5325 3361 5379 in
3404 5331 3505 5380 hoc

1926 5428 2125 5484 mundo
2154 5426 2315 5481 fuisse
2341 5423 2687 5493 conspicuum
2717 5419 3103 5497 [perspicuum],
3132 5418 3311 5474 divina
3342 5416 3503 5470 simul

1924 5522 2261 5591 humanaque
2308 5518 2568 5590 gessisse;
2614 5525 2910 5581 mortuum,
2958 5522 3117 5581 atque
3164 5524 3228 5565 ex
3277 5510 3500 5563 mortuis
