4046 6188
551 202 656 254 θοπ

1836 195 2087 253 FrZLlClS
2123 190 2323 247 raras
2361 192 2433 247 tu.
3663 203 3740 259 Μ

551 318 942 380 exsurgentem,
991 310 1044 364 in
1087 310 1257 364 Patris
1302 309 1519 365 dextera
1571 307 1841 373 residere;
1887 309 2119 376 itemque
2149 305 2199 365 Δ
2226 302 2401 358 Cretas
2430 319 2563 357 circa
2594 297 2844 358 ducatum
2866 303 3092 374 prwbem
3122 318 3237 358 cum
3265 306 3437 360 eodem
3459 321 3681 379 mergatur
3702 315 3742 368 iu

554 401 676 454 inde
717 408 1016 465 venturum,
1051 408 1109 453 ut
1146 410 1229 455 est
1266 399 1409 454 visus
1448 400 1524 455 ire
1568 399 1622 453 in
1661 399 1848 462 caelos,
1896 406 2118 452 eatenus

556 492 949 558 profiterentur,
978 501 1237 559 quatenus
1273 489 1555 545 Librorum
1600 498 1860 544 memorat
1906 488 2119 542 traditio

552 584 870 645 divinorum,
920 595 974 638 et
998 582 1197 637 Nicaeni
1244 582 1454 638 concilii
1500 583 1686 647 forma,
1742 582 1899 636 sicuti
1945 579 2119 634 cuncti

553 681 696 726 retro
735 673 1089 740 prgedicavere
1117 673 1391 741 pontiﬁces
1420 688 1435 725 :
1463 670 1540 725 sic
1578 686 1762 726 eorum
1810 680 1917 723 tam
1949 669 2125 738 Ephe-

554 765 672 816 sino
699 766 869 832 primo
894 774 1261 831 competenter
1292 764 1489 815 inserta
1518 761 1819 820 conventui,
1851 775 1956 827 quo
1982 759 2122 813 beati

557 869 703 920 papa:
732 852 1001 909 leestini
1029 853 1354 921 temporibus
1384 850 1693 905 Nestoriana
1724 850 1887 917 pestis
1916 848 2121 902 exstin-

555 953 639 997 cta
669 952 780 1007 est,
813 957 968 1007 quam
998 944 1134 996 datis
1163 951 1401 1012 augusta:
1431 941 1703 995 memoria:
1734 939 1897 994 Leoni
1926 952 2126 993 sancite

556 1035 828 1089 memoria:
870 1034 1061 1088 Leonis
1111 1050 1259 1103 papa:
1315 1034 1553 1103 epistolis
1608 1034 1833 1103 capitula
1888 1034 2124 1102 subjecui

556 1134 814 1179 teStantur
862 1142 872 1175 :
918 1125 1107 1187 quibus
1156 1125 1239 1178 vir
1282 1124 1375 1180 ille
1416 1126 1701 1180 consulens
1757 1125 1916 1179 etiam
1967 1128 2129 1177 totius

554 1213 783 1267 Orientis
806 1215 819 1243 ¹
846 1214 1131 1282 episeOpis,
1154 1229 1445 1284 eorumque
1473 1230 1749 1284 responsa,
1779 1215 2131 1281 subscriptio-

556 1319 758 1371 nesque
805 1320 966 1373 super
1006 1304 1191 1375 synodi
1247 1302 1696 1360 Chalcedonensis
1749 1307 2130 1375 approbatione

555 1396 885 1462 SUrcipieﬂS,
936 1410 998 1447 ea
1047 1395 1347 1449 nullatenus
1396 1410 1582 1463 passus
1625 1404 1708 1450 est
1753 1396 1973 1461 mutari;
2024 1409 2131 1463 quo

558 1484 724 1551 magis
777 1482 1076 1538 Christiana
1137 1494 1317 1539 tuente
1373 1486 1689 1554 perpendit,
1750 1495 1804 1541 et
1860 1486 1960 1540 hoc
2012 1502 2132 1540 esse

558 1591 762 1641 verum,
789 1578 929 1645 quod
966 1593 1084 1631 cum
1112 1577 1304 1631 divinis
1334 1577 1717 1633 assertionibus
1744 1579 2129 1643 catholicorum

2220 395 2418 463 foveam
2442 394 2655 465 (Matth.
2684 398 2794 464 xv).
3350 462 3353 463 ν

2293 483 2407 537 Non
2433 494 2513 539 est
2541 484 2659 549 hoc,
2686 498 2784 537 oro
2810 491 2883 546 te,
2915 483 3234 538 acerrimum
3260 482 3557 540 decrevisse
3579 491 3746 557 pericu-

2223 575 2354 642 lum,
2381 575 2594 646 quando
2623 590 2721 631 nec
2747 576 2944 631 sauciis
2982 575 3269 630 adhibetur
3296 575 3443 629 firma
3488 582 3688 643 curatio,
3711 593 3747 637 et

2222 670 2366 722 sanis
2405 668 2663 737 ingeritur
2701 668 3002 722 miseranda
3041 666 3328 737 contagio?
3366 666 3496 721 Nam
3529 674 3748 736 quomodo

2224 758 2373 812 aiunt
2396 759 2567 813 sedari
2591 774 2766 827 posse,
2789 758 2833 812 si
2856 760 2907 812 in
2933 759 3108 836 futuro
3133 759 3342 813 furores
3362 774 3491 814 suos
3511 763 3753 828 patiantttti

2225 848 2359 916 Quid
2391 856 2473 901 est
2502 848 2628 903 illud
2665 847 2845 903 dicere
2880 849 2991 915 jam
3030 862 3245 902 causam
3284 850 3482 902 nullam
3518 865 3755 919 superesse

2225 938 2555 1007 ci-rtaminis,
2585 937 2682 991 nisi
2712 937 2974 991 hmreticis
3001 937 3220 992 victoria
3249 938 3540 992 tribuatur?
3563 942 3758 997 Proinde

2226 1029 2418 1099 quibus
2457 1030 2637 1083 inferri
2676 1029 3038 1098 castigationis
3065 1030 3261 1097 aliquid
3288 1032 3448 1085 etiam
3478 1036 3753 1102 corporalis,

2229 1127 2288 1170 ut
2339 1128 2489 1186 pater
2541 1118 2835 1185 benignus,
2910 1119 3218 1182 horrescis;
3273 1121 3439 1172 multo
3488 1124 3761 1179 clementius

2228 1224 2411 1263 eorum
2439 1212 2643 1263 animas
2674 1224 2776 1263 non
2807 1210 3025 1277 patiaris
3056 1210 3323 1279 intercipi,
3353 1213 3445 1264 sed
3475 1212 3550 1279 pia
3580 1216 3762 1283 deposi-

2230 1301 2377 1356 tione
2415 1315 2748 1367 compressos
2785 1300 2998 1355 tandem
3028 1302 3182 1356 subdi
3224 1304 3385 1355 facias
3422 1305 3667 1357 catholico
3693 1322 3763 1359 sa-

2231 1392 2455 1455 cerdoti,
2512 1400 2570 1445 ut
2609 1406 2751 1445 verre
2786 1392 3146 1461 generationis
3186 1392 3429 1446 ellectum
3459 1402 3511 1446 et
3555 1408 3765 1449 securum

2232 1483 2441 1537 sibimet
2467 1482 2752 1549 profutura:
2774 1482 3160 1538 communionis
3188 1484 3442 1537 auxilium
3472 1499 3768 1555 consequan-

2234 1583 2340 1627 tur.
2396 1574 2633 1640 Sulijecit
2684 1575 2834 1628 vobis
2882 1574 3058 1627 divina
3114 1576 3447 1643 providentia
3502 1577 3767 1632 facultatem

554 1669 624 1722 de
666 1678 776 1722 toto
819 1670 951 1725 orbe
994 1669 1272 1723 domorum
1311 1647 1465 1739 longe
1503 1680 1785 1739 antequam
1829 1671 2130 1740 hujusmodi
2162 1658 2208 1718 Β
2234 1682 2334 1735 qua
2365 1665 2547 1719 itidem
2579 1664 2871 1735 el'friugatis
2899 1680 3059 1734 opera
3089 1665 3435 1747 perfidorum.
3480 1667 3670 1736 Depulit
3696 1669 3769 1723 ille

555 1763 781 1829 quarstio
810 1772 1116 1818 nasceretur
1138 1804 1154 1829 ,
1194 1763 1541 1818 consonantia
1570 1764 1763 1834 ubique
1786 1763 1924 1817 dicta
1954 1765 2132 1819 conci-

557 1863 813 1916 nnerant;
862 1860 919 1906 et
963 1852 1081 1907 ideo
1129 1855 1268 1907 nulla
1316 1854 1598 1908 iteratione
1640 1854 1971 1919 refudienda,
2012 1870 2132 1925 quas

555 1950 863 1996 constarent
887 1943 1006 2009 jure
1034 1943 1281 1996 damnata
1312 1962 1325 1995 :
1359 1959 1426 1999 ne
1454 1959 1557 1998 non
1599 1948 1770 1998 solum
1812 1960 1970 2000 causa
1997 1960 2135 2016 prte-

555 2044 680 2084 sens
721 2032 771 2083 in
812 2045 970 2085 omne
1014 2032 1259 2087 catholici
1311 2033 1543 2087 nominis
1591 2035 1842 2088 extendat
1887 2036 2129 2101 exitium,

558 2119 655 2173 sed
695 2120 859 2174 etiam
895 2122 1101 2175 cunctis
1142 2122 1367 2176 residuis
1406 2122 1613 2190 publica
1653 2124 1786 2179 bella
1831 2126 2131 2179 resumendi

561 2210 819 2274 pandatur
869 2210 1101 2273 occasio,
1145 2210 1189 2264 si
1231 2211 1467 2280 quolibet
1509 2214 1688 2279 modo,
1732 2212 1871 2281 quod
1906 2214 2073 2268 semel
2103 2229 2132 2267 a

559 2299 829 2353 veteribus
861 2299 1238 2356 universaliter
1266 2302 1502 2356 decisum
1531 2313 1635 2369 est,
1669 2314 1983 2358 retractetur
2014 2324 2027 2357 :
2058 2306 2132 2359 uti

559 2403 679 2443 esse
720 2391 828 2458 jam
873 2391 1158 2459 pervidetis
1201 2392 1575 2447 Alexandrina:
1620 2391 1874 2447 Ecclesiae
1915 2409 2135 2462 perver-

560 2496 757 2546 sorem,
804 2481 1014 2537 funesta
1051 2483 1141 2536 diu
1188 2483 1502 2552 impunitate
1543 2495 1896 2553 grassantem.
1946 2487 2135 2541 vestris

562 2576 1029 2645 prmceptionibus,
1059 2577 1255 2645 quibus
1287 2577 1480 2632 merito
1507 2576 1705 2631 dudum
1732 2579 1985 2648 probatur
2027 2580 2135 2649 eje—

560 2678 699 2733 ctus,
737 2683 857 2723 esse
896 2669 1239 2723 nihilominus
1267 2669 1605 2736 abigendum.

632 2761 715 2814 An
747 2777 851 2814 non
897 2775 1007 2827 ipse
1043 2770 1125 2814 est
1153 2775 1245 2827 per
1276 2759 1487 2829 triginta
1530 2773 1701 2813 annos
1739 2758 2015 2814 catholicae
2043 2759 2135 2813 dc-

563 2864 740 2905 sertor
768 2853 1039 2916 Ecclesiw,
1074 2853 1515 2921 inimicorumque
1550 2851 1666 2921 ejus
1701 2861 1933 2907 sectator
1959 2862 2014 2908 et
2039 2853 2136 2907 do-

562 2954 699 3004 ctor,
731 2952 784 2994 et
811 2941 874 2994 ad
910 2942 1232 2995 fundendum
1264 2943 1574 3010 sanguinem
1616 2957 1831 3010 semper
1858 2944 2018 2997 velox‘
2038 2943 2135 2997 fuit

2233 1767 2429 1812 nostra:
2471 1757 2745 1825 religionis
2778 1767 3137 1825 vastatorem;
3179 1771 3273 1811 vos
3308 1756 3376 1810 ab
3404 1757 3523 1826 ejus
3550 1758 3772 1813 Ecclesia:

2232 1851 2529 1906 cervicibus
2557 1851 2905 1919 irruptionem
2928 1848 3209 1904 deturbate
3238 1848 3566 1919 prmdonum.
3591 1849 3771 1905 Pacavit

2232 1942 2322 1997 ille
2343 1941 2722 2010 rempublicam
2748 1940 2910 2012 (sicut
2929 1948 3109 1995 vester
3124 1954 3337 2008 quoque
3359 1953 3538 1993 sermo
3560 1945 3773 2007 testatur)

2231 2050 2261 2088 a
2281 2033 2561 2105 tyrannide
2577 2032 2845 2095 haeretica;
2870 2031 3167 2085 libertatem
3193 2046 3287 2083 vos
3308 2029 3374 2083 ab
3393 2030 3522 2098 ipsis
3544 2032 3775 2084 haereseos

2232 2124 2652 2195 praeceptoribus
2673 2127 2897 2193 populos
2913 2135 3161 2177 eruentes
3184 2121 3504 2176 Christianis
3526 2120 3775 2175 restituite.

2233 2218 2327 2273 Ille
2370 2233 2465 2272 vos
2510 2216 2647 2271 aula:
2694 2200 2944 2287 legitima:
3007 2214 3239 2269 resumit
3300 2215 3632 2283 imperatoris
3678 2212 3779 2280 jure

2232 2309 2512 2373 suli'uhos;
2554 2307 2761 2362 reddite
2800 2321 2894 2361 vos
2939 2307 3192 2375 magisno
3231 2305 3580 2375 discipulum;
3625 2304 3778 2358 sedem

2235 2402 2371 2455 beati
2400 2398 2558 2455 Marci
2590 2398 2930 2469 evangelista:
2959 2397 3025 2451 ad
3062 2398 3495 2451 communionem
3522 2393 3778 2451 beatissimi

2235 2494 2400 2557 Petri,
2427 2493 2496 2547 de
2522 2492 2643 2545 vitae
2671 2505 2856 2546 eorum
2888 2488 3091 2543 meritis
3119 2488 3409 2543 devotione
3442 2486 3670 2542 reducite
3697 2502 3709 2536 :
3735 2493 3784 2537 ut

2235 2587 2351 2656 ipso
2385 2586 2438 2639 in
2484 2584 2636 2636 vobis
2673 2596 2809 2652 opus
2847 2582 3044 2635 bonum
3075 2580 3402 2648 perlicienle,
3436 2579 3527 2648 qui
3568 2575 3781 2645 creperit,

2236 2692 2424 2731 secure
2449 2675 2634 2727 audire
2657 2671 2970 2727 mereamini
2998 2689 3011 2722 :
3049 2670 3147 2735 Qui
3171 2668 3555 2738 perseveraverit
3577 2681 3716 2734 usque
3739 2669 3783 2716 in

2236 2769 2409 2834 ﬁnem,
2432 2764 2515 2818 hic
2539 2766 2707 2818 salvus
2734 2765 2828 2816 erit
2852 2761 3067 2834 (Matth.
3099 2780 3156 2825 χ,
3180 2760 3299 2828 24);
3332 2768 3385 2813 et
3413 2760 3482 2812 ad
3510 2769 3607 2813 tua:
3630 2755 3786 2825 gloria:

2235 2860 2527 2921 cumulum,
2561 2856 2631 2909 ita
2663 2855 2776 2909 vice
2802 2854 2891 2906 Dei
2923 2851 3235 2920 praesideas,
3265 2852 3533 2906 verendus
3558 2850 3787 2903 veiaciter

2236 2952 2469 3004 existens
2509 2944 2806 2999 Divinitatis
2841 2944 3106 3006 imitator,
3157 2953 3317 3010 atque
3354 2941 3534 2995 adhuc
3570 2940 3620 2993 in
3654 2939 3789 2992 rebus

560 3039 614 3081 et
638 3030 944 3095 promptus?
968 3029 1208 3097 Nunquid
1230 3028 1298 3082 ad
1323 3030 1458 3083 hanc
1485 3032 1635 3084 istam
1659 3032 2131 3087 dissimulationem
2160 3018 2206 3080 Ο
2240 3036 2619 3106 temporalibus
2643 3034 2980 3098 constitutus,
3000 3032 3110 3100 jam
3136 3032 3437 3100 experieris
3464 3040 3520 3087 et
3546 3044 3720 3085 munus
3744 3028 3788 3082 in

560 3131 747 3171 sumus
782 3118 1009 3186 quadam
1056 3133 1121 3173 ex
1166 3119 1502 3172 conviveutia
1542 3118 1897 3193 [conniventiaj
1937 3138 2137 3192 praece-

563 3211 767 3280 ptoris?
839 3211 895 3265 In
940 3225 1046 3279 quo
1096 3225 1280 3265 revera
1326 3225 1429 3265 non
1482 3220 1569 3267 est
1621 3227 1755 3283 opus
1808 3215 2138 3271 discussione

560 3303 774 3368 subtili;
824 3302 946 3373 quia
992 3301 1109 3371 ejus
1146 3311 1325 3369 aperta
1357 3311 1480 3356 sunt
1516 3303 1762 3358 crimina.
1798 3305 1950 3360 Dolet
1992 3317 2138 3362 certe

562 3393 730 3461 pietas
758 3404 867 3456 tua,
896 3393 1037 3463 quod
1065 3407 1157 3461 per
1181 3392 1462 3448 diuturnos
1482 3396 1646 3462 partis
1675 3398 1895 3453 alterna:
1916 3412 2136 3468 graves-

557 3500 664 3549 que
700 3484 976 3538 conllictus
1013 3484 1161 3537 multi
1200 3500 1263 3538 ex
1306 3485 1406 3538 hoc
1441 3486 1637 3539 saeculo
1668 3487 1946 3543 videantur
1972 3490 2135 3547 ablati

558 3584 650 3629 aut
679 3576 1009 3643 baptismatis
1050 3586 1141 3629 aut
1172 3575 1561 3629 communionis
1601 3588 1866 3645 expertes.
1898 3580 2010 3634 Sub
2036 3584 2137 3636 hoc

559 3680 690 3734 ergo
715 3667 941 3733 praesule
966 3680 1032 3717 ne
1057 3664 1164 3718 sint
1185 3664 1455 3734 baptizati,
1478 3673 1529 3718 et
1558 3665 1857 3739 efficiantur
1878 3670 2134 3737 haeretici,

558 3764 613 3806 et
657 3756 772 3807 sine
815 3757 1193 3810 communione
1237 3765 1550 3820 transeant,
1601 3774 1665 3812 ne
1714 3762 1764 3813 in
1807 3761 2133 3829 perditorum

562 3846 823 3913 pravitate
848 3847 1094 3901 deficiant
1128 3860 1143 3901 :
1176 3857 1231 3901 nt
1256 3848 1698 3918 quemadmodum
1729 3852 1983 3922 scriptum
2010 3867 2090 3910 est
2118 3872 2134 3911 :

2239 3139 2492 3183 aeternam
2523 3125 2615 3180 tibi
2643 3124 3022 3181 beatitudinem
3055 3132 3432 3192 prseparatum.

2310 3217 2462 3288 Quod
2494 3231 2626 3272 vero
2655 3225 2848 3271 cuncta
2896 3214 3088 3268 litteris
3118 3229 3223 3268 non
3265 3222 3556 3283 potuerunt
3581 3223 3793 3282 compre-

2245 3312 2407 3367 hendi
2468 3325 2587 3381 quae
2640 3308 2837 3374 negotii
2886 3306 3113 3377 qualitas
3166 3322 3271 3361 non
3333 3307 3465 3361 siuit
3515 3304 3783 3375 prmteriri,

2240 3404 2481 3474 quazdam
2501 3400 2897 3457 venerabilibns
2924 3399 3121 3454 nostris
3142 3398 3393 3454 fratribus
3416 3408 3473 3454 et
3492 3395 3796 3469 coepiscopis

2245 3498 2398 3560 meis,
2449 3494 2638 3563 quibus
2680 3506 2808 3546 cura
2851 3490 3132 3561 legationis
3182 3490 3420 3558 injuncta
3465 3499 3570 3559 est,
3607 3488 3800 3557 praprio

2242 3588 2381 3657 apud
2428 3601 2521 3640 vos
2562 3585 2763 3653 agenda
2811 3597 3060 3637 sermone
3104 3582 3389 3636 commissa
3432 3593 3577 3636 sunt.
3627 3580 3799 3634 Precor

2242 3688 2302 3733 ut
2345 3693 2407 3732 ea
2448 3690 2672 3747 qumque
2717 3683 2773 3729 et
2817 3674 3002 3728 audire
3047 3673 3327 3742 benignus,
3380 3681 3440 3727 et
3487 3670 3802 3727 indifficulter

2242 3783 2499 3833 annuere,
2550 3776 2657 3821 tum
2703 3781 2799 3835 pro
2846 3766 3123 3820 catholicas
3169 3764 3513 3819 observantia
3559 3761 3799 3823 veritatis,

2244 3869 2353 3914 tum
2383 3859 2542 3914 etiam
2576 3873 2672 3928 pro
2702 3859 2850 3926 regni
2881 3855 3048 3911 vestri
3080 3855 3479 3923 incolumitate,
3514 3851 3802 3925 dignemini.

1930 3979 1957 4007 ⁸
1991 3971 2319 4031 EPISTULA
2350 3973 2438 4029 Ill.

1563 4072 1631 4109 ΑΙ)
1669 4072 1878 4112 Ρετιιυιί
1918 4076 2213 4130 Γυιιιοδει,
2255 4082 2320 4119 El
2361 4079 2556 4119 SYNODO
2593 4078 2827 4119 BOIANA.

563 4141 1036 4219 OstenditPetrnm
1065 4140 1359 4207 Fullonem,
1389 4145 1528 4219 alias
1560 4146 1855 4213 Cnapheum
1877 4187 1893 4211 ,
1926 4166 2025 4202 non
2051 4154 2217 4206 solum
2244 4155 2297 4207 in
2332 4154 2628 4218 Valentini,
2659 4152 2955 4215 Manicltwi,
2985 4151 3119 4219 Arii,
3162 4151 3399 4216 Sabellii,
3431 4150 3744 4215 Apollinaris
3766 4156 3806 4201 et

629 4212 923 4295 Eutychets
953 4214 1209 4295 naveset,
1246 4229 1417 4295 verum
1456 4217 1613 4295 etiam
1654 4212 1938 4295 inuertere;
1967 4224 2261 4290 gentilitatis
2316 4226 2485 4295 plures
2533 4212 2651 4277 deos
2692 4212 2960 4295 asserentis
3004 4212 3259 4295 incidisse.
3320 4212 3523 4295 Deinde
3577 4230 3735 4274 monet
3765 4226 3811 4269 ut

628 4281 913 4366 rc‘shipifrat,
946 4291 992 4333 et
1031 4283 1165 4366 qunotil
1191 4284 1241 4366 ir:
1260 4281 1522 4366 .T'risagio,
1553 4285 1847 4340 Crucilixus
1870 4281 2085 4358 propter
2116 4309 2233 4359 nos,
2258 4281 2447 4348 addere
2472 4311 2573 4346 non
2600 4302 2856 4362 oporteat,
2876 4292 2992 4347 Ὀτι
3016 4294 3072 4346 οὐ
3099 4290 3177 4347 δεῖ
3205 4294 3484 4366 προσθῆναι
3516 4295 3567 4345 ἐν
3586 4298 3657 4360 τῷ
3683 4310 3810 4366 τρισε

631 4363 759 4425 αγίῳ
782 4351 840 4406 Ὀ
868 4352 1183 4424 σταυρωθιὶς
1210 4349 1273 4408 δι’
1293 4349 1449 4421 ἡμᾶς.

1532 4423 1553 4454 ³
1582 4421 1729 4479 Felix
1756 4425 2039 4498 episcopus
2064 4429 2225 4489 Petro
2253 4433 2507 4504 episcopo
2535 4432 2851 4488 Antiochiae.

630 4537 756 4597 Quis
787 4538 923 4590 dabit
952 4538 1108 4607 capiti
1136 4553 1244 4592 meo
1273 4554 1476 4607 aquam,
1504 4548 1551 4593 et
1597 4542 1756 4595 oculis
1796 4544 1918 4596 meis
1944 4545 2131 4613 fontem

2302 4553 2391 4610 Τίς
2434 4549 2586 4605 δώσει
2623 4556 2685 4623 τῇ
2724 4548 2905 4623 κεφαλῇ
2943 4568 3039 4618 μου
3071 4547 3240 4622 ὕδωρ,
3279 4551 3365 4601 καί
3401 4555 3516 4607 τοῖς
3562 4547 3811 4622 βλεφάροις

558 4629 901 4698 lacrymarum
927 4630 1065 4701 (Jer.
1098 4633 1210 4701 ix)?
1234 4633 1455 4699 Qualem
1504 4643 1679 4688 autem
1709 4646 1763 4689 et
1799 4636 2014 4704 dignum
2042 4637 2136 4692 lle-

559 4727 672 4772 tum
701 4722 957 4773 adducam
988 4722 1182 4776 anima:
1213 4739 1367 4790 meae,
1397 4724 1687 4778 condolens
1719 4725 1927 4779 Domini
1956 4728 2134 4781 Salva-

562 4814 694 4864 toris
738 4815 899 4864 nostri
930 4811 1126 4865 ChriSti
1156 4828 1353 4868 sancta:
1402 4815 1677 4870 catholicae
1724 4827 1775 4870 et
1827 4820 2133 4886 apostolica

563 4903 850 4958 Ecclesiae?
882 4902 1004 4972 Ipsa
1043 4905 1179 4957 enim
1228 4908 1434 4975 plorans
1475 4911 1688 4979 ploravit
1737 4928 1888 4980 super
1912 4913 2046 4980 ﬁlios
2086 4924 2132 4966 et

636 5115 658 5141 ι·
701 5104 930 5175 llaecest
969 5103 1055 5157 illa
1092 5106 1341 5175 synvdica
1374 5108 1594 5175 epistola
1634 5124 1751 5173 qua:
1786 5108 1946 5161 missa
1984 5120 2066 5163 est
2103 5126 2133 5163 a

564 5176 791 5248 concilio
825 5173 1059 5248 llomano
1089 5173 1152 5226 aii
1187 5173 1702 5248 Petrumiliullonem
1724 5221 1736 5240 ,
1769 5195 1869 5248 qua
1902 5189 2016 5244 post
2051 5197 2134 5233 re.

562 5247 758 5300 rutatos
802 5247 915 5311 ejus
960 5259 1170 5299 errores
1216 5247 1555 5315 btasphemos
1606 5247 2026 5317 pritna’actioue
2073 5250 2136 5303 ad

636 5357 651 5385 ί
684 5354 837 5408 Forte
858 5356 1135 5422 episcopos.
1172 5355 1430 5409 llsuootx.

635 5428 653 5455 ²
687 5428 806 5478 llaec
828 5436 873 5476 et
905 5440 1133 5491 sequens
1155 5426 1391 5489 epistolae
1420 5441 1520 5478 non
1554 5427 1761 5489 Felicis,
1794 5427 1886 5480 sed
1915 5427 2128 5491 Simpli-

562 5496 631 5547 cii
660 5505 802 5546 sunt.
854 5494 954 5546 Eas
983 5494 1344 5560 supposititias
1384 5500 1522 5558 putat
1559 5497 1793 5549 Vah-sius
1839 5499 1971 5550 lib.t
2018 5498 2125 5549 0h-

562 5578 704 5615 surv.
738 5578 872 5615 sacr.
907 5566 969 5615 ad
1006 5564 1309 5632 livagrium,
1334 5567 1425 5617 sed
1454 5576 1508 5618 ut
1541 5569 1797 5625 genuinas
1833 5576 2010 5621 luet-ur
2032 5570 2127 5617 Ρα-

2234 4662 2333 4714 μου
2353 4648 2520 4714 πηγήν
2547 4642 2775 4717 δακρύων
2800 4645 2937 4716 (Ἱερ.
2957 4641 3029 4708 lx)
3050 4657 3065 4703 ;
3089 4649 3233 4695 Ποῖον
3255 4638 3307 4693 δέ
3330 4642 3414 4693 καὶ
3440 4636 3586 4703 ἄξιον
3612 4638 3815 4711 ὀδυρμόν

2235 4738 2493 4809 προσοίσω
2608 4737 2831 4804 ἐμαυτοῦ
2854 4734 3036 4805 ψυχῇ,
3066 4733 3323 4803 συναλγῶν
3357 4739 3418 4803 τῇ
3448 4737 3548 4784 τοῦ
3574 4729 3814 4784 δεσπότου

2233 4827 2319 4878 καὶ
2346 4834 2574 4898 σωτῆρος
2608 4831 2828 4899 Χριστοῦ
2862 4824 2983 4896 ἁγίᾳ
3012 4823 3237 4894 καθολικῇ
3269 4823 3354 4874 καὶ
3382 4821 3698 4891 ἀποστολικῇ
3726 4826 3817 4869 Ἐκ-

2236 4915 2446 4989 κ).ησίᾳ;
2486 4917 2744 4969 Κλκίουσα
2772 4914 3018 4969 ἕκλκυσεν
3054 4913 3183 4968 αὕτη
3221 4913 3303 4966 ἐπὶ
3340 4911 3507 4971 υἱοῖς,
3544 4913 3636 4962 καὶ
3670 4911 3817 4978 θυγα-

2243 5113 2658 5180 t‘csipiscendum
2684 5113 2980 5167 admonitus
3007 5112 3125 5165 fuit.
3158 5112 3289 5168 Vide
3315 5129 3430 5183 qua:
3455 5113 3711 5167 diximus
3735 5092 3821 5162 ibi-

2243 5186 2364 5238 dem
2398 5186 2449 5237 iu
2481 5185 2621 5238 notis
2649 5185 2888 5253 ejusdem
2919 5183 3153 5237 concdii.

2240 5357 2356 5422 gius
2379 5353 2443 5406 ad
2475 5349 2563 5407 an.
2610 5352 2735 5407 Chr.
2784 5352 2905 5416 £78,
2936 5367 2989 5403 u.
3019 5351 3050 5403 9
3080 5362 3130 5405 et
3155 5366 3333 5420 seqq.,
3364 5363 3417 5405 et
3461 5369 3562 5406 an.
3617 5352 3743 5416 485,
3771 5366 3816 5402 η.

2233 5427 2323 5480 25.
2362 5426 2477 5478 Vid.
2501 5424 2581 5477 Cl.
2609 5424 2797 5478 Mnileii
2824 5422 3189 5491 praelationem
3231 5426 3295 5477 ad
3325 5423 3517 5492 Suppl.
3556 5429 3724 5479 Arae.
3748 5424 3815 5473 ln~

2236 5498 2309 5549 lt'n
2333 5496 2705 5549 exliibmniattt.
