4046 6188
311 361 420 416 903

1515 354 1862 410 EPISTULA“.
1904 350 1987 406 er
2029 351 2362 406 uacuum.
3175 389 3231 420 Α

3464 363 3568 419 906

311 479 448 546 ﬁlias
477 491 614 540 suas,
647 484 692 527 et
723 489 822 527 non
864 481 936 526 est
965 473 1052 542 qui
1077 472 1364 525 consoletur
1408 484 1536 535 eam,
1573 488 1637 526 ex
1661 471 1877 524 omuibw

1996 471 2171 543 τράσιν
2197 472 2370 529 αὐτῆς.
2396 472 2480 523 καί
2500 471 2604 540 οὐχ
2633 470 2864 546 ὑπάρχει
2884 473 2909 527 ὁ
2929 477 3236 551 παρακαλῶν
3256 481 3432 540 αὐτὴν,
3465 483 3566 536 ἀπὸ

306 571 395 636 qni
427 567 646 635 diligunt
671 581 782 618 eam
811 562 1024 632 (Thr-en.
1053 563 1114 632 ι).
1150 561 1390 617 Uuiversi
1416 561 1623 632 tyranni
1652 572 1707 615 et
1730 561 1889 614 haere-

308 656 537 710 siarchas
589 662 970 723 persequentes
1019 651 1224 719 ipsam,
1287 651 1733 718 apprehenderunt
1776 667 1887 704 eam

311 761 406 814 per
455 755 528 809 te,
571 745 736 798 l'rater
780 743 1215 809 honoratissime,
1265 751 1319 796 et
1363 742 1654 812 amigentes
1695 742 1886 812 ipsam,

310 836 433 905 fecti
465 845 583 888 sunt
609 835 666 888 in
690 843 840 900 caput
868 834 1000 903 ejus.
1027 833 1211 888 Omnis
1234 832 1396 886 decor
1421 833 1602 900 ipsius,
1633 842 1884 902 quantum

312 930 363 982 iu
405 937 455 982 te
496 937 604 989 est,
637 928 806 980 Iactus
852 935 936 980 est
979 924 1043 978 ad
1101 924 1342 979 nihilum.
1386 924 1640 980 Videntes
1688 924 1887 979 inimici

309 1020 460 1085 ejus,
515 1018 682 1089 gavisi
727 1027 850 1071 sunt
891 1032 1051 1086 super
1123 1017 1420 1084 perditione
1476 1017 1702 1070 Iiliorum
1745 1015 1883 1084 ejus.

308 1113 452 1178 Quos
475 1111 616 1164 enim
645 1110 868 1173 foverat,
891 1123 1027 1178 quos
1057 1108 1384 1176 enutrierat,
1416 1122 1550 1177 quos
1569 1108 1635 1161 ad
1667 1122 1882 1163 mensu-

309 1217 423 1254 ram
450 1200 624 1254 anatis
656 1199 1004 1268 produxerat,
1029 1197 1270 1267 lacteque
1299 1207 1538 1267 paverat,
1561 1197 1886 1266 propheticis

307 1302 364 1346 et
409 1293 718 1360 apostolicis
765 1289 1045 1355 doctrinis,
1079 1290 1176 1342 hos
1235 1298 1288 1341 tu
1350 1303 1456 1342 uno
1485 1289 1743 1357 temporis
1772 1302 1888 1342 mo-

305 1394 491 1438 mento
554 1397 762 1438 veneno
819 1381 1042 1435 necasti.
1090 1379 1544 1446 Quemadmodum
1591 1381 1738 1434 enim
1797 1380 1883 1448 qui

305 1477 654 1544 piseationem
707 1480 1002 1535 sectantur,
1053 1470 1267 1523 hamum
1315 1484 1433 1523 esca
1479 1481 1787 1540 contegunt,
1832 1479 1887 1524 et

302 1582 375 1620 ex
418 1566 717 1635 improviso
737 1563 956 1633 capiunt
977 1563 1147 1631 pisces
1171 1580 1192 1614 ηε
1227 1564 1302 1617 sic
1332 1572 1385 1617 et
1416 1573 1468 1616 tu
1495 1564 1751 1630 angelica:
1775 1563 1886 1617 lau-

302 1659 509 1712 dationi
534 1657 857 1711 additionem
881 1655 1156 1720 iuduxisti,
1178 1664 1232 1710 et
1253 1656 1477 1725 trisigiw
1496 1655 1883 1724 deprecatioui,

305 1750 462 1819 quasi
494 1750 700 1814 metatis
723 1749 970 1812 obtentu,
1002 1747 1170 1802 diram
1203 1749 1523 1817 impietatem
1546 1747 1879 1816 excogitasti.

1991 560 2193 613 πάντων
2219 568 2318 614 τῶν
2344 561 2656 630 ἀγαπώντων
2677 564 2830 621 αύτήν
2847 565 3015 636 (Θρὴν.
3043 567 3082 636 ι)
3125 566 3373 633 Ἀπαντες
3402 575 3448 627 οἱ
3475 597 3563 628 κα-

1989 650 2322 714 ταδιώκοντες
2355 657 2507 713 αὐτὴν
2533 658 2761 731 τύραννοί
2789 679 2842 712 τε
2861 698 2873 722 ,
2905 665 2988 714 καί
3017 664 3380 741 αἶρεσιᾶρχαι,
3413 672 3562 724 κατέ·

1987 743 2134 796 λαϐον
2159 745 2314 803 αύτὴν
2343 743 2426 798 διὰ
2454 751 2569 810 σοῦ,
2600 745 2774 821 ἁδελφέ
2801 755 3066 814 τιμιὼτατε
3085 769 3097 780 '
3128 761 3210 809 καὶ
3237 759 3282 810 oi
3309 759 3566 821 θλίϐοντες

1989 834 2139 892 αὐτὴν
2175 836 2398 906 ἐγένοντο
2454 838 2525 896 εἰς
2563 839 2769 910 κεφαλήν
2807 842 2986 901 αὐτῆς.
3047 850 3194 899 Πᾶσα
3231 850 3261 904 ἠ
3289 850 3565 923 εὐπρέπεια

1989 946 2008 977 ι
2023 925 2161 985 ύτῆς,
2184 926 2244 979 τὸ
2265 925 2377 979 ὅσον
2399 929 2482 980 ἐπὶ
2504 931 2604 982 σοί.
2624 930 2814 1001 ἐγένετο
2837 937 2906 992 εἰς
2923 932 3080 988 οὐδέν.
3097 935 3309 998 ’ἰδόντες
3327 942 3372 992 οὶ
3393 942 3567 1015 ἐχθροί

1989 1013 2165 1077 αὐτῆς,
2196 1016 2466 1089 ἐχάρησαν
2496 1019 2582 1070 ἐπὶ
2607 1028 2668 1089 τῇ
2699 1020 2919 1094 ἀπωλείᾳ
2945 1031 3044 1076 τῶν
3065 1027 3245 1079 τέκνων
3271 1025 3448 1090 αῦτῆς·
3477 1013 3566 1091 οὓς

1986 1103 2083 1176 γὰρ
2109 1105 2390 1179 ἐξέθρεψεν,
2418 1109 2765 1168 ἐτιθηνήσατο.
2799 1109 2885 1170 οῦς
2913 1114 2980 1172 εἰς
3010 1116 3191 1188 μέτρον
3220 1118 3409 1178 ἡλικίας
3439 1123 3562 1179 ἀνήρ

1987 1215 2128 1265 γαγε.
2175 1195 2694 1272 γαλακτοτροφήσασα
2727 1212 3049 1275 προςνητικοῖς
3089 1209 3172 1259 καί
3202 1208 3564 1273 ἀποστολικοὶς

1988 1280 2230 1355 δόγμασι,
2261 1289 2474 1347 τούτους
2499 1290 2546 1341 ἐν
2566 1295 2657 1360 μιᾷ
2680 1299 2855 1362 καιροῦ
2875 1294 3003 1369 ῥοπῇ
3025 1293 3109 1348 διὰ
3129 1294 3427 1374 δηλητηρίου
3452 1304 3564 1373 ἐφό-

1987 1396 2192 1436 νευσας.
2239 1380 2352 1432 Καθ’
2383 1376 2435 1433 ὃν
2461 1382 2558 1455 γάρ
2586 1383 2776 1454 τρόπον
2813 1385 2860 1436 οί
2887 1391 2976 1442 τήν
3006 1385 3284 1447 ἁλιευτικὴν
3311 1395 3562 1468 μετερχὸο

1987 1488 2141 1537 μενοι,
2165 1473 2407 1545 βρώμασι
2427 1474 2484 1526 τὸ
2502 1470 2777 1549 ἄγκιστρον
2794 1475 3127 1543 καλύπτουσι,
3148 1483 3235 1533 καὶ
3255 1484 3560 1554 ἀπροὸπτως

1985 1559 2108 1621 τούς
2132 1560 2323 1629 ἰχθύας
2364 1563 2698 1636 ἁγρεύουσιν·
2731 1565 2892 1626 οὕτως
2927 1571 3007 1621 καί
3033 1571 3096 1622 σύ
3127 1579 3188 1644 τῇ
3218 1579 3314 1624 τῶν
3341 1575 3561 1644 ἀῃέλων

1986 1649 2255 1726 ύμνοὶογίᾳ
2283 1655 2576 1728 προσθήκην
2610 1656 2887 1728 ἐπήγαγες.
2930 1661 3016 1712 καί
3039 1666 3276 1736 τρισαγίᾳ
3315 1663 3455 1738 λιτῇ,
3492 1669 3561 1725 ὡς

1989 1740 2042 1791 ἐκ
2070 1744 2349 1814 προσώπου
2383 1745 2662 1810 εὐσεϐείας,
2694 1747 2933 1800 ἀσέϐειαν
2962 1749 3240 1812 ἐπενόησας
3275 1751 3458 1812 δεινήν.
3480 1763 3558 1810 Ἐκ

305 1841 388 1893 Ex
441 1838 682 1909 pluribus
739 1841 882 1894 enim
929 1838 1284 1893 Orientalibus
1341 1837 1628 1906 provinciis
1675 1839 1877 1892 litteras

1983 1831 2172 1885 πολλῶν
2196 1835 2292 1908 γὰρ
2318 1835 2577 1909 ἐπαρχιῶν
2596 1845 2695 1890 τῶν
2719 1841 2848 1894 κατά
2873 1845 2960 1898 τήν
2984 1844 3250 1904 ’Λνατολήν
3277 1849 3558 1921 γράμματα

303 1929 662 1998 suscepimus,
702 1928 1059 1998 signiﬁcantes
1088 1928 1241 1981 nobis
1295 1929 1561 1996 quomodo
1608 1929 1878 1982 veneratio

305 2033 394 2075 tua
440 2022 639 2074 dudum
687 2021 915 2091 sopitum
949 2018 1301 2073 Valentiniani
1333 2018 1522 2086 dogma
1572 2019 1875 2086 resumpsit,

304 2123 361 2168 et
408 2113 649 2166 irritatur
676 2127 705 2165 a
748 2112 897 2165 vobis
925 2109 1215 2165 Salvatoris
1269 2108 1599 2172 incarnatio;
1631 2110 1878 2177 quodque

306 2206 361 2260 in
392 2207 804 2261 Manichazorum
832 2206 1020 2275 dogma
1043 2213 1100 2258 et
1128 2204 1260 2267 Arii,
1291 2213 1346 2257 et
1369 2203 1711 2272 Apollinaris,
1747 2204 1879 2257 I‘au-

304 2297 448 2363 lique
475 2296 806 2349 Samosateui
829 2295 1122 2349 incidi~tis.
1156 2293 1346 2348 Dicere
1374 2295 1517 2347 enim
1555 2293 1876 2362 unigenitum

304 2383 497 2438 Filium
522 2394 583 2439 et
608 2385 890 2439 Dominum
937 2393 1176 2439 nostrum
1208 2382 1475 2439 Christum
1503 2383 1682 2437 Iesum
1707 2383 1878 2452 perle-

301 2486 446 2531 ctum
477 2493 580 2532 non
613 2493 731 2533 esse
761 2479 812 2532 iu
841 2478 1060 2542 deitate,
1106 2487 1266 2546 atque
1296 2478 1346 2531 in
1378 2477 1712 2532 humanitate
1758 2493 1878 2548 per-

305 2567 525 2635 fectum,
579 2585 678 2624 nec
722 2570 893 2638 ipsum
942 2569 1150 2623 suhisse
1202 2567 1502 2637 passionem
1554 2568 1750 2634 crucis,
1785 2567 1877 2622 sed

305 2675 468 2712 titiam
527 2659 683 2714 Verbi
746 2661 836 2715 Dei
887 2670 1129 2714 naturam
1169 2660 1520 2722 incarnatam,
1581 2671 1879 2726 corpusque

300 2751 513 2805 Domini
545 2754 662 2806 sine
692 2751 864 2806 anima
913 2760 967 2806 et
995 2759 1201 2817 mente,
1253 2739 1579 2820 Apollinaris
1629 2749 1875 2804 Ineresim

298 2846 541 2900 roborat.
575 2847 664 2900 Ille
715 2846 856 2900 enim
894 2845 1176 2915 ignoravit,
1209 2843 1348 2911 quod
1405 2841 1472 2896 ah
1528 2841 1661 2910 ipsis
1691 2842 1873 2895 mundi

299 2938 573 2990 nascentis
599 2936 833 2990 exordiis
862 2937 1092 3004 primum
1124 2933 1298 2987 anima
1330 2932 1481 3000 primi
1510 2931 1747 3000 parentis
1779 2946 1871 2984 uo-

297 3029 398 3081 stri
431 3037 636 3080 mortua
659 3034 759 3091 est,
785 3027 867 3079 vel
898 3025 950 3079 in
974 3034 1200 3079 mortem
1229 3023 1556 3093 prmeipitata
1587 3030 1689 3086 est,
1717 3029 1877 3090 atque

298 3119 373 3170 ita
401 3116 613 3171 demum
641 3131 856 3185 corpus.
896 3115 1103 3168 Dictum
1131 3115 1326 3182 quippe
1353 3111 1426 3165 illi
1454 3121 1535 3166 est
1572 3125 1601 3163 a
1631 3111 1736 3164 De)
1761 3126 1775 3164 :
1812 3110 1876 3163 In

1981 1919 2269 1987 ἐδεξάμεθα,
2294 1927 2358 1978 τά
2396 1929 2700 1992 σημαίνοντα
2732 1932 2869 1998 ἡμῖν,
2898 1933 2966 1991 ὦς
2995 1933 3074 1988 ὅτι
3100 1939 3130 1992 ἡ
3163 1943 3229 1994 σὴ
3255 1919 3471 2010 θεοφιλία
3501 1943 3557 1994 τὸ

1978 2013 2136 2066 πάλαι
2153 2017 2398 2072 σιωηθέν
2411 2017 2731 2071 Οὐαλεντίνου
2748 2019 2912 2093 δόγμα
2927 2026 3189 2090 κατέλαϐε,
3208 2032 3292 2082 καὶ
3309 2033 3558 2088 ἀθετεῖται

1980 2103 2104 2179 παρ’
2131 2107 2270 2177 ὑμῶν
2291 2110 2320 2165 ἡ
2347 2113 2596 2184 σωτήριος
2627 2113 3030 2186 ἐνανθρώπηο-ις,
3062 2123 3142 2172 καὶ
3171 2119 3247 2175 ὅτι
3273 2125 3344 2182 εἰς
3370 2125 3427 2178 τὸ
3454 2137 3559 2180 Μα-

1979 2199 2209 2265 νιχαῐκὸν
2237 2196 2400 2268 δόγμα
2443 2199 2635 2274 Ἀρείου
2665 2221 2740 2266 τε,
2764 2208 2845 2257 καὶ
2866 2204 3237 2284 Ἀπολινγρίςυ,
3261 2217 3345 2267 καί
3360 2217 3556 2271 Παύλου

1979 2293 2066 2338 τοῦ
2097 2290 2422 2357 Σαμοσατέως
2460 2292 2840 2364 περιηνέχθητε.
2875 2297 2942 2348 Τὸ
2983 2300 3082 2372 γὰρ
3115 2306 3185 2370 μὴ
3220 2301 3376 2374 λέγειν
3404 2301 3556 2373 ’μονο-

1977 2384 2094 2446 γενῆ
2122 2378 2208 2431 τὸν
2235 2377 2364 2441 Υίὸν,
2391 2381 2474 2431 καὶ
2493 2382 2672 2455 κύριον
2698 2385 2834 2451 ἡμῶν
2857 2385 3053 2444 Ἰησοῦν
3073 2391 3284 2464 Χριστὸν
3312 2388 3438 2446 εἶναι
3461 2396 3555 2447 τὲ·-

1979 2466 2106 2520 λειον
2134 2469 2184 2522 ἐν
2211 2468 2423 2534 θεότητι,
2456 2471 2536 2523 καὶ
2561 2470 2744 2525 τέλειον
2765 2474 2816 2526 ἓν
2841 2476 3208 2548 ἁνθρωπότητι,
3240 2482 3390 2533 αὐτὸν
3415 2503 3468 2535 τε
3497 2485 3554 2538 τὸ

1980 2560 2138 2620 πάθος
2166 2561 2222 2614 τὸ
2247 2569 2340 2616 τοῦ
2365 2568 2591 2638 σταυροῦ
2620 2564 3050 2636 ὑπομεμενηκέναι
3070 2609 3083 2632 ,
3117 2571 3240 2626 ἀλλὰ
3266 2575 3385 2642 μίαν
3409 2572 3555 2647 φύσιν

1980 2655 2068 2702 τοῦ
2093 2656 2222 2703 Θεοῦ
2258 2651 2418 2723 Λόγου
2449 2655 2855 2725 σεσαρκωμένην,
2883 2653 3092 2727 ἄψυχόν
3122 2681 3176 2713 τε
3208 2664 3288 2714 καὶ
3317 2659 3465 2717 ἄνουν
3494 2667 3551 2718 τὸ

1979 2745 2065 2792 τοῦ
2110 2743 2298 2812 Κυρίου
2339 2749 2518 2811 σῶμα,
2561 2748 2649 2801 τήν
2682 2745 3018 2820 Ἀπολιναρίου
3058 2750 3251 2822 αἷρεσεν
3296 2758 3548 2824 κρατ’νει’

1980 2829 2160 2890 ἐκεῖνος
2182 2833 2280 2906 γίιρ
2321 2837 2389 2902 μη
2418 2832 2642 2901 ἐγνωκώς
2683 2832 2761 2888 ὅτι
2795 2836 2903 2891 ναι-⁸
2931 2840 3087 2896 αὐτὴν
3122 2845 3210 2898 τήν
3242 2840 3429 2916 ἕναρῖιν
3463 2854 3553 2904 τῆς

1979 2921 2314 2990 κοσμοποιίάς
2383 2931 2577 3001 πρῶτον
2618 2927 2649 2982 ἡ
2703 2925 2855 2996 ψυχὴ
2890 2934 2978 2982 ⁴τοῦ
3020 2932 3426 3004 πρωτοπλὰστον
3469 2943 3548 2988 ναὶ

1979 3014 2299 3085 προπάτορος
2339 3015 2640 3074 ἐθανατώθη,
2678 3021 2757 3070 καί
2780 3013 2864 3070 εἷθ’
2890 3019 3048 3078 οὕτως
3073 3023 3130 3075 τὸ
3166 3031 3337 3092 σῶμα’
3368 3027 3550 3095 ἐλέχθη

1979 3104 2076 3178 γὰρ
2096 3105 2222 3175 πρὸς
2244 3106 2394 3160 αύτὸν
2419 3106 2518 3160 ύπὸ
2546 3113 2640 3162 τοῦ
2670 3107 2890 3180 Θεοῦ,ᾞ
2915 3109 2956 3164 δ’
2979 3106 3037 3164 ἂν
3057 3113 3219 3186 ἡμέρα
3249 3117 3430 3188 φάγητε
3452 3119 3550 3171 ἀπὸ

297 3223 600 3277 quacunque
646 3207 728 3260 die
770 3205 1088 3260 comederiu's
1117 3205 1178 3257 de
1217 3205 1354 3274 ligno
1398 3203 1622 3256 scientiw
1661 3201 1780 3254 boni
1825 3210 1869 3254 et

1979 3201 2065 3247 τοῦ
2095 3195 2264 3260 ξύλου,
2283 3197 2472 3266 θανάτῳ
2501 3198 2823 3254 ἀποθανεῖσθε
2854 3198 3042 3271 (Γενὲσ.
3078 3202 3156 3271 It).
3188 3209 3319 3260 Κατὰ
3351 3203 3441 3260 οὖν
3463 3215 3552 3267 τὴν

296 3298 447 3361 mali,
474 3307 634 3350 morte
662 3296 944 3349 moriemini
976 3293 1129 3362 (Gen.
1174 3295 1252 3362 ιι).
1297 3294 1476 3363 Itaque
1519 3293 1668 3362 juxta
1711 3292 1870 3346 latam

296 3389 352 3441 iu
391 3389 535 3441 illum
583 3401 613 3439 a
647 3388 754 3441 Deo
805 3388 1145 3451 sententiam,
1199 3387 1249 3438 in
1293 3387 1402 3452 ipsa
1434 3385 1727 3438 secundum
1759 3387 1873 3438 ani-

297 3494 442 3531 mam
475 3489 717 3532 mortuus
761 3485 867 3533 est.
920 3476 1046 3537 Nam
1079 3476 1247 3544 ipsius
1293 3475 1534 3544 corporis
1561 3490 1706 3529 mors
1753 3485 1874 3544 post

296 3579 600 3639 nongentos
631 3578 683 3623 et
717 3569 922 3639 triginta
974 3581 1142 3622 annos
1171 3567 1414 3635 conligit.
1461 3565 1642 3635 Itaque
1671 3566 1869 3620 donum

296 3675 408 3714 non
463 3659 792 3714 dimidiatum
845 3659 989 3723 fecit,
1043 3658 1138 3712 sed
1186 3667 1351 3712 totum
1404 3657 1562 3712 simul
1595 3659 1762 3712 Adam
1806 3674 1870 3714 ex

297 3763 458 3806 utero
488 3751 718 3821 Virginis
765 3753 1014 3821 sumpsit,
1059 3760 1116 3806 ut
1159 3752 1319 3806 etiam
1365 3751 1652 3819 perditum,
1702 3759 1870 3806 totum

300 3843 515 3896 salvum
568 3843 784 3898 faceret.
836 3843 1038 3898 Idcirco
1080 3853 1135 3898 et
1183 3843 1434 3897 Dominus
1472 3843 1582 3912 ipse
1621 3843 1870 3899 dicebat:

298 3934 416 4003 Ego
445 3937 667 3988 animam
701 3952 862 3989 meam
893 3953 984 4008 pro
1005 3937 1177 3990 ovibus
1208 3953 1341 4006 pono
1368 3935 1546 4007 (Joan.
1579 3936 1655 4005 tt).
1689 3936 1872 3990 Valen-

299 4027 397 4080 tini
430 4027 554 4080 item
609 4037 662 4081 et
708 4027 1009 4092 Marcionis,
1057 4028 1576 4096 Mattichmorumque
1606 4042 1669 4083 ac
1701 4029 1715 4058 ¹
1745 4043 1873 4098 gen-

298 4116 472 4169 tilium
505 4119 758 4171 innutrare
789 4117 867 4171 vis
893 4117 1157 4186 dogmata.
1189 4119 1244 4175 Si
1277 4119 1418 4174 enim
1463 4118 1604 4173 Deus
1651 4127 1753 4180 εει,
1785 4118 1873 4186 qui

297 4208 643 4262 divisihiliter
675 4218 834 4278 atque
880 4212 1297 4266 suhstautialiter
1325 4223 1406 4266 est
1436 4221 1699 4276 mortuus,
1731 4211 1878 4264 simi-

305 4299 434 4352 liter
487 4308 698 4352 sunctus
729 4298 957 4368 Spiritus
987 4301 1144 4366 Deus,
1193 4311 1246 4356 et
1295 4304 1407 4370 ipse
1452 4303 1784 4357 divisihiliter
1814 4317 1877 4356 ac

297 4389 729 4445 sulistautialiter
758 4392 1089 4456 invenio-tur;
1123 4391 1302 4460 sicque
1333 4393 1480 4461 juxta
1509 4404 1647 4447 tuam
1677 4402 1732 4448 et
1764 4395 1880 4447 illo-

299 4494 423 4532 rum
475 4480 753 4544 rationem,
779 4488 891 4534 'tres
939 4481 1009 4535 dii
1054 4492 1232 4546 erunt,
1285 4498 1345 4535 ac
1379 4499 1472 4549 per
1499 4484 1603 4538 hoc
1643 4485 1871 4552 plurium

1978 3284 2230 3358 ἀπόφασιν
2256 3291 2344 3344 τὴν
2375 3288 2476 3342 ἀπὸ
2501 3297 2590 3344 τοῦ
2617 3296 2744 3343 Θεοῦ
2771 3291 2882 3345 κατ’
2903 3294 3056 3347 αὐτοῦ
3087 3295 3468 3366 ἐπενεχθεῖσαν,
3502 3300 3549 3351 ἐν

1977 3374 2009 3449 ᾖ
2036 3379 2198 3451 ἡμέρᾳ
2234 3376 2416 3452 ἔφαγεν
2465 3382 2563 3434 ἀπὸ
2597 3389 2684 3434 τοῦ
2724 3382 2874 3445 ξύλου
2911 3391 3001 3439 τοῦ
3043 3390 3362 3458 γινώσκοντος
3405 3391 3549 3445 καλὸν

1975 3469 2058 3520 καὶ
2079 3469 2317 3541 πονηρὸν,
2342 3470 2391 3521 ἐν
2418 3471 2546 3543 αὐτῇ
2575 3471 2850 3530 ἐθανατώθη
2881 3472 3139 3542 ψυχικῶρ
3164 3477 3188 3530 ὁ
3214 3480 3312 3553 γὰρ
3336 3485 3425 3532 τοῦ
3449 3484 3549 3533 σώ⁴

1974 3579 2135 3627 ματος
2174 3562 2328 3612 αὐτοῦ
2358 3561 2566 3620 θάνατος
2595 3563 2763 3633 γέγονε
2797 3566 2926 3632 μετὰ
2963 3563 3251 3620 ἐννεακὲσια
3287 3571 3370 3621 καί
3403 3571 3550 3643 τριά-

1973 3670 2119 3705 κοντα
2145 3648 2253 3708 ἔτη.
2284 3649 2339 3703 Ὀ
2367 3655 2528 3704 τοίνυν
2557 3653 2678 3712 Θεὸς
2707 3655 2812 3723 ούχ
2851 3655 3076 3725 ἡμιτελὲς
3104 3659 3160 3711 τὸ
3197 3656 3357 3734 δῶρον
3386 3661 3545 3715 αὐτοῦ

1973 3742 2226 3805 ἐποίησεν,
2245 3739 2348 3795 ἀλλ’
2373 3738 2481 3794 ὅλον
2509 3741 2636 3812 ὁμοῦ
2660 3743 2744 3797 τὸν
2763 3742 2924 3814 ’Δδάμ
2951 3747 3000 3798 ἐκ
3026 3751 3222 3822 μήτρας
3244 3752 3545 3827 παρθενικῆς

1973 3832 2228 3893 ἀνέλαϐεν.
2257 3834 2338 3886 ἵνα
2374 3836 2454 3886 καί
2483 3832 2588 3886 ὅλον
2625 3835 2709 3887 τίν
2741 3835 3034 3892 ἀπολωλότα
3069 3838 3322 3915 διασώσῃ·
3361 3841 3435 3898 διὸ
3463 3847 3549 3899 καί

1973 3922 2146 3995 ἔλεγεν
2175 3923 2200 3978 ὁ
2236 3927 2434 3999 Κύριος,
2469 3929 2590 3998 Ἐγώ
2624 3931 2712 3987 τήν
2738 3927 2918 4000 ψυχήν
2956 3952 3052 4001 μου
3087 3933 3256 4004 τίθημι
3291 3934 3424 4011 ύπέρ
3453 3944 3550 3991 τῶν

1974 4019 2245 4091 προϐάτων
2281 4016 2459 4088 (Ὶωὰν.
2486 4018 2541 4088 x)
2560 4035 2574 4048 '
2606 4023 2866 4095 κρατύνειν
2894 4020 2946 4076 δέ
2978 4024 3146 4092 βούλει
3175 4029 3251 4079 καῖ
3286 4029 3552 4082 Οὐαλεντὶ-

1976 4132 2095 4174 νου,
2127 4114 2207 4164 καί
2233 4115 2558 4184 Μαρκίωνος,
2589 4116 2884 4183 Μανιχαίων
2923 4134 2975 4168 τε
2997 4154 3010 4176 ,
3044 4119 3123 4167 καὶ
3164 4115 3548 4179 Βασιλιδιανῶν,

1976 4201 2053 4258 ἔτι
2094 4207 2188 4272 μὴν
2223 4206 2304 4256 καί
2338 4203 2570 4260 Ἑλλήνων
2607 4204 2671 4258 τὰ
2701 4204 3074 4279 θρησκεύματα.
3117 4206 3173 4257 Εἰ
3215 4207 3316 4280 γὰρ
3361 4208 3486 4266 Θεὸς
3523 4207 3549 4261 ὁ

1979 4295 2240 4348 ἀποθανών
2271 4292 2560 4368 διαιρετῶς,
2597 4295 2680 4346 xi
2713 4293 2996 4358 ούσιωδῶς,
3030 4297 3271 4355 ὡσαύτως
3301 4294 3354 4349 δὲ
3379 4299 3464 4350 καὶ
3492 4299 3548 4352 τὸ

1981 4384 2119 4458 ἅγιον
2151 4391 2345 4456 Πνεῦμα
2375 4387 2527 4447 Θεὸς,
2564 4387 2646 4438 καὶ
2677 4386 2801 4438 αὐτὸ
2831 4381 3122 4456 διαιρετῶς,
3148 4386 3231 4438 καί
3259 4382 3511 4444 ούσιωδῶς
3531 4401 3545 4415 ⁸

1982 4478 2362 4550 εὓρεθήσονται,
2402 4478 2468 4536 ὡς
2503 4476 2629 4528 κατὰ
2667 4475 2752 4528 τὸν
2794 4476 2882 4529 σὸν
2911 4477 2997 4528 καί
3035 4476 3118 4527 τῖν
3157 4475 3348 4527 ἐκείνων
3378 4475 3547 4546 λόγον,

300 4571 529 4622 deorum
563 4571 848 4624 invalesce:
874 4586 1024 4623 error
1051 4588 1061 4622 :
1089 4585 1449 4640 quantumque
1477 4573 1526 4625 in
1553 4582 1602 4626 te
1631 4583 1732 4637 est,
1758 4588 1874 4627 eva-

1979 4577 2111 4644 τρεῐς
2138 4569 2269 4630 Θεοί,
2302 4570 2384 4620 καί
2412 4564 2496 4620 διὰ
2524 4571 2675 4621 τοῦτο
2698 4567 3083 4640 κρατννθήσεται
3108 4571 3197 4623 τῆς
3224 4564 3491 4624 πολυθεέας
3519 4568 3548 4624 ἡ

300 4658 552 4712 cuahitur
598 4659 723 4712 ιΙΙυιΙ
765 4677 775 4710 :
820 4661 980 4723 Audi,
1010 4660 1206 4726 Israel,
1258 4660 1509 4714 Dominus
1559 4661 1694 4716 Deus
1736 4672 1872 4727 tuus,

301 4747 558 4800 Dominus
608 4765 739 4802 unus
780 4760 850 4802 est
897 4749 1072 4819 (Deut.
1107 4750 1203 4820 IV).
1251 4749 1377 4804 Item
1424 4751 1561 4820 quod
1607 4753 1680 4804 ait
1728 4753 1876 4807 Jeru-

298 4839 490 4892 mias:
539 4837 640 4891 llic
696 4839 829 4893 Deus
877 4849 1066 4906 uoster,
1116 4857 1216 4894 non
1256 4843 1576 4910 reputabitur
1631 4844 1764 4897 alius
1808 4845 1876 4896 ad

299 4945 422 4980 eum
461 4926 706 4998 (Barnch.
757 4930 859 4999 ιιι).
909 4930 1168 4986 Similiter
1207 4941 1263 4987 et
1306 4934 1560 4988 Dominus
1607 4953 1622 4990 :
1672 4935 1740 4990 Ut
1794 4953 1877 4990 co-

295 5027 553 5086 gnoscant
583 5028 631 5071 te
658 5019 1017 5072 solum'verum
1060 5018 1222 5074 Deum
1252 5022 1427 5090 (Joan.
1455 5024 1609 5095 xm).
1636 5025 1873 5094 Cumque

297 5107 581 5173 Scriptura
614 5123 775 5161 uumn
811 5109 996 5177 Deum,
1031 5119 1268 5165 sanetam
1300 5123 1353 5165 et
1398 5114 1724 5170 imlividuam
1752 5118 1873 5170 Tri-

296 5202 528 5254 nitatem
565 5202 835 5276 prazdicet,
861 5213 913 5254 tu
945 5211 997 5256 et
1025 5203 1077 5256 hi
1109 5205 1195 5272 qui
1219 5213 1340 5257 ante
1381 5215 1432 5257 te
1462 5204 1672 5260 luerunt
1703 5208 1872 5261 haere-

295 5289 554 5358 δῖοι-εἰη,
607 5302 714 5345 tres
769 5292 906 5347 Deos
953 5292 1312 5361 dogmatizare
1360 5293 1477 5347 ausi
1522 5296 1673 5356 estis,
1712 5298 1874 5351 alium

294 5382 522 5452 quidem
572 5384 810 5443 dicentes
841 5383 1006 5436 Deum
1058 5383 1264 5438 Patrem
1317 5393 1507 5451 przcter
1552 5385 1780 5453 Filium,
1819 5397 1875 5442 et

293 5475 472 5528 alium
505 5476 667 5528 Deum
698 5473 886 5529 Filium
917 5483 1112 5542 praeter
1137 5473 1345 5528 Patrem
1368 5491 1381 5541 ;
1406 5489 1690 5546 rursusque
1709 5479 1871 5533 alium

299 5567 478 5620 [tcum
508 5565 761 5633 Spiritum
798 5576 1039 5618 sanctum
1086 5573 1282 5632 praeter
1313 5565 1518 5618 Patrem
1551 5573 1606 5619 et
1653 5565 1866 5622 Filium.

387 5757 402 5786 '
433 5753 614 5807 Grtrea
649 5748 818 5802 versio
841 5747 984 5800 addit
1013 5746 1372 5801 Basiliilinnos.

478 5850 743 5908 I'ntmL.
794 5844 1017 5904 LVIII.

1977 4660 2155 4718 πλάνη.
2174 4661 2258 4712 καί
2274 4656 2391 4712 ὅσον
2415 4656 2496 4709 ἐπὶ
2512 4659 2612 4715 σοὶ,
2635 4653 2986 4710 διεσκέδασται
3009 4652 3087 4718 τό,
3103 4652 3304 4715 Ἄκουε,
3325 4657 3548 4730 Ἰσραὴλ,

1979 4755 2155 4823 Κύριος
2179 4750 2203 4803 ὸ
2229 4750 2347 4809 Θεὸς
2368 4769 2486 4815 σου,
2510 4748 2693 4823 Κύριος
2716 4744 2785 4808 εἷς
2812 4750 2922 4803 ἐστι
2947 4749 3173 4823 (Δευτερ.
3200 4747 3294 4818 tv)'
3320 4751 3402 4802 καί
3425 4746 3547 4825 ὅπερ

1978 4841 2147 4914 ἔλεγεν
2177 4841 2202 4894 ὸ
2231 4842 2462 4914 Ἱερεμίας
2483 4855 2496 4868 ’
2525 4841 2699 4912 κύριος
2734 4838 2758 4892 ὸ
2787 4841 2908 4899 Θεὸς
2937 4841 3094 4908 ἡμῶνο
3121 4840 3176 4892 ού
3203 4837 3548 4908 λογισθήσεται

1977 4934 2148 5006 ἕτερος
2185 4931 2311 5002 πρὸς
2347 4930 2495 4984 αὐτὸν
2535 4927 2786 5001 (Βαρούχ.
2819 4943 2871 4980 III
2895 4928 2909 4995 )
2932 4944 2944 4957 '
2979 4926 3162 4998 ὁμοίως
3197 4925 3250 4981 δὲ
3285 4927 3310 4980 ὸ
3340 4930 3546 5001 Κύριος,

1972 5020 2077 5076 Ἰνα
2096 5023 2383 5094 γιν·ἱ;σκωσί
2408 5041 2466 5076 σε
2493 5021 2574 5075 τὸν
2598 5020 2745 5089 μόνον
2771 5020 2989 5077 ἀληθινὸν
3007 5017 3128 5072 Θεὸν
3160 5019 3347 5086 (Ίωοὶν.
3381 5031 3486 5069 XVII

1977 5117 2172 5172 καὶτῆς
2209 5114 2343 5171 θείας
2370 5121 2596 5186 Γραφῗς,
2639 5111 2727 5164 ἕνα
2763 5109 2883 5164 Θεὸν
2924 5115 3011 5167 τήν
3046 5108 3195 5182 ἁγίαν
3230 5106 3421 5181 Τριάδα
3465 5111 3549 5162 καί

1977 5203 2277 5280 ἀδιαίρετον,
2300 5203 2672 5275 κηρυττούσης.
2695 5204 2759 5255 σύ
2783 5203 2866 5253 καί
2887 5200 2931 5252 οἱ
2952 5201 3050 5274 πρὸ
3088 5206 3178 5252 σοῦ
3215 5199 3547 5274 αἷρεσιάρχαι

1955 5303 2116 5370 ’τρεῖς
2147 5296 2298 5353 Θεούς
2335 5291 2693 5365 ἐδογμοιτίσατε
2713 5306 2724 5317 ’
2755 5287 2898 5342 ἄλλον
2928 5291 3017 5358 μὲν
3055 5289 3279 5360 λέγοντες
3313 5288 3432 5342 Θεὸν
3458 5288 3545 5340 τὸν

1978 5387 2177 5456 Πατέρα
2213 5384 2351 5459 παρὰ
2379 5387 2462 5437 τίν
2495 5379 2631 5443 ἰ’ίόν,
2664 5381 2746 5433 καί
2780 5377 2948 5453 ἕτερον
2980 5378 3103 5431 Θεὸν
3140 5377 3224 5430 τὸν
3267 5377 3374 5429 Υίνὶν
3409 5374 3546 5444 παρὰ

1977 5475 2064 5529 τὸν
2095 5475 2319 5549 πατέρα·
2354 5476 2432 5526 καί
2461 5473 2607 5527 πάλιν
2637 5466 2777 5523 ἄλλον
2809 5467 2949 5528 Θείν,
2981 5468 3038 5519 τὸ
3068 5471 3261 5535 Πνεῦμα
3285 5465 3341 5517 τὸ
3371 5462 3510 5532 ἅγιον
3529 5502 3544 5523 .

1978 5567 2114 5634 παρὰ
2142 5567 2224 5619 τὸν
2251 5567 2446 5634 Πατέρα
2475 5563 2554 5616 καί
2587 5562 2671 5614 τὸν
2699 5559 2811 5613 ria»
2830 5575 2842 5588 ⁸
2875 5559 2956 5608 καί
2989 5555 3070 5609 τὸν
3101 5555 3190 5622 μὲν
3223 5553 3422 5622 θνητὸν,
3452 5554 3539 5606 καί

3192 5812 3269 5872 29
