4046 6188
441 395 536 451 911

1761 373 2029 433 FELiCIS
2071 376 2270 434 ΡΛΡᾹΞ
2310 377 2375 434 ιιι

3614 363 3728 430 9'19

441 509 705 568 stitutum,
750 510 803 556 ut
831 502 901 556 sis
927 501 1096 554 lumen
1121 497 1200 551 his
1220 497 1307 568 qui
1334 497 1387 552 in
1420 493 1635 548 tenebris
1665 502 1805 558 sunt,
1834 501 1880 548 et
1909 508 2024 546 eru-

2156 519 2240 562 02;,
2273 500 2354 550 καί
2373 494 2890 569 καλὸνγευσαμένους
2927 498 3052 548 Θεοῦ
3079 493 3239 570 ῥῆμα,
3263 498 3390 547 Θεοῦ
3413 491 3724 562 ἐντάλματα,

441 602 576 655 diter
605 595 954 668 insipientium
978 591 1154 663 (Rom.
1188 607 1244 659 ιι,
1275 588 1374 660 ii):
1408 588 1514 642 im»
1545 585 1862 654 insipientia:
1891 600 2030 655 pra:-

442 699 629 761 ceptor
657 703 736 754 es,
777 686 950 740 lucem
991 684 1044 738 in
1087 682 1337 738 tenebras
1364 678 1716 734 transferens.
1757 675 1891 731 Vide
1919 691 1947 729 a
1980 687 2031 731 te

443 781 669 854 populos
699 777 867 834 semel
896 776 1248 842 illuminatos,
1274 772 1362 843 qui
1390 773 1524 825 bona
1556 778 1908 840 gustavcrunt
1936 768 2032 822 Dei

443 876 631 942 verba,
675 872 770 928 Dei
813 870 1086 935 mandata,
1128 868 1217 922 Dei
1247 867 1580 936 pr0phetias.
1627 864 2035 934 praedicationes

444 967 567 1036 Dei,
623 964 944 1035 apostolicus
993 959 1442 1030 erangehcasque
1490 957 1785 1022 doctrinas,
1835 955 1931 1008 abs
1984 964 2036 1008 te

447 1059 681 1129 perverti
713 1055 901 1124 magis,
931 1069 995 1108 ac
1027 1051 1206 1106 doceri
1239 1067 1344 1105 non
1390 1049 1561 1105 solum
1595 1049 1909 1116 cruciﬁgere
1945 1046 2034 1101 Fi-

448 1152 579 1205 lium
612 1149 702 1203 Dei
735 1158 788 1202 et
817 1144 1050 1201 omentui
1077 1145 1294 1208 habere,
1326 1158 1510 1198 verum
1540 1152 1592 1197 et
1625 1142 1888 1196 contraria
1912 1156 2037 1195 sen-

451 1243 554 1297 tire
587 1239 879 1309 Scripturis
915 1237 1136 1304 divini-‘,
1165 1245 1217 1291 ct
1249 1245 1398 1304 pacta
1432 1236 1699 1305 ahuegare
1740 1248 1862 1302 quae
1889 1247 2039 1288 acce-

452 1337 642 1387 dentes
691 1331 757 1384 ad
809 1338 1055 1384 sanctum
1113 1327 1375 1396 baptisma
1434 1326 1692 1380 fecerunt.
1743 1324 1874 1378 Nam
1918 1337 2039 1378 cum

453 1439 632 1480 coram
657 1422 968 1478 caelestibus
992 1419 1281 1476 virtutibus
1310 1419 1582 1482 omnibus,
1611 1433 1793 1472 coram
1824 1427 2044 1485 aposto-

454 1517 572 1572 licis
625 1515 1054 1584 evangelicisque
1107 1513 1423 1577 ordinibus,
1483 1511 1651 1565 sancti
1710 1509 2042 1578 baptismatis

454 1620 697 1680 tempore
733 1597 1079 1678 promiserint
1124 1605 1346 1660 credere
1394 1607 1445 1658 in
1478 1620 1641 1658 unum
1676 1604 1840 1657 Deum
1874 1603 2046 1656 ontni-

456 1711 749 1772 potentem,
797 1717 938 1755 nunc
975 1700 1096 1754 illos
1126 1700 1176 1754 in
1221 1708 1332 1753 tres
1361 1697 1492 1752 deos
1530 1696 1754 1751 credere
1793 1695 2041 1749 ἀοιγυίειὶ.

456 1800 710 1858 ltursum,
728 1811 848 1850 cum
873 1792 1096 1864 polliciti
1123 1793 1229 1848 sint
1253 1791 1474 1847 credere
1495 1791 1548 1845 in
1571 1806 1732 1844 unum
1755 1789 2043 1843 Dominum

2135 594 2262 643 Θεοῦ
2292 589 2574 665 προφητικά
2596 587 2951 664 προρῥήματα,
2975 590 3102 640 Θεοῦ
3128 585 3457 650 ἀποστολικά,
3476 587 3558 638 καί
3579 585 3730 657 εὐαγ-

2134 681 2305 754 γελικά
2330 679 2635 752 διδάγματα,
2669 679 2856 750 μᾶλλον
2884 679 2983 734 ύπὸ
3013 684 3110 732 σοῦ
3139 677 3622 752 διαστρεφομένους,
3649 681 3734 731 καί

2136 769 2612 842 ἐκδιδασκομένους,
2663 773 2733 841 μή
2771 769 2919 840 μόνον
2958 770 3318 842 άνασταυροῦν
3359 771 3447 822 τὸν
3484 769 3600 823 Υίόν
3645 774 3733 822 τοῦ

2137 868 2298 926 Θεοῦ,
2344 865 2432 916 καί
2470 859 2967 939 παραδειγματίζειν,
3011 861 3135 914 ἀλλὰ
3175 863 3259 914 καὶ
3296 861 3495 915 ἐναντία
3542 868 3738 935 φρονεὲι

2137 961 2238 1007 τῶν
2266 954 2409 1006 θείων
2440 961 2646 1028 Γραφῶν
2669 971 2678 980 ·
2714 954 3109 1028 ἀπαρνήσασθαι
3137 949 3189 1006 δέ
3217 953 3301 1005 καί
3337 955 3430 1010 τάς
3457 956 3734 1011 συνθήκας,

2141 1043 2203 1104 ἃς
2252 1045 2516 1099 συνέθεντο
2567 1046 2708 1098 αύτοί
2753 1045 3051 1120 προσιόντες
3105 1051 3178 1116 τῷ
3226 1042 3352 1116 άγίῳ
3387 1044 3735 1115 βαπτίσματι.

2143 1139 2428 1208 Συνθὲμενοι
2453 1140 2552 1214 γάρ
2597 1138 2680 1190 ἐπὶ
2708 1135 2910 1192 πάντων
2956 1143 3056 1191 τῶν
3100 1137 3418 1210 χερουϐικῶν
3453 1135 3734 1204 δυνάμεων.

2145 1233 2229 1282 καὶ
2275 1236 2373 1283 τῶν
2416 1235 2768 1307 προφητικῶν,
2819 1231 2906 1283 καί
2957 1229 3304 1283 ἁποστολικῶν
3333 1230 3654 1301 ιταγμάτων,
3688 1231 3740 1282 ἔν

2144 1331 2218 1396 τῷ
2254 1330 2348 1379 τοῦ
2390 1324 2536 1395 άγίου
2589 1324 2955 1394 βαπτίσματος
3002 1329 3194 1395 καιρῷ,
3229 1324 3489 1376 πιστεύειν
3533 1325 3605 1383 εἰς
3653 1323 3743 1376 ἕνα

2147 1415 2269 1469 Θεὸν
2296 1415 2490 1487 Πατέρα
2511 1419 2918 1490 παντοκράτορα,
2941 1419 3029 1466 νῦν
3058 1417 3128 1476 εἰς
3155 1414 3299 1474 θεούς
3321 1422 3457 1488 τρεῖς
3478 1415 3743 1470 πιστεύειν

2149 1509 2332 1566 αὐτούς
2379 1505 2758 1571 ἐξεπαίδευσας.
2813 1507 2958 1560 Πάλιν
3001 1507 3308 1578 συνθεμένων
3345 1502 3619 1560 ’πιστεύειν
3668 1508 3750 1564 εἰς

2147 1597 2235 1651 ἕνα
2263 1598 2450 1668 Κύριον
2479 1596 2675 1654 Ἰησοῦν
2702 1597 2936 1673 Χριστὸν,
2969 1597 3054 1651 τὶν
3083 1597 3196 1650 Υίῦν
3226 1602 3316 1649 τοῦ
3336 1603 3484 1659 Θεοῦ,
3509 1597 3595 1651 τὸν
3618 1612 3746 1670 σαρ-

2150 1687 2386 1750 κωθέντα,
2429 1691 2513 1740 καὶ
2557 1687 3008 1762 ἐνανθρωπήσαντα
3035 1688 3089 1740 ἐκ
3133 1688 3423 1757 Πνεύματος
3451 1687 3621 1758 ἁγίου,
3654 1691 3743 1742 καί

2153 1780 2360 1852 Μαρίας
2388 1784 2478 1837 τῆς
2508 1779 2781 1851 παρθένου,
2813 1780 2878 1831 σύ
2907 1775 3216 1838 ἐκδιδάσκεις
3247 1779 3432 1839 αύτούς
3457 1784 3528 1848 μή
3561 1779 3744 1852 λέγειν,

455 1891 642 1943 .lesum
671 1887 941 1942 Christum
977 1885 1167 1939 Filium
1198 1886 1288 1938 Dei
1316 1886 1669 1947 incarnatum,
1697 1891 1751 1936 et
1773 1880 2044 1934 hominem

2156 1873 2236 1924 τιίν
2289 1871 2466 1944 Κύριον
2505 1871 2700 1928 Ἰησοῦν
2742 1872 2983 1943 Χριστὸν,
3033 1872 3120 1926 τίν
3169 1869 3280 1924 Υίὸν
3327 1877 3418 1924 τοῦ
3469 1876 3628 1937 Θεοῦ,
3657 1874 3748 1925 τὸν

450 1981 655 2034 factum
702 1979 766 2032 de
808 1977 1010 2046 Spiritu
1059 1985 1245 2029 sancto
1288 1982 1344 2028 et
1371 1975 1530 2027 Maria
1570 1971 1826 2054 Virgine;
1859 1983 1911 2023 tu
1955 1984 2048 2024 eos

459 2073 622 2126 doces
668 2085 735 2124 ne
781 2068 956 2122 dicant
1002 2067 1284 2120 Dominum
1321 2063 1502 2119 Jesum
1546 2063 1814 2117 Chrismm
1857 2060 2048 2115 Filium

461 2161 798 2216 Dei-crucem
834 2173 1148 2228 perpessum
1177 2171 1318 2221 esse,
1353 2156 1445 2224 qui
1477 2154 1619 2208 Deus
1644 2162 1730 2208 est
1756 2151 2048 2207 secundum

463 2253 845 2320 sempiternam
867 2261 920 2305 et
951 2246 1334 2317 impassibilem
1362 2260 1425 2300 ex
1451 2252 1602 2315 parte
1623 2243 2049 2314 generationem,

463 2355 520 2398 et
546 2343 686 2398 idem
722 2341 881 2396 homo
913 2339 1204 2394 secundum
1233 2353 1350 2391 eam
1382 2351 1486 2406 qua
1524 2335 1576 2390 in
1610 2334 1913 2388 noviSSEmis
1941 2334 2053 2388 die-

467 2435 566 2489 bus
589 2449 653 2488 ex
683 2444 852 2487 matre
878 2430 1094 2501 prodiit,
1119 2428 1410 2484 secundum
1433 2442 1594 2498 quam
1613 2429 1776 2481 etiam
1803 2425 2055 2479 sustinuit

466 2526 774 2597 passionem
807 2541 821 2576 ε
854 2523 948 2578 sed
979 2537 1141 2576 unum
1170 2519 1449 2575 Trinitatis
1481 2531 1752 2572 mortuum
1786 2529 1927 2583 esse,
1962 2516 2052 2584 qui

464 2625 551 2672 est
581 2615 752 2683 ipsum
775 2612 866 2667 Dei
892 2611 1144 2667 Verbum.
1163 2608 1407 2665 Confessi
1436 2618 1561 2664 sunt
1587 2622 1774 2662 rursus
1798 2607 2050 2677 Spiritum

465 2715 729 2772 sanctum,
757 2703 1026 2759 vivificqu
1055 2714 1107 2757 et
1143 2701 1526 2764 immortalem,
1559 2699 1803 2754 dicentes
1833 2698 2055 2754 credere

465 2799 519 2852 in
565 2796 826 2867 Spiritum
870 2804 1135 2862 sanctum,
1181 2791 1456 2846 dominum
1489 2798 1544 2846 et
1579 2791 1968 2854 vivificantem;
2002 2799 2057 2844 et

466 2889 749 2945 mmtalem
795 2901 915 2942 esse
951 2885 1106 2955 ponis
1135 2883 1393 2954 Spiritum
1416 2890 1845 2945 -sanctum,~cum
1875 2880 2052 2935 dicis:

467 2983 698 3037 Sanctus
723 2978 1059 3045 immortalis,
1078 2977 1165 3046 qui
1193 2975 1481 3031 crucifixus
1503 2989 1560 3029 es
1581 2988 1678 3044 pro
1694 2973 1864 3026 nobis.
1886 2973 2052 3041 Fuge,

468 3076 716 3140 nhs-cro,
749 3071 1050 3141 huiusmodi
1084 3085 1347 3126 errorem.
1372 3067 1655 3133 Corruisti,
1686 3067 1792 3120 noli
1825 3066 1876 3120 in
1904 3066 2054 3119 ruina

469 3167 778 3237 persistere.
808 3162 1070 3229 Peccasti,
1111 3162 1220 3232 jam
1260 3175 1482 3230 peccare
1508 3159 1638 3213 noli.
1678 3158 1966 3226 Exspectat
1992 3165 2056 3210 te

2155 1965 2379 2037 σταυρὶν
2409 1963 2852 2034 ὑπομεμενηκέναι,
2883 1961 2934 2022 ὅς
2963 1963 3072 2017 ἐστι
3103 1964 3227 2023 Θεὸς
3267 1965 3395 2017 κατὰ
3419 1968 3508 2022 τὸν
3534 1964 3587 2016 ἐκ
3614 1969 3745 2019 Θεοῦ

2151 2056 2233 2107 καὶ
2259 2055 2449 2123 Πατρός
2473 2057 2773 2130 προαιὼνιον
2797 2057 2882 2107 καί
2908 2055 3075 2113 άπαθῆ
3102 2055 3348 2125 γέννησιν,
3370 2058 3451 2107 καὶ
3478 2052 3749 2129 ἅνθρωπος

2152 2146 2178 2201 ὁ
2221 2149 2372 2208 αὐτὸς
2415 2149 2543 2202 κατὰ
2585 2152 2674 2206 την
2722 2147 2799 2203 ἐπ’
2815 2148 3056 2219 ἐσχάτων
3083 2149 3338 2219 γέννησιν,
3372 2146 3552 2206 καθ’ἥν
3578 2151 3666 2202 καί
3687 2150 3748 2203 τὸ

2150 2239 2312 2299 πάθος
2341 2241 2620 2310 ὑπέμεινεν
2651 2237 2845 2294 ἀλλ’ὅτι
2874 2239 2899 2294 ὁ
2926 2236 2996 2299 εἷς
3026 2247 3117 2299 τῆς
3145 2237 3356 2314 Τριάδος
3387 2240 3654 2302 ἀπέθανεν,
3687 2238 3750 2300 ὃς·

2155 2331 2291 2385 ἐστιν
2329 2333 2478 2391 αύτός
2513 2332 2539 2386 ὁ
2575 2334 2695 2392 Θεὸς
2732 2333 2909 2406 Λόγος.
2953 2333 3301 2406 Ὠμολὸγησαν
3329 2334 3476 2388 πάλιν
3513 2334 3565 2388 τὸ
3598 2332 3750 2406 ,ἅγιον

2161 2431 2359 2494 Πνεῦμα
2389 2429 2665 2488 ζωοποιέν,
2698 2428 2778 2479 καὶ
2817 2428 3085 2486 ἀθάνατον,
3121 2425 3344 2485 εἰπόντες
3387 2429 3652 2480 πιστεύειν
3677 2430 3752 2480 si:

2153 2519 2210 2570 τὸ
2243 2522 2436 2587 Πνεῦμα
2476 2517 2536 2570 τὸ
2575 2516 2745 2587 ἅγιον,
2779 2518 2836 2572 τὸ
2882 2518 3060 2592 Κύριον
3109 2521 3192 2571 καί
3231 2516 3510 2580 ζωοποιὸν·
3552 2520 3641 2571 καί
3681 2521 3752 2572 σὺ

2155 2610 2326 2668 θνητὸν
2374 2610 2673 2665 ύποτίθεσαι
2719 2605 2843 2665 εἶναι
2884 2613 2942 2666 τὸ
2992 2617 3191 2678 Πνεῦμα
3233 2610 3292 2663 τὸ
3336 2608 3508 2682 ἅγιον,
3541 2607 3628 2664 διὰ
3655 2617 3748 2664 τοῦ

2155 2699 2516 2776 λέγειν·’Δγιος
2538 2701 2810 2765 ἀθάνατος,
2833 2702 2858 2757 ὃ
2883 2704 3197 2775 σταυρωθείς
3222 2699 3284 2756 δι’
3302 2703 3459 2768 ἡμᾶς.
3474 2702 3752 2775 ’Δπὸιρυγε,

2155 2796 2462 2872 παρακαλῶ,
2494 2797 2686 2855 ταύτην
2725 2799 2814 2854 τὴν
2857 2795 3077 2852 πλάνην·
3112 2793 3342 2861 ἕπεσας,
3373 2799 3444 2866 μή
3492 2794 3754 2867 ἔπιμείνῃς

2155 2893 2229 2957 τῷ
2258 2889 2516 2958 πτώματι·
2549 2887 2772 2957 ἥμαρτες
2792 2925 2809 2951 ,
2851 2887 3025 2957 μηκέτι
3056 2882 3338 2960 ἁμάρτανε·
3370 2886 3605 2956 ἀναμένει
3632 2907 3689 2940 σε
3723 2889 3755 2944 ἡ

2158 2978 2279 3048 ἁγία
2317 2986 2405 3034 τοῦ
2434 2986 2561 3033 Θεοῦ
2592 2979 2849 3040 ἐκκλησία,
2877 2980 3280 3054 περιπτύξασθαί
3317 3000 3375 3033 σε
3404 2985 3755 3050 μετανοοῦντα

2159 3071 2242 3125 ἐπὶ
2267 3078 2374 3130 τοῖς
2401 3074 2640 3142 ματαίοις
2669 3092 2766 3126 σου
2794 3071 3148 3146 προϐλήμασι,
3173 3073 3256 3124 καί
3285 3072 3380 3125 σύν
3424 3071 3557 3146 αὐτῇ
3583 3072 3758 3125 θεολο-

2157 3165 2346 3233 γοῦντα
2385 3163 2470 3216 τὶν
2519 3161 2755 3236 Χριστὸν,
2789 3165 2877 3215 καὶ
2923 3167 2992 3232 μή
3034 3162 3408 3235 άπαρνούμενον
3455 3167 3548 3220 τήν
3592 3164 3755 3217 αὐτοῦ

471 3267 653 3311 sancta
685 3256 777 3311 Dei
826 3255 1085 3323 Ecclesia,
1119 3253 1268 3323 cupit
1305 3251 1557 3320 amplecti
1605 3248 1954 3320 pmtiiteutem
2003 3249 2050 3301 in

2162 3249 2412 3321 ἔμψυχον
2441 3251 2833 3326 ἐνανθρὼπησιν,
2869 3252 3070 3314 καθ’ἥν,
3098 3255 3181 3304 καί
3209 3255 3268 3306 τὸ
3292 3252 3450 3311 πάθος
3478 3252 3755 3322 ὑπομεῖναι

471 3352 623 3407 vanis
667 3349 1123 3421 propositionibus
1168 3347 1293 3413 tuis,
1336 3354 1392 3401 et
1419 3360 1600 3401 secum
1631 3344 1698 3398 de
1727 3341 1943 3398 Christo
1971 3342 2055 3397 di-

473 3445 598 3498 vina
629 3443 1030 3513 [medii-antem,
1066 3456 1237 3508 neque
1267 3449 1545 3507 negantem
1575 3436 1742 3505 ipsius
1769 3435 2056 3488 anim—tam

472 3537 934 3592 incarnationem:
975 3533 1266 3588 secundum
1307 3544 1466 3600 quam
1501 3530 1662 3583 etiam
1704 3541 1890 3598 passus
1936 3541 2059 3582 esse

472 3637 823 3691 memoratur,
865 3628 1166 3694 clamatque
1202 3623 1297 3678 tibi
1348 3637 1442 3691 per
1483 3636 1618 3676 nos:
1658 3619 1837 3674 Venite
1863 3619 1931 3672 ad
1957 3634 2056 3683 me,

471 3737 669 3786 omnes,
697 3719 785 3788 qui
817 3718 1083 3780 laboratis,
1117 3726 1161 3769 et
1198 3731 1290 3788 ego
1324 3714 1548 3781 reﬁciant
1593 3728 1680 3767 vos
1710 3712 1922 3784 (Matth.
1959 3709 2056 3780 XI).

474 3809 526 3863 Ν
535 3826 601 3862 an
629 3811 733 3862 uult
765 3809 922 3871 Deus,
971 3808 1134 3860 frater
1159 3805 1458 3868 carissime,
1485 3815 1697 3858 mortem
1741 3802 2060 3873 peccatoris;

473 3900 564 3954 sed
591 3909 646 3952 ut
676 3908 1020 3963 convertatur,
1052 3907 1098 3950 et
1125 3897 1256 3950 uiuat
1279 3895 1490 3968 (Ezech.
1517 3894 1690 3966 xvm);
1709 3893 1907 3948 Memor
1930 3903 2059 3954 esto.

473 3990 651 4044 Iesum
694 3988 950 4042 Christum
992 3988 1338 4042 rusurresisse
1373 4003 1405 4040 α
1435 3990 1647 4042 mortuis
1679 3985 1764 4059 (II
1795 3985 1929 4041 Tim.
1974 3990 2058 4058 It),

474 4081 765 4136 secundum
790 4080 1154 4150 Evangelinm.
1187 4081 1453 4136 Memento
1481 4079 1619 4134 beati
1661 4077 1891 4132 Matthxi
1932 4079 2062 4132 scri-

476 4174 650 4228 hentis
687 4191 700 4227 :
745 4171 890 4226 Liber
921 4173 1258 4243 generationis
1303 4173 1430 4226 Jesu
1484 4171 1680 4225 Christi
1727 4170 1825 4237 ﬁlii
1870 4169 2058 4237 Dauid,

475 4268 573 4336 lilii
603 4265 859 4320 Abraham
886 4264 1100 4334 (Matth.
1137 4263 1198 4332 I).
1219 4264 1522 4318 llecnrdare
1556 4263 1681 4332 quid
1715 4261 1907 4316 Paulus
1929 4264 2063 4316 scri-

475 4357 601 4412 bat:
629 4357 936 4428 Segregatus
973 4356 1024 4408 in
1071 4354 1404 4424 Evangelinm
1446 4353 1562 4417 Dei,
1598 4355 1734 4423 quod
1765 4356 2063 4422 promiserat

475 4447 587 4515 ipse
618 4447 753 4500 Dens
785 4449 837 4500 in
861 4446 1147 4515 Scripturis
1176 4446 1364 4499 sanctis
1389 4445 1453 4500 de
1482 4444 1621 4499 Filio
1649 4462 1762 4510 suo,
1789 4447 1874 4514 qui
1897 4450 2063 4517 factus

475 4549 550 4592 est
578 4541 623 4592 ei
652 4557 716 4593 ex
742 4540 934 4593 semine
960 4537 1126 4592 David
1155 4537 1435 4592 secundum
1463 4553 1685 4606 carnem,
1733 4539 1820 4606 qui
1859 4543 2058 4606 prinde-

2159 3343 2375 3417 λέγεται.
2395 3348 2482 3398 καὶ
2504 3344 2600 3415 βοᾷ
2630 3365 2713 3399 σοι
2740 3342 2802 3398 δι’
2818 3345 2975 3414 ἡμῶνσ
2999 3360 3016 3393 ι
3039 3351 3186 3398 Δεῦτε
3215 3345 3348 3420 πρὸς
3374 3365 3459 3414 με.
3484 3346 3678 3405 πάντες
3702 3348 3755 3399 οἷ

2160 3446 2455 3499 κοπιῶντες,
2471 3457 2488 3490 ι
2509 3441 2594 3492 καί
2619 3441 2682 3492 τά
2704 3438 2814 3502 ἑξῆς
2845 3437 3025 3505 (Ματθ.
3056 3432 3158 3504 SI).
3189 3439 3262 3490 Ού
3284 3437 3522 3507 βούλεται
3545 3436 3570 3490 ὁ
3593 3441 3747 3496 Θεές,

2161 3529 2332 3604 ἀδελφέ
2381 3534 2655 3602 τιμιὼτατε
2677 3570 2691 3594 ,
2731 3534 2818 3584 τῖν
2855 3531 3058 3583 θάνατον
3101 3534 3190 3582 τοῦ
3226 3528 3560 3604 άμαρτωλοῦ,
3593 3531 3664 3588 ὡς
3692 3533 3754 3583 τὸ

2163 3621 2468 3698 ἐπιστρέψαι
2509 3625 2591 3676 καὶ
2617 3625 2705 3696 ζῇν
2734 3619 2882 3676 αὐτόν
2923 3618 3080 3689 (Ἰεζε.
3114 3619 3289 3688 XVIII).
3335 3619 3617 3689 Μνημόνευε
3643 3618 3748 3678 ἰη-

2164 3722 2286 3770 σοῦν
2313 3717 2526 3790 Χριστ“ν
2555 3714 2879 3788 ἐγηγερμένον
2909 3717 2962 3766 εκ
2989 3719 3175 3787 νεκρῶν
3198 3710 3262 3781 (ll
3290 3713 3468 3783 Τιμοθ.
3500 3713 3585 3780 II),
3617 3714 3755 3768 κατά

2161 3810 2220 3864 τὸ
2249 3807 2562 3881 Εὐαγγέλιον.
2599 3804 2882 3878 Μνημὸνενε
2909 3811 3001 3860 τοῦ
3031 3808 3288 3880 μακαρίου
3333 3805 3589 3859 Ματθαίου
3610 3806 3754 3877 γρά-

2162 3915 2358 3975 ᾳοντοςο
2414 3899 2582 3958 Βίϐλος
2620 3899 2863 3970 γενέσεως
2898 3896 3069 3954 Ἰησοῦ
3111 3901 3366 3973 Χριστοῦ,
3407 3895 3519 3950 υὲοῦ
3566 3894 3749 3959 Δαϐίδ,

2162 3995 2269 4048 υόῦ
2291 3993 2527 4068 ’Λϐραάμ
2565 3990 2746 4061 (Ματθ.
2782 3986 2837 4059 1).
2872 3987 3164 4058 Μνημόνευε
3185 3988 3392 4041 ’Παύλου
3431 3987 3755 4043 intermori-

2162 4101 2270 4145 τος·
2313 4085 2679 4156 ’Λφωρισμένος
2719 4084 2790 4144 εἷς
2829 4079 3142 4153 Ἐύαγγέλιον
3181 4085 3328 4142 Θεοῦ,
3357 4076 3384 4133 ὃ
3409 4087 3757 4153 προεπηγγεέ-

2162 4179 2285 4234 λατο
2326 4178 2477 4236 αὐτὸς
2516 4175 2548 4231 ’ὁ
2596 4178 2721 4235 Θεῖς
2761 4175 2809 4228 ἐν
2841 4180 3062 4249 Γραφαῖς
3093 4171 3283 4245 ἁγίαις,
3320 4171 3476 4242 λέγων
3503 4174 3626 4245 περὶ
3660 4178 3755 4225 toi

2162 4269 2279 4323 Τίοῦ
2329 4268 2514 4330 αὐτοῦ,
2560 4271 2651 4320 τοῦ
2697 4267 2967 4337 γενομένου
3005 4264 3058 4316 ἐκ
3106 4255 3405 4335 σπέρματος
3437 4260 3591 4316 Δαϐὶδ
3623 4266 3759 4317 κατὰ

2167 4362 2352 4432 σάρκα.
2385 4363 2477 4412 τοῦ
2507 4356 2785 4434 ὁρισθέντος
2820 4357 2939 4409 Υίοῦ
2981 4359 3110 4408 Θεοῦ
3156 4353 3327 4422 (Ῥωμ.
3359 4352 3424 4422 I).
3471 4353 3758 4422 Μνημόνευε

2164 4455 2247 4506 καί
2281 4449 2509 4504 Ἰωάννου
2535 4449 2775 4521 βοῶντος·
2801 4447 2880 4501 Ἐν
2911 4448 3056 4521 ἀρχῇ
3085 4442 3142 4504 ἧν
3169 4445 3192 4499 ὁ
3223 4445 3406 4516 Λόγος,
3431 4446 3516 4496 καί
3543 4443 3568 4497 ὁ
3597 4446 3760 4514 Λόγος

2165 4540 2223 4602 ἦν
2249 4545 2378 4616 πρτς¹
2407 4547 2492 4596 τὸν
2522 4543 2644 4596 Θεῖν
2690 4540 2781 4610 (ὡς
2818 4542 2902 4592 καὶ
2942 4537 3112 4605 ἔστι),
3145 4540 3230 4592 καί
3275 4539 3398 4596 Θεδς
3435 4534 3492 4595 ἧν
3531 4535 3557 4590 ὁ
3593 4537 3760 4608 Λόγος

477 4632 689 4683 stinatus
711 4642 783 4685 est
811 4629 979 4685 Filius
1003 4629 1099 4684 Dei
1127 4627 1303 4700 (Rom.
1337 4628 1399 4700 I).
1430 4629 1697 4684 Memento
1718 4631 1877 4684 etiam
1899 4629 2050 4683 Joan-

2167 4636 2334 4696 (Ἰωάν
2385 4634 2457 4694 1)·
2499 4636 2584 4689 καί
2628 4633 2705 4688 ὅτι
2747 4634 2874 4710 σάρξ
2901 4634 3094 4703 γέγονεν
3126 4632 3542 4705 ἑνανθρωπησα;’
3571 4634 3654 4682 καί
3682 4629 3766 4683 ὅτι

478 4723 563 4778 nis
592 4724 872 4777 clamantis
899 4741 913 4779 :
947 4722 1013 4776 In
1043 4723 1295 4794 principio
1325 4732 1432 4776 erat
1463 4721 1708 4787 Verbum,
1751 4731 1798 4776 et
1849 4723 2060 4776 Verbum

477 4825 582 4868 erat
609 4814 750 4881 apud
779 4813 966 4882 Deum,
999 4815 1134 4869 sicut
1161 4815 1303 4868 enim
1333 4823 1438 4880 est,
1467 4825 1514 4868 et
1548 4815 1684 4870 Iieus
1707 4826 1814 4868 erat
1846 4814 2060 4869 Verbum

479 4904 656 4977 (Joan.
686 4904 762 4974 ι);
795 4904 1042 4973 quodque
1062 4921 1181 4958 caro
1204 4905 1396 4974 factum
1420 4916 1513 4970 est,
1531 4905 1746 4960 homine
1763 4915 2058 4976 assumpto.

477 4997 685 5066 etquod
701 4996 867 5050 Deum
889 5012 1034 5049 nemo
1049 4996 1173 5050 vidit
1195 5012 1419 5067 unquam
1437 4996 1620 5067 (Joan.
1644 5013 1680 5065 ι,
1701 4998 1790 5068 18)
1807 4999 1952 5052 .ll.re
1968 5001 2059 5053 tibi

476 5090 665 5158 scripsi
686 5105 787 5144 una
805 5105 925 5146 cum
941 5098 1204 5158 prasente
1226 5090 1449 5160 synodo,
1465 5092 1792 5143 conveniens
1808 5101 1857 5145 te
1877 5105 2056 5146 coram

2165 4732 2285 4783 Θεὶν
2322 4725 2485 4788 οὐδεὶς
2528 4728 2722 4801 ἑώρακε
2769 4728 2975 4779 πώποτε
3005 4723 3184 4786 (Ἰωὰν.
3219 4739 3264 4785 I,
3308 4721 3419 4787 18).
3460 4724 3635 4776 Ταῦτά
3677 4744 3767 4777 σει

2162 4822 2458 4895 Vsa/Faenza
2500 4818 2605 4890 ἅμα
2649 4825 2711 4892 τῇ
2736 4819 2961 4888 συνούσῃ
2993 4814 3108 4886 ἐμοὶ
3303 4812 3522 4883 συνίιδῳ.
3565 4835 3769 4888 παρεγ-

2164 4910 2423 4981 γυῶμενός·
2451 4930 2507 4963 σε
2537 4911 2740 4962 ἐνώπιον
2780 4915 2869 4962 τοῦ
2904 4912 3033 4962 Θεοῦ
3078 4909 3161 4959 καί
3189 4912 3287 4959 τῶν
3323 4905 3477 4977 ἁγίων
3513 4907 3768 4977 ἀγγέλων,

2161 5005 2242 5056 ἵνα
2285 5011 2450 5057 ταῦτα
2490 5000 2754 5074 διδάσκῃς,
2789 5002 2871 5052 καὶ
2908 5005 3074 5053 ταῦτα
3122 5005 3298 5070 φρονῇς
3346 4996 3650 5066 μεθ’ἠμῶν,
3679 4998 3770 5050 ἵνα

2167 5092 2433 5153 άνόθευτος
2458 5095 2488 5150 ἡ
2511 5096 2687 5151 πίστις
2715 5094 2854 5161 ἡμῶν
2880 5089 3106 5163 διαμείνῃ
3130 5093 3196 5147 ε⁷ς
3227 5087 3368 5150 δόξαν
3389 5096 3539 5142 Θεοῦ.

480 5182 589 5236 Deo
614 5191 669 5236 et
699 5183 901 5238 sanctis
929 5180 1153 5251 angelis,
1184 5191 1329 5235 utea
1357 5182 1572 5246 doceas,
1599 5197 1658 5236 ea
1690 5184 1965 5237 n-.hiscum
2005 5187 2240 5250 sentias;
2287 5197 2339 5240 ut
2373 5186 2569 5240 illibata
2596 5185 2724 5239 ﬁdes
2757 5193 2934 5236 nostra
2970 5195 3272 5252 pentunueat
3306 5183 3354 5235 in
3384 5181 3606 5250 gloriam
3641 5182 3764 5236 Dei.

1893 5334 2220 5391 EPISTULA
2263 5335 2348 5389 ιγ.

1932 5444 1999 5480 Μ)
2042 5443 2274 5480 ΕυᾶΙυΕΜ.

1483 5512 1663 5568 Petrus
1697 5513 1850 5568 Fullo
1874 5516 2147 5583 deponitur
2177 5529 2222 5571 et
2253 5517 2734 5569 annthetnatizatur.

546 5654 806 5720 Quoniam
833 5649 1257 5720 importahilthus
1284 5647 1460 5700 verbis
1488 5648 1649 5716 impie
1667 5648 1970 5717 garrulasti,
2001 5657 2054 5702 et

478 5757 582 5796 non
609 5744 854 5810 jndirasti
890 5746 1079 5796 cedere
1118 5741 1383 5808 pra'dictis
1421 5742 1620 5792 S:tltCliS
1666 5739 1931 5806 Pultibus,
1965 5741 2052 5808 qui

477 5841 735 5888 ornarent
759 5833 936 5887 sedem
976 5834 1144 5887 bsatte
1175 5849 1224 5887 tu
1263 5830 1445 5886 nterim
1474 5836 1696 5884 tnu'tum
1725 5832 2055 5899 triumphan-

2232 5646 2432 5707 Ἐπειδή
2465 5647 2748 5719 δυστυχῶς
2786 5650 3115 5721 ἔξεμαγεύθης
3143 5653 3193 5704 ἐν
3230 5650 3443 5724 ἀσεϐείᾳ
3465 5651 3644 5716 λόγων,
3682 5661 3779 5710 καὶ

2164 5745 2247 5795 οὔκ
2273 5741 2463 5816 ἔκρινας
2506 5739 2630 5806 εἶξαι
2675 5751 2780 5802 τοῖς
2825 5745 3248 5820 προτεταγμένοις·
3295 5743 3458 5815 ἁγίοις
3502 5741 3771 5822 ἀνδράσι,

2163 5841 2268 5892 τοῖ;
2308 5839 2732 5902 κατακοσμιζσασι
2781 5837 2864 5888 τῖν
2905 5837 3071 5906 θρόνον
3104 5843 3189 5890 τοῦ
3221 5844 3308 5894 τῆς
3339 5837 3535 5909 μακαρί
3558 5856 3603 5895 ις
3639 5845 3778 5909 ξιιὴ-
