4046 6188
263 336 380 392 9τῦ

1453 322 1801 388 EPISTULAE
1847 319 1929 372 ET
1974 320 2311 377 UECRETA.

3426 318 3536 377 9η

266 456 344 507 tis
367 445 552 520 lgnatii
581 446 848 516 martyris,
876 445 1026 513 cuius
1050 454 1101 497 tu
1125 442 1371 512 indignus
1395 440 1647 503 existens,
1676 440 1855 492 nescio

1976 461 2076 500 λης.
2108 443 2189 493 καὶ
2220 439 2495 491 πολυίθλου
2518 439 2759 508 Ἰνινατίου
2794 447 2884 493 τοῦ
2907 441 3191 515 μάρτυρος,
3218 434 3278 492 οὗ
3308 442 3530 494 καὶάνά-

268 539 544 608 quomodo
597 537 847 592 insiluisti
898 536 1151 590 inchoare
1188 533 1475 588 novitatem
1510 534 1560 586 in
1594 532 1853 586 catholici

271 632 513 689 Ecclesia
545 628 647 684 luis
677 626 912 698 profanis
961 626 1164 695 legibus
1192 632 1247 679 et
1293 623 1470 692 impiis
1498 622 1858 691 dogmatibus,

271 735 332 779 τι
355 720 601 793 iudicasti
628 735 734 772 non
764 725 1013 786 oportere
1037 715 1215 769 dicere
1241 712 1508 767 Christum
1547 709 1855 766 crueiﬁtum

276 821 499 883 propter
524 824 622 866 nos
649 827 662 862 :
692 808 786 863 sed
837 805 1135 876 passionem
1182 804 1302 858 ideo
1351 801 1663 871 ilnpaSsibili
1703 801 1863 870 impie

278 900 535 958 induxisti
561 940 576 965 ,
606 908 662 954 et
702 897 990 952 immortali
1020 894 1159 950 Patri
1186 901 1412 948 mortem
1466 892 1739 959 imponere
1761 933 1774 955 ,
1810 899 1865 944 et

281 1009 390 1048 non
423 991 673 1046 horruisti
702 1003 764 1045 ea
786 1002 904 1057 qua:
934 1001 1036 1040 non
1073 984 1354 1052 suscepisti
1381 998 1445 1038 ex
1469 981 1661 1036 divinis
1691 981 1865 1034 Evan-

282 1084 435 1153 geliis
455 1090 510 1137 et
532 1080 811 1150 apostolis,
837 1076 1326 1146 probatissimisque
1348 1087 1401 1130 et
1428 1074 1671 1144 gloriosis
1694 1073 1865 1126 Patri-

283 1175 383 1227 bus
404 1212 421 1238 ,
453 1171 685 1241 pessime
724 1168 1103 1238 sophisticatus
1132 1166 1244 1234 ipsa
1277 1166 1582 1234 intorquere
1607 1204 1623 1229 ,
1660 1173 1714 1218 et
1746 1178 1868 1231 pro-

284 1265 456 1333 priam
484 1272 689 1332 pestem
718 1274 910 1316 sensus
941 1259 1218 1327 imponere
1243 1255 1672 1327 simplicioribus,
1706 1269 1863 1310 scan-

285 1356 462 1410 daium
494 1352 857 1423 hujuscemodi
885 1350 1125 1415 hmresls,
1158 1364 1262 1404 non
1294 1358 1345 1403 ut
1380 1344 1653 1417 mqualiter
1678 1345 1867 1415 priori-

288 1451 388 1501 hus
405 1444 699 1501 hteresibus
714 1443 908 1513 vigeat,
930 1442 1023 1498 sed
1041 1443 1207 1511 magis
1229 1440 1587 1509 multipliciter
1606 1438 1830 1493 excellat
1850 1455 1863 1503 ;

288 1550 338 1594 et
362 1555 467 1594 non
496 1538 725 1593 statuisti
751 1536 971 1592 credere
1003 1534 1235 1596 veritati,
1262 1545 1315 1587 et
1342 1530 1566 1604 [Supple
1596 1529 1753 1601 binis]
1781 1529 1869 1584 lit-

292 1631 417 1686 teris
447 1630 645 1685 nostris
676 1630 743 1683 ad
770 1638 822 1683 te
851 1627 1063 1697 scriptis
1087 1667 1100 1689 ,
1135 1642 1277 1681 nunc
1324 1625 1514 1693 incmpi
1545 1624 1869 1680 sententiarc

290 1735 475 1779 contra
504 1733 555 1779 te
582 1740 597 1778 :
630 1726 737 1777 imo
767 1724 856 1778 ille
899 1724 984 1792 qui
1018 1731 1201 1776 vertex
1247 1728 1331 1775 est
1354 1721 1590 1775 omnium
1622 1729 1864 1789 pastora-

1960 531 2061 592 ξιος
2092 528 2177 590 ὧν,
2212 532 2296 583 οὑκ
2322 527 2435 583 οἶδα
2463 528 2599 589 ὅπως
2639 530 2995 599 ἐμπεπήδηκας
3036 530 3206 607 ἄρξαι,
3237 534 3320 586 καὶ
3360 528 3531 605 νόμοις

1961 642 2056 676 σου
2088 621 2349 689 βεϐήλοις,
2372 624 2455 675 καί
2485 621 2699 675 ἀσεϐέσι
2739 619 2953 693 δόγμασι
2982 626 3301 693 καινοτομίαν
3340 632 3401 699 τῇ
3439 647 3531 679 κα-

1959 715 2125 787 θολικῇ
2149 714 2381 787 ἐκκλησίᾳ
2426 714 2689 790 ἐνέκρινας,
2714 720 2804 767 τοῦ
2837 718 2905 785 μή
2931 718 3149 788 Χριστέν
3175 718 3534 792 σταυρωθέντα

1961 804 2023 861 δι’
2042 808 2175 877 ήμᾶς
2202 804 2303 860 δεῖν
2334 810 2513 869 εἰπεῖν,
2544 806 2673 860 ἀλλά
2690 806 2852 866 πάθος
2884 812 2956 876 τῷ
2980 807 3166 860 ἀπαθεῖ
3204 816 3311 876 Θεῷ
3340 808 3536 879 ἀνόμως·

1962 900 2221 963 ἐπισάξαι,
2249 901 2332 953 καί
2374 907 2447 971 τῷ
2473 900 2705 971 ἀθανάτῳ
2742 900 2994 969 πνεύματι
3039 900 3247 953 θάνατον
3276 899 3532 954 ἐπιθεῖναι.

1963 992 2055 1041 Καὶ
2099 991 2189 1043 οὑκ
2228 990 2539 1061 ἐφρικίασας,
2571 988 2603 1043 ἀ
2640 991 2695 1042 οὑ
2745 988 3007 1064 παρεδέξω
3055 988 3109 1044 ἔκ
3150 1011 3205 1044 τε
3254 998 3353 1046 τῶν
3399 992 3541 1045 θείων

1964 1081 2295 1153 Εὑειγγελίων,
2327 1084 2410 1134 καί
2441 1081 2754 1147 ἀποστόλων,
2777 1085 2862 1135 καί
2907 1089 3007 1137 τῶν
3052 1081 3541 1154 ἀνδραγαθησάντων

1966 1173 2194 1243 εὐφήμων
2220 1173 2471 1247 πατέρων,
2500 1174 2746 1233 κακίστως
2780 1174 3219 1244 ἔπισοφισάμενος,
3241 1179 3405 1227 ταῦτα
3434 1174 3541 1228 ἐπι·

1968 1262 2279 1337 στροϐήσαι,
2304 1265 2389 1315 καί
2433 1263 2618 1331 οἰκείας
2656 1267 2939 1335 φρονήσεως
2974 1264 3133 1335 λύμην
3172 1264 3540 1339 ἐκπαραθέσθαι

1966 1360 2073 1412 τοῖς
2120 1351 2505 1426 ἁπλουστέροις,
2553 1355 2635 1405 καὶ
2675 1352 2947 1409 σκάνδαλον
2985 1357 3227 1415 τοιαύτης
3276 1357 3538 1429 ατρέσεως,

1970 1444 2038 1501 ὡς
2067 1441 2176 1497 οὑδὲ
2206 1439 2300 1497 ἶσα
2337 1452 2450 1504 ταῖς
2479 1444 2749 1521 προτέραις
2778 1445 3033 1520 αἶρέσεσιν
3073 1448 3251 1509 ἀνθεῖν,
3276 1449 3542 1523 ὑπεράγειν

1970 1532 2022 1588 δέ
2070 1534 2251 1605 μᾶλλον
2291 1534 2591 1605 πολλαχῶς⁶
2624 1539 2708 1588 καί
2735 1536 2836 1606 οὑχ
2877 1538 3119 1611 ὥρμησας
3148 1547 3209 1608 τῇ
3243 1538 3463 1610 ἀληθείᾳ,
3496 1542 3543 1593 ἐν

1970 1633 2081 1684 τοῖς
2109 1626 2194 1678 ἐπὶ
2221 1623 2297 1684 δίς
2320 1627 2612 1700 γράμμασιν
2652 1627 2791 1695 ήμῶν
2819 1627 3151 1683 ἐνωτίσασθαι
3168 1666 3183 1691 ,
3206 1635 3293 1681 νῦν
3310 1629 3544 1703 ήρξάμην

1973 1718 2324 1788 ἀποφήνασθαι
2351 1720 2484 1773 κατά
2522 1726 2638 1777 σοῦ,
2672 1720 2856 1789 μᾶλλον
2883 1718 2937 1775 δὲ
2975 1720 3001 1774 ὁ
3040 1722 3425 1795 κορυφαιότατος
3452 1732 3545 1780 τῶν

294 1819 419 1871 lium
440 1817 669 1881 sedium,
694 1816 746 1869 in
773 1816 972 1870 sanctis
1021 1836 1028 1845 -
1052 1814 1242 1869 udihus
1270 1813 1485 1878 ﬂorens,
1510 1813 1867 1880 apostolorum

294 1924 414 1963 rere
438 1908 672 1974 optimus
698 1907 907 1969 Petrus,
931 1815 1081 1974 cuius
1108 1916 1160 1959 tu
1184 1906 1400 1960 nomine
1423 1905 1645 1974 aequalis
1671 1920 1749 1969 es,
1774 1905 1867 1960 sed

1977 1817 2315 1878 ποιμαντικῶν
2353 1810 2558 1884 θρόνων,
2590 1809 2685 1864 ὁὲν
2716 1812 2882 1884 ἁγίαις
2924 1814 3187 1884 εὐφημίας
3242 1823 3471 1887 κοσμῶν,
3522 1817 3547 1869 ό

1978 1901 2190 1974 ἀριστος
2228 1912 2327 1959 τῶν
2374 1906 2667 1961 ἀποστόλων
2708 1907 2903 1967 ἀληθῶς
2944 1910 3147 1974 Πέτρος,
3186 1906 3245 1962 οὑ
3283 1912 3341 1963 τὸ
3389 1906 3546 1974 ὄνομα

290 1924 414 1963 vere
438 1908 672 1977 optimus
698 1907 907 1969 Petrus,
931 1905 1081 1974 cuius
1108 1916 1160 1959 tu
1184 1906 1400 1960 nomine
1423 1905 1645 1974 aequalis
1671 1920 1749 1969 es,
1774 1905 1867 1960 sed

293 2017 396 2057 non
427 2000 680 2070 Opinione
703 2039 720 2065 ,
754 2014 927 2070 neque
956 1999 1058 2053 ﬁde
1082 2042 1097 2066 ,
1143 1998 1393 2067 quoniam
1437 2000 1504 2053 ab
1535 1998 1686 2053 istius
1729 2008 1872 2053 recta

294 2095 589 2151 intentione
614 2136 629 2163 ,
660 2102 714 2148 et
740 2092 1075 2148 immaculata
1125 2091 1229 2146 ﬁde
1268 2092 1419 2147 valde
1455 2091 1754 2171 declinasti.
1806 2089 1873 2146 Et

295 2202 400 2239 non
432 2187 603 2240 solum
636 2193 821 2240 contra
854 2195 906 2241 te
942 2188 1206 2240 sententio
1239 2184 1424 2257 ίΑιὶαε,
1455 2182 1673 2256 sentio],
1702 2182 1795 2239 sed
1820 2193 1874 2238 et

294 2284 479 2329 contra
506 2290 599 2331 eos
628 2277 715 2344 qui
748 2290 853 2330 non
897 2275 1228 2331 erubuerunt
1271 2275 1606 2331 characteres
1646 2290 1871 2329 venera-

296 2370 479 2423 bilium
505 2368 947 2439 evangelistarum
974 2411 989 2433 ,
1030 2379 1085 2423 et
1114 2369 1473 2438 aporstulorum
1517 2385 1609 2423 eos
1646 2384 1874 2438 sequen-

295 2463 451 2526 tium,
482 2476 543 2517 ac
574 2462 929 2531 perlectorum
961 2461 1239 2516 doctorum
1272 2476 1548 2516 sermones
1583 2480 1595 2514 :
1628 2471 1683 2516 et
1711 2461 1872 2514 iusta-

297 2553 387 2606 bili
418 2554 678 2607 sententia
712 2569 773 2606 ex
804 2564 888 2606 tua
920 2552 1096 2616 iniqua
1129 2552 1462 2620 expositione
1491 2552 1678 2604 lirmati
1709 2563 1824 2604 sunt
1855 2569 1867 2604 :

298 2657 548 2714 tanquam
579 2646 883 2700 dulti~sinta
927 2645 1386 2715 circumscqucndi
1420 2645 1470 2697 in
1503 2645 1636 2696 mala
1667 2646 1872 2711 Opinio-

298 2754 367 2794 ne
390 2778 405 2803 ,
450 2739 589 2807 quod
620 2754 743 2793 vere
769 2739 1156 2791 amaris.~imum
1186 2748 1265 2792 est
1291 2778 1306 2803 ,
1347 2746 1399 2789 (ιι
1430 2753 1533 2790 non
1565 2744 1873 2790 averterunt

299 2830 600 2896 huiusmodi
633 2830 978 2899 impii-tatem.
1029 2829 1275 2883 Dicemus
1318 2842 1445 2897 ergo
1493 2828 1585 2881 tibi
1614 2868 1626 2889 ,
1657 2829 1793 2882 sicut
1820 2838 1873 2883 et

297 2931 486 2976 contra
518 2921 640 2976 illos
670 2936 685 2974 :
721 2921 971 2985 Quoniam
1002 2919 1225 2973 dilexisti
1253 2920 1573 2988 iniquitatem
1601 2920 1761 2989 magis
1792 2922 1870 2974 lo-

297 3013 388 3080 qui
415 3028 566 3081 quam
587 3013 846 3081 justitiam
869 3053 883 3075 ,
916 3010 1138 3065 dilexisti
1178 3028 1330 3078 super
1371 3012 1541 3064 omnia
1580 3014 1871 3082 pra'cip'ta-

296 3104 449 3157 tionis
470 3104 694 3171 linguam
715 3103 942 3157 dolosam
965 3102 1139 3175 [Juxta
1165 3101 1364 3171 (ἓνεκα,
1388 3105 1557 3157 omnia
1577 3104 1724 3157 verba
1744 3120 1875 3172 prae-

1978 1901 2190 1978 ἅριστος
2228 1912 2327 1959 τῶν
2374 1906 2667 1961 ἀποστόλων
2708 1907 2903 1967 ἀληθῶς
2944 1910 3147 1983 Πέτρος,
3186 1906 3245 1962 οὑ
3283 1912 3341 1963 τὸ
3389 1906 3546 1980 ὄνομα

1977 1998 2153 2056 ἐπίσος
2180 1992 2252 2058 εἴ,
2276 1995 2452 2049 ἀλλὀὐ
2480 2003 2541 2070 τῇ
2567 2000 2761 2071 γνώμῃ,
2786 1997 2901 2052 οὑδὲ
2944 2005 3007 2071 τῇ
3054 2000 3243 2062 πίστει,
3278 1996 3355 2053 ὅτι
3386 1999 3547 2074 ὑπερ-

1978 2087 2107 2159 άγαν
2136 2088 2189 2141 lu
2215 2089 2397 2141 τούτου
2429 2088 2717 2147 ἐκκεκλικώς
2743 2082 2790 2141 εἴ
2813 2093 2906 2142 τοῦ
2935 2089 3083 2160 ὀρθοῦ
3106 2094 3319 2153 σκοποῦ,
3347 2092 3433 2143 καί
3460 2099 3553 2150 τῆς

1976 2178 2249 2249 ἀμωμήτου
2279 2179 2519 2236 πίστεως’
2546 2179 2602 2231 οὑ
2627 2176 2774 2247 μόνον
2802 2175 2855 2231 δέ
2884 2179 3016 2233 κατά
3053 2184 3171 2241 σοῦ,
3198 2179 3320 2232 ἀλλά
3352 2184 3448 2249 μήν
3472 2185 3550 2236 καί

1976 2273 2103 2326 κατὰ
2139 2275 2237 2323 τῶν
2269 2270 2360 2322 οὑκ
2393 2270 2797 2343 ἐρυθριασάντων
2834 2272 2952 2330 τοὺς
2980 2278 3079 2326 τῶν
3119 2278 3320 2325 σεπτῶν
3348 2274 3549 2344 εὑαγγε-

1975 2360 2160 2414 λιστῶν
2183 2369 2536 2435 χαρακτῆρας,
2567 2363 2650 2415 καὶ
2678 2369 2776 2416 τῶν
2812 2363 3012 2421 τούτοις
3051 2362 3304 2433 ἑπομένων
3330 2366 3550 2419 ἀποστό-

1974 2453 2090 2516 λων,
2113 2454 2406 2507 καίτελείων
2426 2451 2619 2529 ἀνδρῶν
2639 2452 2949 2509 διδασκάλων
2977 2459 3096 2516 τοὺς
3113 2456 3315 2527 λόγους,
3341 2460 3548 2529 άστάτῳ

1975 2546 2146 2617 γνώμη
2176 2544 2563 2619 ἐπερειδομένων
2590 2555 2652 2621 τῇ
2682 2547 2733 2599 ἐκ
2758 2553 2850 2600 σοῦ
2878 2550 3293 2622 παραμιμουμένη
3332 2548 3427 2620 [ἵσ.
3458 2572 3549 2605 πα·

1975 2634 2343 2710 ρανομονμένῃ]
2369 2638 2577 2692 ἐκθέσει·
2613 2640 2681 2697 ὡς
2725 2636 2955 2694 ήδὺτατα
2996 2641 3327 2713 περιέπεσθαι
3370 2643 3452 2697 ἐπὶ
3490 2646 3548 2697 τό

1974 2735 2067 2785 τῆς
2102 2725 2389 2790 κακοδοξίας
2432 2723 2583 2786 ὅντως
2619 2727 2955 2801 πικρότατον,
2985 2733 3067 2781 καί
3099 2732 3188 2783 οὑκ
3211 2733 3550 2807 ἀποστραφέν-

1975 2840 2075 2873 των
2119 2824 2207 2877 τήν
2252 2817 2446 2873 τοιάνδε
2488 2818 2812 2874 δυσσέϐειαν.
2844 2822 3058 2891 Λέξομεν
3096 2818 3181 2876 οὖν
3224 2845 3327 2888 σοι,
3360 2828 3428 2886 ὡς
3466 2828 3546 2880 καί

1976 2910 2087 2965 κατ’
2099 2912 2311 2964 ἐκείνων·
2341 2910 2539 2971 Ἐπειδή
2563 2913 2837 2982 ἠγάπησας
2864 2916 3037 2967 κακίαν
3059 2915 3189 2990 ὑπὲρ
3214 2923 3304 2971 τοῦ
3333 2916 3548 2975 λαλῆσαι

1977 3001 2318 3065 δικαιοσύνην,
2339 3008 2607 3074 ἠγάπησας
2622 3004 2787 3058 πάντα
2807 3005 2869 3057 τὰ
2890 3006 2948 3081 {Iri
2953 3026 3091 3073 ματα
3111 3015 3545 3077 ναταποντισμοῦ,

1976 3096 2214 3165 γλῶσσαν
2244 3092 2430 3148 δολίαν·
2470 3092 2554 3149 διά
2583 3102 2733 3149 τοῦτο
2780 3094 2805 3148 ό
2848 3098 2964 3156 Θεός
2995 3097 3189 3150 καθελεῖ
3214 3117 3272 3152 σε
3317 3100 3386 3158 είς
3412 3098 3548 3159 τέλος

298 3168 628 3259 cipitationis,
663 3194 888 3264 linguam
918 3168 1168 3263 dolosam]
1202 3210 1213 3245 :
1247 3168 1451 3264 propter
1480 3193 1576 3247 hoc
1616 3168 1752 3248 Deus
1786 3196 1874 3249 de-

1979 3188 2121 3257 (Ψαλ.
2149 3184 2245 3258 LI),
2278 3188 2377 3240 ἀπὸ
2409 3194 2498 3245 τῆς
2522 3188 2577 3239 οὐ
2608 3188 2757 3255 μόνον
2786 3186 3090 3259 Ἀντιοχέων
3117 3190 3401 3251 ἐκκλησίας,
3427 3191 3549 3243 ἀλλά

298 3295 460 3339 struet
490 3294 537 3338 te
562 3286 613 3337 in
641 3285 789 3351 ﬁnem
822 3283 991 3355 (l’sal.
1025 3286 1129 3354 LI);
1180 3293 1233 3338 et
1262 3300 1365 3338 non
1396 3284 1563 3339 solum
1595 3286 1662 3340 ab
1688 3284 1875 3340 Antio-

300 3378 467 3433 Cllt‘lll
510 3377 741 3431 Ecclesia
767 3414 791 3441 ,
828 3374 924 3428 St‘d
969 3375 1036 3429 ab
1077 3376 1219 3427 omni
1264 3377 1476 3430 civitate
1523 3376 1747 3443 deponet
1782 3385 1876 3431 :et

303 3469 456 3521 ﬁrma
482 3468 549 3521 sit
577 3466 688 3520 haec
717 3476 805 3520 tua
842 3466 1104 3535 depositio
1132 3481 1159 3518 a
1197 3481 1281 3520 me
1303 3506 1318 3531 ,
1363 3475 1415 3520 et
1449 3466 1516 3521 ab
1548 3467 1628 3521 his
1652 3466 1741 3535 qui
1771 3481 1874 3521 una

301 3576 508 3616 mecum
554 3560 902 3630 apostolicum
943 3559 1188 3614 thronum
1238 3567 1463 3629 regunt,
1506 3568 1560 3614 et
1589 3559 1655 3613 ab
1684 3559 1876 3616 Aeacio

300 3653 899 3721 Constantinopolitanae
931 3652 1183 3707 Ecclesiae
1223 3662 1467 3722 pastore,
1500 3662 1553 3707 et
1593 3667 1623 3705 a
1654 3666 1877 3707 venera-

302 3745 496 3800 bilibus
515 3744 778 3813 episcOpis
805 3744 901 3797 sibi
926 3742 1200 3811 subjectis,
1228 3741 1474 3811 quoniam
1505 3742 1735 3811 ipsorum
1760 3757 1876 3797 mo-

301 3836 539 3889 nimenta
568 3848 672 3888 non
698 3834 1016 3888 sustinuisti.
1063 3833 1393 3902 Quandoque
1430 3832 1571 3886 enim
1600 3833 1732 3891 dicis
1761 3834 1879 3888 Tri-

297 3925 519 3987 nitatem
546 3930 760 3991 propter
781 3937 873 3978 nos
897 3921 1223 3985 cruciﬁxam,
1251 3937 1356 3976 non
1377 3921 1674 3986 Christum;
1706 3936 1877 3991 quan-

298 4016 478 4083 doque
518 4024 696 4069 autem
742 4014 1092 4067 immortalem
1125 4012 1375 4081 Spiritum
1398 4056 1413 4081 ,
1442 4011 1874 4078 mauichaizans;

296 4106 617 4177 quandoque
647 4105 713 4160 ab
735 4106 849 4158 istis
871 4104 1168 4171 ditlngiens,
1195 4105 1327 4159 meis
1347 4106 1671 4175 argumentis
1695 4120 1879 4173 repre-

294 4200 501 4252 hensus
524 4207 577 4253 et
598 4197 951 4253 sermonibus.
983 4197 1159 4251 dixisti
1187 4196 1485 4265 Christum,
1520 4207 1635 4266 post
1660 4198 1880 4257 immor-

297 4288 463 4341 talem
492 4286 779 4355 Spiritum,
811 4288 1109 4355 passionem
1139 4286 1456 4340 sustinuisse
1481 4328 1493 4349 ,
1526 4286 1661 4341 sicut
1686 4286 1877 4342 Samo-

294 4385 517 4431 satenus
541 4386 593 4431 et
620 4377 913 4441 Nestmins,
938 4393 1097 4430 unum
1130 4376 1318 4429 Filium
1346 4377 1639 4433 dividentes
1668 4379 1719 4432 in
1749 4380 1879 4433 dua-

298 4468 506 4522 Iitatem
538 4467 783 4521 ﬁliorum.
807 4466 1134 4535 Quandoque
1156 4476 1331 4519 autem
1354 4477 1407 4521 et
1436 4468 1514 4520 his
1536 4468 1739 4522 cessisti
1771 4485 1874 4522 non

1974 3283 2055 3334 καί
2084 3280 2184 3333 ἀπὸ
2212 3279 2383 3338 πάσης
2411 3278 2607 3338 πόλεως
2627 3292 2640 3307 ‘
2672 3282 2809 3351 καίγε
2840 3281 3197 3352 πεπαγιωῷνη
3226 3279 3359 3336 ἔστω
3385 3284 3415 3339 ή
3442 3284 3550 3335 καο-

1978 3375 2175 3445 αίρεσις
2216 3370 2349 3427 αὕτη
2396 3370 2652 3437 ὑπ’ἐμοῦ,
2707 3373 2791 3423 καί
2838 3378 2936 3423 τῶν
2976 3370 3249 3427 διεπόντων
3295 3373 3407 3442 μετ’
3429 3374 3548 3442 ἐμοῦ

1973 3462 2057 3516 τόν
2090 3460 2420 3514 ἀποστολικόν
2455 3460 2617 3535 θρόνον
2636 3501 2649 3523 ,
2680 3462 2761 3513 καί
2786 3460 3021 3515 Ἀκᾶκίου
3060 3468 3152 3515 τοῦ
3180 3470 3271 3522 τῆς
3296 3479 3551 3517 Κωνσταν-

1975 3550 2330 3605 τινουπολιτῶν
2370 3550 2629 3611 ἐκκλησίας
2671 3552 2924 3619 ποιμένος,
2959 3555 3041 3604 καὶ
3073 3559 3170 3605 τῶν
3210 3554 3345 3625 αὑτῷ
3372 3563 3555 3623 τιμίων,

1976 3640 2311 3711 ὑποκειμένων
2340 3643 2413 3701 εἰς
2454 3644 2543 3699 τήν
2569 3642 2757 3714 ἐνορίαν
2797 3643 2951 3695 αὑτοῦ
2983 3642 3298 3706 ἐπισκόπων,
3330 3647 3413 3698 καί
3451 3652 3550 3699 τῶν

1977 3734 2143 3786 αὑτῶν
2169 3738 2238 3801 μή
2266 3732 2616 3803 ἀνασχόμενος
2642 3732 3017 3804 ὑπομνημάτων
3037 3748 3051 3762 ⁸
3082 3732 3162 3788 ὅτε
3190 3737 3278 3803 μέν
3304 3734 3400 3807 γὰρ
3431 3732 3550 3805 ἔφης

1976 3823 2171 3897 Τριάδα
2198 3822 2411 3895 δι’ήμᾶς
2450 3824 2831 3900 σταυρωθῆναι,
2854 3827 2945 3878 καί·
2975 3826 3095 3895 οὑχί
3125 3825 3359 3899 Χριστόν
3385 3823 3468 3881 ὅτε
3494 3824 3550 3881 δέ

1978 3918 2033 3970 τό
2058 3918 2293 3971 ἀθάνατον
2322 3922 2536 3987 Πνεῦμα,
2568 3916 2911 3987 μανιχαίζωνῗ
2956 3915 3039 3971 ὅτε
3068 3915 3122 3971 δὲ
3152 3918 3205 3970 ἐκ
3233 3919 3425 3973 τούτων
3454 3939 3545 3992 φυο

1977 4007 2666 4080 γὼν,,διακατελεγχόμενος
2710 4010 2809 4062 ὑπὸ
2853 4015 2952 4063 τῶν
2994 4009 3120 4079 ἐμῶν
3154 4009 3413 4066 ὑποθηκῶν
3466 4012 3551 4063 καί

1978 4100 2152 4173 λόγων,
2180 4102 2395 4176 Χριστόν
2439 4105 2567 4171 μετά
2610 4104 2667 4154 τὸ
2713 4102 2955 4155 ἀθάνατον
2992 4107 3189 4170 Πνεῦμα
3229 4099 3403 4164 ἔλεξας
3431 4103 3565 4155 ὑποσ-

1980 4194 2322 4263 μεμενηκέναι,
2348 4194 2416 4251 ὡς
2461 4191 2486 4245 ό
2521 4194 2839 4261 Σαμοσατεὺς
2868 4193 2947 4244 καί
2973 4189 3260 4263 Νεστόριος,
3289 4190 3345 4244 τὸ
3373 4190 3559 4257 πάθος,

1980 4285 2066 4337 τόν
2094 4284 2178 4337 ἕνα
2203 4284 2312 4335 Υἱόν
2337 4281 2615 4347 δικάζοντες
2636 4284 2705 4343 εἰς
2726 4280 2888 4339 δυάδα
2911 4282 3052 4337 Υίῶν⁶
3078 4278 3157 4336 ὅτε
3189 4284 3270 4335 καί
3298 4283 3380 4337 έπί
3400 4288 3550 4338 τοῦτο

1985 4368 2121 4436 εἴξας
2151 4378 2220 4445 μή
2249 4371 2608 4447 διασύρεσθαι,
2638 4371 2753 4434 ἧκες
2787 4374 2868 4427 ἐπὶ
2895 4375 2953 4427 τό
2982 4370 3171 4438 κάκιον,
3204 4373 3286 4426 τόν
3316 4373 3553 4442 χερουϐἰ·⁸

1981 4466 2063 4517 κὶν
2091 4464 2242 4532 ὕμνον
2274 4464 2559 4540 εὑπαρέδρῳ
2586 4465 2745 4538 θρόνῳ
2780 4463 3162 4527 ἁνενδοιάστως,
3192 4466 3435 4525 ὡσαύτως
3465 4471 3556 4523 τήν

295 4561 669 4624 detrectando,
693 4571 746 4613 et
768 4560 957 4614 venisti
980 4559 1045 4613 ad
1071 4561 1239 4627 pejus,
1265 4574 1369 4611 non
1393 4558 1733 4627 glmiﬁcando
1757 4560 1874 4614 che-

1984 4556 2199 4631 Τριάδα.
2231 4562 2301 4627 μή
2338 4556 2640 4628 δοξολογεῐν,
2672 4557 2796 4611 ἀλλά
2843 4559 2929 4611 τὸν
2966 4558 3134 4612 πάντα
3172 4557 3325 4626 ὕμνον
3356 4559 3426 4617 εἰς
3470 4561 3553 4612 τόν

298 4651 545 4705 rubicum
569 4651 842 4721 hymnum,
875 4653 940 4705 ad
976 4652 1165 4705 li'ilinm
1197 4650 1397 4706 referre
1426 4653 1746 4720 praestolanti
1778 4665 1882 4707 tre—

296 4756 455 4797 more
480 4740 836 4802 ἀνενδοιὰστως
870 4741 1241 4796 venerabiliter
1272 4742 1513 4796 similiter
1541 4743 1877 4806 Trinitatem,

294 4834 400 4891 sed
431 4842 597 4889 totum
624 4833 878 4903 hymnum
905 4832 970 4886 ad
997 4832 1184 4887 Filium
1211 4833 1431 4898 referre,
1455 4835 1637 4888 volens
1668 4835 1882 4889 ﬁrmare

294 4922 547 4978 morbum
590 4923 767 4979 cancri
812 4923 1089 4987 rodentis,
1133 4939 1290 4992 quem
1333 4924 1704 4980 innocentibus
1743 4925 1883 4979 intu-

293 5014 445 5078 listi;
471 5025 517 5068 et
544 5013 664 5067 inde
685 5013 857 5067 omnis
884 5013 1096 5082 generis
1122 5012 1402 5067 hceresium
1432 5014 1632 5082 laqueis
1660 5014 1883 5067 circum-

296 5104 664 5173 prmcipitatus
688 5144 703 5168 ,
736 5119 765 5158 a
798 5103 1023 5157 veritate
1049 5105 1231 5157 exiens
1256 5142 1271 5168 ,
1314 5118 1417 5156 non
1453 5106 1705 5170 pranlicas
1731 5104 1883 5159 Chri-

293 5208 445 5249 stum
484 5211 580 5264 pro
627 5196 780 5250 nobis
819 5196 1126 5250 cruciﬁxum
1154 5236 1167 5257 ,
1202 5209 1301 5248 nec
1331 5195 1656 5263 unigenitum
1691 5195 1880 5250 Filium

296 5286 401 5341 Dei
428 5327 442 5351 ,
481 5288 569 5356 qui
614 5287 665 5341 in
706 5287 880 5341 medio
909 5285 1080 5339 Patris
1110 5294 1162 5339 et
1193 5285 1422 5355 Spiritus
1448 5288 1617 5338 sancti
1645 5294 1765 5353 est,
1799 5287 1884 5355 pie

294 5378 588 5447 gloriﬁcas.
620 5379 754 5445 Quid
782 5379 923 5434 enim
955 5379 1057 5432 isto
1087 5378 1254 5447 magis
1285 5376 1643 5445 interdictum,
1671 5378 1823 5432 Patre
1850 5392 1880 5431 a

295 5470 536 5524 vobis—et
562 5480 747 5524 sancto
771 5469 968 5538 Spiritu
1001 5485 1107 5522 non
1132 5468 1468 5538 gloriﬁcatu?
1519 5466 1646 5520 Nam
1678 5468 1881 5520 calum-

294 5561 447 5616 niam
475 5561 749 5631 serapbim
778 5576 873 5617 vos
900 5561 1124 5626 intortis,
1153 5561 1243 5631 qui
1276 5558 1588 5614 Trinitatem
1622 5573 1725 5612 non
1756 5558 1884 5612 dici-
1926 5582 1942 5598 ι

296 5655 375 5708 tis
410 5653 803 5722 gloriﬁcandatn
830 5696 846 5721 ,
888 5655 1114 5710 Sanctus
1137 5692 1152 5718 ,
1195 5661 1461 5717 sanctus,»
1493 5660 1707 5705 sanctus
1732 5690 1747 5714 ,
1792 5650 1887 5705 scd

295 5746 475 5801 solum
510 5746 857 5810 personaliter
891 5745 1097 5803 Filium.
1120 5738 1207 5799 'Et
1243 5761 1359 5810 quce
1392 5743 1743 5812 punct-itane
1774 5743 1880 5799 lue-

1983 4652 2091 4704 Ϊὀ’.ν
2140 4646 2299 4719 ἄγειν,
2345 4650 2518 4702 ἐθέλων
2562 4649 2904 4706 ἐνστήσασθαι
2946 4650 3004 4707 ἣν
3048 4651 3179 4703 κατά
3220 4656 3317 4704 τῶν
3356 4652 3553 4704 ἀκάκων

1982 4740 2243 4808 ἐξήνεπας
2267 4747 2419 4807 νομῆς
2441 4739 2763 4814 γάγγραιναν.
2802 4738 2894 4790 Καὶ
2921 4741 3182 4800 παντοίαις
3214 4739 3437 4793 ἐντεῦθεν
3463 4741 3556 4811 ἀγ-

1986 4832 2167 4902 χόναις
2214 4832 2457 4908 αίρέσεων
2497 4831 2744 4902 μεγίστων
2774 4829 3303 4900 πεοικρημνιζόμενος.
3347 4832 3556 4885 έκνεὺαν

1983 4931 2074 4982 τής
2119 4923 2342 4981 ἀληθείας
2388 4927 2479 4976 τοῦ
2522 4921 2606 4975 τόν
2652 4921 2872 4991 Χριστὸν
2919 4926 2989 4989 μή
3042 4919 3299 4998 κηρύττειν
3345 4920 3561 4991 δι’ἣμῦς

1987 5014 2357 5086 σταυρωθέντα,
2387 5014 2473 5066 τὸν
2503 5019 2739 5083 μονογενῆ
2778 5018 2906 5066 Θεοῦ
2935 5012 3071 5075 Υἶέν,
3099 5012 3183 5068 τόν
3216 5013 3265 5067 ἓν
3293 5014 3433 5085 μέσῳ
3453 5024 3557 5069 ,Πα-

1983 5106 2121 5183 τρός,
2156 5107 2239 5158 καί
2266 5103 2407 5175 ἁγίου
2456 5100 2739 5173 Πνεύματος
2775 5102 2994 5162 εὐσεϐῶς
3032 5101 3456 5175 δοξολογούμςνον.
3502 5106 3559 5155 Ti

1982 5200 2083 5270 γάρ
2126 5198 2309 5251 τούτου
2353 5196 2904 5272 ἀπογορευτικώτερον,
2939 5196 3133 5267 Πατρός
3162 5195 3456 5269 παρ’ὑμῶν,
3481 5198 3559 5247 καὶ

1984 5289 2128 5361 ἁγίου
2159 5290 2438 5358 Πνεύματος
2462 5286 2823 5356 ἀδοξουμένους
2856 5290 2940 5339 καί
2978 5289 3309 5359 συκοφαντίαν
3341 5294 3445 5345 τοῖς
3474 5305 3556 5338 σε-

1987 5381 2169 5452 ραφξὶμ
2187 5378 2325 5447 ὑμῶν
2344 5375 2801 5451 παρεισφερόντων,
2818 5374 2894 5431 ὅτι
2912 5378 2968 5431 οὑ
2990 5381 3080 5435 τήν,
3096 5373 3288 5447 Τριάδα
3309 5376 3557 5445 φάσκουσι

1989 5468 2283 5540 δοξολογεῖν,
2330 5465 2517 5539 Ἄγιος,
2566 5466 2735 5541 ἅγιος.
2782 5466 2945 5540 ἅγιος,
2984 5467 3105 5520 άλλά
3144 5465 3562 5536 μονοπροσὼπως

1989 5562 2072 5613 τόν
2108 5561 2239 5613 Υίὸν.
2270 5562 2358 5614 Καὶ
2405 5563 2527 5613 ποία
2574 5558 2900 5634 φαραγγώδης
2929 5557 3170 5632 α’ρέσεων
3199 5552 3358 5613 οὕτως
3396 5555 3551 5610 ἀπηνε

1992 5653 2354 5723 αισχύντηκεν,
2397 5653 2464 5711 ὡς
2491 5652 2674 5717 ὑμεῖςἹ
2706 5651 2833 5707 πλήν
2862 5652 2942 5702 καὶ
2970 5650 3019 5700 ἂν
3060 5645 3222 5715 τούτῳ
3262 5643 3559 5720 διατρέχον.

1996 5766 2096 5805 τες.
2138 5741 2250 5802 Ἔτι
2280 5743 2573 5811 καινοτέρως
2604 5742 2811 5798 ἐπέθητι
2845 5746 2967 5800 ταῖς
2998 5736 3437 5811 στραγγαλιὼδεσι
3466 5744 3563 5793 τῶν
