4046 6188
441 308 545 363 925
761 301 770 327 ί
822 304 825 307 “

1772 298 2030 352 ιτιειλιωδ
2071 296 2270 349 ΡᾹΡίΕ
2314 295 2373 348 1.ῐ

3603 290 3718 350 916

444 416 636 470 resium
689 414 759 466 ita
796 410 1109 476 confundit,
1142 408 1195 464 id
1228 416 1311 464 est
1340 406 1675 477 impudenter
1702 407 1847 476 egit,
1880 409 2016 460 sicut
2047 460 2049 467 ,

2158 414 2224 462 πὸ
2264 413 2388 461 Θεοῦ
2436 406 2791 475 ἀπειπαμένων
2840 401 3150 475 δυσφημιῶν,
3183 403 3269 457 τὸν
3317 404 3458 467 Υέὀν,
3491 414 3709 483 Πατέρα,

443 505 571 558 vos?
606 502 979 558 Verumtamen
1008 512 1062 555 et
1083 501 1135 554 in
1164 500 1266 555 isto
1291 513 1605 568 percurrens
1632 498 1804 551 adhuc
1835 496 2023 551 novius

446 594 575 665 [Al.,
626 588 927 661 nocentius]
967 591 1319 657 ascendistis,
1358 600 1411 645 et
1453 588 1861 659 strangulandas
1890 588 2027 642 infa-

446 685 579 738 mias
606 700 637 737 a
669 683 778 738 Deo
816 682 1042 752 adjicitis
1067 724 1083 752 ,
1123 680 1316 736 Filium
1359 680 1639 745 videlicet,
1678 680 1886 733 Patrem
1913 719 1929 745 ,
1974 688 2028 733 et

446 787 686 833 sanctum
732 776 1025 845 Spiritum,
1068 775 1563 839 sabellianizantes,
1606 774 1760 827 simul
1800 771 2028 841 conjun-

448 882 571 939 gere
590 866 910 936 judiCantes.
948 866 1263 921 Trinitatem
1293 865 1541 920 conﬁteri
1570 865 1807 934 negatis,
1844 864 1894 917 in
1924 878 2030 932 qua

450 960 781 1029 baptizamur
803 998 819 1023 ,
852 965 908 1012 et
931 956 1198 1015 credimus
1222 996 1236 1019 ,
1268 964 1323 1010 et
1347 955 1685 1010 conﬁtemur.
1736 955 1864 1021 Quis
1902 969 2030 1021 ergo

451 1065 556 1105 non
584 1048 805 1104 deﬁeret
831 1048 907 1103 sic
934 1047 1173 1102 dicentes
1195 1047 1263 1101 de
1287 1046 1601 1101 intemerato
1629 1045 1865 1114 trisagio,
1889 1043 2031 1114 quod

455 1142 587 1196 mihi
616 1142 769 1196 valde
799 1140 1048 1196 convenit
1084 1141 1316 1195 refutare
1339 1181 1355 1206 ,
1402 1150 1454 1195 et
1481 1139 1659 1195 ﬁetum
1689 1140 1877 1193 merito
1907 1139 2035 1193 dare

455 1236 505 1288 in
536 1235 633 1289 hos
663 1236 955 1288 animarum
986 1232 1310 1301 simplicium
1337 1230 1692 1293 cavillatorcs,
1722 1245 1784 1285 ac
1815 1229 2032 1298 impium

453 1327 660 1381 facinus
687 1325 947 1394 ﬁngentes
976 1342 989 1377 :
1019 1338 1153 1393 quos
1178 1334 1230 1379 et
1255 1322 1458 1378 alienos
1499 1321 1800 1392 putavimus
1840 1319 1908 1374 ab
1949 1335 2037 1374 or-

454 1417 695 1472 thodoxa
720 1416 823 1471 ﬁde
852 1425 907 1471 et
928 1415 1188 1470 catholica
1219 1414 1476 1481 Ecclesia,
1516 1422 1570 1468 et
1597 1429 1627 1467 a
1662 1411 2039 1468 communione

457 1510 609 1566 ducis
659 1509 825 1563 nostri
872 1508 1089 1579 gloriosi
1123 1508 1465 1575 prxecessoris
1507 1505 1648 1560 Ρειιί
1674 1546 1690 1571 ,
1732 1502 1823 1573 qui
1860 1502 2042 1557 claves

456 1603 605 1673 regni
632 1618 661 1657 a
692 1602 969 1657 Salvatore
996 1611 1180 1656 nostro
1215 1600 1450 1669 recepit?
1492 1599 1592 1667 Qui
1617 1614 1795 1652 an'em
1828 1598 2043 1667 partici-

458 1710 551 1763 pes
579 1695 799 1764 apostoli
827 1709 946 1749 esse
972 1693 1181 1757 volunt,
1208 1692 1475 1746 ducuntur
1503 1702 1556 1745 et
1585 1690 1822 1745 doctrina
1849 1691 2037 1759 ipsius,

2127 503 2209 553 καὶ
2239 500 2376 570 ἅγιον
2412 505 2611 568 Πνεῦμα
2651 497 2877 567 λέγοντες
2896 536 2910 557 ,
2938 494 3433 559 σαϐεὒιανίζοντες,
3462 500 3545 549 καὶ
3587 518 3710 550 συν.

2128 595 2336 663 αλείῳειν
2358 594 2622 666 κρίνοντες,
2642 594 2729 648 τὴν
2752 586 2948 664 Τριάδα
2970 587 3225 660 ὁμολόγως
3247 590 3633 664 ἀπηρνήσιισθε,
3649 595 3719 651 εἰς·

2128 686 2186 742 ἦν
2228 684 2622 749 ἐϐαπτίσθημεν,
2652 684 2736 734 καὶ
2770 681 3103 749 πιστεύομεν,
3135 682 3218 734 καὶ
3238 679 3601 752 ὁμολογοῦμεν.
3631 687 3719 743 Τίς

2130 770 2216 829 οῦν
2237 777 2323 828 οῦκ
2352 772 2662 847 ἀποδύρεται
2681 774 2801 831 τοὺς
2830 771 2965 825 οῦτω
2987 774 3264 842 ᾳάσκοντας
3282 775 3397 848 περὶ
3425 780 3513 827 τοῦ
3537 793 3721 848 τρισα-

2131 872 2241 941 γίου
2265 875 2353 924 τοῦ
2385 870 2677 939 ἀχράντου;
2710 863 2736 920 ὂ
2777 868 2888 937 ἐμοὶ
2915 868 3021 921 λίαν
3049 869 3237 943 πρέπει
3265 870 3604 935 ἀπείπασθαι,
3636 872 3726 924 καὶ

2133 962 2375 1031 κλαυθμὸν
2415 958 2597 1014 δοῦναι
2632 961 2848 1023 ἐπαξίως
2882 966 2979 1013 τῶν
3017 960 3102 1013 ἐπὶ
3148 966 3301 1014 τοῦτο
3328 958 3723 1030 διασυ).ωμένων

2135 1054 2494 1125 ἁπλουστέρων
2565 1052 2787 1124 ψυχῶν,
2840 1060 2940 1108 τῶν
2998 1055 3057 1109 τὸ
3116 1055 3329 1117 ἀσεϐὲς,
3378 1057 3447 1115 ὡς
3512 1056 3725 1115 εὐσεϐές

2136 1144 2723 1219 δραματουργησάντων.
2755 1142 2856 1204 Οῦς
2896 1146 2976 1199 καί
3005 1144 3295 1219 ἀλλοτρίους
3334 1146 3590 1215 ἡγούμεθα
3629 1155 3725 1206 τῆς

2137 1234 2396 1309 ὁρθοδόξου
2416 1240 2662 1296 πίστεως,
2677 1239 2763 1290 καί
2787 1244 2880 1295 τῆς
2908 1235 3166 1296 καθολικῆς
3182 1235 3493 1298 Ἐκχλησίας,
3515 1238 3601 1290 καὶ
3629 1245 3727 1296 τῆς

2140 1329 2389 1388 κοινωνίας
2425 1333 2515 1381 τοῦ
2558 1328 2697 1397 ἡμῶν
2743 1326 3022 1398 ἡγουμένου
3081 1324 3275 1389 ἐνδόξου
3323 1324 3572 1401 προέδρου
3629 1328 3722 1380 Πέ-

2139 1440 2283 1490 τρου,
2320 1426 2407 1473 τοῦ
2453 1421 2544 1479 τὰς
2584 1420 2713 1479 ἡμεῖς
2754 1428 2845 1478 τῆς
2881 1419 3147 1491 βασιλείας
3188 1422 3331 1490 παρά
3367 1427 3455 1473 τοῦ
3498 1429 3726 1493 Σωτῆρος

2141 1514 2281 1580 ἡμῶν
2333 1509 2603 1583 εἰληφότος.
2650 1512 2710 1563 Οἱ
2758 1509 2812 1565 δὲ
2858 1517 2949 1565 τοῦ
2997 1511 3287 1565 ἀποστόλου
3333 1512 3553 1571 θέλοντες
3602 1507 3726 1565 εἶναι

2142 1606 2363 1656 κοινωνοὶ
2407 1599 2612 1674 ἄγονται
2656 1604 2743 1655 καὶ
2787 1609 2850 1675 τῇ
2897 1598 3091 1673 διδαχῇ
3133 1602 3357 1662 τούτου,
3386 1601 3468 1655 τὸν
3510 1603 3735 1677 Χριστὸν

2144 1694 2373 1764 φάσκειν,
2421 1694 2505 1746 καὶ
2537 1693 2795 1746 πιστεύειν
2844 1689 2907 1745 δι’
2926 1692 3061 1762 ἡμᾶς
3101 1692 3485 1765 σταυρωθέντα,
3526 1694 3614 1744 καὶ
3656 1699 3727 1761 μὴ

458 1789 544 1854 qui
575 1785 845 1840 (ihristnm
876 1784 1006 1840 dicit
1034 1792 1088 1838 et
1117 1783 1288 1838 credit
1324 1792 1541 1851 propter
1579 1797 1676 1835 nos
1705 1780 2035 1845 cruciﬁxum,

2154 1789 2295 1837 τιῦτο
2321 1783 2710 1858 ἀπαρνήσασθαι
2729 1824 2743 1847 ,
2778 1783 2845 1841 ὡς
2874 1784 2960 1835 καί
2987 1781 3011 1835 ὀ
3044 1782 3231 1855 ἀρτίως
3261 1784 3594 1858 καθῃρημέκς
3633 1785 3730 1835 Πέ-

458 1890 509 1931 rt
536 1878 635 1931 hoc
666 1894 771 1931 non
796 1886 972 1943 negat,
996 1875 1139 1931 sicut
1165 1885 1218 1929 et
1244 1874 1403 1928 modo
1433 1873 1706 1942 depositus
1732 1872 1943 1937 Petrus,
1974 1886 2042 1926 ex

457 1985 521 2023 eo
550 1969 690 2039 quod
716 1984 821 2022 non
845 1968 1081 2038 legitime
1101 1976 1155 2021 et
1184 1965 1531 2020 inclementer
1562 1966 1613 2018 in
1644 1963 1857 2033 trisagio
1886 1962 2045 2016 adin-

458 2060 674 2117 novavit
705 2075 719 2113 :
756 2060 856 2125 Qui
882 2058 1160 2125 cruciﬁxus
1188 2064 1258 2109 est
1289 2064 1493 2124 propter
1521 2070 1644 2119 nos;
1667 2054 1894 2109 scientes
1924 2054 2045 2122 quia

460 2167 565 2206 ι.οη
577 2150 886 2204 Trinitatem
902 2149 1205 2203 crucifixam
1230 2145 1298 2199 ab
1322 2146 1573 2214 apostolis
1593 2144 1922 2212 suscepistis.
1942 2159 2045 2196 non

468 2248 696 2311 l’atrem,
726 2259 830 2299 non
853 2243 1108 2310 Spiritum
1137 2250 1398 2302 sanctum,
1425 2240 1523 2293 nisi
1552 2254 1711 2294 carne
1741 2238 1927 2293 Filium
1952 2238 2045 2293 Dei

464 2337 795 2408 unigenitum
849 2335 1049 2389 solum.
1104 2332 1289 2399 Fugite
1319 2346 1447 2398 ergo
1474 2330 1541 2383 ab
1598 2330 1695 2385 hac
1742 2329 2047 2384 inclementi

462 2428 858 2494 communione,
883 2435 935 2481 et
961 2441 1054 2480 ero
1080 2424 1232 2478 vobis
1261 2422 1685 2482 communicans.
1716 2423 1765 2475 in
1793 2432 2046 2492 quantum

462 2530 514 2573 et
540 2532 635 2573 vos
657 2517 809 2584 mibi,
837 2516 1019 2571 dolosa
1053 2514 1255 2568 fallacia
1283 2514 1437 2581 longe
1466 2527 1496 2566 a
1527 2521 1703 2565 nostra
1730 2511 2047 2566 orthodoxia

464 2612 703 2681 expulsa.
734 2607 1027 2675 Custodite,
1058 2605 1257 2661 Christi
1286 2605 1553 2673 discipuli,
1594 2605 1693 2659 mei
1722 2613 1899 2658 autem
1930 2601 2046 2669 ﬁlii,

464 2702 778 2761 traditiones
805 2716 937 2774 quas
966 2716 995 2755 a
1025 2699 1220 2757 divinis
1245 2697 1537 2768 Scripturis
1566 2696 1866 2766 accepistis.

1060 2852 1085 2881 ι
1128 2841 1457 2899 EPISTOLA

534 2950 765 2994 υυευειι
805 2950 1002 2993 ῖειιοιε
1039 2952 1185 2991 ΡΔΡΑΕ
1225 2952 1282 2990 ιιι
1337 2952 1411 2990 AD
1441 2949 1651 2988 Ρετιιυν
1692 2947 1977 2988 Εριεοορυν

803 3022 993 3063 ANTIOC
1002 3023 1177 3061 IIENUH
1187 3051 1200 3076 ,
1244 3021 1429 3060 νεηειο
1466 3020 1712 3067 ΑΝτιρυΑ.

540 3115 725 3172 Petrus
755 3118 1100 3170 Antioclenus
1128 3117 1398 3185 deponitur
1429 3123 1475 3169 et
1502 3114 1977 3168 anathematizatur.

538 3208 798 3277 Quoniam
831 3206 1101 3276 pestiferis
1130 3208 1387 3260 doctrinis
1419 3206 1655 3261 imbutus
1691 3214 1745 3261 et
1787 3207 2056 3275 impietate

2144 1896 2287 1951 τρος,
2317 1872 2401 1929 διὰ
2438 1876 2497 1928 τὸ
2536 1872 2813 1933 ἀλλοκότως
2853 1875 2937 1927 καὶ
2983 1871 3243 1942 δυσμενῶς
3274 1874 3321 1926 ἐν
3364 1880 3436 1945 τῷ
3477 1876 3730 1946 τρισαγίῳ

2145 1966 2752 2041 προσκεκαινοτομηκὲναι
2771 1963 2922 2029 τὸ,Ὀ
2944 1966 3255 2040 παυρωθείς
3284 1963 3513 2035 δι’ήμᾶς·
3541 1964 3732 2026 εδότες

2148 2058 2226 2113 ὅτι
2265 2060 2323 2113 οῦ
2353 2056 2544 2134 Τριάδα
2566 2064 2667 2111 τῶν
2713 2056 3008 2112 ἀποστόλων
3037 2058 3421 2130 σταυρωθεῖσαν
3452 2055 3731 2132 παρεδέξα-

2149 2150 2256 2212 σθε,
2289 2151 2348 2202 οῦ
2378 2146 2598 2223 Πατέρα,
2631 2150 2687 2203 οῦ
2723 2155 2923 2219 Πνεῦμα
2953 2148 3121 2221 ἅγιον,
3146 2152 3191 2203 εἰ
3226 2153 3294 2218 μὴ
3326 2151 3476 2223 σαρκί
3503 2151 3589 2203 τὸν
3617 2150 3734 2203 Υἱὸν

2150 2246 2238 2294 τοῦ
2269 2244 2394 2294 Θεοῦ
2432 2239 2515 2294 τὸν
2561 2246 2796 2309 μονογενῆ
2832 2241 3134 2309 μονώτατον.
3174 2241 3381 2308 Nor/st:
3428 2242 3590 2294 τοίνυν
3630 2241 3743 2295 διπᾶ

2150 2340 2242 2391 τῆς
2270 2329 2548 2400 δυσμενοῦς
2588 2332 2770 2384 τούτου
2810 2334 3087 2391 κοινωνίας,
3119 2334 3203 2384 καὶ
3242 2330 3430 2400 ἔσομαι
3458 2332 3598 2402 ὑμῶν
3626 2353 3734 2387 κοι-

2151 2422 2334 2487 νωνὸς,
2366 2422 2536 2476 καθότι
2575 2424 2657 2475 καὶ
2700 2423 2848 2493 ὑμεῖς
2892 2424 3031 2493 ἐμοῖ.
3072 2428 3171 2476 Τοῦ
3217 2420 3420 2498 δολεροῦ
3466 2426 3736 2495 φάσματος

2152 2512 2328 2591 πόρέω
2361 2515 2500 2586 ὑμῶν
2546 2522 2637 2574 τῆς
2668 2512 2951 2589 ὀρθοδοξίας
2995 2512 3413 2575 ἑκπεπηδηκὸτος.
3455 2517 3734 2579 Φυλάξατε,

2155 2614 2377 2681 Χριστοῦ
2410 2607 2645 2675 μαθηταὶ,
2673 2606 2793 2675 ἐμοῦ
2817 2604 2867 2659 δέ
2890 2606 3012 2669 υἱοὶ,
3029 2608 3123 2666 τὰς
3156 2605 3465 2679 παραδόσεις
3487 2606 3547 2667 ἃς
3567 2627 3735 2681 παρε-

2152 2698 2326 2753 λάϐετε
2350 2698 2451 2751 ἀπὸ
2480 2704 2579 2750 τῶν
2608 2699 2745 2751 θείων
2774 2704 2997 2771 Γραφῶν.

2150 2838 2262 2893 lare
2298 2838 2351 2892 in
2384 2837 2638 2901 veritate;
2684 2849 2781 2890 nec
2809 2834 3009 2889 nostris
3038 2836 3245 2894 duabus
3280 2834 3523 2905 epistolis
3550 2850 3747 2893 aurem

2154 2929 2369 2983 voluisti
2402 2928 2763 2984 commodare.
2792 2927 2939 2982 Nunc
2966 2926 3124 2998 igitur
3151 2942 3265 2981 sum
3288 2942 3515 2982 exorsus
3544 2929 3738 2985 adver-

2155 3034 2271 3074 sum
2322 3031 2373 3075 te
2416 3018 2655 3089 proferre
2697 3019 3016 3073 sententiam
3061 3018 3252 3088 (magis
3289 3030 3466 3074 autem
3497 3034 3741 3075 summus

2157 3112 2406 3181 princeps
2458 3110 2823 3177 apostolorum
2855 3110 3074 3178 Petrus,
3122 3110 3209 3180 qui
3263 3113 3401 3166 inter
3430 3121 3751 3168 sanctorum

2157 3201 2519 3271 apostolorum
2560 3200 2825 3270 prmconia
2872 3201 3137 3255 veridicos
3165 3201 3291 3273 est),
3339 3213 3389 3256 et
3422 3217 3527 3257 non
3557 3204 3732 3257 solum

471 3303 752 3357 verborum
800 3315 905 3355 non
950 3299 1147 3354 curasti
1197 3298 1350 3367 sequi
1405 3297 1793 3367 prmordinatos
1846 3306 2060 3354 sanctos
2088 3282 2134 3348 C
2164 3293 2446 3349 adversum
2478 3302 2529 3347 te
2562 3292 2672 3361 (qui
2697 3292 2811 3360 ejus
2837 3292 3095 3357 nominis,
3124 3306 3227 3345 non
3258 3296 3538 3348 sententia:
3568 3308 3747 3362 neque

472 3394 655 3447 Patres
700 3392 785 3461 qui
827 3389 1007 3445 sedem
1052 3389 1220 3443 beata:
1277 3387 1553 3442 memoriae
1602 3386 1785 3457 lgnatii
1838 3388 2056 3456 gloriosi

474 3484 719 3553 martyris
764 3484 1167 3547 ordinaverunt,
1193 3497 1297 3550 quo
1346 3480 1505 3538 etiam
1536 3496 1656 3536 cum
1686 3482 1761 3536 sis
1790 3482 2057 3552 indignus,

477 3576 656 3633 nescio
700 3574 1149 3645 quemadmodum
1199 3574 1424 3643 adeptus
1470 3573 1635 3629 fueris
1683 3574 2058 3643 principatum,

472 3681 523 3722 t-t
573 3668 866 3723 sceleribts
915 3666 1019 3719 tuis
1066 3665 1339 3733 profanis,
1388 3663 1670 3734 impiisque
1724 3663 2062 3734 dogmatibus

476 3759 673 3813 inferre
722 3756 992 3825 putaveris
1044 3755 1294 3810 Ecclesia:
1340 3755 1616 3809 catholicae
1648 3755 1960 3820 novitatem,
2002 3764 2062 3809 ut

478 3865 581 3903 non
653 3858 873 3917 propter
921 3861 1018 3901 nos
1062 3845 1336 3901 Christum
1384 3845 1697 3902 crucifixum
1750 3846 1915 3908 dicas,
1964 3847 2058 3901 sed

480 3940 781 3999 tassionem
839 3938 1153 4007 impassibili
1233 3939 1342 3993 Deo
1411 3938 1745 4008 iniquissime
1812 3938 2065 4005 intulisti,

475 4044 527 4088 et
577 4032 864 4086 immortali
921 4030 1129 4099 spiritui
1186 4040 1411 4084 mortem
1467 4046 1737 4099 apponere
1797 4046 2059 4100 praesum-

475 4126 645 4189 ρςῐεῑί.
688 4122 797 4177 Nec
840 4123 1127 4177 exterritus
1156 4136 1214 4176 es
1239 4164 1252 4185 ,
1296 4135 1416 4190 quae
1456 4120 1549 4175 tibi
1589 4137 1617 4173 a
1662 4125 1861 4176 sanctis
1889 4122 2062 4175 Evan-

476 4216 625 4278 gelii,
651 4224 704 4268 et
731 4214 990 4285 apostolis
1019 4222 1072 4267 et
1110 4214 1240 4267 viris
1284 4212 1605 4267 beatissimis
1642 4226 1705 4266 ac
1745 4213 2063 4282 probatissi-

478 4310 578 4361 mis
607 4307 850 4362 Patribus
879 4305 1070 4360 tradita
1102 4320 1207 4359 non
1237 4312 1361 4358 sunt
1380 4346 1393 4367 ,
1427 4303 1519 4358 sed
1549 4303 1754 4359 callidis
1782 4304 1894 4359 haec
1918 4320 2064 4360 com-

479 4397 672 4452 mentis
718 4405 1002 4460 astruere,
1046 4405 1102 4448 et
1145 4409 1360 4448 sensum
1402 4394 1601 4463 proprii
1651 4394 1960 4463 languoris,
2008 4406 2064 4451 et

481 4488 637 4557 hujus
667 4487 938 4542 hrcreseos
967 4485 1277 4541 scandalum
1313 4484 1730 4553 simplicioribus
1766 4486 2060 4551 inculcare,

480 4581 548 4632 ita
576 4589 632 4630 ut
662 4594 759 4633 nec
793 4579 985 4633 similis
1026 4577 1293 4647 prioribus
1334 4578 1574 4632 videatur
1608 4577 1900 4633 ltmresibus
1921 4623 1935 4647 ,
1967 4580 2061 4635 sed

2164 3385 2281 3440 fidei
2325 3400 2505 3452 parem
2540 3392 2590 3439 te
2625 3398 2749 3439 esse
2770 3398 3123 3452 cognoscens,
3175 3385 3425 3453 quoniam
3457 3384 3596 3437 ultra
3625 3400 3749 3439 mo-

2162 3478 2285 3532 dum
2307 3477 2375 3532 ab
2400 3476 2517 3547 ejus
2539 3477 2835 3530 intentione
2859 3487 3000 3530 recta
3021 3474 3312 3529 inviolabili
3338 3474 3440 3530 ﬁde
3465 3476 3745 3545 deviasti),

2163 3572 2254 3627 sed
2292 3571 2453 3626 etiam
2481 3569 2742 3624 adversus
2769 3583 2862 3624 eos
2888 3569 3002 3639 qui,
3024 3584 3128 3623 non
3157 3568 3536 3624 erubescentes
3568 3568 3747 3623 Eran-

2160 3666 2421 3734 geliorum
2460 3661 2796 3718 venerabiles
2833 3660 3204 3731 characteres,
3234 3676 3407 3731 neque
3438 3661 3629 3715 horum
3658 3675 3745 3715 se-

2161 3756 2407 3827 quacium
2450 3754 2814 3825 apostolorum
2857 3751 3338 3822 praefectorumque
3368 3752 3608 3807 virorum
3640 3750 3745 3805 do-

2161 3856 2477 3917 ctorumque
2526 3859 2830 3913 sermones,
2861 3842 3187 3898 inconstanti
3232 3842 3496 3897 sententia
3550 3841 3748 3913 iniquis

2163 3938 2536 3994 traditionibus
2558 3937 2664 3990 tuis
2686 3935 3016 3990 incumbunt.
3047 3934 3124 3988 Ita
3156 3941 3210 3988 ut
3235 3933 3388 3988 malae
3410 3942 3572 3987 secta:
3597 3931 3747 3987 dele-

2162 4030 2429 4086 ctabiliter
2458 4042 2641 4083 revera
2670 4036 2960 4098 sequantur
2980 4024 3412 4088 amaritudinem,
3439 4039 3537 4079 nec
3562 4023 3748 4093 hujus-

2164 4120 2305 4173 modi
2337 4117 2718 4174 exsecrabilem
2765 4126 3082 4172 arersantur
3124 4116 3473 4185 impietatem.
3509 4116 3751 4170 Dicimus

2163 4226 2293 4281 e-go
2317 4211 2407 4265 tibi
2430 4212 2567 4263 sicut
2590 4210 2750 4264 etiam
2783 4208 2922 4273 illis;
2947 4208 3197 4277 quoniam
3223 4208 3455 4263 dilexisti
3487 4206 3750 4261 malitiam

2164 4317 2326 4372 super
2369 4301 2787 4369 benignitatem,
2836 4300 3170 4367 iniquitatem
3210 4298 3379 4368 magis
3412 4313 3572 4367 quam
3602 4297 3749 4366 loqui

2164 4394 2495 4463 aequitatem.
2531 4392 2767 4445 Dilexisti
2796 4392 2973 4446 omnia
3003 4391 3166 4446 verba
3198 4388 3659 4461 praecipitationis,
3687 4397 3746 4442 et

2168 4485 2399 4555 linguam
2453 4483 2734 4548 dolosam;
2792 4492 3073 4551 propterea
3120 4482 3360 4536 destruet
3411 4488 3463 4534 te
3510 4478 3651 4534 Deus
3694 4479 3751 4532 in

2170 4578 2351 4640 ﬁnem,
2382 4592 2485 4630 non
2518 4576 2689 4629 solum
2724 4576 2791 4630 ab
2822 4575 3167 4629 Antiochenam
3193 4574 3450 4629 Ecclesia:
3477 4572 3625 4639 sede,
3654 4571 3751 4626 sed

484 4669 845 4737 multipliciter
893 4672 1067 4739 potius
1114 4670 1228 4724 haec
1272 4668 1652 4723 transcendant
1693 4686 1708 4723 :
1741 4684 1838 4725 nec
1879 4670 2064 4725 ambu—
2095 4654 2329 4725 Detiam
2371 4668 2439 4723 ab
2485 4668 2631 4723 omni
2670 4666 2903 4723 civitate.
2935 4666 3148 4722 Etenim
3194 4666 3265 4722 sit
3306 4665 3359 4720 in
3398 4673 3453 4720 te
3492 4665 3606 4720 brec
3646 4663 3753 4717 ﬁsa

549 4833 577 4863 ιι
616 4820 867 4877 Ballerini
916 4822 1108 4877 fratres
1152 4824 1202 4877 in
1253 4822 1628 4879 dissertatione
1681 4823 1961 4891 Prmmissa.
1994 4824 2059 4879 ad

481 4906 679 4951 tomum
709 4893 1015 4961 lliopernm
1046 4894 1210 4947 sancti
1231 4893 1427 4948 Leonis
1452 4895 1843 4948 admonuerunt
1873 4896 1924 4948 in
1952 4895 2063 4949 eol-

480 4966 705 5021 lectione
753 4978 871 5030 qua:
926 4963 1182 5017 Awllana
1248 4963 1445 5019 dicitur
1510 4974 1719 5019 servata
1770 4966 1820 5018 in
1873 4964 2061 5020 codice

482 5036 647 5089 Vatis.
698 5034 879 5097 4961,
922 5042 1136 5103 exstare
1179 5034 1247 5088 ibi
1296 5038 1593 5089 versionem
1636 5046 1872 5089 veterem
1906 5036 2062 5103 hujus

478 5106 717 5171 cpistola:
748 5103 942 5175 Felicis
968 5104 1032 5156 ad
1062 5102 1273 5158 Petrum
1300 5104 1568 5160 diversam
1601 5106 1668 5158 ab
1697 5121 1755 5158 ea
1790 5121 1907 5172 qua
1934 5102 2063 5175 legi-

480 5188 563 5229 tur
595 5175 648 5230 in
687 5174 1092 5230 collectionibus
1135 5176 1460 5245 synodorum
1487 5218 1501 5238 .
1552 5191 1776 5242 eamque
1821 5174 2060 5231 exhiberi

478 5248 747 5301 afﬁrmant
794 5261 823 5297 a
873 5246 1248 5300 collectoribus
1292 5247 1649 5315 Epistolarum
1702 5246 2060 5300 Romanorum

479 5318 784 5383 pontiﬁcum
822 5326 951 5369 tom.
984 5316 1022 5379 I,
1053 5332 1169 5385 pag.
1202 5317 1325 5371 526.
1362 5319 1508 5370 ilanc
1530 5332 1629 5384 ego
1658 5318 1742 5371 hic
1768 5332 2061 5385 repraesen-

479 5389 693 5443 tandam
720 5388 899 5442 censui
933 5399 1042 5440 tum
1073 5387 1211 5456 quod
1246 5388 1599 5442 vetustissima
1633 5389 1718 5451 sit,
1748 5403 1868 5440 cum
1900 5390 2059 5442 etiam

480 5460 619 5527 quod
648 5460 703 5513 in
747 5457 1121 5525 probatissima
1154 5459 1404 5511 Avellana
1434 5460 1669 5511 editione
1698 5459 2054 5511 contineatur.

480 5530 696 5583 Addunt
741 5530 960 5597 insuper
1009 5529 1058 5580 in
1108 5528 1295 5581 eodem
1342 5529 1597 5583 Avellano
1634 5528 1818 5582 codice
1847 5539 2058 5582 exstare

482 5600 679 5662 pariter
722 5599 1058 5667 sequentium
1112 5598 1417 5652 Graecarum
1467 5602 1809 5665 cpistolarutn
1860 5600 2057 5652 versio-

481 5683 599 5721 nem
626 5668 890 5722 diversam
918 5667 985 5721 ab
1012 5682 1077 5721 ca
1106 5684 1224 5737 qua:
1253 5669 1335 5722 hic
1364 5672 1413 5723 in
1437 5669 1676 5723 conciliis
1706 5670 1913 5736 legitur.
1947 5669 2056 5722 llas

482 5748 579 5809 ego
604 5738 802 5804 pariter
828 5739 1099 5796 versione:
1148 5739 1371 5795 libenter
1404 5740 1533 5795 mihi
1565 5739 1966 5809 descripsisscm
1999 5740 2053 5796 in

2171 4834 2491 4892 prtesentem
2523 4838 2673 4879 usum
2696 4838 2819 4877 cum
2850 4823 3033 4877 Romzc
3064 4822 3282 4892 agebam
3303 4864 3318 4887 ,
3348 4822 3390 4876 si
3422 4837 3516 4891 per
3544 4832 3757 4893 tempus

2171 4896 2427 4950 licuisset.
2474 4925 2545 4936 --
2592 4896 2715 4948 llaec
2756 4901 2839 4948 est.
2880 4895 3045 4963 tertia_
3084 4894 3307 4961 epistola
3362 4893 3558 4947 Felicis
3606 4909 3758 4963 papa

2169 4980 2325 5035 quam
2358 4982 2389 5020 e
2416 4965 2623 5033 synodo
2651 4963 2891 5035 ltomana
2925 4964 2989 5018 ad
3025 4961 3236 5018 Petrum
3267 4963 3549 5035 Fullonem
3580 4961 3758 5018 trans-

2172 5034 2335 5101 misit,
2359 5051 2564 5105 quaque
2591 5050 2712 5091 eum
2738 5043 2859 5103 post
2882 5034 3032 5088 binas
3054 5034 3313 5088 salutares
3340 5034 3757 5099 admonitiones,

2170 5108 2432 5161 sententia
2462 5104 2815 5160 anathematis
2844 5114 2897 5158 et
2934 5105 3283 5173 depositionis
3310 5104 3428 5173 jure
3457 5106 3765 5174 meritoque

2169 5177 2568 5232 condemnavit.
2609 5177 2755 5230 lianc
2782 5174 2970 5229 ordine
3002 5176 3205 5229 tertiam
3238 5174 3304 5228 ad
3349 5190 3471 5229 eum
3500 5177 3761 5237 scriptam

2170 5262 2291 5303 esse
2338 5248 2575 5302 ind'cant
2619 5247 2775 5315 hujus
2804 5245 3041 5315 epistolre
3073 5245 3231 5299 verba
3278 5247 3391 5300 iure
3422 5261 3489 5299 ex
3521 5245 3764 5301 editione

2169 5334 2289 5383 qua:
2318 5318 2542 5372 habetur
2570 5328 2698 5373 tum.
2734 5316 2752 5369 l
2786 5317 2953 5385 Epist.
2986 5316 3139 5370 Rom.
3171 5316 3357 5385 pontif.
3392 5332 3406 5367 :
3442 5315 3554 5368 Nec
3579 5315 3765 5368 ambu-

2166 5391 2275 5441 lare
2304 5390 2355 5440 in
2390 5390 2619 5450 veritate.
2650 5403 2740 5441 nec
2770 5386 2953 5440 nostris
2987 5387 3183 5440 duabus
3210 5387 3437 5452 epistolis
3465 5402 3645 5439 aurem
3674 5402 3769 5439 to-

2167 5460 2308 5512 lut'sti
2335 5460 2749 5523 accommodare,
2784 5473 2919 5510 nunc
2941 5458 3099 5528 igitur
3124 5472 3238 5511 sum
3269 5473 3481 5528 exorsus
3517 5460 3769 5511 adversus

2164 5541 2211 5583 te
2239 5531 2467 5599 proferre
2494 5530 2817 5593 sententiam,
2844 5527 3137 5584 etc.Unde
3169 5536 3313 5596 patet
3340 5527 3481 5597 quod
3521 5528 3771 5599 secunda

2164 5601 2250 5654 illa
2281 5601 2564 5656 monitoris
2596 5599 2790 5654 Felicis
2822 5614 2971 5670 papa:
2998 5599 3063 5655 ad
3095 5599 3307 5656 Petrum
3338 5598 3653 5653 transmissa
3682 5598 3772 5653 in-

2165 5672 2386 5727 terierit.
2417 5672 2543 5728 Ssv.
2577 5671 2772 5725 BISIUS.
