4046 6188
279 272 392 330 917

1496 265 1847 321 ιειηδτυιῑ
1890 267 1971 320 ΕΤ
2016 265 2341 320 DECRETA.

3435 267 3537 323 9H

278 378 580 445 damnatio,
610 392 640 432 a
673 392 759 434 tne
787 384 841 433 et
871 376 939 432 ab
967 376 1050 433 his
1079 375 1168 448 qui
1196 374 1297 432 sub
1332 389 1415 429 me
1445 376 1716 431 constituti
1744 376 1860 445 epi-
1892 380 1937 437 Λ
1966 376 2165 443 pariter
2186 372 2490 443 abnegat‘s,
2530 375 2581 427 in
2627 388 2729 444 qua
2758 373 3011 445 baptizati
3043 387 3244 434 sumus.
3274 382 3328 428 et
3359 376 3532 429 credi-

278 470 528 541 scopales
561 468 719 523 sedes
743 468 1043 539 gubernare
1071 475 1386 533 noscuntur,
1417 474 1472 521 et
1496 466 1690 522 Acacio
1719 466 1861 521 Con-

280 559 771 630 stantinOpolitanae
802 559 1056 614 Ecclesia:
1086 567 1298 629 pastore
1323 602 1338 625 ,
1381 566 1437 613 et
1464 557 1860 615 venerabilibus

279 654 550 723 episcopis
580 652 695 722 ejus
718 652 821 721 juri
850 651 1105 721 subjectis
1136 660 1386 720 tanquam
1416 659 1468 706 et
1490 652 1619 721 ipsis
1641 651 1859 707 minime

280 745 744 804 consentientibus
778 745 883 799 tuis
910 744 1247 808 commentis,
1279 743 1356 799 sic
1382 743 1669 812 aliquando
1699 744 1862 813 siqui—

280 839 406 893 dem
424 836 625 900 dixisti,
650 834 959 890 Trinitatem
986 846 1200 904 propter
1222 848 1319 888 nos
1340 833 1647 888 cruciﬁxam
1676 842 1732 889 et
1756 850 1859 888 non

281 930 579 992 Christum,
603 926 891 997 aliquando
912 940 1042 981 vero
1074 925 1428 980 immortalem
1470 923 1716 993 spiritum
1743 924 1822 979 Ma
1842 953 1858 965 -

284 1021 479 1076 nichtni
515 1026 731 1074 secutus
777 1031 1054 1082 errorem,
1096 1015 1377 1085 aliquando
1413 1022 1590 1069 autem
1632 1015 1746 1069 haec
1781 1013 1865 1068 fu-

283 1115 437 1183 giens
458 1156 473 1181 ,
516 1119 820 1165 nostrorum
851 1122 1159 1163 sermonum
1193 1106 1503 1176 pignoribus
1536 1106 1858 1176 increpatus,

281 1204 554 1261 Christum
583 1211 703 1270 post
727 1198 1083 1254 immortalem
1106 1198 1350 1267 Spiritum
1382 1198 1682 1268 passionem
1701 1198 1865 1253 susu-

283 1295 469 1350 nuisse
505 1291 722 1358 dixisti,
762 1290 903 1345 sicut
935 1288 1131 1343 Paulus
1158 1289 1560 1354 Samosatenus,
1593 1298 1647 1343 et
1676 1287 1866 1343 Nesto-

286 1388 399 1442 rius
428 1400 590 1440 unum
608 1382 796 1437 Filium
824 1378 1123 1435 dividentes
1154 1378 1206 1433 in
1246 1378 1501 1434 dualitate
1530 1379 1780 1445 ﬁliorum,
1810 1385 1866 1432 et

282 1494 408 1536 cum
453 1478 541 1532 hic
587 1472 786 1546 putasti
830 1486 934 1527 non
977 1470 1403 1537 immorandum,
1452 1470 1519 1525 ad
1565 1472 1744 1542 pejora
1773 1486 1863 1527 ve-

288 1571 436 1636 nisti,
462 1579 519 1624 ut
550 1568 753 1638 hymni,
786 1580 918 1636 quos
951 1564 1239 1620 Clterubim
1266 1579 1385 1618 cum
1418 1573 1652 1619 tremore
1683 1564 1861 1619 Trini-

288 1664 412 1720 tatis
440 1665 770 1719 incessanter
815 1659 1096 1722 emittunt,
1123 1656 1189 1711 ad
1218 1657 1530 1711 Trinitatem
1562 1656 1865 1727 gloriﬁcan-

1967 481 2084 521 ntus
2123 475 2177 522 et
2216 467 2459 520 fatemur.
2489 464 2619 532 Quis
2648 480 2777 535 ergo
2805 481 2912 522 non
2939 466 3115 537 lugeat
3146 469 3264 521 talia
3296 468 3535 524 dicentes

1964 558 2030 612 de
2078 566 2257 612 sancta
2308 565 2362 611 et
2415 555 2702 612 inviolabili
2736 555 2999 612 Trinitate
3029 558 3053 610 ἲ
3083 558 3185 613 hoc
3226 558 3353 614 mihi
3383 560 3538 615 valde

1963 648 2210 703 convenit
2230 647 2477 717 allegare,
2508 657 2561 702 et
2592 649 2859 717 planctum
2882 649 3209 706 sufﬁcienter
3238 651 3534 717 effundere,

1963 756 2083 794 cum
2112 741 2165 795 in
2198 740 2297 795 hoc
2319 740 2636 810 simplicium
2663 739 2857 795 animae
2884 739 3389 811 fuerintcaptivatm,
3418 760 3537 814 quae

1966 842 2091 886 tunc
2140 848 2254 887 rem
2304 832 2520 904 impiam
2557 833 2704 888 velut
2756 833 2895 903 piam
2936 834 3372 905 divulgaverunt,
3403 853 3537 907 quos

1964 924 2121 977 etiam
2136 921 2439 993 judicamus
2459 933 2744 980 extraneos
2772 924 2840 979 ab
2862 926 3158 981 orthodoxa
3191 926 3316 995 ﬁde,
3354 929 3538 983 Eccle-

1962 1013 2149 1086 siaque
2174 1015 2461 1079 catholica,
2485 1027 2539 1072 et
2557 1017 2931 1073 communione
2959 1017 3177 1088 gloriosi
3207 1019 3372 1073 nostri
3398 1022 3540 1088 prin-

1961 1104 2096 1177 cipis
2127 1106 2290 1175 Petri,
2323 1108 2414 1180 qui
2442 1111 2616 1167 claves
2665 1109 2814 1180 regni
2854 1112 3113 1165 caelorum
3145 1127 3173 1165 a
3207 1122 3390 1166 nostro
3418 1111 3536 1166 Sal-

1962 1210 2153 1255 vatore
2191 1204 2452 1273 percepit.
2496 1203 2595 1270 Qui
2637 1217 2765 1274 ergo
2796 1203 3058 1258 voluerint
3090 1220 3210 1260 esse
3239 1207 3538 1261 communi-

1963 1302 2174 1348 mtures
2208 1290 2469 1359 apostoli,
2502 1294 2615 1366 ejus
2644 1310 2856 1365 quoque
2892 1294 3187 1349 doctrinam
3225 1304 3536 1365 sequantur,

1964 1380 2254 1437 dicendoet
2276 1382 2549 1439 credendo
2566 1383 2832 1439 Christum
2858 1395 3072 1453 propter
3091 1386 3534 1443 nns'cruciﬁxum.

1967 1489 2138 1544 neque
2166 1486 2288 1528 eum
2317 1477 2580 1546 negando,
2606 1476 2743 1531 sicut
2769 1476 2977 1543 Petrus,
3008 1477 3094 1545 qui
3125 1494 3294 1546 nuper
3318 1478 3539 1532 damna-

1968 1576 2052 1622 tus
2085 1575 2168 1622 est
2204 1581 2270 1623 eo
2301 1566 2442 1637 quod
2470 1584 2633 1636 prave
2660 1576 2715 1623 et
2746 1567 2946 1622 nefarie
2976 1568 3028 1621 in
3059 1570 3257 1638 hymno
3288 1569 3541 1639 trisagion

1968 1660 2176 1714 noviter
2213 1659 2543 1723 introduxit,
2587 1662 2673 1731 qtti
2714 1659 3000 1716 cruciﬁxus
3036 1671 3119 1716 est
3162 1672 3379 1731 propter
3419 1676 3540 1720 nos.

288 1760 407 1814 dam
441 1774 546 1812 non
579 1754 897 1811 referantur.
929 1751 1034 1808 Sed
1066 1759 1126 1805 ut
1156 1758 1295 1805 totus
1321 1749 1549 1822 hymnus
1578 1750 1642 1805 ad
1674 1750 1862 1804 Filium
1898 1759 1943 1819 Β
1969 1752 2198 1807 scientes
2224 1752 2347 1821 quia
2375 1768 2480 1806 non
2515 1753 2829 1808 Trinitatem
2853 1754 3159 1808 cruciﬁxam
3192 1754 3258 1808 ab
3289 1753 3545 1823 apostolis

285 1848 583 1912 dedicatur,
602 1845 925 1901 conﬁrmare
943 1842 1130 1898 volens
1152 1842 1494 1909 sententiam,
1512 1843 1657 1898 velut
1673 1857 1867 1899 cancer

287 1948 613 2010 serpentem,
638 1951 797 2006 quam
819 1936 1073 1989 adversus
1094 1934 1365 2002 simplices
1384 1933 1638 2000 extulisti,
1664 1942 1720 1990 et
1744 1934 1867 1989 hinc

288 2030 525 2085 omnium
549 2026 815 2082 baeresum
849 2023 1054 2094 laqueis
1082 2024 1443 2094 praecipitatus
1470 2039 1552 2090 es,
1582 2040 1613 2079 a
1642 2024 1869 2079 veritate

288 2117 641 2181 declinando,
673 2130 771 2171 nec
803 2115 1146 2185 praadicando
1191 2122 1409 2184 pr0pter
1452 2127 1567 2169 nos.
1595 2113 1867 2169 Christum

290 2213 609 2271 crucifixum
640 2210 966 2280 unigenitum
1002 2209 1096 2264 Dei
1128 2208 1344 2273 Filium,
1374 2209 1460 2279 qtti
1493 2218 1573 2263 est
1614 2207 1664 2262 in
1692 2208 1870 2264 medio

291 2305 464 2361 Patris
494 2311 549 2359 et
579 2302 749 2357 sancti
776 2300 1027 2371 Spiritus,
1057 2301 1147 2369 qui
1179 2300 1525 2370 glorificatur.
1559 2298 1693 2367 Quid
1725 2301 1866 2354 enim

293 2399 395 2454 hoc
414 2396 515 2453 erit
541 2393 895 2448 damnabilius
916 2406 1075 2461 quam
1096 2405 1218 2445 cum
1246 2405 1275 2445 a
1299 2390 1450 2445 vob's
1478 2390 1634 2444 Pater
1663 2399 1716 2445 et
1745 2389 1870 2459 Spi-

291 2490 429 2544 ritus
450 2496 667 2542 sanctus
696 2485 786 2539 ﬁat
815 2482 1093 2554 inglorius,
1123 2492 1177 2537 et
1201 2482 1469 2539 calumnia
1500 2483 1753 2552 seraphin
1786 2483 1871 2537 in-

293 2581 529 2644 feratur,
559 2592 715 2646 quam
761 2591 879 2630 cum
927 2589 1033 2630 non
1065 2573 1383 2629 Trinitatem
1422 2573 1722 2643 gloriﬁcare
1749 2588 1871 2629 cre-

293 2672 475 2739 datur,
508 2685 626 2724 cum
669 2668 851 2722 dicunt
881 2666 1143 2731 Sanctus,
1176 2665 1433 2728 Sanctus,
1466 2665 1732 2731 Sanctus,
1780 2664 1872 2719 sed

293 2763 467 2817 solam
499 2760 824 2831 personam?
853 2758 982 2826 Quae
1022 2756 1304 2812 infernalis
1336 2756 1553 2810 haeresis
1586 2756 1655 2810 ita
1688 2754 1876 2810 crude-

293 2854 488 2910 deliter
520 2861 578 2907 ut
604 2866 702 2907 vos
736 2848 1093 2906 inverecunda
1123 2847 1243 2903 fuit.
1289 2846 1670 2902 Verumtamen
1702 2843 1875 2901 adhuc

293 2946 348 2999 in
390 2945 493 2999 ista
530 2943 894 2999 discurrentes
933 2942 1170 2997 novitate
1212 2953 1378 3011 usque
1414 2939 1481 2993 ad
1530 2937 1875 3001 fundamenta

290 3034 749 3106 blasphemiarum
802 3031 890 3088 Dei
944 3031 1245 3103 pertingitis
1298 3030 1533 3097 Filium,
1582 3030 1794 3085 Patrem
1826 3040 1880 3086 et

1970 1844 2281 1913 accepistis,
2311 1860 2485 1913 neque
2515 1845 2759 1913 Patrem,
2790 1862 2963 1915 neque
2992 1846 3246 1916 Spiritum
3278 1855 3545 1915 sanctum,

1972 1935 2070 1989 nisi
2101 1950 2318 1989 carnem
2359 1935 2591 1999 Christi,
2628 1934 2821 1990 Filium
2866 1937 2957 1991 Dei
2991 1937 3320 2006 unigenitum
3348 1936 3542 2000 solum,

1971 2025 2132 2095 Igitur
2178 2024 2341 2095 fugite
2370 2025 2437 2078 ab
2469 2024 2627 2093 hujus
2649 2026 3023 2080 communione
3051 2027 3338 2096 sacrilega,
3369 2032 3423 2080 et
3454 2040 3548 2080 ero

1971 2126 2153 2171 vester
2196 2115 2406 2180 socius,
2436 2125 2596 2185 atque
2636 2116 3089 2183 communicatur,
3121 2125 3175 2170 et
3219 2132 3311 2169 vos
3339 2130 3565 2186 quoque

1974 2210 2100 2273 mei,
2126 2216 2273 2279 peste
2288 2208 2472 2264 dolosa
2501 2222 2530 2263 a
2554 2216 2728 2263 vestra
2755 2209 3071 2265 rectitudine
3087 2209 3271 2281 procul
3299 2209 3549 2277 expulsa:

1973 2301 2256 2366 custodite,
2277 2298 2474 2355 Christi
2496 2300 2765 2369 discipuli,
2780 2300 2883 2355 mei
2905 2312 3082 2357 autem
3103 2301 3216 2368 ﬁlii,
3238 2301 3553 2357 traditiones

1973 2406 2105 2462 quas
2136 2405 2163 2443 a
2187 2392 2356 2446 sacris
2385 2391 2741 2447 voluminibus
2769 2392 3070 2461 accepistis.

2051 2500 2070 2531 ι
2108 2481 2335 2551 Explicit
2365 2482 2587 2551 epistola
2618 2497 2767 2553 papae
2796 2483 2993 2537 Felicis
3020 2481 3087 2537 ad
3121 2482 3334 2538 Petrum
3367 2481 3548 2536 Antio-

1975 2574 2204 2630 ebenum
2231 2574 2491 2630 damnans
2520 2590 2642 2631 eum
2669 2592 2680 2628 :
2705 2591 2825 2647 quae
2855 2574 3078 2645 epistola
3107 2582 3230 2629 ante
3256 2572 3552 2629 damnatio-

1978 2680 2100 2721 nem
2129 2663 2312 2720 Acacii
2342 2673 2597 2735 quantum
2630 2664 2749 2736 ejus
2780 2672 2957 2720 textus
2986 2664 3183 2719 indicat
3203 2664 3557 2732 comprehenv

1978 2756 2121 2812 ditur
2137 2756 2331 2826 scripta
2356 2772 2372 2823 ;
2403 2755 2496 2811 sed
2536 2755 2660 2824 quia
2685 2770 2806 2812 cum
2835 2756 3061 2811 aliorum
3092 2755 3285 2810 litteris
3313 2754 3378 2809 ad
3402 2769 3558 2809 eum-

1978 2849 2100 2905 dem
2152 2849 2367 2905 Petrum
2392 2848 2611 2904 directis
2639 2848 2692 2903 in
2738 2847 2927 2905 Grteco
2958 2847 3235 2903 volumine
3262 2847 3559 2916 reperimus

1981 2945 2050 3002 de
2088 2945 2275 3001 Latino
2309 2945 2613 3011 translatas,
2644 2957 2779 3015 quas
2807 2958 2947 2999 nunc
2979 2944 3169 2998 iterum
3191 2941 3260 2997 de
3290 2940 3478 2996 Graeco
3506 2940 3561 2994 in

1984 3038 2232 3093 Latinum
2280 3038 2601 3094 necessitate
2641 3036 2903 3106 compulsi
2950 3034 3333 3090 transferentes
3361 3030 3564 3088 descri-

290 3129 554 3199 Spiritum
595 3136 837 3183 sanctum
869 3126 1133 3192 dicentes,
1162 3122 1457 3181 Sabellium
1490 3123 1791 3191 sectamini,
1824 3134 1877 3179 et
1903 3129 1949 3192 Ο
1983 3130 2185 3200 psimus
2211 3138 2429 3199 propter
2471 3128 2848 3185 haereticorum
2881 3126 3125 3192 insidias,
3161 3134 3214 3182 et
3245 3123 3568 3196 supradictis

292 3220 667 3276 confusionem
718 3218 1007 3282 inducitis,
1059 3223 1115 3272 et
1153 3215 1432 3271 Trinitatis
1483 3215 1875 3271 confessionem

1985 3221 2225 3289 epistolis
2253 3222 2495 3292 ejusdem
2526 3236 2674 3292 papa:
2699 3219 3091 3275 connectimus.
3118 3236 3133 3269 ι

1712 3351 2040 3410 EPISTOLA
2074 3356 2139 3411 ν.

1469 3460 1543 3497 ΛΟ
1583 3459 1879 3500 ΖΕΝΟΝΕΜ
1921 3462 2407 3502 ΙΜΡΕΒᾹΤΟΒΕΜ.

299 3538 525 3597 Nuntiat
556 3537 849 3603 imperatori
876 3535 1081 3610 Petrum
1108 3533 1384 3610 Fullortem
1408 3537 1645 3606 synodali
1661 3538 1861 3610 judicio
1890 3540 2136 3593 sententia
2163 3540 2502 3610 anathemati:
2519 3540 2939 3603 condemnatum,
2964 3538 3265 3610 ideoque‘ab
3293 3542 3403 3610 ejus
3428 3554 3568 3610 cont-

376 3612 618 3663 munt’one
662 3608 1019 3662 abstinendum
1059 3622 1188 3663 esse.
1237 3605 1492 3661 Hortatur
1536 3605 1764 3663 eumdem
1792 3610 2153 3679 imperatorem
2202 3618 2257 3663 ut
2298 3609 2508 3664 Petrum
2550 3610 2835 3680 depositum
2877 3625 2943 3663 ex
2987 3605 3568 3663 Antiochena'b‘cclosilt

374 3680 611 3751 expellat.

614 3780 637 3808 ⁸
670 3768 1069 3825 GloriOsissimo
1102 3782 1163 3825 ac
1188 3768 1532 3825 serenissimo
1571 3769 1681 3826 ﬁlio
1710 3769 1915 3827 Zenoni
1949 3772 2187 3842 Augusto
2215 3768 2367 3827 Felix
2395 3772 2673 3841 episcopus
2695 3770 2746 3826 in
2778 3770 3001 3827 Domino
3022 3771 3270 3827 salutem.

378 3882 640 3939 Convenit
676 3880 982 3936 clementia:
1020 3889 1125 3936 tute
1154 3894 1333 3934 rerum
1363 3878 1606 3935 ordinem
1640 3881 1888 3937 nuntiare

302 3987 580 4049 gestarum
622 3990 718 4041 pro
756 3973 1140 4043 tranquillitate
1170 3972 1376 4041 imperii
1404 3972 1711 4028 serenitatis
1750 3983 1888 4040 tute,

305 4084 364 4129 et
393 4088 490 4128 oro
520 4068 779 4139 suscipias
826 4082 1039 4138 precem
1086 4081 1260 4122 meam
1302 4081 1365 4121 ac
1406 4067 1449 4120 si
1494 4065 1607 4135 ipse
1657 4080 1891 4134 prsesens

305 4179 488 4222 essem
516 4206 531 4229 ,
582 4162 826 4233 benignis
867 4160 1088 4215 auribus
1138 4159 1277 4225 tuis,
1320 4170 1375 4214 ut
1403 4159 1893 4214 Christianissimus

307 4257 606 4324 imperatur
635 4270 650 4317 ;
675 4263 728 4307 et
758 4265 1091 4322 nequaquam
1122 4249 1414 4304 arbitretur
1439 4250 1607 4319 pietas
1635 4258 1723 4303 tua
1746 4250 1892 4303 illum

310 4361 452 4416 puro
481 4360 579 4400 nos
613 4345 774 4400 corde
812 4344 1074 4415 diligere,
1120 4343 1421 4413 quicunque
1466 4352 1517 4397 te
1547 4358 1730 4412 pacem
1771 4358 1892 4397 cum

312 4438 431 4492 Deo
462 4439 657 4491 habere
682 4451 790 4490 non
820 4436 955 4490 vult.
978 4434 1239 4503 Quoniam
1263 4448 1391 4488 vero
1420 4432 1558 4487 ﬁdeli
1583 4442 1760 4488 mente
1780 4448 1897 4487 crc-

310 4527 522 4593 didisti,
553 4543 652 4583 nec
680 4527 907 4596 ambigis
946 4534 1003 4582 et
1044 4523 1354 4593 temporalis
1389 4523 1511 4579 solii
1551 4531 1892 4594 potestatem,

310 4627 378 4674 et
414 4628 628 4675 teternae
659 4620 781 4673 vitae
810 4616 1213 4672 retributionem
1254 4629 1489 4685 superno
1515 4630 1580 4670 ex
1624 4625 1895 4671 momento

2062 3882 2244 3958 Πρέπει
2276 3890 2338 3958 τῇ
2370 3890 2435 3957 σῇ
2463 3882 2799 3958 ςιλανθρωπίᾳ
2826 3890 2993 3939 ταῦτα
3027 3887 3058 3937 ἃ
3086 3885 3272 3959 πρέπει
3299 3888 3397 3937 τῶν
3435 3901 3573 3949 πρα-

1991 3974 2193 4043 σιμάτων
2228 3971 2536 4046 ἀπαγγεῖλαι
2566 3974 2735 4035 τάξει,
2774 3970 2906 4048 ἅπερ
2949 3976 3033 4027 καὶ
3070 3973 3251 4045 ἀφῆκεν
3280 3971 3576 4044 ἀπαγγεῖλαι

1994 4065 2065 4123 είς
2092 4065 2323 4137 ὠφέλειαν
2350 4070 2437 4120 τοῦ
2467 4071 2558 4125 τῆς
2595 4072 2689 4124 σῆς
2730 4064 3064 4135 ’γαληνότητος
3092 4066 3327 4137 κράτους·
3364 4066 3452 4116 καί
3486 4085 3573 4117 κα·

1994 4157 2151 4231 θάπερ
2182 4158 2250 4217 ὠς
2272 4157 2423 4229 ἔγγὺς
2452 4156 2750 4228 τυγχάνων,
2772 4154 3047 4229 παρακαλῶ
3066 4158 3155 4212 τήν
3178 4154 3299 4222 ἐμήν
3324 4153 3575 4225 ἱκετηρίαν

1999 4246 2232 4311 δέξασθαι
2260 4256 2373 4308 ταῖς
2402 4248 2687 4319 φιλανὰθαις
2715 4247 2854 4317 ὑμῶν
2883 4248 3089 4311 ἀκοαῖς,
3123 4248 3190 4306 ὡς
3216 4245 3575 4317 Χριστιανικώ·

2000 4361 2153 4401 τατος
2190 4338 2254 4394 ὢν
2291 4340 2559 4411 βασιλεύς·
2591 4337 2839 4412 μηδαμῶς
2865 4358 2919 4393 τε
2949 4340 2980 4397 ἡ
3008 4344 3074 4397 σὴ
3116 4337 3344 4391 εὐσέϐεια
3373 4333 3575 4396 διανοη·

1998 4433 2101 4489 θείη
2129 4431 2300 4505 ἔτερόν
2330 4452 2444 4485 τινα
2479 4433 2610 4504 μετὰ
2650 4432 2877 4504 καθαρᾶς
2913 4438 3004 4489 τῆς
3033 4427 3255 4487 διανοίας
3288 4429 3421 4498 ἡμᾶς
3452 4427 3583 4497 ἁγα-

2001 4527 2120 4593 πᾷν,
2156 4522 2281 4580 πλὴν
2304 4523 2486 4576 ἐκείνου
2515 4528 2608 4577 τοῦ
2637 4522 2939 4593 βουλομένου
2968 4540 3024 4574 σε
3056 4522 3185 4590 μετὰ
3212 4525 3302 4574 τοῦ
3330 4524 3458 4574 Θεοῦ
3490 4523 3579 4577 τήν

2000 4617 2196 4689 εἰρήνην
2221 4612 2386 4686 ἔχειν.
2415 4614 2712 4686 Ἐπειδήπιρ
2740 4616 2789 4667 ἐκ
2814 4622 3000 4674 πιστῆς
3028 4614 3320 4689 ὡρμημένος
3344 4622 3435 4675 τῆς
3465 4611 3579 4668 δια-

309 4710 553 4781 pendere
574 4751 591 4777 ,
628 4724 724 4780 per
747 4718 987 4763 nostram
1014 4709 1173 4762 etiam
1212 4708 1533 4777 parvitatem
1561 4705 1779 4775 dignare
1808 4722 1881 4762 su-

1998 4714 2163 4777 νοίας,
2194 4713 2280 4765 οὐκ
2308 4710 2638 4782 ἀμφισϐητεῖς
2662 4716 2753 4766 τοῦ
2780 4710 3089 4785 προσκαίρου
3115 4709 3289 4783 θρόνου
3320 4713 3410 4767 τὴν
3440 4707 3582 4772 ἐξουσ

311 4805 529 4872 scipere
550 4803 911 4858 rentrabilem
937 4815 1001 4856 ac
1030 4799 1265 4856 divinam
1290 4798 1583 4855 beatissimi
1608 4797 1751 4853 Petri
1772 4813 1911 4853 con-7

310 4896 633 4961 fessionem,
650 4894 1015 4964 apostolorum
1038 4892 1249 4948 scilicet
1269 4891 1546 4961 principis,
1566 4892 1651 4946 cui
1678 4899 1732 4946 et
1750 4893 1899 4961 regni

307 4986 499 5040 claves
525 5000 555 5039 a
582 4985 863 5042 Salvatore
893 4983 1102 5038 traditae
1128 4992 1273 5049 sunt,
1293 4983 1379 5052 qui
1403 4982 1563 5038 etiam
1584 4983 1903 5053 prwparabit

307 5079 782 5135 Christianissimo
817 5076 1043 5148 imperio
1082 5084 1261 5131 vestro
1292 5075 1467 5131 locum
1518 5076 1571 5130 in
1613 5075 1752 5132 caelo
1779 5090 1899 5131 cum

308 5171 520 5226 sanctis
540 5170 777 5241 angelis;
802 5168 998 5241 quique
1020 5167 1407 5224 immutabilem
1431 5176 1483 5222 et
1506 5167 1896 5222 immaculatam

312 5265 482 5319 tidem
534 5266 586 5320 in
619 5265 904 5319 Dominum
948 5272 1190 5319 nostrum
1239 5261 1423 5318 desum
1468 5258 1772 5328 Christum,
1804 5262 1899 5317 Dei

315 5356 514 5412 Filium
562 5358 891 5426 unigenitum
917 5397 934 5424 ,
975 5357 1179 5426 primus
1222 5368 1529 5423 exponens,
1553 5368 1581 5406 a
1615 5353 1900 5409 Salvatore

313 5450 441 5519 ipso
468 5449 652 5506 beatus
678 5460 761 5507 est
785 5450 980 5506 dictus.
1005 5448 1136 5503 Nam
1166 5463 1287 5504 cum
1311 5447 1425 5517 ipse
1451 5446 1672 5501 dixisset
1700 5447 1764 5502 ad
1791 5447 1894 5502 Do-

313 5545 548 5609 minum,
574 5543 649 5598 Tu
669 5560 721 5600 es
744 5542 975 5599 Christus
1000 5540 1171 5597 Filius
1203 5538 1299 5594 Dei
1328 5540 1425 5594 vivi
1446 5538 1659 5605 (Matth.
1677 5540 1812 5608 xvi),
1831 5539 1900 5594 ab

2005 4812 2138 4872 σίαν,
2166 4809 2251 4864 καί
2280 4815 2372 4869 τῆς
2406 4807 2605 4861 α’ωνίου
2640 4809 2769 4869 ζωῆς
2803 4808 2891 4863 τήν
2918 4802 3169 4858 ἀντίδοσιν
3195 4805 3249 4857 ἐκ
3279 4810 3370 4863 τῆς
3401 4798 3595 4856 ἄνωθεν

2003 4904 2162 4982 ῥοπῆς
2195 4901 2463 4976 ἠρτῆσθαι,
2501 4897 2587 4955 διὰ
2611 4919 2665 4955 τι
2694 4906 2785 4959 τῆς
2812 4900 2950 4969 ἡμῶν
2979 4898 3316 4972 βραχύτητος
3349 4896 3584 4962 δέξασθαι

2002 4997 2313 5059 καταξίωσον
2339 4997 2429 5052 τήν
2467 4995 2692 5057 σεπτήν,
2736 4992 2818 5045 καί
2860 4990 3163 5061 θεόφραστον
3199 4989 3459 5061 ὁμολογίαν
3493 4994 3585 5043 τοῦ

2004 5086 2396 5161 μακαριωτάτου
2421 5085 2631 5162 Πέτρου,
2655 5089 2747 5139 τοῦ
2768 5084 3141 5158 πρωτοστάτου
3157 5088 3254 5137 τῶν
3271 5080 3585 5145 ἀποστόλων,

2009 5175 2063 5239 ὃς
2092 5179 2176 5231 καί
2198 5180 2292 5237 τὰς
2318 5183 2409 5236 τῆς
2438 5175 2704 5250 βασιλείας
2731 5174 2859 5235 κλεῖς
2882 5173 2984 5227 ὑπὸ
3008 5179 3098 5227 τοῦ
3126 5179 3353 5247 Σωτῆρος
3380 5191 3587 5227 πίστευε

2007 5271 2128 5334 θεὶς,
2158 5270 2563 5345 προευτρεπίσει
2585 5274 2647 5338 τῇ
2668 5265 2985 5339 φιλοχρίστῳ
3004 5266 3142 5333 ὑμῶν
3167 5263 3399 5335 βασιλείᾳ
3426 5267 3515 5320 τὴν
3536 5264 3587 5316 ἐν

2008 5361 2246 5433 ὑψίστοις
2274 5362 2405 5432 μετά
2424 5358 2640 5432 ἀγγάλων
2667 5355 2933 5431 διαγωγήν⁹
2964 5353 3018 5418 ὃς
3039 5358 3119 5409 καὶ
3143 5360 3231 5413 τὴν
3259 5351 3588 5426 ἀπαράλλακο

2007 5474 2115 5517 τον,
2150 5456 2235 5507 καὶ
2275 5453 2545 5523 ἀμώμητεν
2583 5451 2756 5504 πίστιν
2794 5450 2865 5507 εἷς
2899 5448 2984 5502 τὸν
3021 5448 3202 5523 Κύριον
3237 5449 3371 5514 ἡμῶν
3393 5448 3585 5500 Ἰησοῦν

2008 5544 2247 5619 Χριστὸν,
2268 5546 2349 5597 καὶ
2380 5548 2616 5615 μονογενῆ
2646 5546 2734 5595 τοῦ
2764 5543 2892 5594 Θεοῦ
2916 5538 3049 5603 ϊίὀν,
3074 5542 3275 5609 πρῶτος
3309 5535 3584 5604 ἐκθέμενος,

398 5717 423 5744 ι
458 5708 577 5764 Ιιωο
615 5708 737 5764 data
776 5706 839 5763 ad
880 5707 1149 5764 Zenonem
1179 5715 1295 5775 post
1329 5704 1587 5774 synodum
1619 5703 1770 5797 Rom.
1805 5717 1891 5757 an.
1920 5700 2051 5767 4,83.
