4046 6188
354 310 454 366 92!

357 525 557 569 restem
583 514 812 583 diropit?
837 516 1008 572 Paria!
1026 520 1178 589 inferi
1198 538 1296 575 non
1317 524 1660 590 prmoalebunt
1684 526 1929 580 adversus

354 624 435 661 me
475 607 692 676 (Matth.
731 610 889 681 xix),
942 625 995 666 et
1030 615 1218 668 Petrus
1249 625 1415 670 tentat
1445 633 1626 672 muros
1659 635 1806 674 meos
1833 620 1931 674 de-

354 700 572 753 moliri?
617 701 760 770 Ego,
792 703 1032 771 piissime
1060 707 1369 777 imperator,
1401 718 1450 762 te
1478 709 1545 764 de
1575 710 1801 778 imperio
1831 727 1927 766 ex-

355 791 564 859 pulsum
583 807 768 846 rnr~us
791 793 1084 860 introduxi,
1108 807 1160 852 et
1192 799 1450 867 malignos
1470 814 1533 854 ac
1562 799 1930 856 inobedientes

353 881 490 935 meis
532 881 730 936 divinis
772 883 1110 948 dogmatibus
1151 887 1273 942 dedi
1331 903 1426 956 pro
1476 889 1748 957 sepultura
1803 899 1926 956 tua,

353 971 603 1037 viamque
632 976 883 1042 potentiae
921 977 1103 1045 aperui
1133 991 1256 1033 ante
1285 987 1354 1043 te,
1382 980 1623 1035 inimicos
1655 989 1774 1035 tuos
1807 996 1928 1050 per-

352 1062 493 1116 cussi
522 1077 626 1116 una
655 1077 776 1117 cum
806 1065 986 1134 iniquo
1012 1082 1198 1121 eorum
1238 1069 1506 1139 dogmate,
1537 1071 1806 1141 antiquant
1837 1087 1932 1142 po-

353 1153 573 1206 tentiam
597 1157 854 1223 exquisivi
878 1158 968 1211 tibi
992 1174 1019 1210 a
1041 1159 1148 1212 Deo
1168 1161 1221 1214 in
1237 1161 1358 1216 altis
1383 1174 1658 1232 regnante,
1676 1179 1738 1219 ex
1758 1180 1862 1234 quo
1875 1175 1930 1220 ct

351 1257 617 1314 regnante
641 1250 936 1316 sumpsisti.
961 1249 1186 1321 Respice
1210 1253 1274 1306 ad
1303 1254 1750 1323 prindecessorem
1783 1266 1927 1310 tuum

350 1335 651 1404 piissimum
686 1339 1064 1408 imperatorem
1095 1343 1451 1410 Marcianum,
1482 1354 1535 1400 et
1579 1347 1724 1401 illius
1770 1347 1927 1403 tidem

349 1428 581 1483 libenter
625 1431 996 1500 amplectere:
1049 1433 1352 1490 hzcreticam
1394 1438 1724 1509 tyrannidem
1784 1440 1928 1498 Petri

350 1538 512 1590 quam
553 1524 811 1580 citissime
835 1527 1043 1582 eratlica
1065 1569 1081 1596 ,
1120 1529 1382 1585 Valentini
1412 1540 1466 1586 et
1507 1532 1814 1603 Eutychetis
1843 1535 1928 1590 di-

348 1613 615 1683 scipulum
646 1617 857 1684 expelle
882 1633 910 1672 a
938 1619 1151 1674 civitate
1186 1621 1343 1674 simul
1365 1633 1422 1676 et
1451 1623 1814 1680 ecclesiastico
1844 1639 1929 1679 re-

347 1704 569 1770 gimine,
601 1717 655 1761 et
677 1725 705 1762 a
736 1709 992 1779 dignitate
1021 1711 1348 1768 hierarchiea
1374 1714 1639 1784 dejectnm
1659 1732 1777 1772 es<e
1804 1731 1929 1773 san-

347 1797 477 1851 cito.
507 1796 792 1868 Conspice,
822 1803 1156 1860 sanctissime
1186 1805 1258 1860 illi
1288 1817 1343 1862 et
1371 1808 1662 1878 imperator
1691 1811 1926 1866 invictis-

348 1887 517 1953 sime,
556 1891 728 1958 qualis
766 1891 819 1946 in
860 1882 1276 1952 Chalcedonensi
1319 1901 1526 1970 synodo
1566 1901 1924 1958 indubitabilis

347 1981 591 2038 defensio
621 1983 758 2038 facta
785 1983 884 2040 fuit
904 2029 919 2054 ,
961 1996 1016 2042 et
1042 1989 1236 2054 quibus
1264 1994 1583 2062 expugnavit
1610 1993 1922 2051 IEschioum

348 2073 539 2145 [juxta
567 2075 758 2144 Gram,
811 2097 930 2150 quae
961 2084 1192 2139 vindicta
1225 2085 1275 2140 in
1322 2088 1526 2143 hostem
1566 2099 1710 2145 tuum
1743 2090 1803 2162 ⁸]
1829 2109 1842 2156 ;
1871 2101 1926 2148 et

350 2166 746 2237 divulgationes
776 2172 1040 2228 haeretica:
1063 2175 1320 2233 doctrinae
1343 2179 1484 2234 Petri
1509 2183 1781 2247 expedias.
1804 2182 1927 2239 Haec

350 2257 489 2325 regat
518 2271 699 2315 sancta
731 2261 822 2316 Dei
863 2265 1158 2333 apostolica
1188 2277 1243 2323 et
1268 2270 1528 2324 catholica
1574 2272 1836 2337 Ecclesia,
1867 2281 1926 2328 ut

347 2346 418 2400 ab
439 2347 555 2416 ipsa
576 2361 793 2422 propter
817 2355 1095 2423 praedictas
1123 2371 1312 2414 causas
1332 2360 1658 2430 depositum,
1680 2363 1746 2418 ad
1777 2379 1927 2420 com-

348 2439 656 2497 munionem
688 2459 794 2499 non
816 2448 1072 2517 suscipias
1096 2465 1111 2506 :
1143 2450 1236 2505 sed
1265 2466 1360 2520 per
1388 2453 1596 2510 divinos
1623 2455 1801 2524 apices
1837 2471 1926 2511 ve-

345 2543 474 2587 str.e
503 2540 807 2594 serenitatis
834 2541 901 2596 ab
924 2545 1220 2600 Antiochia:
1245 2547 1476 2602 conﬁnio
1507 2551 1802 2619 propellite.
1822 2550 1924 2606 Pro

345 2622 466 2690 ipso
501 2636 678 2682 autem
718 2632 1024 2689 conStitnitc
1067 2636 1238 2691 virum
1286 2639 1536 2708 operibus
1566 2641 1920 2696 sacerdotium

345 2725 649 2782 ornantctn,
673 2723 1056 2793 custodemque
1080 2727 1383 2796 diligentem
1414 2739 1610 2784 sancta:
1631 2733 1924 2786 Chalcedo-

347 2809 532 2865 nensis
583 2813 808 2881 synodi,
848 2826 902 2868 et
937 2831 1122 2871 eorum
1161 2836 1280 2888 qum
1323 2819 1376 2874 in
1417 2837 1476 2874 ea
1524 2824 1732 2877 tlrmata
1775 2833 1918 2876 sunt.

345 2900 696 2970 Omnipotens
746 2905 884 2960 Deus
926 2910 1193 2964 custodiat
1245 2919 1474 2966 vestram
1527 2915 1816 2983 potentiam
1868 2918 1923 2971 in

353 3007 484 3057 pace
509 3007 744 3063 semper.
1029 3060 1031 3063 ,
1419 3016 1427 3023 ’

1564 321 1915 380 ΕΡΙΒΤΟῙΛΕ
1954 321 2041 380 ΕΤ
2080 326 2388 382 ΒΕΕΠΕΤᾹ
2401 367 2415 381 .

356 433 716 488 runt,ve.stem
745 425 888 479 illius
914 443 1014 480 no-t
1040 429 1270 484 d'visern
1299 439 1332 484 ιι
1351 440 1401 485 et
1429 431 1615 487 Petrus
1640 434 1758 488 lidci
1788 451 1920 491 mete

2027 449 2223 513 Πνεῦμα
2248 441 2316 517 ἐφ’
2338 444 2555 506 ἑκάστης
2584 445 2981 526 διαμαρτύρεταί
2999 477 3102 526 μοι,
3132 458 3158 511 λ

3497 349 3604 411 9‘22

3159 460 3302 533 ἐγων·
3333 473 3408 527 Μή
3437 475 3605 548 κρίνῃς
3679 531 3685 537 ,

2032 535 2210 592 εἰδέναι
2239 559 2309 601 τι,
2347 542 2393 592 εἰ
2417 545 2487 610 μή
2515 540 2704 601 Ἰησοῦν
2731 551 2978 620 Χριστὸν,
3010 558 3094 608 καὶ
3131 565 3312 614 τοῦτον
3345 560 3605 648 ἐσταυρω.

2083 629 2094 645 ⁸
2207 631 2260 648 1.-
2318 632 2328 646 1
2517 633 2529 648 ι
2609 646 2626 648 Α
2647 637 2658 648 ι
2695 639 2707 648 ι
2763 639 2783 648 Α
2855 643 2865 648 -
2911 643 2922 648 -
3026 645 3039 648 -

2032 629 2174 697 μέ·.ον
2204 631 2384 697 (Ἰωάν.
2418 633 2553 701 XIX).
2599 637 2658 688 Οἱ
2687 639 2866 712 ἐχθροὶ
2900 643 3138 712 ἀπειθεῖς,
3173 651 3218 702 οἱ
3246 629 3526 720 ἐπίϐουλοιί
3557 663 3608 715 οί

2033 717 2133 782 ἔξω
2158 728 2248 774 τοῦ
2279 722 2594 792 ἀμπελῶνος,
2628 729 2710 781 τὸν
2745 742 2983 802 μονογενῆ
3007 743 3131 789 Θεοῦ
3160 740 3269 793 Υίόν
3296 747 3605 818 σφαγιάσαι·

2031 829 2134 871 τες,
2167 814 2248 864 καί
2275 812 2702 882 λιθοϐολῆσαντες,
2726 824 2808 872 καὶ
2829 829 2901 894 τῷ
2927 823 3055 894 ξύλῳ
3075 833 3166 879 τοῦ
3192 843 3415 905 σταυροῦ
3437 858 3603 910 προσ.

2031 1000 2256 1059 πίστεώς
2283 1021 2381 1070 μου
2410 1003 2496 1056 τὸν
2538 1011 2740 1074 χιτῶνα
2781 1005 3066 1081 διαίὶρἡεη
3099 1014 3149 1066 αἱ
3173 1023 3261 1070 τοῦ
3294 1016 3418 1089 ᾅδου
3448 1020 3605 1081 πύλαι

2032 1091 2116 1143 οὐκ
2139 1088 2368 1160 ἴσχυσαν
2401 1095 2514 1147 κατ’
2533 1095 2652 1166 ἐμοῦ
2679 1096 2857 1165 (Ματθ.
2892 1101 3026 1172 XIX),
3053 1108 3132 1159 καί
3154 1109 3338 1185 Πέτρος
3366 1120 3606 1189 πειρᾶται

2030 1184 2086 1237 τὸ
2113 1186 2291 1255 τεῖχός
2317 1208 2416 1257 μου
2463 1190 2785 1246 καταϐαλεῖν·
2827 1195 2956 1263 ἐγώ,
2999 1197 3329 1259 eimagis-mre
3368 1207 3602 1277 βασιλεῦ,

2032 1278 2304 1333 ὠθησθέντα
2345 1300 2403 1334 σε
2454 1288 2546 1340 vi;
2589 1282 2848 1351 βασιλείας
2898 1289 3092 1349 ταύτης
3138 1292 3480 1370 ἐπανήγαγον,
3526 1307 3608 1357 καὶ

2032 1369 2153 1427 τούς
2181 1372 2449 1444 πονηρούς,
2477 1374 2556 1425 καί
2585 1373 2808 1436 ἀπειθεῖς
2836 1384 2934 1431 τῶν
2963 1379 3014 1432 ἓν
3041 1382 3151 1450 ἐμοὶ
3175 1384 3314 1439 θείων
3345 1387 3608 1460 δογμάτων

2031 1455 2221 1511 δέδωκα
2263 1461 2375 1515 ἀντὶ
2423 1471 2584 1535 ταφῆς
2623 1484 2740 1525 σου.
2779 1463 3038 1538 δυνάμεώς
3073 1492 3122 1525 τε
3155 1471 3263 1528 ὁδὸν
3300 1479 3487 1544 ἡνέωξσι
3517 1481 3605 1554 ἴμ-

2029 1549 2245 1620 προσθέν
2274 1566 2390 1604 σου·
2420 1554 2542 1611 τούς
2568 1555 2692 1612 σούς
2727 1554 2944 1630 ἐχθρούς
2969 1563 3318 1622 καταϐέϐληκα
3351 1573 3481 1637 μετὰ
3509 1579 3602 1628 τοῦ

2029 1640 2267 1707 ἀθεμίτου
2304 1644 2466 1696 αὐτῶν
2495 1641 2763 1716 δόγματος.
2797 1650 2862 1700 Τὸ
2900 1650 3126 1721 ἀρχαῖον
3154 1657 3334 1731 κράτος
3363 1662 3606 1724 ἔξητησά-

2029 1751 2129 1800 μην
2156 1753 2236 1785 σοι
2260 1736 2404 1809 παρὰ
2432 1741 2522 1789 τοῦ
2553 1738 2602 1789 ἐν
2627 1736 2864 1808 ύφίστοις
2892 1742 3250 1810 βασιλεύοντος
3280 1759 3428 1816 Θεοῦ,
3460 1757 3510 1819 ἐξ
3545 1754 3604 1811 οὗ

1958 1816 2002 1876 Β
2029 1827 2112 1878 καὶ
2148 1825 2205 1878 τὸ
2237 1826 2526 1895 βασιλεύειν
2561 1827 2782 1902 εἴληφας.
2831 1831 3137 1906 ’Δπὸϐλεψον
3166 1844 3235 1902 ιτς
3263 1846 3350 1898 τὸν
3378 1816 3606 1922 προηγη-

2024 1910 2244 1986 σάμενόν
2284 1937 2380 1970 σου
2419 1919 2788 1975 εὐσεϐέστατον
2831 1920 3038 1997 βασιλέα
3076 1935 3377 2004 Μαρκιανὸν,
3408 1941 3490 1991 καὶ
3519 1945 3606 1999 τήν

2028 2004 2212 2058 ἐκείνου
2249 2009 2423 2061 πίστιν
2462 2010 2693 2079 ἀσμένως
2720 2014 2976 2078 ἀσπάζου.
3004 2023 3104 2076 Τὴν
3141 2021 3391 2092 αἱρετικην
3421 2029 3606 2104 Πέτρου

2026 2094 2295 2169 τυραννίδα
2330 2095 2412 2152 διὰ
2443 2100 2647 2169 τάχους
2685 2103 2971 2176 ἐκρίζωσον·
3013 2114 3106 2162 τοῦ
3147 2113 3492 2180 Οὐαλενείνου,
3523 2123 3607 2174 καὶ

2027 2187 2298 2257 Εύτυχέως
2332 2190 2556 2258 μαθητήν
2597 2190 2872 2258 ἀποδίωξον
2907 2206 2998 2257 τῆς
3043 2201 3382 2277 ἀκροπόλεως,
3405 2213 3489 2262 καί
3517 2219 3608 2271 τῆς

2027 2277 2434 2342 ἔκκλησιαστικῆς
2461 2281 2776 2352 διοικήσεως,
2801 2287 2908 2359 ἅμα
2931 2295 3021 2344 τοῦ
3047 2291 3298 2367 ἱερατικοῦ
3322 2300 3607 2372 ἀξιώματος

2026 2373 2389 2442 κατενεχθῆναι
2429 2375 2727 2432 Θεσπίσατε.
2770 2382 3055 2454 Θεῶρησον,
3087 2381 3126 2438 ὦ
3154 2393 3465 2456 γνησιώτατι
3503 2395 3602 2458 υτέ,

2028 2466 2112 2514 καί
2156 2464 2374 2520 ἀήττητε
2431 2466 2664 2533 βασιλεῦ,
2707 2467 2855 2524 ὁποία
2896 2479 2960 2545 τῇ
3006 2473 3053 2526 ἓν
3093 2476 3365 2534 Χαλκηδόνι
3407 2481 3606 2556 συνόδῳ

2027 2555 2473 2626 ἀναμφισϐήτητος
2501 2556 2752 2620 ἐκδίκησις
2797 2563 2987 2633 γέγονε,
3013 2568 3098 2618 καί
3127 2574 3214 2620 τοῦ
3243 2577 3334 2623 σοῦ
3363 2573 3603 2644 πολεμίου

2028 2643 2297 2705 ἔκδίκησις’
2331 2651 2417 2700 καὶ
2455 2657 2544 2708 τῆς
2581 2651 2834 2726 αἶρετικῆς
2879 2651 3205 2718 διδασκαλίας
3247 2663 3437 2724 Πέτρου
3484 2643 3605 2726 τούς

2029 2733 2218 2805 δήμους
2259 2737 2589 2814 ἐκλύτρωσον.
2626 2747 2801 2796 Ταῦτα
2843 2746 3120 2814 πρεσϐεύει
3149 2751 3179 2807 ri
3212 2749 3333 2822 ἁγία
3372 2760 3462 2807 τοῦ
3493 2757 3601 2809 θεοῦ

2025 2829 2244 2886 καθολικὸ
2287 2833 2370 2884 καὶ
2406 2833 2714 2892 ἀποστολικη
2762 2835 3028 2902 ἐκκλησία,
3073 2839 3156 2896 ἵνα
3194 2843 3279 2896 τὸν
3320 2844 3409 2897 ὑπ’
3449 2846 3604 2907 αὐτῆς

2025 2922 2372 2995 καθαιρεθέντα
2405 2919 2487 2978 διὰ
2513 2925 2604 2985 τὰς
2631 2927 2888 2999 είρηῴνας
2919 2929 3103 2994 αἷτίας,
3138 2937 3209 2992 εἷς
3237 2937 3484 2990 κοινωνίαν
3511 2944 3603 2992 τοῦ

2023 3014 2198 3068 λοιποῦ
2237 3020 2306 3086 μή
2333 3016 2702 3091 προσδέξησθε,
2734 3021 2855 3074 ἀλλὰ
2893 3020 2976 3076 διὰ
3004 3025 3145 3077 θείων
3175 3025 3317 3095 ὑμῶν
3344 3027 3604 3082 συλλαϐῶν

346 3090 436 3142 τῆς
477 3086 784 3158 ’Δντιοχίων
816 3091 1004 3151 πόλεως
1051 3094 1273 3168 μεθόριον
1315 3097 1542 3166 γένεσθαι
1587 3103 2035 3174 παρασκευάσητε,
2067 3105 2172 3160 ἀντ’
2203 3107 2354 3160 αὐτοῦ
2386 3105 2440 3161 δὲ
2469 3119 2796 3168 καταστῆσαι
2832 3109 2990 3188 ἄνδρα
3023 3112 3184 3192 ἔργοις
3209 3123 3298 3176 τήν
3329 3121 3606 3194 ἱερωσύνην

344 3183 650 3248 κοσμοῦντα,
681 3180 871 3251 φύλακὰ
907 3204 961 3237 τε
983 3185 1166 3259 ἀκριϐῆ
1197 3196 1288 3247 τῆς
1316 3189 1366 3241 ἐν
1385 3187 1656 3248 Χαλκηδόνι
1684 3190 1833 3262 ἁγίας
1855 3192 2091 3262 συνὲδου,
2121 3199 2206 3250 καί
2230 3203 2328 3250 τῶν
2354 3197 2403 3251 ἐν
2434 3199 2564 3272 αύτῇ
2591 3199 2982 3269 βεϐαιωθίντων.
3033 3215 3088 3259 ⁸0
3117 3211 3477 3287 παντοκράτωρ
3502 3214 3606 3273 θεὸς

349 3266 381 3287 ς.
498 3271 516 3287 \
541 3273 586 3286 ιν
718 3275 730 3287 ι
798 3275 810 3287 ι
870 3277 880 3287 ι
1141 3279 1150 3287 .
1281 3281 1293 3287 -
1384 3283 1393 3287 -
1549 3281 1569 3287 -
1779 3286 1784 3287 ,

345 3266 636 3342 ὂιαςαυλόιξοι
679 3275 737 3329 τὸ
786 3275 1024 3352 ύμέτερον
1063 3279 1246 3352 κράτος
1273 3281 1322 3336 ἐν
1352 3283 1516 3357 εἰρήνη
1544 3281 1840 3347 διαπαντός.

891 3383 917 3423 ιι
943 3387 1274 3444 EI’ISTOLA
1316 3391 1402 3445 Vl.

947 3495 1015 3533 Δί)
1053 3496 1302 3536 ACACIUM.

347 3584 366 3616 '
394 3586 637 3640 Acacium
675 3606 878 3644 "murra
903 3591 1212 3674 sacerdotali
1239 3603 1284 3647 rt
1312 3595 1540 3665 fideliam
1571 3601 1921 3655 communione

1037 3674 1226 3731 privat.

415 3773 436 3802 ²
460 3769 604 3825 Ε’«ι-ιι
633 3773 916 3844 episcopus
952 3779 1152 3833 sa‘nctze
1185 3778 1434 3835 Ecclesiae
1472 3781 1750 3838 catholica:
1780 3799 1824 3836 ιι·
1844 3782 1924 3839 bis

345 3859 553 3926 Romae,
587 3865 798 3919 Acacio.

416 3951 702 4006 Multarum
735 3958 1220 4027 transgressionum
1252 3962 1505 4031 reperiris
1535 3966 1830 4029 obnoxius,
1869 3976 1924 4020 et

345 4041 403 4095 in
435 4045 759 4100 venerabilis
786 4049 996 4104 concilii
1037 4050 1236 4107 Nicatni
1276 4055 1596 4112 contumelia
1625 4072 1768 4124 saepe
1796 4071 1920 4110 ver-

342 4139 522 4200 satus,
569 4134 866 4190 alienarum
909 4139 1004 4194 tibi
1046 4142 1436 4208 provinciarum
1470 4145 1588 4215 jura
1640 4148 1924 4203 temerarie

345 4219 645 4276 vindicasti.
678 4223 968 4282 Hmreticos
994 4229 1197 4299 |supple
1218 4230 1295 4304 et]
1319 4248 1653 4302 pervasores,
1675 4245 1834 4307 atque
1855 4238 1923 4292 ab

344 4311 612 4367 ltmreticis
641 4313 947 4382 ordinatos.
981 4331 1034 4374 et
1061 4338 1197 4391 quos
1225 4325 1336 4393 ipse
1364 4327 1734 4394 damnaveras,
1765 4342 1922 4400 atque

343 4402 412 4456 ab
449 4405 740 4473 apostolica
769 4409 1005 4465 institisti
1037 4411 1110 4484 [id
1141 4423 1213 4468 est
1233 4455 1248 4479 ,
1282 4416 1482 4488 petisti]
1504 4420 1631 4473 sede
1657 4419 1919 4491 damnari,

347 4507 452 4546 non
484 4495 646 4550 modo
673 4501 1035 4556 communioni
1067 4512 1170 4558 tua:
1199 4505 1534 4574 recipiendos
1563 4513 1793 4578 putasti,
1827 4526 1922 4566 ve-

342 4600 459 4638 rum
484 4589 646 4646 etiam
671 4589 792 4644 aliis
817 4590 1099 4660 Ecclesiis,
1119 4597 1259 4665 quod
1288 4612 1386 4652 nec
1409 4598 1478 4654 de
1503 4600 1782 4657 catholicis
1806 4602 1922 4658 ﬁeri

378 4745 787 4867 ﬂlliiliasiliacum
817 4749 1068 4824 intelligit
1111 4753 1317 4810 hostem
1347 4756 1801 4816 Chalcedonensis
1827 4777 1917 4834 sy-

343 4830 490 4868 ιιοοι.

409 4882 440 4922 δ
482 4885 605 4940 Ilaec
631 4890 863 4967 epistola
897 4894 1149 4962 synodica
1199 4905 1313 4962 est,
1337 4899 1532 4967 scripta
1585 4915 1652 4956 ex
1687 4900 1918 4957 concilio

339 4954 584 5036 Romano
623 4954 680 5038 tt,
721 4954 1067 5038 continétque
1095 4982 1214 5020 eam
1247 4954 1919 5038 anathematis—etdep—osi;

337 5028 501 5102 tionis
522 5028 995 5112 sententiamque
1018 5046 1135 5112 post
1165 5053 1338 5112 causa).
1363 5039 1668 5109 diligentem
1696 5028 1917 5112 inquisi-

333 5100 558 5162 minem,
577 5103 810 5154 omnium
834 5100 1049 5157 decreto
1079 5106 1179 5160 lata
1204 5118 1286 5161 est
1315 5110 1365 5162 in
1390 5100 1640 5164 Acacium
1660 5100 1920 5166 Con'stan-

333 5167 766 5247 tinopolitanum,
794 5188 1019 5248 qumque
1040 5176 1106 5230 ad
1125 5178 1369 5232 eumdem
1397 5177 1912 5248 Constantinopolim

333 5237 646 5291 transiluissa
667 5280 681 5302 ,
721 5249 777 5295 et
810 5237 878 5296 ab
915 5237 1004 5320 illo
1053 5257 1326 5320 recusata,
1361 5251 1602 5320 monachi
1632 5237 1910 5320 cujusdam

329 5322 496 5374 opera
529 5321 612 5381 su;
626 5325 786 5374 pensa
817 5323 896 5366 cst
917 5315 982 5368 ad
1015 5317 1225 5381 pallium
1263 5319 1441 5373 Acacii
1464 5360 1478 5381 .
1506 5320 1631 5374 dum
1664 5315 1729 5374 ait
1756 5337 1910 5376 sacra

332 5379 640 5458 peragenda
675 5393 942 5458 pergeret.
975 5379 1091 5458 Quo
1130 5387 1270 5441 facto
1301 5403 1366 5442 eo
1392 5379 1611 5444 insania:
1645 5392 1906 5458 prorupit,

330 5455 394 5499 ut
422 5446 728 5504 Dioscoruin
760 5446 1173 5510 Alexandrinum
1197 5457 1432 5513 imitatus
1453 5497 1467 5525 ,
1497 5446 1690 5514 nomen
1718 5446 1912 5516 Felicis

408 5561 428 5642 ξ
461 5563 603 5642 lianc
624 5567 899 5642 epistolam
925 5569 1364 5642 citatbiberatus,
1389 5588 1506 5642 cap.
1535 5573 1615 5626 [8.
1641 5572 1904 5628 "annum.

407 5633 428 5662 ¹
471 5636 612 5713 llam:
647 5635 838 5713 [felicis
869 5639 918 5713 in
951 5640 1199 5713 Acacium
1215 5633 1531 5698 sententiam
1562 5651 1718 5713 putat
1748 5643 1906 5699 Vale-

334 5704 447 5760 sius
473 5704 649 5760 datam
669 5707 718 5762 in
748 5709 951 5776 synodo
967 5710 1202 5766 Romana
1221 5727 1255 5768 tt
1283 5723 1466 5771 contra
1498 5704 1785 5784 Acacium,
1806 5716 1904 5772 sed

1949 3397 1998 3460 C
2031 3409 2236 3464 poterat
2269 3401 2556 3471 prznsiderc
2591 3403 2790 3468 fecisti;
2831 3387 3007 3462 autem
3059 3409 3190 3481 [tege
3225 3411 3409 3484 atque]
3443 3415 3605 3471 etiam

2027 3489 2338 3561 honoribus,
2355 3507 2488 3561 quos
2501 3509 2604 3547 non
2622 3495 2984 3565 merebantur,
2997 3501 3219 3556 auxisti.
3238 3503 3485 3558 Testatur
3504 3506 3607 3563 hoc
3677 3564 3682 3566 _

2022 3581 2286 3650 Joannes,
2319 3599 2475 3654 quem
2517 3601 2545 3637 a
2579 3586 2853 3643 catholicis
2883 3589 3135 3658 Apameae
3164 3609 3268 3647 non
3299 3607 3597 3667 receptum,

2027 3677 2344 3745 pulsumque
2367 3677 2435 3732 de
2456 3677 2734 3734 Antiochia
2753 3723 2768 3747 ,
2803 3680 2977 3752 Tyriis
3003 3683 3271 3751 perfeciin
3293 3683 3480 3756 [Forte
3504 3688 3603 3760 leg.

2025 3765 2333 3838 prtnrcciSIi]
2353 3785 2365 3820 :
2383 3768 2474 3822 et’
2493 3768 2790 3835 llumerius,
2818 3781 2945 3826 tunc
2965 3771 3032 3827 de
3065 3773 3314 3830 diaconio
3339 3776 3601 3846 dejectns,

2023 3867 2184 3928 atque
2213 3859 2497 3914 Christiani
2534 3861 2765 3916 nominis
2805 3863 3160 3931 appellatione
3189 3867 3447 3936 privatus,
3488 3884 3517 3922 a
3556 3878 3606 3925 to

2023 3953 2180 4006 etiam
2214 3953 2265 4006 in
2291 3952 2606 4022 presbyterii
2629 3964 2908 4023 provectus
2929 3955 3189 4012 officium.
3227 3959 3454 4029 thuasi
3487 3961 3602 4016 haec

2025 4046 2233 4100 minora
2256 4045 2350 4100 tibi
2381 4046 2710 4112 viderentur,
2737 4049 2786 4101 in
2813 4047 2982 4117 ipsam
3003 4049 3263 4105 doctrina:
3287 4053 3599 4119 apostolica:

2025 4137 2306 4193 veritatem
2328 4153 2460 4192 ausu
2484 4137 2744 4206 superbia:
2769 4148 2870 4193 tuae
2892 4139 3020 4209 [lege
3035 4155 3194 4194 ausus
3214 4151 3330 4196 tuos
3347 4152 3400 4196 et
3418 4156 3604 4210 supcr-

2026 4229 2190 4302 biam]
2205 4230 2474 4286 tetendisti
2503 4248 2514 4284 :
2540 4240 2598 4286 ut
2621 4230 2831 4300 Petrus,
2847 4248 3003 4303 quem
3022 4233 3330 4290 damnatum
3352 4250 3382 4289 a
3404 4243 3604 4290 sancite

2027 4331 2300 4383 memoria:
2321 4330 2606 4386 decessore
2618 4347 2737 4388 meo
2757 4333 2870 4401 ipse
2896 4334 3174 4396 retuleras,
3189 4333 3604 4388 sicuttestantur

2025 4434 2263 4478 annexa.
2313 4419 2452 4474 beati
2502 4423 2842 4492 evangelista:
2884 4423 3046 4477 Marci
3095 4423 3278 4478 sedem
3323 4432 3376 4477 te
3418 4425 3604 4477 conui-

2025 4520 2182 4566 vente
2211 4513 2340 4582 (lege
2358 4512 2624 4586 jubeote].
2657 4531 2841 4569 rursus
2872 4516 3179 4579 invaderet,
3207 4525 3260 4570 et
3292 4514 3483 4583 fugatis
3509 4531 3602 4571 or-

2027 4600 2273 4656 thodoxis
2301 4603 2568 4672 episcopis
2596 4615 2649 4659 et
2677 4604 2916 4670 clericis,
2943 4606 3024 4658 sui
3057 4603 3239 4673 procul
3265 4605 3427 4661 dubio
3453 4607 3602 4661 sitni-

1942 4764 1996 4825 D
2026 4777 2171 4830 napze
2209 4777 2240 4815 e
2291 4762 2460 4832 sacris
2514 4760 2780 4829 dipl‘ychis
2823 4763 3056 4827 tolleret,
3105 4772 3264 4832 atque
3310 4763 3601 4818 catholicos

2023 4834 2327 4902 ονίεεοιιοε,
2361 4831 2666 4900 subrogatis
2700 4832 2964 4886 hairetieis
2986 4843 3035 4888 et
3057 4831 3356 4901 infamibus,
3381 4835 3600 4888 sedibus

2022 4905 2133 4956 suis
2163 4904 2574 4958 extet-initiaret.
2601 4902 2791 4955 Verum
2832 4918 2936 4957 non
2966 4919 3127 4971 super
3156 4920 3374 4972 regnum
3407 4914 3460 4958 et
3503 4904 3603 4958 im-

2023 4973 2227 5039 perium
2250 4973 2403 5029 inuiti
2429 4973 2609 5043 sedem
2634 4973 3003 5039 apostolicam,
3026 4974 3120 5028 sed
3145 4988 3304 5043 super
3327 4973 3597 5028 Chri-tum

2024 5043 2219 5112 Regem
2261 5059 2440 5112 reguzn
2473 5053 2526 5096 et
2571 5041 3295 5109 Dominumdominantium,
3341 5045 3452 5110 ipse
3501 5059 3600 5097 suo

2023 5116 2232 5168 tandem
2263 5123 2515 5180 expertus
2542 5125 2621 5166 eSt
2645 5116 2861 5175 damno,
2890 5115 3102 5182 quando
3131 5130 3323 5178 nomen
3367 5114 3600 5168 hominis

2021 5184 2442 5238 an'thitiosissimi
2471 5191 2524 5236 et
2547 5184 3000 5249 arrogantissimi,
3030 5186 3119 5253 qui
3159 5199 3284 5239 suas
3316 5184 3480 5252 ipsius
3522 5186 3600 5237 vi-

2023 5256 2197 5308 ventis
2227 5253 2480 5320 imagines
2503 5253 2555 5305 in
2584 5254 2806 5306 ecclesia
2834 5253 3074 5311 dedicari
3101 5270 3290 5324 passus
3319 5263 3433 5314 est,
3459 5269 3489 5306 e
3513 5267 3598 5306 sa-

2015 5327 2121 5376 cris
2156 5326 2347 5378 tabulis
2377 5325 2531 5391 plane
2560 5324 2817 5376 abolitum
2863 5324 2998 5382 fuit.
3051 5335 3106 5376 ut
3154 5325 3288 5379 inira
3335 5324 3595 5376 dicemus.

2024 5393 2155 5466 Vide
2187 5393 2576 5466 Liberat._iufr.
2608 5409 2727 5466 cap.
2765 5395 2863 5460 18;
2897 5395 3119 5466 Niceph.
3165 5397 3254 5450 lib.
3287 5408 3376 5457 ιιι,
3407 5406 3456 5446 c.
3491 5393 3596 5454 i7;

2017 5463 2215 5518 Baro".
2252 5481 2338 5516 att.
2371 5463 2497 5518 481.
2522 5463 2647 5517 SEV.
2681 5465 2877 5520 BINIUS.

2011 5576 2188 5629 datam
2238 5576 2400 5631 fuisse
2457 5577 2509 5631 in
2557 5580 2727 5646 prima
2775 5580 2881 5634 late
2927 5577 3112 5646 probat
3153 5574 3344 5646 Pagius
3388 5574 3462 5631 ad
3503 5589 3593 5632 an.

2012 5646 2110 5702 Ch.
2143 5646 2274 5718 Q85,
2315 5648 2424 5718 n.79
2451 5661 2504 5700 et
2535 5663 2646 5718 seq.

2085 5718 2103 5748 ⁸
2143 5715 2302 5774 Forte
2335 5715 2624 5772 Himerius.
2658 5718 2920 5775 Mannum.
