4046 6188
494 298 604 362 923

1789 296 2048 355 FELlClS
2089 294 2288 354 PAPIE
2329 296 2394 353 lli

3633 302 3731 360 θέλ

468 421 547 475 les
565 415 867 481 ordinaret;
901 413 1157 484 pulsoque
1184 427 1248 467 eo
1273 411 1360 483 qui
1391 409 1498 465 illic
1528 409 1699 465 fuerat
1728 410 2043 479 regulariter
2070 412 2119 473 Α
2155 408 2407 465 Ecclesiae
2459 407 2740 464 catholicae
2784 409 2929 464 urbis
2976 409 3160 465 Romae
3191 410 3507 481 subscripsi.
3540 412 3674 470 Data
3700 433 3730 470 v

466 508 815 572 constitutus,
853 505 1121 575 captivam
1160 510 1365 557 teneret
1403 501 1718 555 Ecclesium.
1751 499 1915 569 Cujus
1950 499 2043 554 tibi

466 600 602 655 adeo
628 609 776 669 grata
807 612 1034 668 persona
1060 604 1177 663 est,
1206 606 1261 650 et
1286 595 1512 648 ministri
1542 595 1658 663 ejus
1678 594 1878 661 accepti
1908 592 2047 664 [lege

468 691 820 745 ministerium
850 689 968 757 ejus
993 684 1330 757 acceptum],
1358 695 1412 739 ut
1436 685 1716 754 episcopos
1740 694 1792 739 et
1821 684 2046 738 clericos

470 785 732 853 plurimos
760 782 1088 837 orthodoxos
1108 822 1122 845 ,
1154 794 1297 834 nunc
1325 778 1454 850 [lege
1497 774 1641 848 tunc]
1673 775 2051 830 Constantino-

472 879 631 949 polim
664 879 971 939 venientes,
1005 871 1271 942 detegaris
1302 870 1537 940 afﬂigere
1560 913 1576 939 ,
1614 876 1668 924 et
1695 867 2051 938 apocrisarios

471 972 588 1036 ejus
632 966 956 1031 confovere,
1001 973 1160 1033 atque
1204 961 1745 1016 anathematizautem
1804 957 2049 1013 eumdem

474 1063 687 1117 l’etrum
712 1056 1163 1114 Chalcedonensis
1186 1055 1397 1109 decreta
1428 1053 1661 1117 concilii,
1684 1062 1738 1106 et
1762 1051 2051 1106 violantem

471 1161 670 1205 sancta.-
702 1149 972 1204 ntetnorite
1005 1145 1269 1202 Timothei
1300 1145 1627 1214 sepulturam
1648 1185 1665 1211 ,
1696 1143 1836 1198 sicut
1860 1143 1925 1197 ad
1956 1158 2054 1197 nos

472 1243 733 1298 certiores
776 1256 916 1296 nunc
944 1253 1156 1311 quoque
1198 1239 1365 1293 nuntii
1406 1238 1742 1305 detulerunt,
1782 1252 1876 1306 per
1901 1234 2057 1290 Mise—

472 1347 598 1386 num
632 1342 686 1388 et
718 1331 944 1387 Vitalem
987 1330 1281 1386 credideris
1309 1327 1442 1402 [lege
1473 1324 1756 1399 crederes]
1794 1342 2057 1383 excusan-

473 1426 597 1479 dum
630 1441 641 1476 :
672 1439 771 1478 nec
806 1439 929 1478 eum
961 1423 1179 1477 laudare
1208 1423 1430 1479 desieris
1468 1420 1611 1494 [lege
1637 1420 1969 1492 desineres],
2002 1430 2057 1476 et

474 1515 653 1570 multis
677 1514 868 1571 cll'errc
901 1514 1208 1585 praeconiis,
1242 1514 1313 1569 ita
1344 1525 1399 1569 ut
1423 1513 1819 1569 damnationem
1852 1513 2047 1583 ipsius,

473 1623 631 1677 quam
658 1618 781 1661 ante
812 1606 1101 1671 retuleras,
1132 1621 1312 1661 veram
1340 1621 1447 1660 non
1477 1606 1641 1661 fuisse
1665 1605 1884 1676 jactaris
1915 1604 2059 1678 [lege

473 1697 755 1769 jactares].
798 1698 1025 1755 Tantum
1065 1706 1241 1753 autem
1273 1712 1583 1768 perseveras
1613 1698 1664 1752 in
1696 1697 1929 1753 borninis
1957 1697 2055 1752 de-

2144 497 2367 556 Calend.
2389 499 2609 569 Augusti
2629 497 2738 569 (an.
2768 498 2967 553 Christi
2994 499 3144 570 484),
3173 499 3438 557 Venantio
3469 504 3590 559 viro
3615 506 3721 560 cla-

2148 587 2362 644 rissimo
2389 589 2627 645 consule.
2674 586 2845 643 Simul
2884 589 2951 645 67
2982 591 3207 662 episcopi
3241 592 3430 663 absque
3452 610 3590 666 papa
3618 594 3733 651 sub-

2148 680 2265 749 seri,
2287 688 2479 735 serunt.

2663 783 2689 812 ⁸
2729 774 3054 830 EPISTULA
3100 776 3213 832 VII.

2582 880 2649 919 AD
2691 878 2977 919 t‘mvsusos
3018 881 3313 923 EPISCOPOS.

2154 958 2347 1015 Statuit
2376 959 2631 1030 quomodo
2657 961 2742 1030 qui
2772 960 3075 1026 rebaptizati
3098 972 3214 1015 sunt
3238 964 3307 1017 ad
3348 963 3631 1019 Ecclesium
3652 982 3730 1021 ca-

2580 1029 2820 1083 tholicam
2854 1032 3059 1085 admitti
3089 1031 3324 1087 debeant.

2157 1144 2173 1174 ¹
2207 1140 2255 1196 1.
2298 1140 2657 1213 Rebaptizatus
2697 1158 2785 1210 per
2814 1142 3161 1213 paenitentiam
3191 1143 3489 1215 recipiatur.

2158 1233 2243 1287 11.
2286 1232 2606 1306 EpiscOpsts,
2639 1235 2935 1305 presbyter,
2973 1234 3256 1300 diaconus,
3297 1237 3341 1289 si
3395 1236 3733 1307 rebaptizatus

2227 1324 2397 1393 fuerit,
2426 1324 2609 1378 laicam
2631 1325 3034 1379 communionem
3060 1325 3281 1395 accipiat
3312 1326 3366 1379 in
3393 1337 3627 1382 mortem.

2158 1414 2278 1469 111.
2304 1414 2553 1484 Clericus,
2583 1414 2886 1481 monachus,
2912 1414 3087 1485 puella
3114 1415 3231 1481 Dei,
3245 1416 3427 1483 laicus,
3453 1419 3499 1471 si
3520 1418 3734 1491 rebapti-

2231 1516 2373 1561 zatus
2396 1506 2581 1578 fuerit,
2608 1506 2811 1561 Nicwni
2838 1505 3041 1560 concilii
3061 1508 3357 1562 sententiam
3385 1516 3582 1562 teneat.

2160 1597 2186 1651 Ι
2207 1596 2269 1655 ν.
2310 1597 2600 1655 ίΕιαιὶονει
2625 1608 2841 1667 utroque
2864 1613 2991 1652 sexu
3028 1614 3119 1668 per
3156 1614 3337 1652 manus
3361 1600 3733 1668 impositionem

2232 1699 2511 1747 transeant.

474 1789 717 1843 fensione
748 1789 1001 1858 perversi,
1037 1797 1091 1843 ut
1122 1788 1389 1857 quondam
1418 1789 1721 1858 episcopos,
1761 1803 1902 1843 nunc
1930 1803 2055 1842 vero
2086 1776 2135 1840 Β
2172 1782 2232 1835 V.
2268 1784 2368 1849 Qui
2397 1782 2743 1852 rebaptizatus
2771 1782 2925 1853 fuerit
2955 1784 3007 1837 in
3036 1782 3172 1837 clero
3204 1799 3306 1837 non
3332 1785 3633 1853 recipt'rlttr.

477 1885 679 1936 honore
712 1889 766 1934 et
798 1882 1173 1936 comnnmionc
1212 1882 1483 1951 privatos,
1512 1882 1739 1937 Vitalem
1771 1894 1931 1953 atque
1963 1882 2057 1937 Mi-

475 1987 698 2041 senum,
736 1989 872 2042 quos
909 1973 972 2027 ad
1003 1975 1118 2043 ejus
1159 1975 1530 2044 expulsionem
1565 1976 1871 2042 specialiter
1899 1977 2058 2031 mise-

479 2080 681 2131 ramus,
709 2066 937 2119 sublatis
963 2064 1182 2129 chartis,
1214 2065 1471 2120 custodia:
1502 2081 1689 2135 passus
1716 2067 1879 2122 fueris
1909 2084 2058 2121 man-

477 2156 681 2225 cipari;
713 2166 765 2211 et
793 2156 859 2209 ad
899 2155 1297 2225 processionem
1335 2171 1453 2225 qua:
1494 2156 1587 2211 tibi
1621 2171 1743 2212 cum
1791 2159 2056 2214 itaareticis

480 2248 727 2311 habetur,
759 2247 955 2303 exinde
986 2247 1299 2317 productos,
1335 2250 1473 2303 sicut
1501 2264 1685 2305 eorum
1726 2249 2057 2319 professione

479 2337 611 2411 [lege
638 2335 1075 2407 profersionibus[
1110 2338 1430 2407 patefactum
1458 2347 1560 2404 est,
1590 2340 1656 2395 ad
1686 2339 2054 2396 ltmreticnrum

480 2438 731 2498 tuamque
752 2430 1203 2496 communionem,
1226 2440 1551 2499 contempta,
1580 2446 1698 2501 qua:
1719 2432 1799 2487 vel
1817 2433 2053 2503 gentium

477 2522 594 2590 jure
624 2523 821 2574 Set-vari
853 2522 1061 2586 debuit,
1092 2522 1374 2591 legatione,
1410 2525 1732 2591 pertraxeris
1752 2562 1767 2588 ,
1800 2524 2057 2593 praemiis-

478 2630 581 2683 que
607 2612 931 2682 corruperis,
959 2612 1086 2666 etin
1110 2612 1380 2667 lmsiouetn
1412 2613 1549 2668 beati
1583 2613 1724 2667 Petri
1754 2616 1999 2681 apostoli,
2025 2631 2053 2669 a

477 2705 630 2774 cujus
664 2703 793 2759 sede
835 2703 1056 2773 profecti
1107 2704 1344 2769 fuerant,
1389 2719 1436 2757 nt
1462 2721 1493 2758 n
1535 2703 1706 2758 solum
1754 2705 2055 2760 inefficaces

478 2795 654 2849 redire
684 2795 895 2858 feceris,
926 2795 1019 2850 sed
1049 2795 1211 2850 etiam
1243 2795 1640 2864 impugnatores
1669 2796 1905 2852 omnium
1937 2814 2055 2867 quae

480 2886 686 2941 fuerant
720 2886 965 2941 mandata
987 2928 1003 2953 ,
1036 2887 1372 2941 monstraris.
1404 2888 1456 2941 In
1494 2903 1717 2958 quorum
1743 2887 2056 2959 deceptione

480 2986 624 3034 tuam
665 2979 955 3048 nequitiam
989 2979 1299 3046 prodidisti,
1330 2987 1385 3033 ct
1404 2978 1469 3033 ad
1498 2979 1735 3034 libellum
1765 2979 1903 3051 [lege
1932 2996 1962 3037 a
1994 2980 2058 3035 li-

481 3068 643 3141 bello]
678 3070 853 3124 fratris
880 3079 936 3125 et
971 3071 1273 3138 coepisc:tpi
1318 3071 1420 3125 mei
1461 3070 1703 3136 Joannis,
1734 3074 1822 3141 qui
1857 3083 1906 3128 te
1934 3089 2054 3143 gra-

484 3162 716 3217 \i~simis
755 3161 1143 3228 objectionibus
1186 3163 1480 3230 impetivit,
1518 3162 1570 3217 in
1606 3165 1894 3232 apostolica
1931 3167 2057 3220 sede

478 3254 771 3311 scentulum
802 3266 1034 3307 canuincs
1060 3252 1387 3321 respondere
1415 3254 1663 3310 diffidens
1683 3298 1696 3317 ,
1729 3256 1937 3324 objecta
1966 3258 2053 3311 ﬁr-

484 3344 660 3398 masri.
691 3342 921 3397 Felicem
953 3357 1162 3411 quoque
1191 3342 1526 3399 defensorem
1560 3345 1922 3401 lidelissimum
1962 3362 2059 3401 no-

481 3433 585 3503 bis,
613 3433 930 3489 necessitate
949 3433 1175 3489 faciente
1198 3435 1369 3489 serius
1391 3435 1754 3502 subsecutum,
1781 3437 2054 3508 indignum

483 3526 587 3582 tuis
616 3526 871 3581 censuisti
909 3525 1097 3580 oculis.
1141 3526 1244 3581 Eos
1277 3541 1489 3597 quoque
1518 3537 1693 3583 tecum
1735 3528 1925 3584 litteris
1954 3531 2058 3585 tuis

481 3617 879 3673 communicare
920 3625 1141 3671 testatus
1188 3633 1278 3683 es,
1322 3634 1457 3688 quos
1501 3629 1709 3673 constat
1756 3620 2057 3677 hmreticos.

482 3709 618 3777 Quid
646 3709 790 3763 enim
819 3718 943 3762 sunt
968 3708 1132 3773 aliud,
1156 3710 1243 3777 qui
1269 3718 1388 3778 post
1408 3709 1610 3764 obitum
1638 3720 1836 3765 sancta:
1858 3726 2061 3766 memo-

485 3806 578 3858 ria:
605 3802 873 3857 Timothei
904 3803 969 3856 ad
1003 3802 1296 3856 Ecclesiam
1337 3802 1437 3857 sub
1482 3803 1637 3858 Petro
1675 3806 1933 3870 redeunt,
1976 3805 2061 3860 vel

484 3895 574 3964 qui
601 3909 659 3948 se
687 3911 751 3948 ex
782 3894 1056 3947 catholicis
1080 3894 1255 3948 eidem
1282 3894 1632 3961 tradiderunt,
1664 3897 1763 3951 nisi
1791 3896 1930 3966 quod
1964 3896 2062 3952 Pe-

486 3999 600 4042 trus
626 3988 691 4039 ab
722 3987 969 4040 universa
1008 3987 1244 4041 Ecclesia
1266 4028 1281 4051 ,
1313 3996 1470 4057 atque
1506 4003 1535 4042 a
1578 3998 1631 4044 te
1659 3991 1826 4045 fuerat
1848 3990 2056 4060 judica-

487 4077 605 4131 tus?
638 4076 784 4132 llal‘e
811 4092 939 4147 ergo
969 4093 1088 4132 cum
1119 4077 1229 4143 his,
1257 4094 1391 4148 quos
1429 4079 1652 4136 libenter
1680 4082 2016 4151 amplecteris
2041 4123 2056 4147 ,

487 4169 785 4235 portionem
823 4182 886 4221 ex
923 4168 1184 4222 sententia
1218 4169 1498 4237 praesenti,
1529 4185 1686 4239 quam
1716 4187 1810 4237 per
1837 4182 1938 4225 tua:
1966 4171 2060 4226 tibi

486 4258 777 4312 direximus
810 4258 1062 4312 Ecclesia:
1095 4259 1429 4314 defensorem
1457 4277 1469 4312 ;
1499 4261 1813 4314 sacerdotali
1836 4262 2061 4331 honore,

485 4360 539 4403 et
569 4351 947 4406 communione
976 4351 1237 4405 catholica
1259 4396 1274 4419 ,
1308 4367 1404 4407 nec
1437 4367 1543 4407 non
1573 4354 1731 4407 etiam
1763 4369 1793 4408 a
1834 4355 2063 4410 ﬁdelium

2170 1872 2266 1927 Vl.
2298 1872 2630 1928 Pasnitentem
2671 1874 2885 1927 alterius
2928 1874 3207 1944 episcopus
3235 1891 3339 1928 non
3378 1876 3606 1929 absolvat
3655 1892 3737 1928 nec

2230 1966 2468 2036 accipiat.

2232 2055 2601 2111 Dilectissimis
2632 2055 2683 2109 in
2724 2054 2938 2110 Christo
2982 2056 3109 2111 Jesu
3139 2054 3394 2110 fratribus
3422 2095 3439 2119 ,
3474 2057 3736 2111 universis

2158 2148 2423 2219 episcopis
2450 2148 2469 2179 ²
2502 2163 2596 2216 per
2623 2147 2866 2203 diversas
2901 2148 3200 2215 provincias
3221 2148 3523 2203 constitutis
3552 2148 3596 2202 '.

2227 2240 2466 2307 Qualiter
2496 2240 2547 2295 in
2568 2238 2835 2294 Africanis
2857 2240 3161 2308 regionibus
3190 2242 3383 2295 astutia
3413 2240 3612 2295 diaboli
3640 2256 3736 2294 str-

2157 2330 2312 2386 vierit
2338 2330 2390 2386 in
2419 2330 2666 2401 populum
2697 2330 3052 2385 ChriStianum
3072 2371 3088 2395 ,
3117 2340 3274 2401 atque
3302 2332 3352 2385 id
3379 2332 3427 2385 irt
3457 2331 3732 2399 tnultiplict

2156 2423 2473 2492 deceptione
2514 2423 2845 2493 proruperit,
2885 2433 2939 2477 ut
2992 2439 3097 2478 non
3137 2424 3299 2478 modo
3340 2424 3528 2492 vulgus
3559 2425 3735 2479 incau-

2158 2522 2292 2578 tum,
2323 2514 2415 2569 sed
2444 2515 2587 2583 ipsos
2608 2529 2818 2584 quoque
2844 2516 2892 2569 itt
2913 2515 3098 2571 mortis
3130 2516 3391 2583 profunda
3414 2518 3735 2571 demerserit

2156 2603 2462 2658 sacerdotes
2483 2644 2497 2665 ,
2528 2604 2703 2658 nullus
2735 2619 2838 2658 non
2866 2605 3011 2660 orbis
3042 2606 3267 2674 gemuit,
3302 2607 3444 2661 nttlla
3475 2617 3617 2661 terra
3646 2623 3734 2663 nc-

2156 2694 2328 2747 scivit.
2382 2693 2535 2750 Uuile
2566 2694 2618 2749 in
2665 2698 2813 2764 gravi
2861 2695 2993 2767 [lege
3017 2695 3230 2768 grandi]
3283 2711 3515 2752 mmrore
3548 2698 3730 2769 positi,

2156 2783 2495 2840 dissimulare
2526 2800 2629 2839 non
2656 2800 2939 2854 possumus
2966 2787 3302 2856 pereuntium
3332 2795 3494 2857 atque
3522 2803 3552 2841 a
3586 2789 3688 2843 nob
3708 2803 3734 2843 s

2156 2874 2535 2945 exigendarum
2560 2874 2849 2932 discrimen
2878 2877 3197 2931 animarum.
3227 2878 3563 2948 Quapropter
3592 2895 3732 2934 Cunt-

2158 2976 2345 3036 petens
2369 2967 2670 3023 adhibenda
2705 2978 2789 3024 est
2819 2968 3014 3024 talibus
3054 2970 3316 3025 medicina
3354 2971 3486 3043 [lege
3508 2969 3729 3044 medela]

2157 3060 2466 3116 vulneribus
2494 3101 2508 3127 ,
2540 3076 2608 3117 ne
2642 3063 2924 3116 immatura
2955 3064 3175 3118 curandi
3204 3064 3429 3118 facilitas
3462 3065 3733 3119 mortifera

2084 3149 2130 3213 C
2159 3154 2330 3223 captis
2360 3164 2506 3223 peste
2536 3155 2663 3210 nihil
2694 3156 2886 3225 prosit,
2928 3150 3023 3211 sed
3067 3157 3282 3227 segnius
3313 3155 3333 3188 ⁸
3364 3166 3529 3211 tracta
3559 3159 3727 3226 perni-

2160 3250 2270 3304 cies
2292 3290 2306 3312 ,
2334 3259 2484 3304 reatu
2531 3266 2635 3305 nnn
2685 3250 2938 3321 legitima:
2957 3252 3250 3308 curationis
3275 3253 3511 3309 involvat
3537 3256 3734 3325 pariter.

2159 3343 2369 3397 saucios
2397 3352 2452 3398 et
2490 3344 2786 3401 medentes.

2230 3434 2494 3501 Imprimis
2543 3437 2720 3507 itaque
2770 3438 3037 3494 venientis
3081 3438 3149 3494 ad
3187 3454 3284 3495 vos
3331 3448 3389 3494 et
3439 3440 3725 3496 remedium

2161 3529 2498 3598 postulantis,
2531 3529 2759 3585 sollicite
2785 3530 3115 3588 discutienda
3140 3541 3224 3586 est
3252 3531 3515 3600 professio
3534 3543 3586 3585 et
3610 3547 3730 3601 per-

2161 3635 2291 3677 sona
2335 3621 2573 3690 decepti.
2625 3631 2683 3675 ut
2712 3622 2922 3678 medela
2951 3624 3119 3691 possit
3142 3637 3442 3692 coiigruens
3471 3623 3726 3677 exhiberi.

2162 3714 2227 3768 Et
2249 3712 2337 3783 qui
2381 3712 2750 3769 satisfacturos
2781 3715 2892 3769 Deo
2917 3729 3012 3782 per
3043 3715 3441 3793 paenitentiam,
3469 3729 3528 3770 se
3548 3714 3737 3782 rebap-

2162 3806 2377 3861 tizatunt
2395 3805 2631 3874 legitime
2651 3807 2912 3872 doluerit;
2944 3815 3120 3861 utrum
3150 3807 3214 3860 ad
3247 3806 3347 3860 hoc
3374 3806 3579 3861 facinus
3607 3822 3731 3860 enn-

2162 3897 2391 3952 currerit
2424 3896 2554 3967 [lege
2582 3897 2901 3962 cucurrerit,
2924 3898 3003 3951 vel
3026 3894 3359 3967 occurrerit],
3386 3912 3454 3951 an
3484 3897 3733 3966 impulsus

2163 3990 2451 4043 accesserit
2473 4031 2488 4052 ,
2522 3990 2827 4059 requiratur
2858 4006 2871 4043 :
2905 3990 3083 4044 sciens
3110 3990 3249 4060 quod
3272 4005 3327 4043 se
3347 3990 3568 4058 decipiat
3594 3990 3731 4055 ipse,

2160 4080 2247 4148 qui
2293 4078 2428 4148 fallit
2471 4077 2527 4151 (I
2559 4079 2701 4134 Petr.
2744 4079 2798 4151 v)
2825 4121 2839 4144 ,
2867 4080 3105 4151 nihilque
3134 4094 3229 4150 per
3251 4090 3485 4134 nostram
3520 4079 3729 4134 facilita-

2163 4179 2271 4226 tem
2304 4173 2580 4227 tribunalis
2610 4173 2807 4229 excelsi
2834 4173 3036 4242 judicio
3064 4173 3327 4243 derogari,
3356 4173 3440 4226 cui
3488 4171 3589 4225 illa
3617 4181 3732 4225 sunt

2164 4272 2275 4318 rata
2296 4264 2427 4337 [lege
2448 4261 2771 4335 recta],qtt:e
2803 4268 2908 4334 pia,
2941 4280 3060 4334 qua:
3089 4281 3238 4329 vera,
3269 4281 3387 4335 ψη·
3415 4265 3555 4331 Ῑηεεει
3579 4273 3724 4326 sunt;

2170 4367 2224 4412 et
2252 4357 2406 4412 aliter
2432 4359 2786 4422 necessitatis,
2813 4358 2969 4413 aliter
2992 4358 3262 4412 tractanda
3290 4365 3372 4411 est
3400 4357 3533 4409 ratio
3560 4356 3733 4409 volun-

489 4456 712 4495 uutnero
739 4452 1047 4519 segregatus
1067 4483 1081 4503 ,
1120 4443 1384 4496 sublatum
1428 4443 1522 4498 tibi
1565 4461 1759 4500 nomen
1790 4456 1843 4501 et
1873 4462 2061 4501 munus
2089 4455 2137 4513 Ι)
2165 4452 2308 4507 tatis.
2344 4451 2586 4507 Deterior
2610 4462 2693 4506 est
2713 4462 2888 4505 autem
2911 4465 3069 4506 causa
3102 4451 3264 4516 illius,
3296 4450 3385 4518 qui
3410 4448 3546 4503 forte
3575 4448 3753 4517 pretio,

489 4532 770 4586 ministerii
798 4534 1140 4589 sacerdotalis
1170 4549 1428 4603 agnosco,
1465 4538 1633 4591 snucti
1664 4538 1891 4606 Spiritus
1918 4539 2061 4607 judi-

486 4624 572 4679 cio
598 4633 651 4678 et
676 4627 963 4692 apostolica
992 4626 1192 4698 [supple
1220 4644 1313 4696 per
1338 4628 1469 4699 nos]
1500 4631 1814 4686 auctoritate
1842 4632 2060 4687 damna-

488 4724 594 4780 tus,
624 4732 995 4786 nunquamque
1021 4718 1152 4789 [lege
1182 4736 1279 4776 nec
1303 4723 1408 4787 jam
1433 4723 1685 4793 unquam]
1709 4724 2060 4780 anathematis

492 4805 715 4860 vinculis
763 4809 1058 4862 eruendus.
1100 4810 1293 4864 Caelius
1340 4812 1485 4868 Felix
1535 4815 1814 4885 episcopus
1862 4825 2060 4872 sanctis

561 5019 586 5047 ⁸
626 5009 751 5064 Haec
777 5020 857 5064 est
888 5010 973 5065 illa
1011 5011 1260 5080 synodica
1293 5026 1413 5080 qum
1455 5029 1519 5066 ex
1551 5016 1776 5069 concilio
1811 5016 2053 5070 Romano

486 5094 543 5133 ttt
574 5084 673 5156 sub
706 5081 879 5156 Felice
901 5082 1169 5156 tuissaAest
1195 5084 1257 5135 ad
1288 5084 1565 5137 universos
1586 5090 1889 5153 episcopus,
1912 5103 2055 5156 qua:-

486 5166 593 5223 qtte
615 5151 809 5223 diutius
833 5153 1012 5223 Rerum
1043 5152 1278 5218 detenta,
1303 5151 1732 5223 cnttsignataest
1772 5151 1893 5210 nuta
1926 5151 2055 5210 con-

486 5220 652 5275 sillati
704 5223 829 5276 anni
876 5222 1002 5288 488,
1049 5238 1155 5292 quo
1206 5225 1258 5278 itt
1313 5220 1543 5279 Africam
1583 5229 1891 5283 transmissa
1932 5226 2049 5280 fuit.

566 5386 582 5417 ¹
619 5386 778 5440 Tituli
824 5394 1032 5440 veteres
1082 5385 1236 5451 hujus
1285 5388 1525 5451 epistola:
1571 5404 1637 5442 ex
1687 5396 1882 5442 vetust.
1942 5386 2066 5442 cod.

489 5453 685 5536 LII-erm.
721 5457 825 5513 490
855 5475 868 5510 :
900 5472 963 5511 ex
994 5458 1220 5526 epistola
1261 5456 1454 5512 Felicis
1480 5473 1629 5529 papa:
1658 5459 1726 5515 ad
1756 5460 2069 5515 Sicilienses

492 5541 790 5595 episcopos.

562 5597 584 5666 ξ
623 5594 679 5666 ln
700 5598 819 5651 cod.
851 5596 1080 5666 Justelli,
1111 5612 1199 5666 per
1222 5596 1477 5652 Siciliam.

565 5664 586 5738 ξ
627 5665 753 5738 Luc.
782 5666 929 5721 addit
960 5664 1119 5721 Felix
1134 5670 1399 5738 episcopus
1419 5670 1472 5723 in
1504 5668 1721 5728 Domino
1752 5670 1990 5726 salutem.

565 5734 586 5765 ⁸
629 5737 869 5804 ῡὶοιιγε..
900 5746 1131 5793 tractata.
1166 5734 1429 5797 limitis.

2166 4545 2488 4601 sollicitatus
2515 4556 2594 4601 est
2624 4555 2679 4600 ttt
2707 4547 2926 4615 periret.
2962 4545 3097 4600 Nihil
3123 4545 3263 4599 enim
3312 4544 3628 4597 intentatum
3655 4557 3733 4595 re-

2168 4636 2359 4709 linquit
2389 4638 2634 4693 inimicus
2655 4679 2669 4703 ,
2698 4637 2785 4694 cui
2808 4654 2874 4693 ne
2902 4638 2968 4693 de
2990 4653 3083 4691 sua
3110 4637 3266 4691 liceat
3288 4635 3523 4704 gaudere
3555 4644 3734 4703 captu-

2166 4745 2263 4795 ra,
2313 4732 2729 4785 succurrendum
2785 4740 2867 4784 est
2920 4729 3170 4792 irretitis;
3231 4736 3285 4781 et
3335 4726 3731 4781 contradendas

2170 4816 2301 4891 [lege
2333 4819 2691 4876 conterendus
2724 4819 2828 4891 est]
2859 4822 3102 4875 venantis
3129 4820 3381 4887 laqueus,
3405 4818 3426 4847 ⁸
3456 4817 3734 4871 infucatum

2160 5016 2320 5073 Lecta
2347 5019 2399 5073 in
2431 5034 2683 5073 consessu
2713 5019 2951 5084 Patrum,
2991 5020 3256 5074 sentent’a
3300 5019 3610 5073 earumdem
3635 5034 3724 5087 ap-

2166 5090 2384 5159 probata
2410 5090 2535 5143 fuit:
2562 5105 2694 5158 quas
2715 5090 3120 5144 constitutiones
3143 5089 3432 5160 synoda‘t-s
3454 5094 3666 5144 contine
3683 5100 3737 5149 tt,

2163 5162 2470 5215 summatim
2499 5161 2633 5214 infra
2655 5161 2707 5214 in
2729 5161 2867 5216 notis
2887 5160 3213 5232 praeallegati
3233 5160 3447 5216 Cortt'ilii
3477 5176 3737 5216 recenset.

2247 5387 2269 5420 ³
2306 5385 2438 5442 Cod.
2484 5385 2613 5441 Luc.
2660 5386 2736 5440 sic
2777 5386 2877 5440 ista
2899 5384 3070 5454 legit:
3111 5393 3160 5440 et
3201 5382 3539 5437 conterendus
3574 5392 3642 5437 est
3669 5397 3753 5435 νεα

2173 5459 2343 5512 nantis
2374 5458 2606 5526 laqueus,
2654 5467 2708 5510 ut
2754 5456 3040 5525 infacetum
3069 5454 3517 5526 lamentationibus
3552 5456 3696 5524 lapsu
3716 5471 3747 5503 ιι

2173 5528 2367 5600 (prima
2412 5525 2606 5600 manus
2644 5528 3204 5600 po_sucrat_laqueum,
3242 5525 3339 5600 sed
3388 5525 3557 5600 altera
3600 5538 3750 5600 neque

2171 5594 2385 5668 antiqua
2414 5596 2669 5668 emendat
2704 5596 2938 5667 lapsum)
2990 5594 3095 5649 tam
3121 5596 3339 5665 justitia:
3380 5594 3743 5657 moderatione,

2171 5678 2300 5729 etc.
2332 5669 2401 5723 ad
2422 5667 2624 5722 caulam
2655 5683 2806 5738 quam
2835 5668 3127 5737 reliquerat,
3161 5673 3262 5725 ctr.
