4046 6188
339 292 438 349 925

1535 299 1888 357 ιεῐιιδτοωε
1930 304 2019 358 ΕΤ
2061 304 2234 361 οΕΟιῖ
2247 310 2396 366 ΕΤΑ.

3488 325 3592 382 9‘36

335 405 749 462 latuentantibus
776 415 880 461 tam
919 407 1137 478 justitize
1178 409 1540 466 moderatione
1569 429 1729 481 quam
1764 432 1915 470 cont-
1942 428 1985 480 Α
2019 421 2228 476 dientes
2255 427 2397 490 sint;
2443 436 2644 494 septem
2691 439 2868 484 autem
2909 435 3064 488 annis
3093 437 3405 508 suhjaccant
3449 441 3589 495 inter

335 499 619 568 p-tnctione
641 499 849 566 pietatis
869 501 966 552 ad‘
995 501 1170 553 aulam
1191 517 1221 569 q
1247 518 1347 554 tam
1369 503 1694 572 reliquerant
1723 507 1792 559 sit
1823 523 1910 562 re-

332 609 572 662 gressus.
605 593 714 647 Nec
742 593 938 662 pudeat
986 593 1207 648 forsitan
1261 605 1352 650 aut
1389 597 1561 667 pigeat
1603 598 1817 653 indictis
1843 600 1916 667 je-

332 683 593 752 juniorum
625 686 1030 754 getnituumque
1054 686 1382 754 temporibus
1415 687 1652 750 obedire,
1683 699 1773 741 aut
1796 689 1913 743 aliis

332 779 682 831 observantia:
711 777 1021 833 salubrioris
1041 778 1412 842 obtemperare
1434 781 1722 850 praeceptis
1745 797 1760 833 :
1787 783 1911 851 quia

335 871 624 924 humilibus
651 871 808 924 datur
829 873 1027 940 gratia,
1058 885 1161 924 non
1186 872 1444 938 superbis.
1471 871 1553 926 Sit
1579 887 1707 943 ergo
1740 874 1909 927 ruinae

332 979 443 1016 sum
465 962 651 1017 dolore
673 971 971 1031 prostratus
996 962 1235 1032 quisquis
1262 963 1312 1015 in
1341 963 1554 1017 Christo
1579 965 1690 1018 fieri
1717 965 1912 1034 quaerit

333 1064 542 1111 erectus
570 1095 584 1120 ,
621 1063 674 1109 et
696 1070 792 1124 per
833 1056 852 1084 ³
886 1055 1252 1124 dispositionis
1282 1065 1476 1109 nostrae
1509 1055 1862 1110 ministerium
1891 1096 1906 1120 ,

333 1149 472 1217 quod
504 1158 735 1203 vestram
775 1148 925 1216 sequi
967 1149 1217 1201 convenit
1254 1147 1568 1212 caritatem,
1609 1162 1708 1201 nec
1751 1147 1910 1202 alicui

335 1242 412 1296 fas
452 1252 535 1295 est
564 1241 703 1295 velle
734 1240 813 1294 vel
842 1255 998 1308 posse
1038 1242 1412 1295 transcendere
1441 1255 1627 1295 causas
1656 1241 1792 1308 ejus,
1821 1240 1910 1310 qui

333 1343 514 1388 contra
571 1332 918 1401 apostolicam
965 1331 1305 1399 doctrinam,
1357 1331 1424 1385 ad
1470 1331 1805 1386 iterationem
1849 1345 1909 1384 se

333 1425 665 1494 baptismatis
714 1422 870 1476 nimis
921 1422 1204 1476 infaustam
1260 1423 1496 1488 dedidit;
1533 1425 1615 1477 vel
1673 1423 1787 1492 ejus
1817 1423 1907 1491 qui

333 1517 600 1584 aliquibus
640 1515 968 1583 argumentis
1005 1514 1363 1568 excusandum
1417 1514 1607 1568 callide
1633 1513 1904 1582 proprium

333 1607 597 1676 putaverit
626 1619 740 1660 esse
767 1619 1115 1672 consensum,
1150 1605 1465 1660 sacerdotali
1501 1607 1699 1675 vigore,
1730 1617 1782 1659 et
1806 1605 1908 1658 btt-

333 1701 588 1753 manitate
622 1706 928 1762 tractemus,
955 1706 1011 1749 ut
1041 1697 1091 1750 in
1122 1702 1200 1751 eis
1232 1697 1381 1761 fides,
1412 1713 1528 1766 qua:
1557 1698 1654 1752 nisi
1677 1706 1760 1752 est
1779 1714 1901 1763 una,

2017 513 2332 580 pmniteutes
2361 519 2601 571 manibus
2628 523 2984 593 sacerdotum,
3031 528 3238 583 duobus
3276 543 3454 585 autem
3485 550 3584 588 an-

2015 604 2098 656 nis
2127 604 2426 661 oblationes
2455 611 2626 663 modis
2655 615 2902 669 omnibus
2935 634 3038 671 non
3081 621 3323 675 sinantnr
3371 624 3586 690 offerre,

2013 693 2106 748 sed
2140 699 2505 752 tantummodo
2537 702 2555 731 τ
2587 704 2933 759 saecularibus
2959 708 3112 778 [Lege
3141 714 3503 786 popularibus]
3534 718 3584 769 itt

2013 788 2252 842 oratione
2279 790 2566 844 socientur.
2598 793 2703 847 Nec
2730 796 3083 852 confundatur
3117 801 3224 854 Deo
3269 804 3405 858 colla
3453 807 3583 859 sub-

2013 877 2246 942 mittere,
2286 880 2378 948 qui
2423 895 2525 934 non
2550 897 2669 936 eum
2697 886 2871 938 timuit
2896 887 3179 957 abnegare.
3229 891 3380 957 Quod
3421 895 3486 962 si,
3531 905 3589 949 ut

2014 977 2136 1035 pote
2163 970 2438 1035 mertales,
2488 972 2624 1026 intra
2657 984 2826 1029 metas
2870 979 3168 1047 praascripti
3200 984 3456 1048 temporis
3479 998 3591 1038 cm-

2015 1062 2152 1130 perit
2181 1063 2301 1116 vita:
2329 1063 2449 1117 finis
2473 1081 2688 1134 urgere,
2712 1071 3132 1126 subveniendum
3163 1084 3242 1128 est
3261 1075 3586 1144 imploranti,

2011 1161 2066 1208 et
2094 1167 2186 1208 seu
2220 1154 2286 1208 ab
2315 1157 2566 1225 episcopo
2588 1158 2675 1226 qui
2711 1160 3072 1228 paenitentiam
3104 1164 3345 1233 dederit,
3399 1184 3492 1222 seu
3523 1171 3590 1224 ab

2011 1244 2134 1306 alio,
2163 1245 2252 1311 qui
2278 1256 2454 1300 tamen
2483 1248 2660 1302 datam
2683 1266 2802 1304 esse
2841 1253 3180 1322 probaverit,
3217 1267 3309 1311 attt
3345 1259 3589 1314 similiter

2011 1351 2040 1388 a
2082 1337 2395 1408 presbytero
2441 1340 2693 1394 viaticum
2739 1342 2954 1398 abeunti
3003 1348 3069 1400 de
3107 1348 3309 1403 sacculo
3357 1364 3460 1403 non
3497 1366 3591 1405 nc-

2011 1439 2182 1496 getur.

2082 1520 2259 1578 Pueris
2287 1533 2462 1579 autem
2492 1527 2683 1596 quibus
2704 1531 2844 1598 quod
2875 1528 3086 1585 adhuc'
3109 1531 3409 1602 impuberes
3435 1533 3590 1606 [Lege

2012 1608 2323 1681 imberbes],
2353 1627 2382 1665 a
2414 1615 2693 1681 pubertate
2721 1617 3040 1673 vocabulum
3083 1630 3183 1687 est,
3231 1635 3326 1676 seu
3353 1623 3586 1689 clericis,

2009 1702 2124 1757 sive
2151 1703 2320 1768 laicis,
2346 1715 2434 1758 aut
2464 1707 2624 1760 etiam
2654 1708 2921 1764 similibus
2947 1712 3136 1780 puellis
3156 1756 3170 1780 ,
3208 1713 3402 1782 quibus
3433 1716 3586 1784 igno-

332 1791 439 1860 jam
478 1792 620 1844 nulla
653 1803 765 1858 est,
796 1794 1058 1862 adjutorio
1091 1795 1298 1849 Domini
1334 1796 1558 1864 iudicis,
1583 1795 1648 1848 ad
1677 1795 1904 1850 salutem
1938 1777 1983 1839 Β
2014 1795 2180 1848 rantia
2207 1795 2524 1865 sullragatur
2547 1798 2738 1865 :etatis,
2785 1800 3094 1870 aliquandiu
3133 1803 3232 1858 sub
3279 1819 3464 1858 manus
3493 1807 3590 1858 im~

333 1883 446 1937 sine
473 1894 670 1937 nostra:
699 1884 718 1914 ³
751 1887 1079 1954 operationis
1103 1886 1398 1941 offensione
1429 1899 1704 1954 reparetur
1739 1905 1750 1938 :
1783 1889 1904 1958 quia

332 1988 451 2026 cum
489 1977 783 2041 peccatoris
824 1992 852 2028 a
887 1978 1040 2032 nobis
1066 1979 1361 2033 satisfactio
1401 1978 1726 2048 protrahitur
1750 2020 1763 2042 ,
1800 1971 1904 2030 non

333 2076 530 2132 prmter
577 2067 784 2120 laudem
831 2079 1064 2123 nostram
1095 2078 1255 2138 atque
1300 2070 1534 2124 Imlitiatn
1564 2111 1578 2132 ,
1612 2084 1764 2123 mens
1792 2069 1907 2138 ejus

331 2158 395 2210 ad
424 2159 542 2211 veni
564 2175 631 2212 tm
663 2163 932 2229 purgatior
964 2162 1257 2216 invenitur.
1292 2162 1356 2216 Et
1376 2161 1496 2215 ideo
1521 2159 1904 2227 memineritis,

334 2247 468 2303 hanc
495 2265 654 2317 super
683 2250 766 2305 his
811 2266 906 2305 nos
938 2253 1133 2308 habere
1185 2255 1504 2308 sententiam
1535 2295 1548 2316 ,
1598 2265 1655 2308 ut
1693 2261 1902 2309 servata

335 2339 651 2394 discretione
676 2343 1004 2408 peccantium
1034 2384 1050 2408 ,
1083 2359 1185 2397 non
1217 2345 1401 2400 eadem
1429 2345 1606 2399 cuncti
1629 2345 1716 2413 qui
1769 2345 1904 2415 lapsi

332 2439 476 2493 sunt,
503 2431 653 2487 lance
684 2445 995 2502 pensentur:
1025 2438 1275 2506 quoniam
1301 2439 1514 2508 majoris
1539 2441 1904 2509 castigationis

335 2521 360 2551 "
388 2521 680 2590 exigendus
729 2533 812 2578 est
853 2541 1011 2579 usura
1054 2527 1307 2599 [usuras],
1336 2529 1420 2583 cui
1469 2528 1660 2584 domus
1700 2531 1906 2586 Domini

336 2613 622 2666 commissa
656 2612 813 2668 fuerit
839 2615 1137 2685 disciplina.

404 2703 470 2759 Ut
491 2719 619 2773 ergo
647 2705 714 2758 ab
739 2705 992 2762 Ecclesia
1022 2708 1416 2764 summitatibus
1445 2710 1779 2777 inchoemus,
1809 2726 1906 2767 eos

333 2808 463 2863 quos
487 2794 788 2866 episcopos,
821 2798 1187 2869 presbyteros,
1211 2802 1296 2856 vel
1320 2801 1574 2856 diaconos
1597 2801 1758 2856 fuiSsc
1780 2817 1907 2858 con-

333 2884 554 2950 stiterit,
583 2897 634 2940 et
667 2901 758 2940 seu
791 2896 1038 2957 Optantes
1069 2890 1314 2955 forsitan,
1345 2908 1436 2946 seu
1461 2903 1673 2947 coactos
1709 2894 1905 2949 lavacri

333 2975 473 3029 illius
497 2977 634 3030 unici
664 2978 1018 3049 salutarisque
1045 2981 1299 3037 claruerit
1331 2984 1518 3038 fecisse
1541 2984 1822 3053 jacturam,
1853 2995 1907 3041 et

333 3069 627 3136 Christum,
654 3087 812 3140 quem
843 3087 947 3128 non
975 3075 1150 3131 solum
1176 3078 1317 3133 dono
1346 3081 1781 3149 regenerationis,
1813 3098 1904 3137 ve-

2010 1884 2274 1953 positione
2327 1885 2588 1949 detentis,
2639 1887 2911 1942 reddenda
2958 1893 3266 1946 communio
3315 1904 3433 1957 est;
3493 1909 3590 1948 nec

2009 1987 2194 2027 eorum
2225 1977 2581 2040 exspectanda
2615 1979 2925 2045 paenitentia
2957 1995 3090 2048 quos
3130 1984 3327 2052 excipit
3366 1999 3396 2038 a
3430 1998 3588 2038 coer-

2011 2064 2206 2118 citione
2232 2078 2475 2118 censura.
2512 2065 2661 2130 Quod
2699 2076 2777 2119 t-st
2809 2082 2838 2120 a
2879 2069 3030 2121 nobis
3072 2072 3289 2137 provide
3331 2075 3590 2126 constitu-

2011 2163 2143 2219 tum,
2177 2170 2242 2209 ne
2271 2155 2321 2208 bi
2350 2155 2542 2224 quibus
2587 2157 2638 2208 in
2683 2159 2878 2212 terreni
2917 2159 3040 2214 labe
3079 2163 3306 2231 contagii
3345 2162 3460 2231 plus
3487 2165 3586 2216 mi-

2009 2259 2176 2299 nusve
2207 2253 2369 2300 restat
2393 2245 2457 2298 ad
2487 2245 2670 2313 vitam,
2697 2247 2819 2300 dum
2843 2248 3012 2304 adhuc
3029 2249 3082 2303 in
3106 2252 3412 2318 paenitentia
3436 2263 3580 2315 sunt,

2009 2335 2308 2404 ptenitenda
2339 2339 2358 2368 θ
2384 2337 2716 2390 committant
2749 2337 2968 2409 [Supple
2999 2339 3175 2410 forte].
3207 2342 3354 2406 Quod
3381 2342 3425 2395 si
3459 2351 3583 2397 ante

2015 2425 2329 2494 praefinitum
2387 2428 2710 2495 paenitentia:
2757 2438 2965 2499 tempus
2995 2431 3038 2461 ¹⁰
3081 2433 3388 2501 desperatus
3436 2433 3590 2504 [Lege

2014 2516 2320 2588 despectus]
2347 2532 2373 2569 a
2398 2519 2639 2585 medicis,
2681 2529 2772 2573 aut
2793 2522 3126 2577 evidentibus
3161 2526 3345 2579 mortis
3374 2540 3589 2593 pressus

2011 2606 2241 2673 indiciis,
2283 2619 2497 2679 recepta
2522 2611 2798 2680 quisquam
2826 2615 3220 2670 communionis
3249 2619 3416 2686 gratia
3459 2632 3588 2671 ettn~

2010 2699 2262 2766 valescit;
2288 2715 2565 2757 servemus
2592 2703 2645 2756 in
2675 2718 2740 2758 eo
2768 2703 2911 2773 quod
2949 2704 3147 2760 Nicmni
3175 2721 3410 2764 canones
3435 2708 3584 2764 ordi-

2012 2803 2275 2850 naverunt
2295 2836 2310 2862 ,
2345 2806 2401 2850 ut
2429 2796 2690 2853 habeatur
2719 2799 2857 2854 inter
2883 2815 2978 2855 eos
3002 2802 3089 2870 qui
3120 2803 3170 2856 in
3202 2799 3444 2859 oratibne
3475 2805 3586 2860 sola

2008 2888 2422 2952 communicant,
2452 2888 2623 2944 donec
2646 2890 2927 2959 impleatur
2953 2895 3182 2962 spatium
3214 2899 3472 2965 temporis
3502 2899 3586 2953 ei-

2009 2977 2128 3032 dem
2177 2979 2556 3047 prmstitutum.
2604 2980 2712 3034 Nec
2757 2982 3174 3039 catechumenos
3214 2997 3450 3054 nostros,
3497 2989 3586 3050 qui

2009 3069 2109 3124 sub
2136 3070 2223 3123 tali
2251 3069 2582 3138 professione
2613 3072 2863 3140 baptizati
2901 3083 3048 3141 sunt,
3096 3079 3587 3146 praetermittimus:

334 3175 449 3213 rum
482 3161 642 3215 etiam
675 3164 840 3231 gratia
875 3171 1109 3235 percepti
1140 3167 1362 3224 honoris
1390 3145 1691 3239 ihduemm’
1725 3145 1910 3227 emis-
1939 3145 1984 3210 C
2015 3161 2136 3229 quia
2170 3177 2273 3214 non
2301 3172 2382 3216 est
2415 3176 2575 3216 causa
2605 3162 2880 3219 dissimilis
2920 3163 3083 3234 (sicut
3119 3168 3274 3222 iidem
3303 3169 3470 3223 sancti
3512 3185 3588 3224 ca-

334 3264 413 3313 se,
446 3266 567 3305 cum
599 3263 803 3308 tonstct
839 3255 1105 3311 neminem
1151 3258 1215 3311 ad
1256 3260 1546 3314 secundam
1595 3261 1906 3317 tinetionem

333 3342 518 3397 venire
541 3343 798 3411 potuisse,
821 3345 918 3398 nisi
945 3361 1004 3400 se
1031 3347 1201 3415 palam
1225 3348 1586 3405 Christianum
1613 3354 1904 3420 negaverit,

330 3440 383 3484 et
414 3432 688 3500 professus
715 3433 870 3488 fuerit
897 3451 953 3491 se
982 3452 1102 3493 esse
1127 3455 1412 3509 paganum.
1454 3441 1605 3507 Quod
1651 3457 1770 3497 cum
1815 3459 1905 3511 ge-

331 3523 588 3576 neraliter
613 3525 680 3576 sit
709 3525 760 3578 itt
793 3527 1040 3581 omnibus
1087 3531 1490 3598 exsecrandum,
1537 3533 1700 3587 multo
1741 3535 1909 3604 magis

331 3617 384 3669 in
417 3618 707 3685 episcopis,
745 3621 1090 3690 presbyteris,
1137 3622 1450 3678 diaconibus
1485 3625 1664 3679 auditu
1711 3628 1901 3680 sathm

332 3710 588 3778 dictuque
616 3711 871 3778 probatur
899 3713 1243 3770 horrendum.
1269 3717 1373 3772 Sed
1401 3718 1523 3788 quia
1562 3718 1697 3772 idem
1727 3718 1907 3772 Domi-

331 3815 434 3854 nus
458 3808 616 3870 atque
640 3803 883 3857 Salvator
905 3806 1353 3863 clementissimus
1403 3817 1505 3871 est,
1547 3817 1604 3864 et
1643 3810 1909 3864 neminem

330 3893 447 3945 vult
476 3892 675 3961 perire,
701 3909 869 3964 usque
899 3896 962 3951 ad
992 3898 1166 3952 exitus
1196 3900 1276 3953 sui
1313 3900 1476 3965 diem,
1512 3901 1563 3954 in
1597 3901 1908 3970 pmnitent‘a

329 3985 396 4052 (si
430 3985 769 4055 resipiscunt)
811 3985 993 4055 jacere
1033 3991 1346 4055 conveniet;
1395 4005 1492 4046 nec
1529 3992 1758 4046 orationi
1804 4009 1907 4048 non

329 4073 494 4129 modo
527 4075 785 4142 fidelium,
814 4078 910 4133 sed
941 4095 1010 4134 ne
1050 4081 1558 4137 catechumenorum
1588 4085 1909 4139 omnimodis

329 4165 612 4230 interesse,
641 4169 832 4236 quibus
857 4173 1162 4226 communio
1189 4174 1209 4205 ⁵
1241 4175 1372 4229 laica
1411 4184 1611 4229 tantum
1658 4176 1710 4230 in
1738 4187 1908 4233 morte

333 4257 354 4287 ⁸
392 4257 661 4312 reddenda
690 4269 791 4314 est.
822 4262 988 4327 Quam
1018 4279 1129 4318 rem
1164 4265 1467 4335 diligentius
1496 4269 1775 4335 explorare
1822 4270 1906 4325 vel

328 4347 511 4404 facere
541 4352 898 4416 probatissimi
927 4355 1219 4410 sacerdotis
1248 4371 1375 4411 cura
1402 4358 1635 4414 debebit.

403 4438 477 4492 De
499 4440 709 4495 clericis
737 4452 912 4498 autem
960 4453 1017 4500 et
1064 4448 1358 4511 monachis,
1420 4458 1511 4502 aut
1566 4449 1756 4519 puellis
1787 4450 1901 4514 Dei,

327 4536 422 4581 aut
446 4530 828 4598 smcularibus,
879 4536 1082 4590 servari
1123 4538 1460 4606 pmcipimus
1489 4539 1628 4594 hunc
1661 4549 1901 4595 tenorem
1933 4512 1979 4572 D

329 4633 494 4686 quem
519 4619 730 4675 Nicmna
762 4624 997 4692 synodus
1035 4627 1176 4681 circa
1205 4641 1299 4682 eos
1351 4628 1440 4697 qui
1493 4629 1624 4698 lapsi
1664 4639 1788 4684 sunt
1824 4629 1908 4684 vel

330 4710 533 4765 fuerint
571 4713 891 4768 servandum
939 4731 1062 4772 esse
1090 4719 1401 4783 constituit;
1469 4729 1526 4773 ut
1569 4720 1775 4775 scilicet
1817 4721 1908 4791 qui

329 4799 476 4852 nulla
508 4803 847 4869 necessitate,
879 4805 1073 4859 nullius
1099 4808 1174 4862 rei
1205 4809 1392 4862 timore
1423 4818 1514 4862 aut
1543 4810 1800 4878 periculo,
1847 4826 1906 4866 se

327 4899 389 4942 ut
417 4889 815 4958 rebaptizentor
839 4893 1102 4950 ltrereticis
1141 4897 1303 4966 impie
1338 4897 1695 4964 dediderunt;
1737 4900 1784 4954 si
1823 4908 1904 4954 ta-

327 4995 456 5034 men
481 4996 575 5036 eos
599 4999 666 5036 ex
698 4985 860 5040 corde
905 4988 1180 5055 paeniteat,
1232 4990 1399 5045 tribus
1444 4993 1596 5048 annis
1638 4992 1774 5046 inter
1813 5008 1907 5048 au-

409 5226 422 5254 ’
466 5223 621 5278 Forte
649 5227 869 5279 caulam.
899 5226 1156 5283 Hannunv.

406 5296 428 5364 ξ
466 5295 705 5364 Dionys.,
731 5297 846 5364 disp
863 5301 1137 5350 ‘nsationis.
1166 5299 1334 5355 llann.
1352 5299 1508 5354 —lta
1530 5310 1583 5357 et
1606 5301 1736 5357 Cod.
1761 5302 1890 5359 Luc.

407 5361 427 5391 ³
463 5361 773 5429 Οοά.ἰιιε.,
809 5361 1197 5432 properationis.

408 5431 424 5460 ‘
463 5433 533 5512 Ita
557 5443 610 5488 et
634 5435 755 5512 cod.
783 5435 931 5501 Luc.;
978 5439 1069 5492 sed
1118 5440 1332 5512 antiqua
1376 5456 1563 5497 manus
1599 5443 1887 5500 emendat:

328 5512 402 5556 es!
441 5505 686 5572 exigenda
712 5521 889 5558 usura.

405 5573 425 5603 "-
459 5571 590 5626 Cod.
617 5575 767 5642 Luc.,
800 5576 938 5630 laici.

406 5644 426 5672 ⁶
463 5642 600 5698 Idem
629 5645 768 5709 cod.,
803 5645 1130 5700 red/tibeuda.

407 5714 428 5744 ’
465 5713 603 5769 idem
635 5715 750 5771 cod.
763 5755 780 5781 ,
807 5716 1160 5783 popularibus.

2013 3265 2182 3306 nones
2211 3251 2636 3324 ordinaverunt)
2682 3253 2798 3323 ejus
2838 3255 2926 3324 qui
2970 3257 3208 3326 quolibet
3250 3259 3406 3314 modo
3435 3260 3589 3315 Chri-

2017 3349 2180 3406 stum,
2208 3357 2364 3410 quem
2393 3343 2560 3397 semel
2592 3345 2893 3412 confessus,
2922 3344 3209 3412 abjurarit;
3242 3349 3407 3400 tribus
3436 3349 3587 3402 anni:

2017 3430 2158 3484 inter
2183 3430 2460 3485 audientes
2487 3431 2612 3496 sint,
2647 3442 2699 3485 et
2729 3442 2911 3502 postea
2947 3448 3066 3486 cum
3105 3435 3505 3489 catechumenis
3539 3439 3578 3468 ¹¹

2017 3539 2112 3592 per
2165 3537 2353 3576 manus
2420 3522 2814 3590 impositionetn
2863 3525 3254 3578 communionis
3309 3527 3585 3580 catholica:

2014 3614 2238 3684 gratiam
2273 3616 2596 3683 percepturi,
2646 3615 2886 3681 exceptis
2922 3629 3052 3669 sane
3083 3617 3448 3670 tantummodo
3474 3618 3588 3685 epi-

2016 3706 2209 3774 scopis,
2238 3706 2565 3775 presbyteris
2601 3715 2655 3759 et
2697 3705 3030 3776 diaconibns,
3062 3722 3194 3776 quos
3238 3707 3354 3760 solo
3402 3708 3586 3762 mortis

2011 3813 2120 3852 sua:
2153 3808 2390 3866 tempore
2417 3797 2840 3851 reconciliandos
2867 3813 2986 3852 esse
3029 3800 3137 3864 jam
3184 3798 3438 3853 diximus.
3472 3795 3584 3852 Cte-

2014 3901 2177 3958 teros,
2202 3895 2250 3948 id
2282 3902 2383 3956 est.
2409 3909 2502 3948 seu
2528 3894 2780 3958 clericos,
2807 3894 2920 3948 sive
2946 3895 3255 3959 monachm,
3287 3910 3378 3949 seu
3401 3894 3584 3958 laicos,

2016 3985 2289 4055 utriusque
2315 3999 2473 4039 sexus
2499 4000 2773 4053 personas,
2798 4000 2929 4055 quos
2955 3987 2995 4016 ¹²
3031 3986 3293 4040 violentia:
3333 3988 3586 4055 periculis

2013 4086 2228 4133 coactos
2264 4079 2598 4133 iterationem
2639 4079 2974 4147 baptismatis
3003 4079 3230 4133 subiisse
3258 4083 3581 4147 constiterit,

2012 4170 2094 4224 vel
2136 4170 2224 4238 qui
2270 4170 2446 4239 aliquo
2483 4178 2807 4232 commento,
2839 4168 2879 4200 ⁸³
2913 4167 3064 4236 cujus
3093 4183 3151 4222 se
3191 4168 3440 4222 facinoris
3470 4170 3585 4236 pia-

2011 4265 2132 4318 culo
2159 4263 2389 4318 dixerint
2419 4279 2523 4318 non
2555 4263 2746 4328 teneri,
2778 4262 2862 4316 bis
2900 4260 3266 4340 penitentiam
3300 4276 3393 4330 per
3425 4263 3583 4315 trien-

2012 4355 2157 4410 nium
2179 4357 2372 4410 durare
2393 4356 2753 4417 decrevimu<,
2785 4364 2837 4408 et
2868 4369 2960 4423 per
2981 4367 3167 4408 manus
3196 4341 3584 4420 impositionrm

2009 4449 2075 4502 ad
2103 4450 2411 4502 societatem
2442 4449 2603 4516 recipi
2634 4461 2728 4502 eos
2748 4447 3084 4501 sacramenti.

2087 4541 2180 4596 lllo
2209 4556 2303 4608 per
2329 4540 2503 4594 omnia
2535 4540 2823 4603 custodito,
2849 4553 2916 4593 ne
2952 4553 3019 4592 ex
3052 4537 3129 4591 eis
3159 4552 3385 4605 unquam
3414 4535 3501 4606 qui
3535 4537 3585 4590 in

2013 4635 2252 4704 qualibet
2284 4642 2440 4687 artate
2481 4632 2607 4686 alibi
2638 4647 2793 4701 quam
2837 4632 2888 4684 in
2921 4630 3156 4684 Ecclesia
3194 4629 3454 4683 catholica
3497 4639 3585 4683 aut

2011 4725 2287 4793 baptizati,
2311 4733 2399 4777 aut
2430 4723 2738 4778 rebaotizati
2767 4730 2912 4786 sunt,
2945 4721 3010 4774 ad
3037 4721 3451 4774 ecclesiasticam
3483 4721 3584 4772 mi-

2011 4815 2174 4867 litiam
2211 4827 2430 4884 prorsus
2473 4827 2576 4866 non
2623 4813 2997 4879 permittantur
3049 4810 3328 4865 accedere.
3381 4809 3584 4876 Quibus

2010 4906 2138 4957 satis
2169 4919 2289 4959 esse
2317 4904 2510 4958 debeat
2539 4903 2676 4968 quod
2701 4902 2750 4955 in
2774 4902 3156 4957 catholicorum
3196 4914 3419 4953 numero
3450 4909 3577 4953 sunt

2011 4996 2211 5064 recepti
2246 5012 2257 5046 :
2281 4994 2530 5062 quoniam
2560 4993 2626 5048 de
2653 5008 2752 5048 suo
2780 4993 2968 5048 ordine
2995 5000 3048 5048 et
3092 4990 3466 5046 communione
3495 4990 3579 5043 vi-

2073 5236 2093 5267 ⁸
2133 5237 2276 5290 Idem
2304 5233 2444 5300 cod.,
2479 5236 2738 5292 imberbes.

2073 5308 2092 5336 ε’
2135 5305 2278 5360 ltlem
2310 5307 2430 5360 cod.
2462 5309 2605 5360 atldit
2637 5311 2789 5373 forte.

2077 5375 2120 5405 ¹⁰
2160 5376 2300 5428 Idem
2329 5377 2474 5454 cod.,
2499 5379 2786 5454 despectus.
2816 5448 2829 5454 _
2905 5446 2918 5454 _
3049 5449 3067 5454 _
3127 5443 3142 5454 _
3329 5441 3342 5454 ο

2075 5446 2115 5476 ¹¹
2155 5446 2280 5498 Post
2314 5447 2677 5498 catae/tumcum
2707 5446 2943 5528 sic-legit
2963 5449 3083 5528 cod.
3125 5443 3372 5498 Lucensis
3405 5460 3416 5494 :
3449 5459 3577 5528 Per.-

2003 5515 2269 5588 mitlautur
2299 5531 2446 5568 orare
2475 5533 2562 5588 per
2590 5534 2772 5570 manus
2796 5515 3166 5588 impositioncm
3204 5515 3576 5570 communionis

2005 5586 2220 5655 gratiam
2241 5587 2545 5655 percepturi.

2079 5654 2119 5725 ’ξ
2157 5654 2286 5725 Cod.
2318 5654 2470 5719 Luc.,
2503 5657 2737 5710 violentia
2763 5664 2810 5709 et
2837 5654 3092 5725 periculis.

2080 5722 2120 5754 ¹³
2162 5722 2304 5780 Idem
2329 5726 2470 5790 cod.,
2503 5728 2672 5793 hujus.
