4046 6188
410 344 510 400 927
593 374 599 383 ι

1783 332 2039 389 Ριεῖωειε
2085 335 2283 391 ΙἈΡᾸΞ
2330 337 2389 391 Ill

3566 339 3679 392 9‘13

410 458 623 513 debitur
651 457 794 511 ferre
816 454 1072 523 judicium
1104 453 1341 522 quisquis
1386 452 1486 507 hoc
1527 451 1801 507 violaverit
1842 451 1856 480 ¹
1901 449 1985 503 in—
2015 454 2064 511 Α
2094 458 2176 504 tor
2205 451 2459 506 Ecclesiae
2491 452 2790 520 prtecipuus
2817 464 3125 520 appareres.
3163 449 3531 520 QuaprOpter,
3565 455 3673 507 fra-

408 553 667 615 stitutum,
691 549 771 603 vel
803 548 891 616 qui
924 562 1026 599 non
1054 547 1339 600 removerit
1377 560 1499 600 eum
1530 560 1687 613 quem
1716 559 1779 597 ex
1809 543 1885 597 eis
1914 542 1979 595 ad

410 641 766 695 ministerium
790 638 1040 693 clericalc
1060 635 1365 704 obrepsisse
1386 635 1718 703 cognoverit.

478 726 784 783 Curandum
817 743 944 782 vero
972 728 1225 792 maxime,
1258 736 1311 779 et
1337 727 1480 779 omni
1505 724 1709 778 cautela
1755 732 1843 777 est
1867 736 1988 791 pro-

410 821 714 880 videndum.
740 836 807 874 ne
830 823 948 888 quis
975 818 1192 872 fratrum
1211 818 1755 886 coepiscopormuqne
1779 825 1988 869 nostro-

413 927 552 973 rum,
589 920 681 964 aut
726 911 887 964 etiam
930 912 1394 979 presbyterorum,
1442 910 1491 962 in
1532 908 1751 962 alterius
1776 907 1990 961 civitate

413 1003 497 1056 vel
522 1002 740 1056 dioecesi
773 1003 1136 1070 pmnitentem,
1181 1000 1263 1054 vel
1298 1000 1397 1054 sub
1442 1015 1600 1055 manu
1639 1000 1866 1068 positum
1909 1013 1991 1051 sa-

412 1093 666 1155 cerdotis,
691 1102 786 1146 aut
813 1109 933 1146 eum
961 1093 1057 1159 qui
1080 1090 1481 1146 reconciliatum
1524 1107 1583 1145 se
1609 1106 1733 1147 esse
1772 1091 1988 1151 dixerit.

414 1185 532 1239 sine
558 1183 796 1253 episcopi
828 1184 910 1238 vel
941 1183 1241 1253 presbyteri
1283 1183 1587 1237 testimonio
1626 1192 1679 1236 et
1718 1183 1931 1247 litteris,
1967 1186 1988 1215 '

414 1276 478 1330 ad
507 1277 659 1345 cujus
687 1276 917 1344 pertinet
944 1275 1272 1344 parochiam,
1303 1276 1581 1345 presbyter
1600 1283 1689 1328 aut
1714 1274 1995 1342 episcopus

417 1366 548 1437 [lege
571 1376 625 1420 et
647 1367 861 1433 litteris,
893 1376 982 1420 aut
1010 1367 1059 1419 in
1092 1367 1345 1433 parochia
1374 1367 1652 1437 presbyter
1677 1375 1771 1419 aut
1790 1367 1995 1433 episco-

419 1457 535 1527 pus]
565 1459 617 1510 in
639 1458 854 1512 civitate
878 1456 1154 1527 suscipiat.
1187 1457 1208 1488 ⁸
1237 1457 1387 1524 Quod
1411 1458 1453 1511 si
1490 1458 1665 1525 aliqua
1696 1456 2000 1511 dissimula-

420 1552 563 1604 tione
595 1551 899 1617 negligitur,
928 1551 1079 1617 culpa
1102 1549 1273 1617 tangit
1294 1550 1455 1603 etiam
1483 1548 1690 1603 clerum
1722 1546 1853 1619 [lege
1888 1548 1997 1601 clr-

419 1636 613 1707 ricum]
671 1639 759 1706 qui
804 1640 856 1692 in
903 1639 1034 1692 locis
1072 1639 1124 1692 in
1166 1638 1359 1708 quibus
1404 1638 1506 1692 hoc
1542 1638 1716 1691 minus
1754 1645 1998 1691 curatum

422 1730 582 1786 fuerit
605 1741 985 1787 commoratur.
1017 1732 1109 1785 llis
1147 1736 1326 1799 itaque
1361 1731 1463 1786 rite
1510 1730 1801 1799 dispositis,
1846 1740 1899 1785 et
1930 1729 1996 1784 ad

2093 556 2172 601 ter
2201 548 2503 613 carissime,
2555 563 2675 601 cum
2719 548 2784 600 ad
2835 548 3156 616 provinciam
3190 562 3540 613 comtnraret,
3586 566 3673 606 se-

2090 641 2319 710 duloque
2377 641 2693 708 deposceret
2748 648 2959 695 nostras
3004 640 3068 692 ad
3135 641 3478 695 dilectionem
3528 652 3672 696 tuam

2091 734 2295 787 litteras
2326 734 2603 797 destinari,
2632 742 2906 802 gratanter
2922 733 3228 794 annuimus,
3260 734 3347 801 qui
3377 741 3432 784 et
3454 731 3671 796 dignum

2096 826 2209 878 Deo
2247 839 2497 878 sermone
2544 822 2825 892 complesti
2881 837 3201 889 cuperenn-s
3255 823 3572 883 atttis'it-nt,
3620 833 3676 879 et

2095 933 2187 981 per
2213 933 2333 970 eum
2362 916 2592 970 maxime
2619 915 2878 969 vellemus
2910 914 2959 968 id
2986 914 3119 975 fieri,
3154 915 3307 978 cuius
3334 915 3485 967 nobis
3504 916 3679 970 fuerat

2095 1010 2340 1062 laudibus
2366 1008 2660 1062 intimatus.
2685 1006 2937 1072 Quamvis
2964 1021 3091 1074 ergo
3120 1007 3319 1059 sanctis
3336 1008 3586 1075 operibus
3610 1024 3676 1062 ex

2095 1095 2239 1155 omni
2273 1109 2422 1168 parte
2460 1099 2767 1167 praedictam
2802 1098 3190 1151 fraternitatem
3236 1105 3379 1150 tuam
3420 1098 3502 1149 vir
3542 1107 3681 1161 pne-

2098 1192 2234 1247 fatus
2265 1193 2577 1255 astrnxrrit,
2624 1191 2956 1260 multumque
2999 1190 3205 1243 fiducia:
3226 1189 3293 1245 de
3325 1199 3411 1244 tua
3446 1190 3679 1245 benwn.

2096 1284 2255 1339 lentia
2286 1283 2390 1348 jam
2419 1290 2647 1346 teneret,
2670 1292 2844 1335 tamen
2872 1298 3082 1348 :cquum
3105 1290 3188 1336 est
3213 1291 3269 1336 ιιι
3294 1283 3432 1352 quod
3462 1284 3682 1336 deside-

2100 1375 2244 1429 rabat
2301 1389 2625 1442 magnopere
2667 1383 3054 1443 consequatur;
3106 1383 3368 1440 quatenus
3426 1373 3514 1442 ειτιί
3565 1375 3676 1425 tuis

2100 1468 2227 1521 olim
2258 1477 2440 1536 gratus
2472 1475 2553 1519 est
2582 1464 2775 1519 animis
2796 1506 2809 1527 ,
2849 1460 3303 1533 contemplaione
3349 1464 3516 1518 nostri
3560 1465 3679 1518 red.

2101 1557 2254 1613 datur
2297 1557 2590 1624 acceptior,
2645 1554 2911 1623 simulque
2968 1566 3205 1607 materna
3252 1563 3307 1608 et
3360 1550 3687 1609 sacerdotali

2101 1646 2468 1702 consolatione
2493 1644 2760 1707 foveatur,
2792 1643 3345 1711 peregrinationisque
3373 1643 3689 1711 prasidinm

2103 1738 2355 1809 pastorali
2388 1737 2583 1805 pietate
2605 1735 2859 1803 reperiat,
2891 1743 2946 1787 ut
2976 1742 3167 1788 vestrm
3191 1732 3465 1804 dignitatis
3491 1734 3691 1789 affectu

423 1822 782 1877 Ecclesiarum
811 1837 1109 1878 vesu'arum
1139 1822 1384 1876 notitiam
1411 1832 1589 1876 nostra
1613 1820 2000 1876 deliberatione
2031 1835 2078 1894 Β
2104 1837 2360 1900 appareat
2386 1827 2524 1895 apud
2566 1826 2930 1882 sinceritatem
2968 1836 3137 1892 tuam,
3183 1835 3423 1880 nostrum
3473 1838 3696 1896 quoque

423 1915 666 1983 perlatis,
698 1929 887 1983 parere
908 1930 1001 1969 vos
1029 1915 1279 1969 convenit
1304 1914 1437 1985 [lege
1458 1912 1846 1984 conveneratj:
1883 1912 2003 1983 qui-

424 2007 543 2070 btxs,
588 2005 710 2060 licet
750 2007 815 2059 ad
858 2007 1159 2059 animarum
1204 2005 1593 2073 reparationem
1639 2003 1773 2058 nihil
1813 2002 2001 2057 deesse

426 2095 692 2161 videatur,
725 2105 897 2149 tamen
926 2096 1075 2150 sicui
1115 2095 1237 2149 novi
1272 2094 1496 2164 aliquid,
1523 2102 1577 2148 et
1606 2093 1748 2163 quod
1779 2101 2001 2163 prieter-

422 2183 504 2239 iro
533 2198 633 2237 nos
662 2183 831 2252 putuit
851 2222 865 2247 ,
898 2184 1058 2237 fuerit
1086 2184 1379 2238 revelatum
1398 2223 1413 2247 ,
1463 2183 1754 2236 secundum
1789 2182 2000 2237 beatum

426 2275 730 2340 apostolum
779 2275 1030 2339 Paulum,
1087 2285 1278 2328 tacente
1328 2275 1526 2342 priore,
1583 2272 1813 2328 fideliter
1858 2262 2003 2344 [lege

427 2367 685 2439 fidenter]
734 2369 1004 2422 insinuet:
1039 2369 1161 2436 quia
1205 2367 1431 2438 Spiritus
1472 2376 1709 2431 sanctus,
1758 2366 1844 2419 ubi
1874 2368 2001 2431 vult,

426 2460 607 2527 spirat,
669 2460 905 2513 maxime
941 2476 1061 2513 cum
1101 2474 1192 2513 sua
1232 2474 1392 2513 causa
1429 2466 1722 2523 tractatur;
1774 2471 1874 2512 nec
1906 2472 2004 2509 nos

429 2550 623 2619 pigebit
649 2550 855 2613 audire,
889 2559 941 2603 ct
967 2551 1009 2603 si
1042 2565 1159 2618 qua:
1190 2558 1313 2603 sunt
1341 2549 1559 2613 omissa,
1605 2566 1709 2602 non
1748 2562 2006 2616 arrogan-

430 2649 460 2691 t.
484 2655 511 2693 r
534 2638 789 2702 abnuere,
820 2641 912 2694 sed
947 2640 1335 2694 rationabiliter
1356 2641 1627 2694 ordinare.
1662 2640 1800 2692 Deus
1823 2650 2005 2691 custo-

428 2730 537 2783 diat
565 2746 682 2796 vos,
713 2732 1046 2786 dilectissimi
1078 2732 1285 2785 fratres.
1324 2731 1448 2784 Data
1479 2730 1654 2786 Idibus
1689 2730 1861 2784 Martii
1895 2732 2003 2800 (an.

428 2820 626 2874 Christi
657 2821 805 2891 48S),
851 2821 1110 2891 Dynamio
1140 2831 1191 2874 et
1220 2820 1241 2851 ⁸
1270 2820 1513 2890 Siphidio
1541 2821 1620 2875 \‘ir
1642 2836 1668 2875 s
1697 2820 2009 2875 clarissimis

431 2915 763 2970 consulibus.

968 3048 1292 3101 IiPlS'l‘LlLA
1338 3046 1473 3101 Vlll.

786 3158 862 3195 ao
901 3157 1192 3194 zexoxun
1228 3141 1247 3170 ⁵
1288 3153 1679 3193 ertscoruu.

870 3234 1225 3286 Tireutiauum
1249 3231 1594 3284 commemini.

506 3350 599 3404 [ιιι.
619 3364 649 3404 c
676 3348 856 3402 iSsimO
890 3348 1035 3401 fratri
1064 3347 1289 3411 Zenoni,
1322 3345 1467 3399 Felix
1490 3343 1795 3412 episcopus.

508 3442 670 3495 Fiiius
694 3455 844 3494 meus
868 3439 948 3491 vir
978 3438 1307 3491 clarissimus
1330 3437 1682 3491 Terentianus
1712 3436 1776 3486 ad
1806 3433 2008 3487 Italiam

434 3533 635 3589 dudum
681 3532 923 3594 Veniens,
976 3530 1285 3585 dilectionis
1325 3541 1428 3583 tua:
1472 3527 1760 3597 singularis
1810 3526 2013 3579 exstitit

436 3628 773 3693 irtedicator,
808 3628 1074 3694 talemque
1102 3635 1152 3679 te
1181 3640 1299 3679 esse
1327 3624 1579 3695 vulgavit,
1612 3625 1700 3694 qui
1724 3624 1793 3676 ita
1814 3622 2009 3677 Christi

433 3718 599 3785 gratia
634 3718 979 3782 redundares,
1017 3727 1074 3770 ut
1098 3716 1236 3771 inter
1261 3716 1444 3771 mundi
1475 3715 1715 3770 turbinz-s
1745 3715 2010 3785 guberna-

508 3894 525 3923 ⁸
561 3891 691 3945 Cod.
721 3894 870 3957 Luc.,
894 3894 1198 3947 antistitum.

508 3964 528 3993 ¹
574 3962 713 4017 Idem
744 3963 887 4021 cod..
922 3974 1007 4016 aut
1034 3965 1086 4015 in
1128 3963 1422 4034 parochiam
1457 3962 1735 4034 presbyter,
1780 3969 1871 4017 aut
1906 3962 2013 4033 epi-

436 4049 621 4102 seonus
651 4034 700 4085 in
730 4034 932 4087 civitate
957 4036 1216 4102 suscipiat.

505 4103 526 4175 ξ
570 4101 711 4155 Idem
741 4103 890 4169 cod.,
922 4104 1060 4172 quod
1090 4101 1263 4168 aliqua
1295 4104 1707 4158 dissimulatione
1732 4102 2015 4175 neglectum

434 4173 637 4237 culpam
662 4175 819 4243 tangit
851 4175 1004 4226 etiam
1031 4176 1351 4229 clericorum.

508 4243 527 4272 ³
560 4240 798 4313 Βίοηγςζ,
830 4244 1031 4299 Sibilio.
1059 4245 1405 4299 Ilsnoutu.—
1431 4242 1560 4297 Cod.
1586 4242 1740 4307 Luc.,
1768 4240 2007 4296 Simidio.

504 4313 527 4343 ⁸
566 4314 697 4368 Cod.
726 4314 863 4368 Just.
892 4314 1037 4365 addit
1070 4314 1391 4381 Spe/ensem.

507 4384 528 4414 ⁸
569 4385 800 4453 EpEstola
830 4384 1072 4450 quaedam
1110 4383 1299 4435 Felicis
1321 4383 1384 4434 ad
1414 4382 1701 4435 Crrs'trittm
1730 4380 2011 4434 Arelaten-

434 4468 545 4507 sem
577 4463 748 4507 eastat
780 4455 916 4519 apud
951 4456 1142 4507 Barun.
1186 4469 1326 4505 anno
1361 4453 1564 4505 Domini
1614 4454 1741 4511 488.
1783 4468 1929 4505 num.
1955 4455 2007 4517 7,

434 4524 534 4575 sub
564 4523 735 4578 Felice
768 4524 851 4578 Ill.
888 4524 1033 4579 llanc
1061 4541 1090 4577 a
1118 4523 1291 4577 Felice
1320 4522 1382 4576 ιγ
1418 4524 1671 4589 scriptam
1714 4522 1875 4576 luisse
1914 4524 2009 4575 Ba-

438 4593 618 4645 ronius
646 4595 694 4646 in
724 4595 1013 4660 appendice
1045 4604 1174 4647 tom.
1206 4593 1249 4647 Χ
1284 4594 1611 4659 recognovit,
1641 4608 1705 4643 eo
1734 4594 1850 4658 ipso
1872 4594 2007 4659 quod

2108 1939 2210 1976 non
2236 1921 2510 1976 minimum
2543 1920 2821 1974 salutantis
2861 1918 3096 1973 vahtisse
3136 1919 3481 1990 collaquium.
3542 1920 3688 1975 Deus

2107 2022 2158 2069 te
2178 2014 2497 2067 incolumem
2526 2011 2814 2072 custodiat,
2850 2009 3015 2063 frater
3029 2008 3326 2065 carissime.

2857 2124 2940 2195 (‘l

2430 2236 2744 2293 MONITUM
2784 2235 3069 2291 PlllLlPPl
3110 2234 3356 2289 LARBEI

2501 2367 2551 2404 IN
2592 2365 2902 2413 SEQUENTE“
2942 2364 3293 2403 ΒηΕνιευιῐω.

2182 2474 2334 2524 Anno
2371 2469 2527 2531 l6'5l,
2560 2482 2719 2534 opera
2752 2474 2805 2518 et
2832 2465 3006 2516 studio
3035 2465 3098 2518 ῐι.
3123 2466 3180 2518 Ρ.
3206 2464 3387 2518 Jacobi
3416 2460 3691 2519 Sirmnmtl

2108 2550 2200 2614 eo};
2229 2542 2372 2614 ἁγίας
2403 2536 3135 2614 pvﬁpncprodiit-inducem
3183 2535 3446 2614 appendix
3486 2535 3691 2587 codicis

2110 2606 2465 2665 Theodosiani
2497 2606 2647 2662 novis
2678 2606 3146 2659 constitutionibus
3177 2606 3513 2661 cumulatior.
3562 2620 3687 2657 cum

2110 2684 2349 2749 epistolis
2374 2680 2574 2747 aliquot
2604 2688 2864 2749 utet-nm
2888 2676 3258 2749 conciliorum,
3300 2690 3430 2749 quas
3469 2687 3615 2727 l0l|l0
3649 2674 3689 2727 ll

2111 2746 2285 2814 apag.
2323 2746 2547 2805 il9iad
2583 2746 2719 2802 1186
2747 2747 3105 2807 exhibuimus,
3137 2763 3341 2800 necnon
3368 2748 3525 2798 trium
3554 2761 3689 2808 pen-

2115 2824 2312 2876 tiIicnm
2344 2822 2701 2873 Romanorum
2733 2818 2926 2872 Felicis
2960 2816 3021 2870 lll
3080 2816 3199 2884 (cui
3227 2816 3481 2880 praemisit
3514 2816 3696 2869 brevi-

2117 2895 2292 2947 culum
2322 2890 2836 2961 Eutycbiauistarum
2871 2890 2984 2961 sive
3011 2898 3161 2955 gesta
3188 2887 3255 2941 de
3287 2885 3695 2961 nomineAcacii

2114 2979 2233 3017 cum
2262 2957 2439 3015 edicto
2460 2960 2737 3015 sententia:
2779 2957 3016 3023 ejusdem
3051 2961 3242 3023 papae),
3291 2957 3484 3009 Gt-lasii
3528 2966 3687 3015 atque

2119 3035 2312 3100 Vigilii.
2358 3033 2465 3085 Nos
2506 3046 2570 3083 ne.
2615 3029 2739 3100 quid
2785 3028 2925 3082 desit
2967 3029 3312 3100 amplissimae
3356 3026 3479 3081 huic
3507 3027 3698 3100 rolle-

2115 3096 2276 3157 ctioni
2329 3114 2544 3163 nostrai,
2594 3099 2781 3151 eadem
2831 3099 3008 3151 omnia
3067 3100 3119 3151 in
3174 3098 3414 3165 Luparca
3458 3096 3699 3150 editione

2119 3174 2497 3243 praetermissa,
2551 3170 2793 3243 felicibus
2839 3169 3110 3243 auspiciis,
3155 3169 3266 3222 Suis
3304 3183 3526 3237 qumque
3565 3166 3707 3221 locis

2120 3239 2339 3308 inserta,
2372 3258 2466 3312 pro
2494 3255 2640 3293 more
2669 3239 3073 3293 collocabimus.

2152 3378 2171 3407 τ
2206 3371 2631 3429 BllEVlCl‘LUS
2661 3371 2681 3403 '
2713 3369 2884 3426 IIIST.
2923 3367 3644 3426 EUTYCIIIANISTARUM.

2843 3482 2986 3550 Sive,

2534 3612 2693 3653 GESTA
2736 3612 2801 3651 Di".
2842 3611 3040 3650 NOMINE
3081 3609 3271 3649 ACACII.

2122 3722 2161 3773 ο
2191 3713 2247 3768 In
2276 3725 2431 3765 causa
2464 3709 2585 3766 ﬁdei
2608 3709 2947 3773 Christianm,
2979 3706 3062 3761 cui
3094 3706 3165 3760 ab
3198 3705 3417 3761 exordio
3447 3704 3527 3758 sui
3560 3719 3701 3758 nune

2116 3892 2320 3943 ratione
2343 3903 2441 3953 qua
2480 3887 2687 3951 Avitus,
2739 3887 3035 3953 Pomerius,
3077 3897 3129 3941 et
3169 3888 3470 3942 Ilonoratus
3509 3887 3697 3942 Massi-

2115 3961 2303 4024 lensis,
2337 3958 2507 4012 eidem
2541 3960 2688 4026 operi
2723 3956 3088 4013 fraudulenter
3108 3959 3193 4012 vel
3226 3958 3412 4012 saltem
3443 3958 3697 4024 ignoran-

2117 4040 2199 4083 ter
2226 4030 2407 4083 inserti
2442 4028 2605 4081 fuisse
2626 4028 2931 4082 scrilmntnr
2964 4029 3033 4080 ab
3062 4027 3323 4092 Honorio,
3363 4031 3413 4081 in
3457 4030 3697 4095 catalogo

2116 4100 2183 4153 de
2211 4100 2338 4153 viris
2380 4098 2694 4152 illustribus.
2745 4098 2878 4151 Vide
2929 4099 3276 4153 Possevinum
3331 4099 3384 4152 in
3429 4101 3698 4166 Apparatu

2118 4184 2288 4228 sacro,
2325 4168 2488 4222 verbo
2522 4168 2837 4222 Gennadius.
2878 4169 3006 4223 Sev.
3039 4168 3236 4223 BINIUS.

2195 4240 2215 4269 "
2259 4238 2587 4293 Narrationis
2609 4238 2764 4306 hujus
2793 4248 2900 4292 tres
2924 4249 3046 4293 sunt
3074 4239 3358 4300 editiones,
3391 4253 3453 4291 ac
3475 4236 3700 4301 singulae

2117 4323 2241 4363 suo;
2291 4308 2502 4362 codices
2566 4323 2698 4364 mss.
2750 4309 3041 4362 vindicant.
3111 4309 3485 4362 Brevissimam
3551 4307 3699 4360 dedit

2115 4379 2503 4444 Quesuellusin
2535 4378 2670 4432 Cod.
2710 4393 2974 4432 canonum
3016 4379 3273 4432 Ecclesiae
3322 4378 3598 4439 Romanae,
3642 4387 3700 4429 et

2113 4448 2297 4517 incipit
2323 4452 2390 4502 ab
2427 4449 2533 4501 illis
2562 4449 2739 4502 verbis
2776 4450 2986 4517 quidam
3037 4448 3355 4511 Timotheus,
3399 4465 3461 4501 ac
3501 4447 3700 4499 desinit

2116 4518 2227 4575 fere
2253 4535 2371 4573 cum
2402 4520 2508 4573 illis
2532 4537 2545 4572 :
2583 4520 2769 4571 miserit
2796 4518 3038 4573 Ecclesite
3059 4518 3353 4585 prwvidere.
3379 4520 3699 4585 Quanquam

2115 4591 2257 4645 enim
2292 4598 2408 4658 post
2438 4589 2553 4643 hare
2581 4590 2790 4657 longius
2830 4591 3099 4657 aliquanto
3129 4591 3387 4651 excurrit,
3437 4588 3567 4641 nihil
3618 4595 3700 4639 ta-

436 4654 817 4715 Arausicanmu
852 4680 886 4716 Il
912 4666 1120 4721 aliattue
1144 4666 1291 4730 plura
1324 4654 1570 4725 consilia,
1601 4654 1799 4730 quibus
1830 4654 2007 4717 Cfcsa-
2038 4670 2089 4729 Ι)
2119 4676 2239 4713 men
2265 4654 2576 4714 historicum
2610 4654 2776 4713 addit.
2806 4654 3039 4714 Alteram
3075 4661 3125 4713 in
3151 4660 3254 4730 fine
3279 4669 3329 4712 et
3354 4660 3405 4713 iu
3436 4658 3703 4730 principio

435 4733 546 4784 rius
576 4731 899 4785 Arelatensis
918 4737 1163 4801 prtrsedit
1186 4736 1267 4788 vel
1292 4734 1549 4795 interfuit,
1576 4736 1729 4797 longe
1752 4744 1872 4801 post
1897 4738 2009 4788 iure

441 4810 681 4873 tempora
712 4802 889 4855 habita
930 4804 1093 4858 fuisse
1130 4805 1537 4871 recognoverit;
1578 4807 1823 4873 quodque
1866 4804 2005 4858 idem

435 4870 698 4941 Ctesarius
724 4887 918 4941 annum
945 4874 1148 4926 Domini
1175 4870 1277 4927 55-5
1308 4875 1540 4941 attigerit
1565 4870 1782 4937 (quem.
1810 4875 1853 4927 si
1880 4886 2012 4929 tem-

436 4954 569 5007 pore
589 4940 778 4996 Felicis
795 4940 857 4994 Ill
875 4943 1203 4997 Arelatensis
1221 4940 1503 5012 episcopus
1519 4943 1723 5004 fuisset,
1749 4946 2013 5011 attingere

437 5026 540 5064 non
565 5013 842 5078 potuisset.
873 5012 1058 5065 Obstat
1086 5014 1208 5068 huic
1231 5017 1509 5067 scntcntim
1540 5015 1680 5076 quod
1704 5015 2013 5069 Gennadius

437 5080 504 5133 de
534 5082 892 5149 Scriptoribus
916 5085 1294 5139 ecclesiaSticis
1325 5100 1444 5152 cap.
1476 5086 1543 5139 86
1584 5085 1738 5151 hujus
1769 5087 2012 5151 t‘msarii,

436 5158 677 5221 italiaque
700 5153 763 5206 ad
794 5168 913 5205 eum
944 5155 1184 5219 epistolze
1230 5156 1421 5209 librum
1452 5156 1569 5221 ejus
1612 5156 1677 5209 de
1708 5157 1875 5218 gratia
1915 5172 2010 5219 ap-

439 5220 707 5285 probantis
738 5224 1061 5279 meminerit.
1096 5226 1245 5289 Quod
1290 5226 1402 5279 fieri
1446 5220 1550 5279 non
1585 5226 1841 5290 potuisset
1871 5226 1913 5279 si
1946 5225 2013 5279 ad

440 5291 629 5345 Felicis
660 5291 723 5345 IV
750 5300 987 5359 tempora
1012 5296 1378 5360 episcopatum
1414 5297 1774 5350 Arelatensem
1815 5297 2012 5348 tenuis-

437 5371 538 5434 set.
593 5362 667 5416 Ea
698 5364 837 5416 enim
869 5378 997 5434 qua},
1021 5362 1329 5417 Gennadius
1353 5366 1419 5419 de
1451 5367 1817 5434 Scriptor-ibus
1840 5366 2015 5420 eccle-

438 5432 667 5488 siasticis
696 5433 931 5499 scripsit,
963 5433 1156 5487 Gelasii
1192 5435 1459 5499 pontificis
1488 5432 1733 5490 censura:
1761 5436 2010 5501 subjecit,

438 5511 492 5575 ut
519 5514 727 5575 constat
748 5521 813 5558 ex
843 5503 1081 5572 ejusdem
1119 5503 1236 5557 libri
1268 5519 1387 5575 cap.
1421 5504 1488 5559 99
1517 5516 1572 5560 et
1608 5507 1726 5568 lit).
1770 5508 2012 5575 adeoque

440 5571 480 5643 li
483 5571 629 5643 elicis
653 5573 733 5643 IV_
746 5589 864 5628 esse
879 5571 988 5628 non
1017 5583 1191 5643 potest
1217 5588 1275 5628 ea
1305 5574 1550 5642 epistola,
1574 5577 1727 5643 cujus
1756 5571 2009 5643 prmdicto

440 5639 577 5694 libro
606 5644 672 5696 ad
705 5641 972 5699 Gelasimo
1003 5639 1166 5700 misso
1194 5639 1516 5700 mentionem
1543 5639 1691 5700 facit.
1712 5639 1892 5701 Nudus
1911 5648 2010 5700 iste

440 5708 667 5793 difficilis
689 5723 790 5793 est,
817 5714 918 5768 nisi
944 5716 1367 5793 dicamus,_quo_d
1406 5716 1481 5770 ait
1524 5716 1810 5793 Sulfridius
1838 5718 2007 5793 Petri,

440 5778 728 5836 thsaiium
753 5783 1099 5841 chnadiano
1125 5778 1289 5843 codici
1334 5786 1588 5843 inscrtum
1632 5787 1793 5844 fuisse
1820 5786 2007 5843 eadem

2116 4733 2407 4784 auctiorem
2443 4730 2526 4784 hic
2553 4731 2823 4783 cernimus
2850 4746 2912 4783 ex
2936 4729 3225 4784 Sirmondo
3262 4730 3463 4782 datam.
3518 4728 3700 4780 Tertia

2118 4800 2276 4855 habet
2300 4802 2351 4855 in
2380 4802 2482 4854 line
2504 4800 2921 4855 additamentum
2955 4814 3111 4868 supra
3161 4801 3475 4854 secundam.
3532 4798 3701 4851 Porro

2115 4870 2254 4936 qttod
2283 4872 2354 4924 ait
2378 4871 2567 4935 Pagius
2597 4880 2871 4925 auctorem
2901 4871 3057 4937 ltujns
3078 4870 3324 4937 epusculi
3353 4885 3419 4924 ex
3452 4868 3705 4922 Liberata

2115 4942 2386 5004 accepisse
2413 4941 2545 4994 falso
2578 4941 2859 4994 rcvincunt
2889 4940 3172 5010 Ballcrini.
3206 4941 3296 5010 qui
3339 4940 3474 5010 hanc
3512 4954 3705 4991 narra-

2117 5011 2315 5065 tionem
2351 5021 2504 5076 prout
2545 5012 2687 5065 edita
2732 5021 2815 5064 est
2856 5027 2883 5063 a
2925 5009 3245 5073 Sirmondo,
3294 5009 3432 5062 nacti
3468 5017 3593 5061 sunt
3644 5010 3699 5060 in

2116 5082 2235 5133 cod.
2265 5082 2428 5134 Vatic.
2454 5082 2668 5149 Regina:
2700 5082 2856 5146 1977,
2884 5096 3042 5150 quem
3075 5080 3326 5135 Liberato
3356 5079 3703 5134 vetustiorem

2117 5165 2236 5204 es“!
2275 5151 2523 5218 probant.
2560 5152 2747 5205 Mnst.

2192 5223 2213 5251 ⁸
2244 5222 2493 5274 Edidcrat
2513 5222 2828 5275 Sirmondus
2854 5235 2971 5275 cum
2997 5220 3290 5287 appendice
3312 5218 3513 5276 codicis
3528 5218 3707 5273 Theo.

2118 5291 2349 5344 dosiani.
2394 5296 2594 5346 Auctor
2637 5292 2847 5345 Valesio
2886 5293 2949 5345 ad
2995 5291 3281 5359 Evagrium
3324 5290 3537 5343 videtur
3583 5306 3707 5344 esse

2118 5360 2361 5415 Celasius
2391 5378 2551 5429 papa;
2584 5363 2675 5417 sed
2703 5362 3078 5417 Tillemontius
3120 5370 3250 5414 tum.
3293 5360 3430 5424 XVI,
3475 5377 3528 5425 p.
3577 5360 3705 5425 659,

2119 5434 2367 5486 observat
2391 5434 2775 5487 accuratiorem
2791 5448 2910 5487 esse
2930 5432 2980 5485 in
3011 5431 3232 5487 historia
3256 5430 3521 5485 narranda
3546 5446 3709 5497 quam

2119 5502 2360 5557 Gelasiue
2410 5519 2529 5558 c-se
2583 5505 2758 5567 silet;
2806 5514 2857 5556 et
2910 5502 3100 5571 Pagius
3138 5503 3201 5554 ad
3251 5519 3339 5554 an.
3378 5501 3507 5565 496,
3550 5501 3709 5571 n.4,

2117 5574 2273 5628 docet
2320 5575 2547 5638 priorem
2592 5574 2747 5635 huius
2796 5573 2964 5633 libelli,
2994 5570 3217 5638 partem
3251 5572 3473 5624 totidem
3530 5570 3706 5624 verbis

2117 5659 2238 5699 csse
2260 5654 2573 5711 excerptam
2601 5659 2630 5698 e
2665 5645 2935 5702 Liberato,
2984 5642 3073 5708 qui
3104 5642 3203 5697 sub
3232 5641 3533 5695 Iustiniano
3567 5644 3708 5693 scri~

2118 5714 2243 5784 psit,
2278 5714 2625 5785 pos'criorcm
2658 5731 2785 5771 vero
2815 5730 2878 5772 ex
2901 5713 3098 5770 Gelasii
3118 5712 3394 5772 collectam
3424 5711 3705 5779 Episit-iis.
