4046 6188
382 338 489 393 929

1597 338 1949 395 EPISTULIE
1992 339 2079 394 ET
2123 341 2463 398 DECRETA.

3550 351 3662 414 υτιο

383 470 541 525 quam
567 452 803 508 defuisse
826 452 1117 523 probantur
1143 452 1375 515 inimici,
1410 462 1591 506 nostro
1620 454 1833 523 quidem
1864 470 1965 509 sre-
1992 459 2039 515 A
2069 471 2189 510 esse
2218 472 2397 510 veram
2430 458 2608 522 tidem,
2645 457 2779 512 hanc
2815 458 3192 515 orthodoxam.
3231 461 3492 531 Dejicitur
3531 477 3660 519 euit-

382 547 524 611 eulo,
545 544 639 599 sed
669 544 958 598 intervallo
981 555 1305 613 temporum,
1322 544 1599 600 Nestorius
1622 558 1675 599 et
1695 546 1972 616 Eutychos

380 654 488 694 non
530 651 669 690 nova
718 638 965 707 dogmata
1014 651 1126 691 sua:
1172 636 1572 706 perversitatis,
1613 636 1708 692 sed
1756 639 1970 691 nomina

382 730 765 800 prodiderunt.
813 729 944 784 Nam
985 728 1269 785 Nestorius
1306 739 1431 784 ante
1486 730 1867 799 quinquaginta
1918 739 1971 784 et

381 836 504 878 octo
533 824 645 876 fere
674 836 865 887 annos,
894 819 1108 875 Pltotini
1135 829 1188 875 et
1210 820 1355 874 Pauli
1388 820 1724 876 Samosateni
1755 829 1969 875 secutus

382 928 652 979 errorem,
673 914 927 966 Oasitano
958 921 983 949 η
1014 912 1205 968 exsilio
1228 915 1423 967 meruit
1443 913 1692 983 relegari,
1714 912 1964 980 dicendo,

382 1007 520 1059 sicut
548 1005 615 1059 ab
638 1002 947 1057 auctoribus
972 1003 1081 1055 suis
1112 1002 1316 1067 didicit,
1363 1001 1633 1057 Christum
1682 1003 1963 1056 Dominmn

383 1104 626 1151 nostrum
685 1094 954 1149 hominem
994 1094 1361 1146 tantummodo
1406 1093 1475 1147 de
1526 1093 1742 1163 Virgine
1801 1094 1964 1147 Maria

381 1199 503 1239 esse
532 1184 894 1253 progenitum.
923 1182 1303 1252 Contraquem
1339 1183 1625 1254 Etttycites,
1658 1194 1777 1254 post
1798 1199 1966 1238 annos

380 1292 486 1332 n0n
520 1278 800 1347 plurimos,
834 1274 1109 1329 mstimans
1136 1275 1754 1343 disputandum,rectum
1784 1276 1966 1330 trami-

383 1377 489 1422 tom
524 1376 707 1420 tenere
740 1366 1006 1429 nesciens,
1043 1365 1293 1432 offendit;
1331 1375 1383 1419 et
1423 1365 1473 1418 in
1520 1366 1841 1435 Apollinaris
1883 1377 1965 1421 est

382 1469 573 1526 raptus
600 1458 883 1519 insaniam,
910 1458 959 1510 in
992 1458 1106 1510 haec
1153 1458 1312 1511 verba
1351 1470 1737 1526 prorumpens,
1773 1458 1964 1527 quibus

379 1559 655 1603 assereret
689 1548 959 1603 Christum
988 1561 1173 1602 verum
1204 1547 1472 1601 hominem
1498 1564 1600 1601 non
1631 1547 1821 1613 fuisse,
1860 1564 1967 1606 nec

381 1645 435 1696 in
463 1656 529 1695 eo
562 1642 694 1695 duas
722 1650 939 1694 naturas
968 1653 1088 1694 esse
1135 1639 1467 1701 credendas,
1502 1639 1593 1692 sed
1639 1656 1795 1693 unam
1852 1649 1968 1694 tan-

382 1732 658 1785 tummodo
691 1730 783 1785 Dei
819 1730 999 1795 Verbi,
1031 1740 1397 1784 verumtamen
1422 1730 1961 1797 inearnatam.Qnam

2079 547 2463 601 tradicentibus
2494 548 2706 603 vieariis
2732 551 2982 604 ltotnanis
3003 552 3307 619 Flavianus,
3341 564 3369 601 ο.
3394 565 3445 607 et
3469 556 3663 625 reeipi-

2077 645 2162 690 tur
2192 638 2478 708 Eutyches.
2533 638 2823 694 Damuatur
2864 642 3023 694 etiam
3076 643 3337 700 Eusebius
3376 647 3660 716 episcopus

2075 741 2359 783 accusator
2387 730 2627 799 ejusdem
2663 734 2979 804 presbyteri,
3016 744 3262 804 tanquam
3287 738 3653 804 Ni-stoiiauus.

2071 820 2161 888 qui
2190 830 2337 885 ante,
2366 822 2494 877 dum
2524 824 2697 877 adhuc
2724 835 2868 879 es-et
2896 826 3086 890 laicus,
3128 827 3355 883 Nestorii
3381 831 3548 885 luerat
3566 846 3659 885 ae-

2070 921 2308 964 cusator.
2343 913 2415 965 lta
2443 915 2586 967 enim
2615 913 2743 969 nihil
2786 915 2968 969 volunt
3011 916 3095 969 isti
3131 916 3548 986 Eutychianista:
3575 920 3657 974 in-

2071 1006 2153 1053 ter
2172 1016 2230 1053 se
2252 1017 2373 1056 esse
2399 1013 2558 1072 atque
2585 1004 2912 1071 Ne8torium,
2959 1014 3019 1059 ut
3059 1007 3362 1075 quicunque
3391 1009 3528 1075 apud
3557 1022 3654 1063 eos
3708 1024 3713 1029 '

2071 1090 2469 1160 Eutychianista
2501 1110 2603 1147 non
2632 1093 2817 1157 fuerit,
2849 1096 3198 1151 Nestorianus
3218 1112 3438 1165 prorsus
3460 1097 3656 1154 habea-

2068 1189 2153 1234 tur
2186 1199 2342 1236 :cum
2379 1184 2617 1238 doctrina
2659 1186 2918 1240 catholica
2961 1189 3107 1241 nniat
3149 1192 3282 1243 duas
3321 1200 3538 1245 naturas
3591 1192 3644 1245 in

2066 1273 2295 1340 Christo,
2317 1291 2421 1330 non
2443 1278 2647 1331 dividat
2672 1280 2812 1332 sicut
2840 1279 3115 1335 Nestorius
3138 1280 3286 1337 fecit.
3320 1282 3387 1336 Et
3418 1279 3503 1337 isti
3533 1284 3652 1352 qni-

2065 1364 2186 1419 dem
2216 1367 2552 1435 rcperiuntur
2580 1368 2847 1423 deteriora
2874 1371 3099 1439 garrire.
3131 1371 3261 1424 Nam
3304 1371 3651 1427 ﬁdentissime

2069 1454 2253 1508 dicunt
2280 1472 2389 1510 rem
2423 1460 2681 1525 ineptam,
2737 1474 2848 1513 rem
2894 1460 3056 1515 etiam
3107 1461 3315 1516 stolidis
3358 1476 3651 1518 exsecran-

2065 1544 2210 1611 dam,
2238 1557 2364 1600 ante
2388 1549 2704 1615 unitioncm,
2734 1550 2785 1603 id
2817 1552 3364 1620 estlncarnationem,
3390 1552 3524 1606 duas
3544 1552 3649 1607 dici

2065 1634 2263 1690 debere
2292 1647 2541 1703 naturas;
2578 1648 2696 1707 post
2726 1656 2853 1695 vero
2895 1657 3054 1695 unam
3107 1642 3198 1697 Dei
3241 1643 3399 1697 Verbi
3446 1652 3647 1698 tantum

2067 1726 2395 1781 incantatam
2431 1746 2443 1780 :
2479 1739 2535 1783 ut
2561 1730 2605 1783 si
2635 1732 2878 1787 dicamus
2906 1733 3104 1802 aliquid
3130 1742 3421 1799 cereatnm,
3441 1744 3534 1788 aut
3565 1737 3647 1803 pi-

379 1826 599 1894 quidem
628 1840 730 1878 non
760 1840 881 1879 esse
910 1823 1143 1877 hominis
1177 1822 1466 1891 perhibuit,
1508 1823 1601 1877 sed
1641 1823 1921 1879 humanam
1942 1863 1957 1887 ,
1994 1821 2039 1881 B
2064 1825 2264 1883 Caium.
2300 1828 2392 1873 Mil
2421 1829 2722 1889 slagttatum
2748 1820 2878 1892 [lege
2899 1821 3230 1894 stannatutn]
3253 1864 3269 1889 ,
3292 1835 3385 1878 aut
3411 1825 3649 1893 quolibet

382 1932 437 1973 ut
457 1917 754 1972 similitudo
782 1916 949 1985 magis
984 1915 1198 1969 humani
1230 1915 1470 1981 corporis
1517 1930 1673 1979 quam
1704 1915 1813 1982 ipsa
1862 1930 1956 1969 ve-

380 2011 509 2064 ritas
532 2008 868 2064 suaderetur.
897 2007 1029 2059 Cum
1070 2004 1331 2059 catholica
1381 2004 1511 2059 ﬁdes
1553 2021 1737 2083 verum
1792 2006 1958 2061 Deum

379 2116 675 2169 verumque
708 2099 978 2153 hominem
1009 2095 1280 2154 Christum
1317 2096 1407 2150 Dei
1436 2096 1627 2150 Filium
1650 2113 1770 2152 esse
1798 2098 1962 2152 l'atea-

378 2203 487 2257 tur,
514 2208 625 2246 non
658 2192 813 2245 unius
842 2198 1071 2259 naturae,
1092 2189 1186 2244 sed
1210 2189 1366 2243 unius
1387 2188 1635 2243 essentia:
1656 2199 1815 2257 atque
1843 2206 1963 2258 per-

380 2299 547 2338 sonae.
579 2284 713 2337 Cum
746 2298 872 2351 ergo
916 2280 1210 2352 Eutychem
1256 2279 1446 2345 istum,
1489 2282 1860 2349 presbyterum
1910 2291 1961 2334 et

378 2376 628 2430 abbatem
661 2374 1267 2443 Constantiimpnlitanze
1293 2373 1547 2438 civitatis,
1581 2374 1961 2428 Eusebiu~Do-

377 2468 639 2535 rylitanus
661 2467 941 2535 episcopus
969 2466 1196 2520 suadere
1222 2464 1349 2519 talia
1381 2465 1671 2534 reperisset
1694 2504 1710 2530 ,
1740 2467 1856 2519 zelo
1902 2466 1963 2519 li-

378 2559 488 2627 dei,
530 2574 687 2628 quam
734 2560 892 2613 etiam
932 2572 1053 2612 cum
1096 2573 1259 2627 agens
1290 2559 1342 2611 in
1374 2556 1535 2612 rebus
1556 2566 1702 2612 esset
1727 2558 1962 2614 ostendit

377 2651 518 2718 (ipse
541 2651 682 2704 enim
712 2650 1016 2704 Nestorium
1048 2664 1259 2719 quoque
1290 2649 1341 2703 in
1381 2657 1624 2718 tempore
1671 2649 1962 2719 reprehen-

376 2742 455 2795 d.t
495 2741 549 2795 in
583 2742 805 2796 ecclesia
836 2756 923 2796 res
962 2743 1248 2811 sacrilegas
1285 2741 1700 2810 praedicantem)
1725 2786 1739 2809 ,
1773 2742 1960 2797 detulit

377 2832 443 2885 ad
474 2831 785 2886 Flavianum
813 2832 1148 2901 episcopum,
1181 2840 1233 2886 et
1261 2832 1324 2884 ad
1346 2831 1601 2900 judicium
1631 2834 1957 2899 provocavit.

381 2922 529 2976 Dicta
565 2938 725 2976 causa
762 2932 863 2975 est.
905 2921 1037 2976 Cum
1075 2932 1251 2989 partes
1283 2936 1407 2975 suas
1459 2921 1726 2991 Eutychos
1758 2922 1959 2977 videret

380 3014 577 3081 urgeri,
610 3028 704 3082 per
724 3012 1113 3082 Chrysaphium
1138 3014 1428 3079 spa'arium
1459 3012 1745 3067 Theodosii
1776 3014 1959 3081 prahi-

376 3103 523 3155 dium
549 3102 807 3171 printipis
832 3102 1103 3171 expetivit.
1153 3101 1316 3170 Cujus
1355 3113 1622 3171 praecepto
1654 3102 1959 3158 Florentius

2063 1909 2168 1963 alio
2196 1924 2394 1979 genere
2419 1913 2739 1966 coloratum.
2778 1914 2893 1968 Jam
2928 1929 3059 1970 vero
3096 1924 3217 1982 post
3241 1917 3383 1971 diem
3429 1919 3646 1972 tertium

2063 2001 2248 2069 synodi
2280 2017 2381 2070 qua
2420 2003 2661 2070 dejectus
2688 2013 2771 2058 est
2802 2020 2831 2058 s
2867 2015 3004 2059 ncta:
3028 2008 3301 2060 memoria:
3328 2007 3638 2072 Flavianus,

2062 2089 2313 2157 dejicitur
2357 2095 2516 2147 e'iam
2551 2107 2603 2148 et
2647 2095 2875 2149 domnus
2920 2097 3306 2153 Antiochcnus.
3358 2101 3647 2157 Dioscorus

2064 2192 2285 2249 repente
2307 2184 2572 2249 discessit,
2605 2188 2921 2257 solutosque
2958 2199 3254 2242 cotiventus
3285 2200 3389 2245 est.
3428 2192 3647 2247 Ducitur

2064 2273 2115 2326 in
2143 2275 2389 2329 exsilium
2420 2274 2440 2314 ί
2476 2276 2758 2333 Flav'anus
2784 2280 2921 2345 apud
2955 2280 3179 2349 Epipam
3204 2322 3219 2347 ,
3260 2298 3378 2351 qum
3406 2294 3488 2338 est
3516 2286 3647 2339 civi-

2066 2374 2145 2417 tas
2173 2365 2371 2435 Lydizc,
2405 2383 2500 2422 seu
2522 2372 2961 2439 superveniente,
2990 2387 3083 2426 seu
3111 2374 3311 2442 ingesta
3345 2384 3515 2430 morte
3554 2380 3646 2432 de-

2064 2454 2278 2509 functus
2309 2466 2335 2503 ες
2366 2468 2468 2512 est.
2500 2458 2648 2513 Tune
2680 2461 2933 2530 temporis
2960 2464 3239 2518 Anatolius
3280 2464 3492 2533 quidam
3524 2482 3645 2534 pre-

2061 2545 2661 2616 sbyterAlexandrinus
2705 2552 2843 2620 apud
2896 2552 3416 2624 Consmntinopolim
3467 2572 3643 2611 mora-

2063 2638 2235 2693 batur.
2267 2641 2390 2696 llaec
2419 2643 2559 2696 enim
2589 2644 2919 2699 consuetudo
2962 2646 3231 2713 pranlictis
3258 2658 3340 2701 est
3369 2658 3423 2701 ut
3449 2650 3514 2702 ad
3544 2665 3643 2704 co-

2062 2732 2305 2786 mitatum
2340 2735 2542 2788 vicil.us
2571 2737 2747 2790 clerici
2777 2736 3091 2805 dirigantur,
3118 2738 3329 2807 nequid
3366 2739 3498 2794 forte
3519 2756 3642 2795 cau~

2061 2836 2134 2876 sa:
2161 2828 2244 2879 vel
2274 2826 2610 2880 necessitatis
2652 2842 2718 2881 en
2741 2838 2908 2897 ergat.
2941 2826 3025 2880 Fit
3066 2843 3193 2897 ergo
3237 2829 3337 2885 iste
3363 2830 3642 2887 Anatolius

2062 2916 2531 2988 Constantinopoli
2562 2921 2867 2987 episcopus,
2907 2921 3065 2973 homo
3104 2924 3329 2989 partimn
3381 2924 3641 2981 Dioscori.

2064 3008 2324 3077 Exemplo
2341 3026 2482 3064 anno
2503 3013 2727 3064 moritur
2749 3011 3077 3066 Theodosius
3096 3010 3119 3047 ιι
3137 3016 3447 3083 imperator,
3467 3013 3642 3085 Chry-

2059 3099 2275 3168 saphius
2306 3102 2522 3170 punitur
2558 3099 2597 3166 ί,
2636 3101 2927 3154 Marcianus
2960 3102 3129 3155 fac‘us
3172 3112 3253 3155 est
3295 3106 3542 3173 princeps
3576 3106 3623 3157 i.

382 3197 462 3248 vir
490 3195 736 3261 illustris,
763 3196 1074 3261 exconsule,
1110 3194 1430 3248 discussioni
1478 3194 1734 3265 Eutychis
1768 3197 1956 3252 abesse
1984 3187 2031 3250 C
2065 3190 2266 3244 stam
2294 3190 2451 3244 ﬁdem
2495 3188 2730 3260 graviter
2767 3191 2945 3244 ferens
2983 3192 3162 3244 indicit
3210 3193 3471 3262 synodum
3503 3195 3639 3263 apud

376 3303 480 3341 non
512 3290 700 3356 petuit,
724 3296 772 3341 et
811 3288 921 3355 jam
959 3288 1011 3339 in
1063 3286 1351 3354 prae~entia
1401 3286 1568 3353 ipsius
1624 3289 1959 3342 convincitur

376 3377 649 3447 Eutyches
677 3388 836 3444 atque
865 3378 1167 3431 damnatur.
1212 3377 1513 3431 OlTenditur
1544 3379 1857 3447 imperator,
1905 3388 1960 3432 et

375 3467 427 3521 in
478 3466 747 3535 Ephesina
780 3467 997 3522 civitate
1044 3466 1263 3520 mandat
1314 3467 1576 3538 synodum
1627 3469 1954 3537 congregari.

376 3562 591 3614 Adsunt
620 3561 731 3615 fere
756 3576 917 3615 cccu
951 3557 1096 3631 [οη]
1138 3560 1401 3629 episcopi,
1465 3560 1788 3629 principibus
1838 3560 1961 3614 Dio-

372 3667 533 3707 scero
558 3653 923 3709 Alexandrino
949 3655 1223 3723 episcopo,
1247 3652 1490 3708 Juvenali
1516 3653 1957 3726 liierosolymita-

372 3760 470 3809 no,
500 3744 779 3799 Thalassio
803 3743 1145 3809 Czesariensi,
1182 3744 1458 3799 Eustathio
1491 3745 1768 3816 Berytensi
1794 3789 1809 3813 ,
1856 3746 1959 3800 Eu—

371 3836 526 3890 sebio
548 3836 895 3905 Ancyritano,
930 3835 1122 3889 Basilio
1152 3834 1771 3891 lsaurizeJnterl‘uerunt
1798 3840 1958 3892 etiam

372 3929 557 3982 vicarii
584 3930 651 3983 ab
680 3929 973 3999 apostolica
996 3928 1122 3983 sede
1151 3928 1363 3992 directi,
1412 3928 1586 3983 Julius
1631 3928 1961 3985 Puteolanas

371 4020 693 4090 episcopus,
753 4021 963 4076 llilarus
1018 4019 1460 4087 archidiaconus,
1511 4021 1633 4091 quia
1681 4022 1961 4091 presbyter

371 4110 402 4151 δ
439 4112 670 4166 Renatus
692 4114 744 4165 in
777 4112 906 4166 Delo
937 4113 1103 4166 insula
1130 4121 1302 4167 morte
1328 4125 1632 4182 praeventus
1653 4121 1755 4167 est.
1779 4114 1961 4168 Adfuit

372 4206 536 4259 etiam
571 4205 827 4259 Dulcitius
855 4205 1114 4259 netarius.
1143 4205 1201 4259 ln
1230 4222 1335 4275 quo
1366 4217 1633 4261 conwntu
1653 4216 1672 4243 ο
1705 4206 1958 4275 repudia-

374 4310 428 4350 ta
453 4307 535 4352 est
554 4298 778 4367 epistola
810 4312 961 4366 papa:
992 4296 1186 4351 Leonis
1236 4298 1535 4367 dogmatica
1585 4297 1649 4351 ad
1694 4299 1959 4367 synodum

374 4390 798 4459 Flavianumque
817 4390 1042 4453 directa,
1076 4398 1131 4443 et
1156 4390 1367 4458 penitus
1392 4406 1498 4444 non
1528 4390 1743 4459 permitt
1768 4399 1854 4444 tur
1875 4406 1960 4446 re-

369 4484 607 4537 censeri.
630 4483 764 4537 'l‘ota
787 4483 897 4546 die,
932 4483 981 4536 id
1013 4491 1093 4537 est
1119 4499 1170 4536 γι
1203 4483 1321 4537 idus
1352 4482 1597 4551 Augusti,
1646 4483 1773 4536 nihil
1813 4483 1956 4537 aliud

2064 3280 2317 3343 Nicmam,
2352 3281 2405 3333 in
2448 3295 2553 3350 qua
2582 3291 2637 3335 et
2664 3279 2777 3349 ipse
2813 3290 2869 3334 et
2907 3280 3183 3335 Puleberia
3230 3280 3251 3317 ι
3304 3284 3533 3348 resedit,
3586 3297 3641 3339 et

2062 3368 2239 3423 omnis
2268 3384 2390 3423 cum
2414 3385 2479 3424 eo
2509 3382 2727 3423 senatus
2754 3380 2803 3423 et
2837 3382 3147 3437 potestate~..
3182 3373 3349 3438 Quam
3380 3380 3639 3443 synodum

2066 3469 2247 3527 postea
2274 3460 2547 3512 transtulit
2567 3460 2900 3513 Chalcedona
2926 3469 3143 3529 propter
3174 3464 3352 3529 palatii
3387 3466 3641 3517 vicinita-

2065 3558 2200 3605 tem.
2225 3549 2561 3604 Conveniunt
2580 3551 2851 3620 quingenti
2883 3552 3027 3624 [650]
3048 3564 3102 3607 et
3132 3554 3267 3607 ultra
3295 3557 3528 3625 episcopi
3562 3567 3641 3610 to-

2065 3643 2167 3697 tius
2196 3642 2429 3696 Orientis
2457 3652 2508 3696 et
2532 3642 2782 3712 Egypti;
2816 3642 3103 3697 Dioscorus
3131 3644 3411 3699 exhibetur
3442 3654 3499 3699 ut
3515 3647 3638 3700 facti

2063 3735 2144 3789 sui
2172 3750 2331 3789 causa
2360 3734 2413 3788 in
2439 3734 2669 3788 concilio
2700 3738 2867 3805 possit
2896 3749 3155 3789 asserere.
3192 3735 3434 3791 Interfuit
3471 3738 3633 3792 etiam

2066 3828 2356 3896 imperator
2398 3828 2510 3895 ipse
2552 3830 2871 3891 conventui;
2912 3827 3152 3882 interfuit
3201 3838 3255 3883 et
3305 3841 3556 3898 sitnatus,
3588 3838 3641 3887 et

2063 3933 2253 3974 omnes
2278 3918 2508 3988 judices,
2537 3930 2590 3974 et
2611 3933 2798 3973 omnes
2819 3918 3005 3973 aulica:
3038 3929 3349 3989 potestates.
3383 3923 3641 3978 Eusebius

2065 4010 2154 4065 ille
2179 4011 2519 4081 Dorylitanus
2542 4011 2825 4079 episcopus
2850 4011 2942 4081 qui
2970 4022 3093 4067 ante
3126 4028 3325 4067 annum
3355 4012 3423 4068 de
3453 4014 3641 4069 exsilio

2063 4100 2269 4172 fugiens
2298 4102 2521 4156 Romam
2548 4110 2790 4165 venerat,
2832 4103 2993 4155 etiam
3023 4112 3077 4156 et
3100 4104 3521 4159 Ctlalcedonensi
3545 4121 3638 4175 sy-

2064 4194 2207 4247 nodo
2236 4195 2493 4248 interesse
2515 4192 2840 4263 properavit.
2873 4194 3104 4247 Accusat
3136 4194 3248 4262 ipse
3281 4194 3591 4248 Dioscorum
3616 4236 3632 4260 ,

2063 4295 2117 4339 et
2146 4284 2236 4338 alii
2261 4283 2630 4340 Alexandrini.
2664 4283 2800 4351 Quid
2829 4284 3036 4338 multa?
3086 4284 3377 4338 Damnatur
3418 4286 3638 4339 Diosco-

2065 4392 2175 4442 rus,
2205 4390 2404 4431 sanctte
2430 4376 2703 4431 memoria:
2730 4376 2965 4429 Flaviani
2997 4373 3011 4412 ι
3035 4391 3228 4444 corpus
3252 4375 3638 4431 oﬂiciosissnne

2063 4468 2587 4532 Constantinopolim
2614 4477 2935 4536 reportatur,
2952 4467 3090 4535 apud
3111 4466 3487 4520 Alexandriam
3512 4466 3638 4522 Pro-

372 4574 480 4630 nisi
510 4576 774 4641 quondam
803 4574 1030 4630 Nestorii
1061 4575 1331 4640 damnati,
1365 4576 1413 4629 id
1445 4585 1526 4629 est
1552 4576 1745 4643 prioris
1774 4577 1952 4645 Ephe-
1984 4559 2037 4617 D
2063 4561 2226 4615 terius
2271 4558 2564 4613 catholicus
2613 4558 2671 4610 lit
2721 4555 2991 4610 sacerdos.
3047 4557 3271 4621 Quidam
3324 4557 3638 4612 Timotheus

370 4667 508 4721 sime
538 4668 726 4736 synodi
753 4677 896 4735 gesta
922 4667 1248 4736 releguntur.
1274 4666 1442 4722 Simul
1470 4666 1627 4721 etiam
1651 4667 1950 4736 discutitur,

372 4757 531 4811 lectis
559 4757 806 4810 omnibus
830 4757 1054 4821 chartis,
1083 4757 1340 4825 judicium
1379 4757 1447 4811 de
1486 4757 1725 4827 Eutyrhe
1758 4768 1957 4813 sanctte

373 4848 650 4901 memoriae
680 4846 934 4901 Flaviani.
968 4849 1170 4902 Interea
1199 4863 1319 4907 cum
1355 4848 1612 4917 Eutychis
1643 4844 1669 4884 ἀ
1703 4849 1950 4917 ωδεριιοο

371 4938 498 4992 mia:
529 4938 913 5005 relegerentur,
943 4938 1011 4992 ab
1037 4938 1283 4991 omnibus
1311 4938 1660 4995 acclamatum
1688 4950 1771 4994 est
1820 4938 1956 4995 hanc

451 5150 474 5175 ι
502 5140 688 5193 Petrus
716 5138 767 5193 in
808 5138 1058 5194 Oasitana
1117 5137 1404 5193 solitudine
1455 5138 1768 5207 deportatus
1812 5155 1953 5194 anno

370 5213 500 5266 456.

450 5282 474 5318 b
502 5281 579 5334 Ad
612 5296 733 5334 eum
760 5280 939 5348 itaque
966 5293 1068 5331 non
1098 5279 1243 5333 dedit
1275 5279 1553 5348 epistolam
1580 5278 1952 5336 Theodoretus

376 5362 499 5422 post
519 5354 778 5420 synodum
801 5353 903 5422 sed
926 5351 989 5401 ad
1016 5350 1272 5422 Hilarum.

453 5432 475 5459 ο
508 5418 758 5475 Sim-eota
783 5420 995 5487 quidem
1028 5436 1055 5473 a
1090 5420 1363 5482 Dioscoro,
1396 5418 1487 5471 sed
1513 5434 1613 5471 noa
1646 5419 1801 5473 lecta.

445 5492 473 5527 α
508 5492 737 5546 Subdola
767 5491 908 5543 enim
940 5492 1167 5558 fuitejus
1198 5490 1458 5559 professio
1480 5503 1532 5543 et
1559 5495 1639 5543 ba:
1660 5492 1805 5544 eam
1838 5499 1920 5544 la-

368 5562 548 5618 cendo
568 5566 799 5625 tegebat.
1167 5622 1171 5627 ,

454 5640 477 5664 ο
508 5634 662 5686 Ληηο
689 5631 815 5697 419,
840 5630 923 5684 die
945 5630 980 5683 2
1009 5632 1251 5699 Augusti.

454 5704 471 5740 ῐ
508 5703 634 5753 Vide
654 5703 849 5753 Chron.
884 5702 1169 5757 Marcellini
1203 5699 1433 5756 comitis.

448 5782 472 5819 8
504 5772 566 5827 18
596 5773 750 5825 Febr.
784 5772 908 5825 ΗΟ.

2062 4664 2100 4691 ω
2124 4653 2209 4707 cui
2240 4666 2535 4720 cognomen
2566 4658 2680 4703 erat
2712 4647 2964 4709 Ailurus,
3008 4649 3313 4718 presbyter;
3357 4658 3411 4703 et
3450 4650 3638 4703 Pt'lt'us

2061 4754 2087 4781 ιι
2120 4745 2395 4805 diaconus,
2429 4740 2515 4808 qui
2554 4740 2751 4807 episco.
2774 4748 2917 4791 atum
2962 4753 3099 4791 nunc
3138 4739 3513 4793 Alexandrina:
3542 4758 3636 4793 oc-

2061 4836 2273 4904 cupavit
2298 4831 2575 4893 Ecclesia),
2606 4830 2839 4884 Dioscori
2873 4840 3186 4897 sectatores,
3212 4846 3269 4884 se
3310 4832 3376 4884 ab
3404 4832 3636 4887 Ecclesia

2060 4927 2420 4985 Alexandrina
2447 4933 2781 4990 separarent.
2806 4922 2949 4987 Quos
2977 4936 3097 4975 cum
3128 4920 3400 4977 l’roterius
3428 4926 3637 4993 cpisco-

2130 5132 2157 5171 ¹¹
2181 5133 2304 5187 Julii
2324 5132 2395 5186 28
2424 5145 2512 5184 an.
2536 5129 2663 5184 450.

2140 5203 2154 5241 ί
2188 5206 2264 5257 Ad
2300 5220 2345 5273 pi
2368 5215 2503 5256 rtam
2532 5196 2919 5273 Melanthiadis.

2134 5275 2146 5324 i
2184 5276 2275 5327 Die
2302 5264 2371 5325 Ἦ
2403 5272 2642 5339 Augusti,
2669 5277 2791 5322 ante
2827 5269 2887 5320 14
2926 5264 3064 5319 diem
3113 5266 3351 5334 ejusdem
3404 5265 3623 5319 mensis.

2130 5345 2151 5380 ¹ί
2182 5345 2392 5397 Falsum
2426 5351 2481 5393 nt
2502 5357 2563 5393 ex
2594 5343 2726 5394 actis
2756 5339 2939 5407 liquet.

2133 5414 2149 5452 ι
2181 5421 2416 5481 Angusto
2444 5426 2626 5464 mense
2654 5412 2776 5463 atrii
2804 5406 2924 5469 .550,
2943 5416 3060 5483 ante
3091 5406 3482 5483 dammationern
3511 5407 3631 5483 Ilio-

2057 5488 2217 5548 scori,
2248 5476 2364 5553 quae
2400 5493 2598 5537 tantum
2626 5497 2764 5535 anno
2796 5477 3039 5547 sequenti
3073 5490 3191 5529 eum
3224 5476 3449 5529 Preterii
3477 5477 3628 5529 ordi-

2059 5569 2294 5610 IINIOIIC.

2128 5626 2164 5647 "'
2198 5625 2317 5678 Hmc
2341 5623 2639 5683 Liberatus,
2668 5636 2787 5689 cap.
2823 5619 2912 5672 15.

2130 5706 2157 5732 ἰ
2190 5697 2403 5764 Μοιιδυτ
2429 5710 2520 5748 seu
2554 5685 2789 5761 Moggus,
2824 5693 2870 5742 id
2901 5699 2983 5741 (ιρι
3009 5685 3222 5744 ιιιςυευς.
