4046 6188
431 332 526 390 951

1777 325 2034 386 ιἘιιειδ
2074 327 2279 385 ΡΑΡᾹΞ
2317 328 2378 384 ill

3600 322 3715 382 939.

431 461 529 517 pus
558 444 671 501 suis
701 444 919 499 monitis
944 442 1011 498 ad
1043 440 1337 498 ministeria
1354 457 1446 498 sua
1477 459 1728 499 revocare
1752 460 1856 499 non
1881 460 2004 515 pos-
2034 451 2084 509 Α
2110 460 2204 501 seu
2226 443 2504 500 srecularis
2524 444 2645 498 vita:
2672 439 2941 505 homines,
2965 438 3033 493 ad
3054 437 3490 494 communionem
3517 443 3709 498 catho-

429 552 531 603 set,
565 548 850 607 utrumque
880 535 1168 591 damnavit.
1200 534 1406 589 Mortuo
1436 534 1678 604 principe
1708 535 2009 603 Marciano,

430 641 457 668 ⁸
478 630 719 687 collectis
751 627 919 682 turbis
943 626 1316 683 haereticorum
1337 664 1355 691 ,
1394 624 1708 681 Timotheus
1737 636 1790 682 et
1818 627 2012 682 Petrus

428 723 649 777 veniunt
678 721 1081 785 Alexandriam,
1103 731 1159 775 et
1181 720 1455 774 ordinatur
1483 720 1551 774 ab
1570 721 1836 776 ltmreticis
1864 719 1892 760 δ
1926 722 2015 776 Ti-

428 818 677 873 motheus
724 818 1033 886 episcopus.
1085 816 1201 870 Duo
1256 815 1415 884 igitur
1463 813 1603 883 apud
1630 813 2011 869 Alexandriam

428 911 667 978 episcopi
694 922 814 962 esse
833 915 1131 977 cmperuut.
1161 906 1301 960 Ante
1332 904 1563 959 triduum
1614 905 1854 971 Paschaa,
1901 920 2011 975 quo

428 1013 582 1053 omna
616 997 825 1052 Domini
854 997 1181 1062 celebratur,
1208 995 1433 1050 collecta
1464 995 1803 1051 multitudine
1831 996 2012 1065 perdi-

431 1100 608 1145 torum
632 1098 926 1158 occupatur
953 1088 1200 1153 emlesia,
1220 1088 1286 1142 ad
1309 1102 1467 1158 quam
1493 1103 1551 1143 se
1578 1096 1776 1143 sanctze
1807 1102 2013 1143 memo-

429 1184 521 1238 ria:
554 1182 827 1237 Proterius
846 1180 913 1234 de
943 1195 1095 1235 more
1124 1180 1443 1234 contulerat.
1476 1180 1551 1235 lbi
1582 1180 1896 1249 supradicto
1925 1180 2014 1234 die

433 1287 455 1314 ε
490 1277 542 1330 in
564 1274 884 1345 baptisteria
912 1274 1194 1339 occiditur,
1229 1272 1479 1340 laniatur,
1509 1274 1749 1342 ejicitur,
1770 1283 1820 1328 et
1854 1273 2013 1327 funus

428 1366 543 1436 ejus
574 1365 902 1430 incenditur,
930 1366 1246 1434 cineresque
1276 1364 1446 1433 ipsius
1470 1373 1793 1433 sparguntur
1817 1364 1866 1417 in
1885 1378 2014 1418 ven-

428 1471 536 1515 tos.
586 1459 696 1514 Leo
722 1458 887 1512 sumit
916 1454 944 1493 ἀ
976 1456 1283 1527 imperium,
1314 1456 1378 1509 ad
1409 1471 1565 1525 quem
1598 1454 1730 1510 tanti
1761 1455 2010 1509 facinoris

427 1549 814 1603 catholicorum
837 1548 1055 1618 querela
1090 1547 1348 1616 pervenit.
1386 1545 1583 1601 Contra
1612 1560 1749 1617 quos
1778 1544 2015 1600 haeretici

430 1640 831 1710 supplicarunt,
891 1648 1133 1708 petentes
1180 1647 1238 1692 ut
1276 1636 1729 1693 Chalcedonensis
1782 1636 2015 1707 synodus

429 1734 770 1797 aboleretur;
803 1733 881 1786 illi
911 1741 1089 1787 autem
1110 1731 1396 1786 vindictam
1413 1731 1547 1785 tanti
1568 1731 1792 1785 sceleris
1814 1737 2017 1800 speeta-

2114 537 2200 592 lici
2227 538 2461 606 episcopi
2491 535 2761 590 Timothei
2787 534 2989 591 nollent
3018 535 3235 602 penitus
3261 533 3557 591 convenire
3576 579 3591 602 ,
3621 534 3707 590 di-

2115 626 2285 683 versis
2314 628 2484 681 sacris
2510 623 2704 679 terruit
2733 623 3016 678 universos
3040 622 3497 679 clementissimus
3534 624 3706 694 impe-

2114 727 2280 773 rator.
2311 716 2616 786 Scripsitad
2642 729 2833 786 papam
2864 713 3197 785 Simplicium
3241 715 3563 772 Timotheus
3588 717 3706 786 (di-

2114 824 2243 865 cens
2267 809 2486 863 Petrum
2515 808 2643 862 olim
2677 808 2730 861 in
2760 805 3009 862 diaeonio
3032 821 3155 861 esse
3185 806 3528 872 damnatum,
3561 824 3703 864 nunc

2114 901 2274 956 etiam
2304 899 2605 954 Christiana
2645 899 2903 953 societate
2940 909 3209 954 semotum
3245 917 3258 953 :
3305 901 3569 956 mandans
3609 917 3705 972 per

2117 992 2331 1047 Esaiam
2364 992 2673 1060 episcopum
2708 988 2779 1061 1),
2804 1005 3005 1059 rogans
3039 1002 3095 1043 ut
3115 991 3444 1045 scriberetur
3473 994 3706 1060 impera-

2116 1086 2215 1139 tori
2238 1083 2308 1138 de
2330 1085 2508 1149 Petro,
2538 1084 2625 1152 qui
2651 1083 2849 1138 latebat
2878 1083 2931 1137 in
2963 1083 3329 1138 Alexandrina
3371 1085 3624 1152 civitate,
3646 1095 3701 1141 et

2114 1172 2467 1228 insidiabatur
2489 1174 2764 1241 Ecclesiae,
2791 1184 2864 1238 ut,
2901 1174 2969 1227 ad
3005 1175 3358 1245 longinquum
3387 1177 3705 1247 deportare-

2116 1277 2205 1322 tur
2225 1268 2491 1322 exsilium.
2524 1268 2629 1322 Per
2654 1267 2825 1322 ferme
2852 1270 3140 1323 triennium
3187 1282 3390 1327 sancta:
3424 1275 3703 1330 memoria

2117 1376 2253 1432 papa
2300 1363 2611 1433 Simplicius
2642 1378 2747 1416 non
2788 1362 2946 1416 desiit
2997 1363 3283 1419 scribendo
3322 1366 3388 1420 ad
3441 1367 3698 1422 Acacium

2115 1457 2453 1533 episcopum,
2485 1464 2543 1511 ut
2570 1467 2750 1525 ageret
2772 1470 2892 1510 cum
2922 1457 3249 1527 imperatore
3271 1500 3287 1524 ,
3336 1468 3392 1514 et
3433 1460 3588 1515 fieret
3630 1462 3703 1518 de

2118 1547 2277 1603 Petro
2299 1548 2437 1618 quod
2461 1547 2775 1603 Timotheus
2786 1549 3071 1619 episcopus
3085 1552 3409 1618 postulabat.
3428 1553 3700 1623 Scriptum

2117 1649 2200 1694 est
2230 1640 2389 1694 etiam
2437 1640 2685 1709 principi,
2732 1640 2827 1695 sed
2880 1657 3150 1711 nunquam
3204 1643 3330 1698 inde
3383 1648 3701 1716 rescriptum

2119 1740 2220 1786 est.
2252 1731 2379 1785 Post
2403 1730 2875 1796 omnia,Jnannem
2902 1740 2942 1768 ω
2965 1734 3336 1804 presbyterum
3360 1751 3703 1791 mcnnomum

429 1824 955 1880 hant.(lonsiderans
980 1824 1272 1892 imperator
1301 1824 1459 1877 nimis
1481 1839 1601 1879 esse
1629 1837 1790 1892 grave
1830 1821 2010 1876 vexari
2042 1818 2090 1879 B
2118 1836 2274 1875 suum
2296 1822 2613 1875 Timotheus
2653 1822 2719 1876 ad
2774 1824 3069 1893 principem
3102 1827 3285 1893 misit,
3332 1843 3530 1898 rogans
3567 1842 3624 1883 ιιι
3657 1833 3704 1885 si

427 1929 604 1973 tantos
628 1918 819 1972 iterum
849 1917 1181 1983 sacerdotes,
1209 1932 1434 1987 quorum
1461 1916 1722 1986 plurimos
1746 1925 1839 1969 aut
1858 1924 2010 1978 actas,

428 2022 520 2067 aut
546 2011 866 2077 infirmitas,
908 2020 1001 2065 aut
1052 2011 1217 2066 etiam
1257 2021 1544 2080 paupertas
1596 2011 1736 2065 hunc
1775 2010 2014 2064 laborem

427 2107 610 2161 subire
649 2105 986 2173 prohibebat,
1043 2103 1227 2173 dirigit
1283 2103 1657 2173 magistriauos
1708 2117 1805 2173 per
1847 2109 2015 2156 totum

429 2198 698 2253 Orientem
734 2208 748 2245 :
781 2196 961 2265 dirigit
992 2195 1153 2250 etiam
1209 2194 1490 2249 Anatolius
1536 2196 1819 2264 episcopus
1867 2192 2013 2249 Cou-

431 2287 943 2357 stautinopolitanus
971 2285 1342 2355 Aselepiadem
1381 2285 1663 2340 diaconum
1692 2300 1871 2340 suum.
1913 2284 2018 2339 Per

433 2392 567 2449 quos
595 2388 650 2432 et
675 2391 863 2431 omnes
896 2376 969 2430 illi
1007 2376 1245 2445 episcOpi
1285 2376 1375 2444 qui
1420 2374 1756 2429 Chalcedona
1804 2375 2020 2428 fuerant

432 2470 761 2539 congregati,
779 2467 903 2538 quid
919 2468 1255 2522 Alexandria:
1269 2465 1467 2522 factum
1488 2466 1673 2521 fuisset
1693 2474 2014 2536 agnoscunt;

437 2564 859 2632 interrogatique
880 2577 999 2615 cum
1033 2562 1144 2616 suis
1180 2562 1596 2631 provincialibus
1630 2563 1898 2633 episcopis
1942 2576 2020 2618 re-

436 2653 1210 2719 scribuut,Chalcedonensem
1237 2653 1501 2724 synodum
1526 2669 1695 2724 usque
1714 2653 1778 2707 ad
1805 2654 2018 2725 sangui-

433 2760 555 2802 nem
578 2761 699 2801 esse
728 2745 1140 2812 defendendam,
1173 2746 1296 2817 quia
1326 2761 1433 2801 non
1455 2747 1676 2801 alteram
1710 2747 1869 2802 fidem
1907 2758 2019 2801 sta-

433 2839 531 2892 tuit
557 2852 715 2907 quam
744 2839 982 2909 synodus
1012 2837 1247 2892 Nicmna.
1296 2838 1638 2895 Timotheum
1688 2855 1793 2894 nou
1842 2840 2019 2895 solum

432 2932 742 2999 episcopum
774 2947 882 2985 non
910 2930 1116 2996 haberi,
1146 2932 1237 2985 sed
1270 2933 1431 2985 etiam
1462 2931 1755 2986 Chri~tiani
1781 2932 2019 3001 appella-

2114 1914 2241 1981 quid
2272 1913 2581 1967 lunnanitus
2608 1913 2707 1968 sibi
2736 1913 2876 1969 forte
2903 1914 3259 1985 contingeret,
3289 1918 3504 1986 iuberet
3530 1921 3705 1987 pietas

2116 2003 2234 2071 ejus
2259 2005 2583 2058 catholicum
2606 2020 2637 2059 a
2665 2005 2945 2060 catholicis
2974 2006 3328 2062 ordiuari.Ad
3355 2011 3507 2078 cujus
3536 2026 3599 2079 pe
3628 2013 3702 2065 ita

2116 2111 2434 2165 responsum
2466 2106 2570 2163 est,
2596 2106 2651 2153 et
2680 2097 2915 2169 tam‘ipsi
2942 2114 3102 2170 quam
3127 2100 3343 2156 clericis
3386 2104 3643 2172 scriptum
3682 2123 3696 2156 :

2117 2196 2277 2256 atque
2329 2188 2381 2242 in
2428 2188 2617 2243 iisdem
2666 2192 2834 2245 sacris
2879 2192 3114 2248 Joannes
3164 2208 3475 2249 meonomus
3519 2197 3705 2251 multis

2119 2278 2367 2333 laudibus
2399 2280 2743 2348 praedicatur,
2776 2292 2833 2337 ut
2855 2282 2964 2353 jam
3005 2299 3142 2354 pene
3175 2286 3424 2341 omnibus
3461 2286 3706 2341 Alexan-

2118 2373 2305 2427 drinus
2342 2374 2662 2443 episcotialis
2700 2383 2983 2445 putaretur
3025 2378 3187 2433 officii
3226 2379 3564 2434 Candidatus.
3606 2382 3704 2435 fte-

2121 2464 2301 2518 functo
2327 2464 2432 2519 isto
2458 2464 2740 2522 Timotheo
2770 2469 3026 2538 episcopo
3053 2479 3079 2505 η
3110 2470 3347 2526 Joannes
3385 2488 3705 2527 meonomns

2117 2556 2413 2611 catholicus
2435 2572 2463 2610 a
2495 2558 2775 2614 catholicis
2801 2560 3079 2615 ordinatur
3108 2563 3413 2632 episcopus.
3446 2565 3546 2632 Qui
3577 2581 3703 2619 cum

2118 2646 2187 2702 de
2214 2648 2598 2704 consuetudine
2621 2651 2882 2718 majorum
2913 2651 2980 2707 ad
3010 2667 3077 2723 ap
3100 2655 3358 2709 :stolicam
3390 2657 3573 2711 sedem
3612 2673 3704 2729 sy-

2128 2738 2315 2795 nodica
2349 2740 2470 2811 (per
2492 2741 2753 2797 lsidorum
2783 2744 3154 2815 presbyterum
3198 2759 3246 2801 et
3277 2747 3493 2802 Petrum
3534 2748 3705 2805 diaco-

2124 2832 2276 2903 num)
2297 2834 2496 2905 scripta
2534 2834 2788 2903 misisset,
2822 2839 3238 2909 superveniente
3271 2840 3470 2896 Urauio
3509 2842 3706 2898 subad-

2116 2925 2262 2993 juva,
2286 2934 2336 2980 et
2364 2935 2551 2982 contra
2574 2926 2833 2984 Joannem
2861 2928 2971 2999 jam
2996 2932 3306 3001 episcopum
3358 2948 3515 2989 sacra
3559 2936 3707 3001 prin-

432 3023 577 3078 rione
607 3023 822 3090 privari.
871 3031 895 3058 ε
938 3021 1055 3089 Quo
1096 3023 1360 3089 deposito,
1414 3023 1471 3076 nt
1520 3024 1656 3077 alter
1705 3022 2027 3076 Timotheus
2120 3014 2255 3084 cipis
2281 3015 2578 3084 deferente,
2609 3017 2676 3071 ab
2705 3018 3050 3090 episcopatus
3101 3021 3247 3077 illius
3289 3024 3706 3080 confirmatione

437 3110 460 3150 ί
493 3112 791 3167 catholicus
839 3112 1125 3181 episcopus
1164 3112 1522 3167 Alexandrim.
1570 3113 1664 3167 Vix
1704 3113 2016 3168 Timotheus

435 3212 460 3249 κ
487 3201 769 3257 haereticus
792 3177 1101 3272 depellitur,
1132 3201 1263 3272 fugit
1286 3202 1499 3268 Petrus,
1534 3203 1766 3257 mittitur
1793 3203 1845 3257 in
1876 3206 2017 3257 εις-
2040 3177 2088 3240 c

433 3296 561 3349 lium
591 3293 902 3348 Timotheus
929 3292 1238 3360 Chersona,
1288 3294 1379 3364 qui
1434 3295 1583 3349 locus
1632 3306 1710 3349 est
1760 3294 1812 3348 in
1846 3294 2015 3350 Ponto

433 3385 667 3440 abditus.
692 3385 936 3451 Quandiu
966 3385 1103 3439 vixit
1132 3386 1426 3454 imperator
1457 3383 1482 3423 δ
1520 3385 1651 3452 Leo,
1674 3388 1807 3442 vixit
1831 3386 2015 3443 Timo-

432 3478 588 3532 thens
610 3478 894 3547 episcopus
934 3477 1275 3534 Alexandriae
1318 3494 1439 3533 cum
1488 3482 1690 3550 quiete.
1740 3481 1845 3537 Sed
1892 3496 2012 3536 eum

436 3568 723 3622 Basiliscus
783 3579 1099 3638 occupasset
1152 3569 1460 3641 imperium,
1498 3569 1802 3629 idamuare
1851 3574 2015 3641 erepit

430 3659 923 3715 tiltalcedonensem
965 3661 1248 3732 synodum,
1290 3672 1343 3716 et
1388 3662 1684 3719 catholicos
1741 3665 2011 3736 persequi.

430 3753 579 3808 Tunc
601 3752 836 3819 denique
863 3752 1176 3807 Timotheus
1222 3754 1310 3807 ille
1343 3754 1625 3809 damnatus
1677 3767 1894 3825 accepta
1946 3757 2015 3810 li-

430 3844 635 3898 hertate
666 3842 811 3897 venit
835 3842 1384 3913 Constantinopolim,
1412 3854 1466 3899 et
1496 3846 1776 3902 damnatos
1804 3848 2015 3904 lucretio

428 3949 523 3987 cos
548 3933 681 3987 locis
702 3932 812 3986 suis
842 3932 1094 3987 reddidit.
1121 3933 1282 3987 Vadit
1303 3936 1704 4003 Alexandriam,
1733 3937 1896 4008 fugiti
1921 3937 2014 3995 Ti-

429 4023 677 4077 motheus
705 4023 1034 4090 catholicus,
1060 4032 1117 4077 et
1156 4024 1208 4078 in
1240 4027 1566 4082 monasterio
1616 4026 1763 4082 latet.
1813 4029 2008 4084 Petrus

428 4115 518 4172 ille
548 4118 737 4171 iterum
765 4133 823 4171 se
846 4118 1019 4183 junxit
1047 4117 1328 4171 Timotheo
1355 4160 1368 4183 ,
1396 4132 1518 4173 cum
1555 4134 1660 4186 quo
1691 4119 1863 4174 fuerat
1888 4132 2013 4177 ante

428 4208 731 4263 damnatus.
766 4208 921 4262 Redit
947 4208 1094 4263 Zeno
1122 4208 1415 4277 imperator
1458 4210 1523 4263 ad
1566 4225 1787 4277 regnum
1809 4251 1825 4275 ,
1860 4212 2009 4265 Basi-

437 4296 603 4353 liscus
654 4298 991 4369 Opprimitur.
1043 4297 1271 4353 Mittitur
1321 4298 1720 4367 Alexandriam,
1772 4309 1827 4354 ut
1856 4301 2010 4369 pulso

428 4403 511 4459 pet
525 4402 717 4443 vasore
729 4386 1042 4443 Timotheus
1068 4387 1367 4443 catholicus
1392 4388 1709 4443 redderetur
1734 4390 2006 4448 Ecclesiae.

430 4480 536 4535 Sed
589 4480 873 4534 Timotheo
921 4480 1173 4534 damnato
1228 4489 1404 4534 morte
1458 4490 1769 4549 praevento,
1819 4481 2008 4539 Petrus

430 4568 455 4607 ιι
489 4584 713 4625 consors
744 4569 911 4637 ipsius
938 4571 1006 4625 ab
1035 4585 1143 4626 uno
1186 4569 1442 4625 haeretico
1479 4571 1856 4629 Alexandrinis
1894 4576 2005 4644 epi-

429 4675 626 4730 seOpus
674 4662 975 4717 ordinatur.
1031 4663 1199 4729 Quem
1258 4663 1604 4719 nihilominus
1650 4664 1805 4736 dejici
1846 4666 2005 4738 jussit

427 4751 917 4807 Christianissimus
962 4752 1273 4823 imperator,
1325 4764 1381 4811 et
1428 4755 1609 4812 reduci
1662 4758 2001 4815 Timotheum

423 4842 769 4916 catholicum,
795 4843 936 4898 sicut
968 4844 1145 4898 Acacii
1186 4845 1764 4918 Constantinopolitani
1807 4851 2002 4909 litteris

423 4936 751 4991 continetur.
783 4936 915 4991 Cum
950 4935 1187 5006 plurimi,
1215 4953 1309 4993 seu
1341 4940 1557 5008 clerici,
1583 4956 1679 4997 seu
1712 4947 1995 5015 monachi,

490 5143 515 5170 ⁸
541 5133 609 5184 ‘26
639 5132 874 5188 Januarii
905 5135 1148 5192 an.'457.

488 5202 516 5242 δ
539 5204 982 5283 ῼιιηὺιιςῇιξιιιιιιιιι
1004 5210 1295 5283 Δεςιξςυορίέ,
1325 5212 1516 5283 Evagr.
1549 5228 1620 5282 tt,
1651 5214 1704 5270 8.

492 5286 515 5312 ε·
552 5274 719 5329 Martii
750 5276 820 5328 28
846 5280 965 5329 anni
992 5274 1115 5332 457.

489 5344 514 5380 ά
553 5346 645 5399 Dic
669 5348 698 5399 7
726 5345 1000 5401 Februarii
1031 5348 1270 5417 ejusdem
1302 5354 1453 5406 anni.

491 5426 515 5453 ο
550 5417 813 5473 llaetcuus
842 5418 1139 5473 Liberatus.

492 5486 517 5603 ἱ
545 5486 723 5610 igc'tus
746 5488 1145 5559 Salnphaciolus
1174 5491 1287 5544 sive
1308 5490 1495 5562 Albus,
1529 5510 1668 5551 anno
1692 5495 1822 5552 458-

644 5575 789 5610 nrus.

494 5566 517 5603 Β
548 5559 789 5613 A‘Jlnrus.

489 5625 515 5660 ι·
545 5628 684 5708 pluit
710 5644 895 5683 mense
922 5630 1176 5711 Januario
1203 5632 1326 5687 anui
1357 5631 1481 5704 474,
1510 5636 1645 5694 filius
1668 5648 1846 5694 autem
1882 5640 2000 5711 ejus

415 5692 526 5750 Leu
550 5696 730 5763 juninr
750 5714 933 5757 mense
958 5702 1278 5760 Novembre.

497 5764 510 5814 i
544 5770 702 5822 Anno
726 5767 851 5820 Uti.

2122 3121 2255 3176 papa
2282 3121 2574 3178 suspensus
2595 3118 2702 3166 est.
2735 3111 2801 3166 Et
2829 3112 2950 3183 quia
2984 3112 3036 3168 in
3064 3113 3250 3170 iisdem
3290 3118 3461 3171 sacris
3501 3116 3569 3172 de
3614 3131 3706 3172 re-

2120 3199 2389 3255 stituendo
2415 3200 2594 3272 Petro,
2624 3216 2781 3273 quem
2814 3203 2931 3274 ipse
2957 3204 3260 3273 damnavit,
3305 3206 3505 3262 fecerat
3553 3223 3705 3263 men-

2122 3289 2342 3359 tionem,
2374 3290 2488 3347 hrec
2518 3307 2643 3363 pars
2667 3294 2892 3351 omnino
2921 3304 3003 3352 est
3033 3298 3313 3369 abnegata.
3354 3299 3506 3355 Unde
3547 3300 3706 3355 vide-

2120 3392 2208 3437 tur
2250 3385 2701 3442 clementissimus
2741 3387 3035 3459 imperator
3088 3391 3344 3448 oﬂ‘ensus.
3402 3394 3536 3449 Cum
3574 3410 3703 3466 ergo

2118 3484 2321 3531 sancta:
2352 3478 2626 3534 memoria:
2649 3494 2801 3551 papae
2822 3482 3079 3553 Simplicii
3106 3485 3237 3540 nihil
3271 3485 3431 3542 toties
3459 3486 3527 3541 ad
3565 3486 3703 3542 Aca-

2116 3567 2259 3622 cium
2291 3568 2517 3638 directa,
2548 3582 2767 3643 propter
2811 3575 3188 3633 Alexandrinae
3242 3578 3500 3636 Ecclesia:
3552 3582 3703 3651 quieo

2117 3667 2249 3724 tem,
2280 3668 2335 3716 et
2357 3661 2637 3719 catholica:
2665 3664 2788 3721 fidei
2818 3666 3205 3738 integritatem,
3235 3672 3436 3742 scripta
3476 3673 3704 3741 profice-

2117 3761 2261 3817 rent,
2291 3755 2600 3823 supervenit
2642 3756 2783 3812 idem
2832 3768 3052 3815 sanctus
3099 3758 3335 3818 Joannes
3369 3762 3658 3831 episcopus
3685 3804 3701 3828 .

2114 3845 2205 3913 qui
2231 3845 2369 3900 sicut
2396 3845 2636 3913 decebat,
2667 3848 2735 3903 ab
2773 3852 3066 3918 apostolica
3108 3852 3237 3907 sede
3285 3862 3569 3925 susceptus
3594 3867 3702 3911 est.

2114 3935 2245 3991 Nam
2267 3946 2323 3994 et
2349 3938 2559 4009 priores
2586 3939 2706 4011 ejus
2728 3942 2977 3998 similiter
2996 3944 3255 4000 Romana:
3285 3946 3539 4001 Ecclesia:
3564 3956 3703 4003 tem~

2114 4041 2245 4098 pore
2274 4032 2663 4099 persecutionis
2691 4031 2974 4104 suffugium
3005 4048 3385 4107 poposcerunt.
3414 4038 3583 4106 llujus
3600 4039 3701 4093 ad-

2117 4134 2309 4178 ventus
2355 4125 2567 4195 plenius
2616 4127 2861 4183 universa
2909 4128 3181 4199 patefecit.
3220 4130 3317 4186 Cui
3356 4131 3483 4185 dum
3515 4132 3702 4188 Acacii

2111 4215 2307 4285 scripta
2341 4215 2641 4283 legeremus
2661 4232 2781 4289 qua:
2810 4220 2877 4275 de
2907 4221 3066 4276 Petro
3096 4230 3121 4259 ο
3156 4234 3209 4279 ει
3235 4223 3493 4279 Joannem
3512 4224 3703 4280 Antio-

2110 4305 2297 4360 chenis
2328 4307 2575 4371 miserat,
2606 4324 2861 4366 excessus
2888 4314 3067 4368 Acacii
3106 4315 3267 4369 etiam
3311 4315 3363 4369 in
3409 4314 3509 4370 hac
3536 4330 3700 4369 causa

2113 4398 2467 4467 gravissimos
2488 4400 2867 4472 deprehendit.
2907 4405 3002 4462 lllo
3041 4407 3184 4461 enim
3217 4418 3462 4477 tempore
3481 4423 3588 4478 quo
3628 4407 3701 4461 de

2116 4490 2272 4545 Petro
2296 4492 2659 4549 Alexandrino
2676 4495 2928 4552 damnato
2952 4498 3230 4566 retulerat,
3255 4515 3359 4554 nnn
3394 4500 3552 4570 longe
3577 4510 3703 4568 post

2113 4582 2274 4636 etiam
2297 4582 2365 4638 de
2388 4584 2546 4641 Petro
2581 4596 2631 4641 et
2672 4584 2878 4643 Joanne
2925 4589 3243 4659 scripserat.
3293 4589 3510 4644 Petrum
3556 4591 3701 4659 apud

2110 4673 2630 4747 ConstantinOpolim
2670 4681 3057 4737 monasterium
3102 4691 3130 4732 «ι
3178 4683 3545 4753 gubernasse;
3600 4683 3701 4738 sed

2111 4764 2213 4820 hoc
2261 4775 2483 4836 propter
2517 4769 2740 4824 crimina
2783 4769 3062 4838 derelicto,
3095 4772 3437 4828 Antiochiam
3476 4772 3700 4842 fugisse.

2110 4855 2183 4911 lbi
2213 4857 2365 4925 pulso
2399 4859 2697 4931 (Martyriu)
2725 4864 2992 4920 catholico
3015 4866 3269 4936 episeopo
3290 4908 3304 4931 ,
3342 4881 3440 4936 per
3477 4866 3701 4921 haereti-

2106 4963 2200 5005 cos
2225 4949 2405 5005 sedem
2429 4954 2598 5022 ipsius
2623 4969 2944 5027 occupasse;
2972 4958 3335 5029 continuoque
3373 4958 3694 5015 damnatum

2188 5152 2201 5222 l
2237 5151 2532 5215 Liberatus,
2557 5170 2675 5222 r-ap.
2704 5157 2788 5210 16.

2184 5221 2209 5295 If
2237 5223 2455 5295 lilnngns
2486 5228 2549 5276 de
2577 5221 2681 5293 qun
2712 5243 2893 5295 supra.

2188 5290 2201 5328 ι
2233 5290 2393 5370 Forte
2419 5290 3019 5370 Notior}tenm't-iritath
3042 5299 3109 5354 de
3139 5314 3244 5370 quo
3265 5315 3384 5369 cap.
3428 5298 3501 5355 22
3526 5301 3705 5355 tertia:

2110 5364 2277 5430 partis
2307 5367 2518 5419 concilii
2547 5365 3020 5422 Chalcedonensis.

2180 5443 2219 5469 ω
2248 5433 2731 5510 Tabheunesiutam
2759 5453 2913 5509 cogn.
2939 5439 3201 5510 Talajam.

2177 5511 2204 5539 ι’
2234 5504 2390 5557 Anno
2423 5507 2544 5559 68:2.

2182 5582 2207 5609 ο
2234 5572 2487 5645 Cnapheo
2509 5591 2602 5632 seu
2636 5577 2882 5633 Fullone.

2107 5646 2387 5782 pl:mAlias
2418 5650 2708 5716 Apamenis
2739 5664 2844 5705 non
2873 5659 3110 5723 recepto,
3145 5651 3213 5708 de
3238 5666 3344 5723 quo
3374 5652 3533 5723 paulo
3568 5661 3701 5723 post

2181 5794 2206 5834 ει
2237 5784 2532 5855 Liberatus,
2565 5801 2686 5857 cap.
2721 5789 2802 5844 18.
