4046 6188
337 347 441 402 955

1540 341 1616 396 El
1631 341 1897 398 ISTOLIE
1940 341 2025 396 ET
2070 339 2408 396 DECRETA.

3495 349 3593 406 θδι

333 473 361 508 a
386 454 566 508 Leone
593 459 718 505 tunc
750 449 988 521 principe
1017 451 1084 506 ad
1131 452 1440 506 Oasitanum
1489 451 1736 506 exsilium
1791 466 1913 506 esse
1941 454 1988 513 Α
2017 451 2200 505 clesia.
2231 452 2302 504 lza
2335 450 2484 505 Felix
2512 465 2642 521 popa
2668 455 2931 524 episcopis
2969 473 3062 527 per
3097 460 3420 530 JEgyptum,
3454 463 3482 518 Ἰ
3503 467 3594 519 he-

331 550 616 606 directum.
653 546 728 599 De
755 561 863 615 quo
893 547 1099 614 lapsum
1129 544 1647 613 Constantinopolim
1671 545 1914 608 rediisse,

334 655 396 693 ac
417 637 629 692 dedisse
661 634 839 699 ﬁdem,
871 636 1010 704 quod
1041 637 1214 690 nullas
1254 636 1477 690 ulterius
1516 635 1698 689 turbas
1743 634 1918 690 facere

337 741 555 798 prorsus
584 724 824 778 auderet.
854 723 958 779 Sed
982 725 1118 778 sicut
1147 725 1392 794 superius
1419 725 1617 780 dictum
1648 733 1731 780 est
1751 767 1766 790 ,
1812 725 1915 778 Ba-

335 819 498 873 silisci
535 814 862 883 temporibus
903 829 931 866 a
974 814 1254 870 Timetheo
1293 825 1318 852 δ
1363 814 1454 869 illo
1501 814 1780 881 damnato,
1827 814 1916 883 qui

337 907 852 974 Constantinopolim
884 915 1122 970 venerat,
1160 906 1224 960 ad
1252 905 1588 960 Antiochiam
1631 906 1915 960 remissum

334 1001 521 1064 fuisse,
555 1009 610 1052 ut
634 999 826 1051 iterum
855 995 960 1051 illic
987 998 1348 1068 episcopatum
1369 1004 1591 1052 teneret.
1609 999 1724 1062 Quo
1755 996 1914 1061 facto,

335 1097 474 1147 iztem
502 1093 690 1145 l‘etrus
720 1089 978 1144 Joannem
1002 1088 1283 1158 quemdam
1309 1086 1698 1158 presbyterum,
1717 1086 1784 1142 de
1810 1102 1915 1155 quo

334 1185 589 1239 Acacium
612 1182 845 1235 diximus
879 1179 1143 1243 retulisse,
1169 1179 1381 1233 ordinat
1400 1177 1688 1247 Apamenis
1714 1177 1915 1246 cpisco-

337 1290 498 1342 pnm;
527 1288 556 1325 a
581 1271 772 1341 quibus
800 1286 904 1323 non
947 1278 1192 1338 receptus
1247 1270 1392 1322 venit
1431 1267 1768 1322 Antiochiam
1793 1307 1810 1332 ,
1860 1275 1914 1321 et

336 1365 552 1419 Petrum
584 1363 919 1431 episc0patus
941 1359 1021 1412 sui
1047 1358 1192 1427 pellit
1210 1369 1484 1413 auctorem
1506 1369 1557 1411 et
1583 1356 1914 1426 invaditejus

336 1457 655 1512 Eeclesiam.
684 1453 829 1521 Quos
855 1453 1044 1506 iterum
1075 1450 1354 1505 damnatos
1382 1449 1511 1503 dicit
1540 1449 1788 1513 Aeacius,
1815 1463 1910 1518 pe-

339 1561 460 1604 tens
489 1549 559 1602 ab
587 1545 875 1616 apostolica
903 1543 1052 1610 sede,
1079 1551 1140 1598 ut
1167 1545 1210 1596 si
1241 1542 1380 1597 forte
1406 1542 1469 1595 ad
1497 1557 1616 1598 eam
1657 1541 1914 1611 confuge-

337 1649 476 1705 rent,
502 1655 600 1694 nec
629 1639 744 1693 visu
774 1637 965 1706 dignos
987 1635 1242 1700 haberet;
1270 1643 1325 1689 et
1353 1634 1396 1689 si
1427 1635 1535 1704 jam
1565 1634 1795 1704 aliquam
1825 1633 1910 1687 in-

333 1730 658 1800 dulgentiam
709 1728 930 1781 forsitan
977 1726 1370 1794 impetrassent,
1425 1724 1625 1780 irritam
1655 1739 1775 1780 esse
1818 1725 1909 1779 de-

2022 539 2253 605 baidem,
2285 540 2504 610 Libyam
2545 551 2599 596 et
2633 543 2959 615 Pentapolim
2988 551 3287 606 constitutis
3311 563 3430 622 post
3456 555 3592 618 alia;

2021 629 2213 685 Petrus
2243 645 2395 695 vero,
2425 633 2513 700 qui
2550 648 2608 688 se
2635 635 2702 689 ab
2751 636 3006 694 Ecclesiae
3044 644 3249 698 unitate
3288 646 3388 699 sub
3422 645 3594 702 beata:

2019 720 2406 775 recordationis
2434 723 2676 780 Proterio
2700 730 3056 794 separavit,et
3085 733 3134 785 in
3170 743 3394 788 mortem
3419 736 3588 804 ipsius

2018 810 2299 878 parricida:
2317 810 2598 868 Timotheo
2624 814 2688 867 ad
2716 818 3113 887 persequendos
3134 836 3192 875 se
3211 822 3386 890 jnnxit
3408 827 3594 880 ortho-

2017 899 2212 966 doxos,
2238 903 2383 957 nulla
2413 906 2541 958 tanti
2567 906 2817 974 nominis,
2841 919 2933 962 aut
2974 909 3195 965 honoris
3235 915 3593 981 permittimus

2018 995 2275 1049 societate
2303 996 2498 1061 laetari,
2522 1007 2722 1067 quanto
2751 999 2801 1052 in
2839 1001 3172 1056 creatoribus
3219 1005 3447 1074 propriis
3485 1022 3590 1061 non

2019 1081 2367 1140 dissimilibus
2401 1086 2518 1155 ipso
2543 1089 2623 1140 sui
2651 1089 2873 1144 exordio
2894 1091 3173 1157 caducum,
3195 1095 3335 1164 quod
3367 1111 3425 1151 se
3451 1097 3594 1152 ωειί-

2017 1183 2125 1227 mat
2148 1176 2434 1243 reperitur.
2470 1178 2562 1233 Est
2592 1194 2719 1248 ergo
2753 1181 3000 1250 praelatus
3027 1185 3232 1238 cunctis
3262 1187 3545 1242 anathema
3572 1226 3590 1252 ,

2017 1280 2112 1319 nec
2140 1266 2207 1318 ab
2235 1266 2476 1321 Ecclesia
2509 1269 2770 1325 catholica
2811 1275 3061 1328 credatur
3108 1291 3338 1346 unquam
3387 1279 3586 1346 recipi,

2015 1356 2100 1424 qui
2126 1364 2245 1424 post
2267 1357 2692 1415 cohortationem
2720 1364 3068 1431 szepissiinam
3107 1377 3161 1420 et
3195 1383 3286 1435 per
3313 1378 3390 1420 tot
3418 1385 3588 1424 amto-

2015 1461 2130 1500 rnm
2162 1449 2328 1516 spatia
2369 1449 2421 1502 in
2455 1453 2808 1518 perversitate
2851 1456 3061 1523 proin-ia
3102 1473 3483 1526 perseverans,
3513 1462 3590 1515 lo-

2013 1549 2132 1591 cum
2159 1537 2540 1595 satisl‘actionis
2571 1543 2770 1596 amisit.

2059 1663 2288 1703 εωοτωι
2326 1665 2628 1706 SENTENTIA:
2669 1670 2870 1710 FELICIS
2909 1672 3050 1711 ΡΛΡᾸΞ
3091 1674 3327 1715 PROPTER
3366 1676 3537 1717 ACACII

2403 1737 2631 1777 EPISCOPI
2673 1739 2754 1778 (ΣΡ.
2795 1742 3188 1784 DAMNATIONEM.

336 1821 491 1884 bere,
544 1833 645 1872 nec
700 1832 883 1872 eorum
943 1817 1311 1885 ptenitentiam
1358 1815 1716 1884 recipiendam
1770 1829 1910 1871 esse.
1943 1817 1988 1876 B
2089 1814 2332 1880 Aeacius,
2376 1818 2464 1885 qui
2505 1819 2742 1873 secundo
2775 1835 2804 1874 a
2841 1821 2994 1877 nobis
3034 1823 3337 1880 admonitus
3367 1835 3591 1881 statuto-

336 1918 486 1985 Quod
515 1931 633 1970 cum
666 1915 912 1983 praelatus
939 1911 1169 1966 Joannes
1199 1909 1591 1965 Alexandrinus
1628 1909 1913 1978 episcopus

338 2011 636 2080 relegisset,
670 2017 846 2062 tacere
877 2021 980 2060 non
1012 2004 1206 2074 potuit,
1244 2002 1384 2073 quod
1424 2002 1578 2056 illum
1613 2001 1873 2056 Joannem
1894 2037 1912 2065 ,

337 2122 494 2175 quem
525 2103 750 2159 Aeacius
781 2102 1126 2157 damnaverat
1147 2114 1268 2153 cum
1301 2099 1482 2162 Petro,
1514 2107 1567 2152 et
1593 2099 1710 2152 sine
1740 2111 1915 2151 reme-

340 2200 429 2254 dio
467 2196 796 2268 poenitentia:
839 2193 961 2248 iecit
1012 2191 1082 2246 ab
1135 2190 1428 2260 apostolica
1477 2189 1605 2244 sede
1649 2189 1911 2254 damnari,

342 2303 462 2361 post
481 2301 560 2346 tot
582 2289 948 2344 damnationes
967 2285 1248 2355 Tyriorum
1273 2282 1476 2337 miserit
1501 2281 1751 2336 Ecclesia:
1775 2292 1917 2347 prte-

337 2385 540 2439 sidere.
575 2381 858 2448 Postquam
891 2392 1017 2446 ergo
1063 2392 1169 2430 non
1220 2375 1393 2429 solum
1444 2373 1574 2427 nihil
1629 2371 1918 2440 profecisse

341 2476 548 2530 litteras
576 2469 875 2524 decessoris
905 2467 986 2520 sui
1022 2477 1238 2520 sanctus
1282 2465 1429 2519 Felix
1471 2479 1604 2532 papa
1639 2463 1912 2534 cognovit,

340 2574 395 2618 ct
416 2560 645 2616 ludibria
673 2558 915 2628 qumdam
947 2556 1140 2611 Acacio
1165 2556 1278 2611 ﬁeri
1305 2555 1357 2609 in
1394 2556 1725 2610 eversionem
1755 2555 1917 2610 totius

342 2652 722 2706 i-cclesia«tic:e
778 2647 1116 2716 disciplina),
1177 2647 1362 2701 electis
1433 2645 1600 2700 Vit-ale
1665 2647 1918 2714 episcopo

343 2745 385 2797 Τ
391 2743 688 2800 roentinate
715 2753 780 2792 ex
808 2737 996 2792 Picena
1041 2737 1289 2806 regione,
1328 2745 1382 2792 et
1421 2736 1624 2790 Miseno
1666 2735 1918 2790 Cumanae

344 2834 602 2891 Ecclesia:
630 2832 885 2900 episcopo
905 2845 968 2885 ex
995 2831 1211 2900 regione
1232 2827 1556 2898 Campanim,
1585 2828 1684 2883 sub
1707 2827 1808 2883 hac
1839 2829 1918 2882 in-

347 2925 644 2982 structione
672 2921 886 2987 direxit,
917 2931 974 2975 ut
997 2921 1189 2976 Petrus
1219 2920 1284 2974 de
1305 2918 1671 2975 Alexandrina
1695 2919 1918 2987 pellere-

346 3029 436 3076 tur
465 3022 699 3077 Ecclesia
724 3063 738 3088 ,
771 3029 827 3076 et
862 3029 917 3075 ut
970 3019 1154 3074 libello
1201 3015 1371 3070 sancti
1419 3014 1641 3070 Joannis
1682 3012 1916 3081 episcopi

347 3113 699 3169 Alexandrini
727 3111 1074 3182 responderet
1100 3108 1343 3173 Aeacius,
1375 3113 1535 3174 atque
1569 3105 1668 3174 ipsi
1709 3105 1916 3160 denum

2015 1920 2130 1958 rum
2162 1906 2454 1961 salubrium
2495 1923 2599 1963 non
2633 1911 2836 1964 destitit
2870 1927 2989 1968 esse
3012 1924 3368 1984 contemptor,
3399 1931 3592 1986 meque

2016 1993 2066 2046 in
2095 1996 2226 2048 meis
2258 1997 2485 2050 credidit
2514 2000 2969 2066 careerizandum,
3004 2004 3145 2058 hunc
3172 2005 3333 2073 Deus,
3381 2008 3593 2061 caelitus

2016 2086 2216 2150 prolata
2246 2088 2530 2154 sententia,
2563 2089 2630 2142 de
2658 2093 2958 2160 sacerdotio
2991 2096 3111 2149 fecit
3131 2105 3422 2151 extorrem.
3453 2100 3592 2169 Ergo

2014 2175 2060 2228 si
2106 2179 2224 2244 quis
2255 2178 2558 2247 episcopus,
2599 2180 2848 2248 clericus,
2891 2187 3205 2254 monachus,
3250 2189 3438 2256 laicus,
3477 2205 3594 2260 post

2018 2268 2154 2323 hanc
2195 2269 2650 2329 denuntiationem
2697 2276 2869 2330 eidem
2915 2281 3387 2336 communicaverit
3413 2323 3428 2350 ,
3467 2299 3593 2339 ana—

2016 2358 2194 2414 thema
2219 2361 2307 2428 sit,
2339 2370 2526 2417 sancto
2561 2364 2759 2433 Spiritu
2791 2376 3141 2434 exsequente.

2574 2477 2904 2534 EPISTOLA
2938 2480 3028 2536 IX.

2159 2579 2359 2619 FELICIS
2399 2582 2453 2620 Ill
2485 2583 2629 2622 PAPE
2667 2586 2734 2622 AD
2771 2586 3013 2625 ZENONEH
3052 2587 3447 2630 IHPEBATOREH.

2018 2651 2354 2738 Conqueritur
2401 2657 2462 2738 de
2505 2658 2704 2738 violatis
2733 2660 2804 2738 ob
2850 2662 3175 2738 ςομιεεμιιὶξἲ
3215 2669 3493 2738 suadetque
3538 2681 3590 2725 ut

2066 2728 2352 2792 acquiesco!
2380 2728 2696 2782 damnatimti
2723 2728 2868 2784 Petri
2893 2728 3231 2788 Aleiandrini
3261 2749 3306 2791 et
3334 2728 3530 2796 Acocii,

2088 2816 2233 2871 Felix
2265 2817 2466 2874 Zenoni
2493 2823 2748 2891 Augusto.

2088 2913 2348 2980 Quoniam
2378 2914 2546 2983 pietas
2569 2926 2678 2984 tua,
2699 2918 2820 2974 licet
2842 2921 3137 2990 profusiore
3160 2924 3346 2994 pagina
3382 2925 3448 2980 ad
3473 2940 3588 2980 mea

2016 3005 2213 3074 scripta
2243 3009 2601 3074 responderit,
2633 3010 2743 3066 suis
2785 3013 3005 3068 auribus
3038 3015 3351 3084 diligentius
3382 3017 3594 3071 intima-

2020 3105 2125 3149 tam
2169 3095 2380 3152 fastidio
2424 3099 2637 3168 dignam
2667 3103 2899 3158 credidit
2927 3107 3205 3161 veritatem
3244 3126 3257 3162 :
3299 3110 3592 3164 curandum

349 3168 568 3258 tiaretnr
589 3168 877 3270 Acacio,ut
897 3199 1179 3256 anathema
1208 3168 1408 3252 diceret
1431 3168 1919 3264 [SeiroiQuiquam-
1950 3168 1995 3232 C
2027 3190 2154 3244 mihi
2187 3191 2300 3255 luit,
2332 3201 2388 3244 ut
2414 3192 2646 3248 breviter
2670 3209 2789 3264 qua:
2817 3210 2921 3250 non
2954 3198 3114 3252 vultis
3146 3198 3306 3254 latius
3335 3201 3594 3270 publicari

351 3298 430 3349 vis
461 3296 637 3350 hostili
666 3309 813 3350 more
839 3293 1040 3350 detrusi
1065 3294 1115 3347 in
1144 3290 1435 3346 custodiam
1469 3292 1682 3344 chartas
1729 3289 1922 3343 amise-

353 3389 482 3453 rint,
515 3397 692 3442 tamen
723 3387 938 3457 perﬁdis
965 3385 1229 3440 haereticis
1242 3393 1398 3452 atque
1424 3383 1688 3436 damnatis
1713 3396 1925 3435 accom-

357 3481 574 3533 modare
598 3496 701 3551 non
731 3480 1047 3542 debuerant,
1075 3491 1195 3545 quas
1222 3477 1332 3530 sola
1373 3475 1557 3543 negari
1599 3473 1792 3542 potuit,
1834 3487 1924 3526 vo—

355 3572 632 3624 luntatem.
673 3570 785 3624 Non
830 3570 998 3623 solum
1036 3583 1162 3637 ergo
1201 3581 1304 3621 non
1359 3575 1580 3635 egerunt
1628 3581 1746 3633 qua:
1779 3566 1923 3631 jnssa

349 3669 502 3724 sunt,
535 3670 621 3713 aut
641 3675 758 3728 quae
786 3659 1039 3725 expedire
1063 3665 1339 3725 poterant;
1370 3656 1464 3710 sed
1503 3655 1663 3709 etinn
1714 3654 1927 3708 haereti-

351 3752 434 3806 eis
464 3751 1010 3815 eonnnuuicavcrunt,
1042 3748 1499 3803 conﬁrmationem
1542 3745 1683 3800 Petri
1722 3746 1927 3815 episeo-

353 3851 532 3910 patus,
561 3842 625 3895 ad
657 3859 812 3912 quem
847 3842 1146 3910 pellendum
1175 3842 1320 3894 missi
1347 3840 1576 3904 fuerant,
1600 3839 1924 3902 deleren'es,

351 3944 514 4001 atque
536 3931 887 3986 contumelias
915 3931 966 3984 in
996 3932 1304 3998 episcopum
1336 3930 1596 3984 Joannem
1629 3929 1820 3984 Acacio
1849 3928 1928 3981 di-

357 4025 563 4090 rigente
595 4031 884 4092 portantes.
920 4022 1121 4089 Quibus
1151 4023 1309 4076 rebus
1341 4021 1515 4075 habita
1547 4021 1750 4090 synodo
1777 4036 1926 4073 eont-

356 4125 538 4167 niotus
566 4114 900 4167 beatissimus
933 4128 1086 4182 papa,
1119 4112 1344 4166 Vitalezu
1376 4121 1429 4165 et
1458 4111 1715 4165 Misenum
1747 4109 1812 4162 ab
1858 4107 1931 4161 of-

357 4207 483 4257 iieio
503 4217 552 4259 et
583 4206 956 4259 communione
986 4205 1262 4274 suSpendit
1305 4203 1354 4271 δ,
1397 4205 1752 4270 Acaciumque
1785 4202 1933 4254 dam-

358 4295 523 4348 navit.
563 4295 725 4363 Cujus
749 4293 969 4347 audacia
1021 4294 1288 4348 deteriora
1339 4293 1713 4357 committens,
1771 4291 1930 4344 etiam

359 4387 572 4438 l'etrum
601 4395 621 4421 ε
664 4383 1079 4445 Antiochenum,
1106 4383 1277 4452 ejecto
1303 4381 1569 4436 catholico
1599 4379 1624 4418 ά
1652 4381 1933 4434 Calendio-

357 4487 452 4537 ne,
483 4488 637 4539 quem
667 4474 782 4544 ipse
813 4473 1185 4540 ordinaverat,
1241 4473 1308 4527 ad
1360 4474 1748 4529 Antiochenam
1790 4474 1933 4527 misit

359 4562 561 4616 Ecclesi
572 4579 674 4618 am.

435 4709 847 4749 ADDITAMENTUII
888 4710 954 4748 EX
992 4709 1188 4748 TERTIA
1229 4709 1474 4750 EDITIONE
1512 4710 1844 4750 DESUMPTDII.

431 4824 720 4895 Postquam
738 4827 972 4881 Joannes
998 4827 1309 4896 supervenit
1330 4827 1630 4898 episcopus,
1654 4843 1808 4898 quem
1831 4827 1934 4882 Ro-

357 4931 521 4972 mana
553 4917 784 4985 suscepit
814 4919 1074 4983 Ecclesia,
1100 4927 1315 4974 sanctus
1339 4934 1469 4988 papa
1523 4919 1669 4974 Fellx
1712 4920 1933 4990 legatio-

356 5024 487 5064 nem
522 5009 610 5080 (ut
639 5009 838 5063 dictum
870 5010 990 5080 est)
1028 5011 1165 5064 sicut
1211 5013 1442 5080 oportuit
1482 5012 1778 5079 ordinavit,
1820 5027 1938 5081 qua:

356 5099 502 5167 apud
536 5099 818 5166 priedictos
859 5115 1047 5154 omnes
1085 5100 1337 5170 quidquid
1378 5111 1461 5155 est
1509 5101 1812 5154 liostilttatis
1848 5117 1937 5156 ex-

359 5200 513 5260 perta
549 5199 650 5245 est.
677 5191 807 5245 Nam
838 5193 1052 5247 detrusa
1084 5193 1135 5247 in
1162 5194 1458 5248 Custodiam
1491 5195 1757 5263 przediclis
1786 5195 1940 5251 char-

361 5285 456 5345 tis,
486 5296 603 5334 cum
629 5283 812 5350 grandi
838 5283 920 5336 vix
950 5285 1205 5338 remeavit
1231 5286 1542 5354 opprobrio,
1571 5286 1936 5356 episcopatum

361 5372 531 5434 l‘c:ri,
562 5373 626 5424 ad
650 5387 804 5440 quem
844 5373 1216 5443 expellendum
1242 5377 1402 5430 missa
1446 5377 1614 5431 fuerat
1657 5381 1943 5437 conﬁrma-

360 5475 478 5514 tum
512 5473 808 5533 reportans,
841 5481 997 5534 quem
1029 5465 1266 5524 Romana
1313 5471 1787 5527 anathematizarat
1837 5475 1942 5531 Ec-

441 5606 466 5632 ⁸
493 5597 700 5660 ΙΕΙΙΙΓΟ,
729 5617 869 5655 anno
894 5602 1018 5657 476.

439 5664 467 5705 δ
504 5669 593 5720 Dic
615 5669 734 5722 Julii
758 5673 826 5725 2'5
853 5678 974 5728 anni
1007 5673 1127 5728 484.

444 5747 466 5773 ε
500 5736 829 5805 Cuapheum.

1964 4524 2012 4583 D

2026 3281 2245 3335 deﬁnita
2287 3284 2682 3339 concluderem.
2727 3285 2908 3356 itaque
2945 3287 3284 3345 oiﬁciositate
3320 3292 3595 3360 prmmissa

2027 3377 2216 3428 timere
2255 3389 2341 3428 me
2377 3374 2547 3429 fateor
2573 3391 2737 3444 regno
2768 3391 2949 3431 vestro
2981 3379 3180 3446 pariter
3217 3391 3268 3434 et
3297 3382 3475 3435 saluti.
3507 3383 3596 3437 Si-

2025 3464 2236 3530 quidem
2278 3472 2461 3516 ctmtra
2504 3464 2734 3518 divinam
2779 3471 3136 3521 reverentiam
3180 3471 3514 3538 probabitur,
3543 3484 3599 3528 ut

2027 3553 2164 3606 beati
2196 3554 2422 3622 apostoli
2448 3554 2587 3608 Petri
2611 3555 2811 3610 directa
2841 3557 3054 3626 legatio,
3081 3560 3220 3614 sicut
3247 3562 3360 3630 ejus
3383 3564 3598 3620 confes-

2028 3645 2108 3697 sio
2141 3644 2410 3714 patefecit,
2445 3654 2694 3715 tanquam
2744 3648 2795 3700 in
2841 3649 3152 3717 captivitate
3192 3652 3405 3707 redacta
3447 3663 3600 3711 tene-

2029 3746 2196 3802 retur,
2227 3745 2282 3790 ct
2306 3737 2506 3791 chartis
2535 3751 2667 3806 quas
2695 3737 2964 3808 bajulabat
2992 3741 3259 3798 violenter
3288 3745 3501 3814 ablatis,
3532 3748 3598 3800 ad

2027 3830 2528 3884 communicandum
2585 3830 2891 3899 haereticis,
2945 3833 3047 3890 hoc
3103 3845 3186 3890 est
3239 3838 3600 3906 apocrisiariis

2032 3923 2377 3977 Alexandrini
2405 3924 2570 3989 Petri,
2598 3925 2881 3981 adversum
2910 3942 3066 3997 quem
3097 3929 3250 3995 ierat,
3275 3929 3342 3985 de
3363 3931 3601 3986 custodia

2030 4015 2098 4066 sit
2125 4014 2400 4081 producta.
2431 4013 2766 4084 QuaprOpter
2807 4016 3081 4088 (Nicotaus
3113 4018 3138 4072 Ι
3173 4037 3305 4088 papa
3325 4061 3339 4085 ,
3369 4023 3518 4090 epist.
3549 4023 3603 4088 9)

2036 4105 2257 4160 \‘italem
2283 4104 2495 4174 quidem
2523 4115 2577 4161 et
2597 4105 2881 4172 Misenum,
2913 4122 3011 4162 cur
3039 4110 3122 4163 vel
3155 4110 3363 4178 impulsi
3393 4111 3458 4164 ad
3505 4112 3602 4163 iSta

2032 4197 2423 4264 consenserint,
2457 4198 2659 4253 honore
2703 4199 2862 4253 simul
2905 4208 2958 4255 et
2986 4203 3365 4256 communione
3396 4213 3604 4271 aposto-

2035 4291 2134 4344 lica
2156 4307 2378 4345 censura
2407 4291 2650 4359 privavit.
2680 4292 2784 4346 Sed
2815 4291 3006 4364 (lbid.)
3036 4309 3155 4346 cum
3186 4297 3321 4362 apud
3353 4294 3606 4348 barbaras

2035 4385 2194 4438 etiam
2221 4384 2482 4450 nationes,
2511 4396 2669 4452 atque
2699 4385 2866 4454 ipsius
2895 4386 3117 4440 Deitatis
3147 4387 3372 4455 ignaras,
3400 4400 3494 4455 pro
3514 4401 3607 4440 ex-

2038 4475 2324 4545 sequendis
2354 4477 2580 4542 negotiis
2610 4477 2692 4529 vel
2734 4477 2996 4541 humanis,
3045 4477 3165 4543 jure
3201 4475 3437 4545 gentium
3469 4478 3609 4545 lega-

2042 4566 2076 4618 ti
2119 4566 2198 4618 nis
2215 4565 2354 4632 cuju:
2371 4564 2497 4618 libet
2521 4564 2780 4618 habeatur
2797 4574 3135 4620 sacrosancta
3163 4566 3408 4633 libertas;
3429 4578 3609 4621 notum

2041 4664 2124 4708 est
2142 4655 2412 4717 omnibus,
2443 4663 2639 4724 quanto
2664 4653 2832 4723 magis
2853 4655 2920 4707 ab
2948 4654 3269 4723 imperatore
3297 4655 3539 4710 Romano
3562 4667 3612 4711 t-t

2042 4749 2347 4802 Christiano
2401 4747 2671 4817 principe,
2724 4748 2778 4802 in
2823 4748 2986 4803 rebus
3035 4752 3329 4819 prmsertim
3381 4752 3612 4818 divinis,

2044 4839 2339 4906 o,.ortuerit
2394 4839 2762 4893 intemeratam
2816 4840 3043 4894 servari.
3099 4841 3299 4896 Deinde
3351 4842 3616 4912 legatione

2043 4933 2307 4994 submota,
2351 4944 2471 4998 qum
2520 4929 2658 4998 apud
2691 4944 2812 4997 vos,
2861 4941 2918 4986 ut
2959 4930 3161 4986 dictum
3202 4942 3301 4999 est,
3336 4948 3436 4987 nec
3478 4935 3613 4988 beati

2048 5019 2189 5073 Petri
2215 5021 2437 5089 apostoli
2473 5021 2722 5075 inviolata
2756 5035 2876 5077 esse
2901 5023 3010 5092 jam
3044 5024 3232 5092 potuit,
3257 5025 3615 5095 tranquillitas

2050 5120 2133 5165 tua
2166 5112 2466 5167 litterarum
2497 5113 2673 5169 saltim
2706 5124 2890 5170 tenore
2930 5125 3235 5184 cognoscat,
3269 5119 3450 5172 sedrm
3482 5118 3616 5172 beati

2048 5205 2276 5273 pposwli
2335 5205 2474 5259 Petri
2529 5203 2890 5260 Alexandrino
2937 5208 3136 5273 Petro,
3186 5209 3314 5262 olitn
3374 5210 3617 5278 justeque

2047 5299 2321 5366 damnato,
2354 5315 2417 5356 ac
2446 5302 2792 5357 nihilominus
2821 5317 2914 5372 per
2950 5306 3272 5359 sententiam
3313 5304 3616 5374 syllOilaib‘lll

2051 5407 2218 5461 nuper
2255 5393 2406 5457 eliso,
2456 5395 2846 5450 communionis
2874 5411 3143 5466 nunquam
3175 5397 3255 5449 vel
3304 5395 3618 5463 praebuisse,

2054 5485 2137 5539 vel
2189 5485 2526 5552 prazbituram
2570 5501 2692 5542 esse
2739 5502 3078 5543 consensum.
3130 5487 3281 5554 Quia,
3333 5493 3388 5540 ut
3427 5493 3618 5540 cratera

2047 5615 2141 5741 ra:
2170 5617 2269 5741 lQui
2292 5635 2412 5674 cum
2453 5620 2544 5677 illo
2583 5620 2813 5678 Patricio
2845 5621 3067 5692 aliisque
3104 5632 3245 5675 anno
3278 5617 3383 5675 483
3409 5620 3621 5690 conspi-

2137 5705 2162 5739 ιι
2195 5729 2206 5741 .

2137 5705 2206 5741 ιιι.
