4046 6188
532 261 631 320 955

1872 274 2126 339 FELlClS
2165 285 2245 340 ΡΑ
2256 287 2364 344 ΡιΕ
2407 292 2470 347 lll

3684 322 3775 378 936

532 392 673 431 nunc
717 378 979 443 omittam,
1023 381 1088 436 ab
1134 382 1400 439 haereticis
1442 386 1738 454 institutus,
1790 400 1974 446 contra
2023 393 2102 450 fas
2133 397 2181 455 Α
2206 398 2487 465 judicium.
2518 404 2583 458 Et
2611 408 2714 462 alia
2745 428 2918 469 manu.
2955 415 3082 471 Data
3106 420 3354 477 Calendis
3376 424 3592 496 Augusti
3622 442 3773 501 (almo

532 483 686 501 nmnn
715 469 992 501 ηοοιιηὶςηω
1025 473 1307 501 ηοωρῌηη.
1338 490 1439 501 ...κη
1467 481 1627 501 ..,....:.
1656 479 1902 501 v--.|--s,_
1951 482 2021 501 n,
2056 484 2095 501 n,
2214 490 2267 501 ...
2323 493 2333 501 .
2395 494 2405 501 .
2450 497 2497 501 ,Α
2520 496 2555 501 _.
2634 500 2643 501 ,

530 483 686 522 omne
715 469 992 523 catltolicte
1025 473 1308 539 przesidere
1338 490 1439 527 non
1466 481 1632 543 possit
1655 479 1929 535 Ecclesiae.
1951 482 2106 539 Unde

528 558 778 626 quoniam
805 559 1226 616 adhortauonem
1257 579 1429 619 meam
1463 568 1687 623 duxistis
1715 587 2019 640 onerosam,
2051 576 2104 629 in

531 659 710 703 vestro
742 650 984 721 relinquo
1020 652 1421 711 deliberationis
1468 658 1693 713 arbitrio
1735 671 1914 716 utrum
1963 665 2103 720 beati

526 738 750 807 apostoli
781 740 922 795 Petri
954 759 1019 796 an
1052 744 1403 801 Alexandrini
1436 747 1597 815 Petri,
1632 753 1876 821 cuiquam
1908 755 1980 809 sit
2008 755 2106 810 eli-

525 832 697 899 genda
724 834 1047 888 communio.
1094 835 1273 902 Qualis
1299 852 1475 895 autem
1509 842 1906 899 Alexandrinus
1934 850 2104 903 exsti-

526 928 674 989 terit,
720 928 801 981 vel
842 930 1289 996 quemadmodum
1321 933 1438 987 l’alsi
1482 937 1714 990 nominis
1743 939 2100 993 sacerdotium

524 1032 620 1086 per
650 1034 810 1072 unmn
843 1024 925 1074 vix
970 1037 1080 1076 suae
1117 1025 1434 1093 complicem
1467 1028 1741 1095 pravitatis
1786 1030 2101 1084 temerarius

523 1112 811 1176 usurparit,
855 1121 1013 1180 atque
1057 1114 1108 1167 in
1152 1116 1523 1171 damnatorum
1567 1119 1727 1174 fuerit
1765 1123 1922 1174 etiam
1962 1122 2099 1190 apud

521 1213 616 1252 viis
640 1201 838 1254 dudum
863 1213 1008 1257 sorte
1032 1216 1364 1271 numeratus,
1394 1210 1761 1281 sullragatoris
1782 1213 1900 1281 ejus
1920 1214 2102 1270 Acacii

521 1289 712 1344 litteri~
742 1292 805 1345 ad
838 1305 1037 1348 sancta:
1069 1302 1341 1352 memoria:
1365 1298 1701 1356 deressorem
1733 1319 1909 1359 tneutn
1939 1306 2097 1373 datis,

518 1398 742 1449 quarum
806 1387 1135 1453 exemplaria
1189 1391 1398 1443 subdita
1465 1396 1723 1460 cornitis,
1780 1398 2094 1465 approbato.

522 1473 704 1530 Utrum
736 1476 816 1529 vel
840 1478 1123 1546 episcopus
1146 1480 1250 1535 dici
1281 1484 1472 1549 valeat,
1497 1488 1638 1554 quod
1671 1503 1863 1543 nomen
1888 1490 2097 1545 etiamsi

515 1579 543 1617 a
590 1568 831 1633 pluribus
870 1571 1138 1641 episcopis
1176 1576 1490 1644 accepisset,
1535 1580 1733 1635 habere
1764 1598 1868 1635 non
1896 1596 2093 1652 posset,

515 1658 597 1711 vel
637 1659 949 1714 orthodoxis
993 1663 1238 1731 plebibus
1275 1676 1461 1722 contra
1504 1668 1771 1726 Nicaenam
1808 1674 2088 1743 synodum,

514 1760 699 1804 centra
729 1753 1126 1811 observantiam
1155 1757 1479 1829 singularem
1500 1801 1515 1828 ,
1549 1772 1815 1819 mereatur
1853 1766 2088 1835 imponi,
2126 1756 2173 1816 Β

512 1854 754 1910 prompta
784 1844 834 1898 iu
870 1846 1031 1899 Deum
1064 1849 1259 1917 pietate
1284 1854 1618 1922 perpendite.
1666 1856 1766 1913 Ubi
1798 1859 1959 1914 etiam
1991 1875 2088 1930 ap-

514 1944 666 2001 paret
693 1936 971 1990 evidenter
998 1940 1282 2007 Acacium,
1317 1944 1405 2010 qui
1434 1960 1689 2002 excessus
1717 1964 1845 2003 suos
1869 1951 1969 2005 sub
1999 1967 2087 2007 ve-

509 2034 622 2077 stru
652 2027 826 2093 ponus
858 2029 1067 2082 nomine
1098 2031 1273 2086 celare
1320 2035 1491 2089 voluit
1518 2052 1677 2106 quam
1719 2041 1872 2096 vobis
1901 2046 2088 2113 prolu-

511 2127 627 2169 tura
651 2134 958 2188 suggerere,
985 2130 1088 2174 tam
1109 2124 1266 2177 saluti
1291 2122 1483 2180 vestra:
1509 2128 1850 2187 devotionem
1874 2134 2086 2193 deferre

506 2210 793 2276 sinceram,
837 2230 996 2284 quam
1028 2216 1240 2272 ﬁdelem
1285 2224 1665 2279 conscientiam
1697 2228 1836 2284 circa
1870 2231 2082 2287 Patrum

506 2305 739 2375 regulas,
793 2317 952 2377 atque
1000 2311 1170 2380 ipsum
1217 2312 1407 2381 dogma
1454 2330 1686 2385 gestaret
1736 2322 2079 2382 catholicum.

504 2396 792 2466 Propterea
840 2401 981 2459 hunc
1009 2408 1281 2473 eumdem,
1324 2418 1383 2463 ut
1423 2422 1545 2480 pote
1572 2414 1659 2483 qui
1701 2417 1865 2472 multa
1895 2432 2080 2476 contra

502 2491 635 2545 scita
670 2503 907 2550 veterum
958 2499 1158 2554 nefaria
1203 2506 1544 2573 perpetrarit,
1590 2518 1644 2563 et
1681 2510 1796 2579 ejus
1839 2512 2082 2571 laudator

501 2586 801 2653 emerserit,
851 2604 1009 2657 quem
1055 2595 1282 2649 asseruit
1322 2607 1376 2651 et
1414 2597 1527 2668 ipse
1560 2599 1888 2673 damnatum,
1930 2615 1984 2661 et
2011 2608 2079 2663 ab

499 2678 788 2744 apostolica
820 2681 945 2736 fecit
986 2685 1113 2739 sede
1160 2686 1429 2755 damnari,
1475 2707 1539 2747 ae
1579 2710 1764 2749 rursus
1808 2698 2077 2756 acditicans

498 2782 616 2835 quae
646 2781 768 2825 ante
795 2771 1153 2842 destrinxerat,
1207 2783 1669 2847 prmvaricatorem
1701 2803 1759 2841 se
1790 2788 1904 2858 ipse
1947 2806 2077 2845 con-

496 2861 704 2928 stituit;
738 2879 923 2920 eorum
954 2884 1086 2938 quos
1117 2874 1267 2941 sequi
1303 2876 1489 2930 maluit
1519 2880 1749 2946 portioni
1780 2881 2074 2938 distriCIio-

494 2951 578 3006 nis
604 2957 911 3023 apostolica:
942 2975 1035 3027 per
1066 2960 1258 3017 Tutum
1310 2966 1564 3023 Romana:
1605 2971 1859 3027 Ecclesia:
1890 2975 2074 3031 defen-

493 3057 690 3113 sorem,
729 3046 871 3113 justa
903 3049 1176 3119 deputavit
1205 3058 1516 3123 auctoritas,
1563 3073 1721 3131 atque
1767 3078 1794 3115 a
1828 3081 2069 3121 commu-

491 3139 650 3186 nione
679 3148 727 3188 et
754 3137 1014 3207 dignitate
1036 3146 1350 3211 apos‘olica,
1366 3165 1465 3213 qua
1483 3166 1541 3204 se
1566 3153 1676 3220 ipse
1700 3155 1815 3221 ejus
1835 3160 2069 3215 externis
2098 3126 2140 3187 C

489 3226 742 3279 sociande
787 3233 1105 3284 monstravit
1151 3234 1450 3305 indignum,
1500 3242 1731 3310 legitima
1778 3247 2069 3304 severitate

488 3316 761 3371 dismevit.
810 3320 940 3373 Puto
982 3335 1161 3379 autem
1210 3330 1350 3395 quod
1396 3332 1563 3398 pietas
1595 3345 1703 3399 tua,
1751 3339 2065 3405 qttm‘etiatn

487 3409 597 3458 Suis
649 3414 849 3463 ηιατιιέι
893 3413 1028 3468 vinci
1081 3416 1284 3485 legibus
1332 3438 1488 3490 quam
1538 3428 1718 3494 reniti,
1758 3430 2067 3487 cmlestibns

487 3496 677 3550 debeat
723 3515 909 3568 parere
948 3504 1219 3562 decretis:
1254 3521 1413 3581 atque
1456 3516 1528 3570 ita
1571 3517 1920 3576 humanarum
1963 3522 2063 3579 sibi

485 3604 661 3645 rerum
706 3591 972 3663 fastigium
1007 3602 1217 3655 noverit
1241 3618 1363 3659 esse
1404 3607 1768 3677 commissum,
1800 3622 1857 3667 ut
1887 3624 2062 3670 tamen

484 3695 545 3734 ea
574 3698 691 3751 qua:
718 3685 893 3740 divina
924 3696 1050 3742 sunt
1076 3707 1170 3759 per
1198 3692 1597 3760 dispensatores
1624 3702 1882 3761 divinitus
1904 3708 2061 3762 attri-

482 3771 639 3825 butos
665 3776 1003 3846 percipienda
1036 3798 1139 3836 non
1164 3786 1414 3855 ambigat.
1432 3788 1565 3845 Puto
1591 3794 1731 3861 quod
1764 3796 1917 3851 vobis
1943 3799 2060 3855 sine

482 3864 584 3917 ulla
611 3865 939 3923 dubitatione
959 3872 1029 3924 sit
1061 3875 1215 3940 utile,
1243 3879 1287 3931 si
1312 3879 1603 3937 Ecclesiam
1629 3888 1942 3945 catholicam
1961 3908 2054 3948 ve-

480 3955 573 4007 stri
610 3965 848 4024 tempere
878 3961 1210 4032 principatus
1238 3968 1425 4026 sinatis
1444 3976 1517 4028 uti
1547 3976 1749 4047 legibus
1776 3981 1925 4047 suis;
1958 3999 2057 4040 nec

480 4046 709 4100 libertati
751 4049 866 4118 ejus
912 4069 1232 4125 quemquam
1277 4065 2054 4142 permittatisobsistere,qua2

476 4138 625 4206 regni
657 4140 806 4195 vobis
831 4146 1065 4200 restitut
1084 4156 1655 4217 potestatem.Certum
1683 4172 1761 4214 est
1785 4165 1927 4219 enim
1951 4166 2053 4222 hoc

474 4231 637 4285 rebus
680 4236 873 4289 vestris
905 4252 1024 4292 esse
1067 4242 1319 4311 salutare,
1362 4256 1416 4299 ut
1462 4264 1580 4303 cum
1628 4252 1695 4306 de
1734 4256 1907 4309 causis
1956 4259 2048 4314 Dei

474 4327 668 4393 agitur,
701 4338 754 4381 et
778 4329 925 4398 juxta
961 4333 1123 4402 ip~ius
1165 4339 1529 4407 consdtutum,
1576 4346 1774 4415 regiam
1805 4349 2050 4406 volunta-

474 4424 577 4469 tem
611 4422 976 4477 sacerdotibus
1002 4424 1199 4481 Christi
1222 4430 1480 4488 studeatis
1500 4434 1753 4505 subdere,
1778 4456 1882 4497 non
1906 4458 2045 4511 pra:-

470 4505 633 4575 ferre,
683 4521 738 4564 et
783 4527 1117 4572 saerosatnta
1170 4535 1263 4590 per
1304 4537 1488 4578 eorum
1535 4534 1788 4596 praesnles
1834 4532 2043 4592 discere

470 4600 643 4665 potius
684 4619 843 4671 quam
889 4609 1109 4676 docere;
1152 4613 1403 4670 Ecclesia:
1444 4617 1667 4675 formam
1714 4626 1885 4695 si-qui,
1935 4642 2041 4682 non

470 4688 593 4742 huic
623 4689 926 4750 humanitus
954 4703 1220 4770 sequenda
1237 4705 1358 4775 jura
1391 4710 1695 4779 prmiigere;
1728 4730 1900 4784 neque
1924 4716 2040 4786 ejus

470 4782 830 4839 sanctionibus
860 4790 998 4845 velle
1026 4792 1309 4865 dominari,
1340 4801 1422 4852 cui
1457 4800 1596 4855 Deus
1618 4804 1783 4859 voluit
1803 4808 2037 4864 elemen-

469 4874 592 4926 tiam
624 4884 764 4929 luam
798 4878 898 4946 pia:
924 4881 1222 4941 devotionis
1265 4890 1398 4943 colla
1428 4892 1740 4951 submittere
1770 4915 1781 4950 :
1815 4915 1882 4955 ne
1908 4899 2034 4958 dum

465 4979 709 5020 mensura
727 4970 959 5024 caelestis
982 4972 1344 5043 dispositionis
1361 4984 1655 5053 exceditnr,
1676 4997 1825 5043 eatur
1841 4990 1892 5044 in
1910 5007 2037 5048 con-

464 5055 733 5110 tumeliam
765 5058 1118 5130 disponentis.
1136 5067 1199 5122 Et
1220 5084 1284 5124 ex
1310 5070 1408 5127 ltoc
1434 5076 1645 5144 quidem
1673 5080 1740 5135 de
1764 5081 1846 5136 his
1862 5086 2036 5139 omni-

462 5145 559 5200 bus
588 5154 964 5210 conscientiam
990 5172 1158 5213 meam
1187 5174 1310 5217 ante
1333 5168 1558 5224 tribunal
1581 5173 1777 5229 Christi
1813 5191 2031 5235 causam

459 5239 699 5296 dicturus
741 5246 977 5302 absolvo.
1023 5250 1226 5309 Vestrae
1270 5261 1461 5313 mentis
1494 5261 1733 5321 intererit
1763 5272 1932 5339 magis
1968 5288 2032 5328 ac

457 5333 625 5399 magis
667 5335 902 5401 cogitare
944 5347 997 5392 et
1046 5339 1096 5394 in
1143 5358 1317 5398 rerum
1365 5353 1702 5415 prtesentium
1743 5365 1883 5413 statu
1927 5363 2029 5417 sub

454 5417 632 5475 divina
678 5440 774 5479 nos
810 5430 1201 5488 examinatione
1244 5439 1555 5510 subsistere,
1601 5462 1663 5502 ac
1703 5461 1820 5518 post
1866 5451 2025 5521 hujus

453 5507 574 5563 vita:
603 5527 815 5570 cuisum
846 5518 911 5574 ad
937 5521 1175 5580 divinum
1206 5540 1596 5597 consequenter
1622 5549 1874 5597 ventur-os
1900 5560 2020 5605 esse

519 5685 541 5709 υ
587 5675 821 5744 Depositi
845 5683 929 5738 die
952 5685 1020 5740 23
1050 5687 1172 5744 Julii
1202 5690 1324 5744 483.

2209 490 2407 547 Christi
2437 496 2597 564 484),
2631 500 2893 559 Venantio
2916 506 2978 561 V.
3008 506 3069 566 (ἶ.
3090 513 3337 568 consule.

2772 654 3099 715 EPISTULA
3144 659 3212 717 X.

2205 789 2405 831 FELICIS
2442 794 2501 834 Ill
2540 797 2687 839 PAPE
2726 802 2793 842 AD
2829 805 3038 846 ειειιωι
3090 811 3157 849 ΕΤ
3205 814 3410 856 Ριειιει
3459 819 3769 867 οοκςτικτι-

2799 875 3166 919 ΝΟΡΟΜΤΔΝΛΙ
3180 909 3195 924 .

2205 978 2589 1082 NeAlttrlrenlur
2627 991 2689 1082 on
2719 996 3184 1082 prmvaricationem
3208 1004 3513 1082 legatorum,
3546 1024 3696 1082 atque
3726 1030 3774 1071 ut

3209 1053 3247 1057 ν,
3309 1053 3491 1062 ν--.
3546 1053 3591 1065 ...
3726 1053 3769 1071 ..ι

2273 1053 2450 1172 :carii
2495 1074 2528 1110 a
2582 1053 3032 1132 sede'apastolica
3084 1053 3317 1129 ἀθηνιιῖιὶ
3372 1053 3773 1142 communionem

2310 1135 2509 1172 evitent-

2310 1135 2509 1179 evitent.

2276 1256 2424 1312 Felix
2465 1262 2611 1319 clero
2658 1276 2713 1321 et
2762 1268 2903 1339 plebi
2953 1276 3273 1335 ortltodoxis
3318 1284 3773 1364 Constantinopoli

2200 1350 2503 1408 constitutis
2524 1355 2885 1418 dilectissimis
2908 1365 3031 1419 ﬁliis
3057 1371 3304 1429 salutem.

2273 1438 2556 1500 l’robatam
2593 1458 2800 1507 cunctis
2841 1464 3032 1510 vcstrze
3078 1460 3199 1517 lidei
3242 1466 3544 1526 firmitatem
3597 1475 3773 1532 V’italis

2198 1537 2359 1599 atque
2386 1535 2571 1591 Miseni
2606 1554 2709 1596 non
2739 1543 3184 1607 irrationabiliter
3207 1559 3492 1625 opinamur
3521 1574 3773 1634 prtevart-

2197 1622 2410 1679 catione
2449 1630 2716 1684 turbatam
2754 1650 2768 1687 :
2803 1636 2894 1702 qui
2942 1643 3189 1700 universa
3228 1622 3346 1718 qua:
3388 1651 3491 1707 illis
3522 1622 3769 1712 'maudata

2198 1722 2343 1781 sunt,
2390 1731 2494 1773 non
2542 1730 2748 1779 tantum
2789 1729 3129 1802 negligenda,
3171 1754 3355 1796 verum
3403 1748 3565 1801 etiam
3613 1752 3770 1821 impu-

2198 1807 2431 1878 gnanda,
2485 1810 2721 1869 fecerunt
2775 1829 2833 1875 ut
2888 1822 3124 1882 Ecclesia
3178 1831 3415 1891 Romana
3469 1850 3771 1902 consentire

2194 1896 2457 1955 danmatis
2499 1902 2764 1964 haereticis
2808 1914 3151 1987 crederetur;
3186 1928 3399 1994 quando
3427 1944 3615 1988 contra
3647 1951 3769 1993 νυμ-

2194 1994 2302 2041 tum
2333 1990 2413 2045 his
2443 1993 2532 2061 qui
2560 2010 2587 2048 a
2616 1996 2773 2054 Petro
2816 2002 2907 2057 illo
2940 1990 3512 2087 [Mangolhazreticm
3556 1990 3769 2093 parrici-

2190 2078 2376 2134 darum
2407 2084 2577 2153 socio,
2610 2088 2737 2143 olim
2756 2091 3005 2164 justeque
3033 2078 3261 2170 dejec-to,
3288 2116 3341 2162 et
3363 2078 3523 2168 toties
3547 2078 3769 2174 anathe-

2189 2174 2460 2243 matizato,
2510 2176 2722 2245 directi,
2769 2193 2933 2254 atque
2979 2190 3048 2245 ab
3095 2193 3293 2251 Acacio
3340 2206 3578 2274 suscepti
3620 2220 3767 2275 sunt,

2189 2275 2495 2323 nostrorum
2551 2270 2892 2333 immemores
2941 2285 3333 2357 mandatorum,
3375 2301 3767 2357 communicare

2189 2360 2422 2415 convicti
2458 2374 2600 2428 sunt,
2653 2368 2795 2424 nulla
2839 2378 3228 2436 contestatione
3271 2388 3569 2454 prmmissa,
3616 2411 3765 2461 quant

2185 2456 2384 2518 tamen,
2432 2454 2571 2509 sicut
2612 2456 2693 2511 bis
2738 2474 3060 2533 praeceptum
3101 2468 3294 2540 fuerat,
3343 2478 3531 2549 religio
3584 2454 3765 2540 vestras

2181 2542 2485 2597 sanctitatis
2511 2547 2749 2614 audiret;
2798 2564 3083 2626 actumque
3112 2572 3196 2616 est
3223 2573 3298 2629 ut,
3330 2542 3491 2624 sicuti
3520 2575 3761 2641 praediti-

2182 2645 2321 2698 mus,
2364 2632 2617 2692 excessus
2659 2639 2866 2698 illorum
2912 2658 3096 2704 noster
3135 2654 3449 2714 crederetur
3490 2678 3762 2721 assensus.

2181 2721 2327 2789 Quos
2353 2734 2407 2779 et
2432 2728 2708 2787 ordinibus
2736 2735 2865 2801 suis,
2899 2747 2952 2792 et
2981 2746 3283 2800 veneranda
3322 2749 3486 2806 divini
3521 2761 3762 2826 mysteiii

2180 2819 2525 2887 perceptione
2550 2824 2895 2890 privavimus.
2915 2829 3103 2888 Nullus
3129 2850 3257 2906 ergo
3280 2851 3513 2898 vestrum
3541 2863 3644 2916 per
3666 2854 3762 2905 tale

2176 2909 2520 2966 commissum
2562 2915 2631 2968 sit
2681 2917 2964 2977 immemor
3008 2929 3109 2989 sui,
3162 2945 3260 2985 nec
3298 2948 3396 2989 nos
3438 2941 3673 2996 mstimet
3710 2945 3759 2997 in

2175 3003 2485 3064 apostolica:
2517 3009 2816 3065 traditionis
2843 3012 3154 3075 defensione
3181 3022 3595 3104 deficere,qu_os
3619 3037 3758 3092 videt

2177 3090 2298 3145 lidei
2322 3098 2702 3154 contumeliam
2728 3103 2777 3157 in
2799 3107 3098 3172 proditores
3114 3122 3165 3166 et
3182 3117 3416 3183 perditos
3431 3098 3756 3184 vindicasse.

2173 3181 2323 3237 Scire
2367 3200 2460 3241 vos
2491 3203 2701 3260 quoque
2732 3194 2907 3251 decuit
2936 3200 3117 3256 Acacii
3162 3181 3430 3274 quondam
3463 3221 3489 3250 ι
3518 3181 3753 3287 episcopi

2173 3273 2483 3331 varietatem
2515 3280 3038 3358 ineonstantiamque
3067 3293 3352 3353 detectam.
3385 3303 3485 3369 Qui
3525 3320 3653 3362 cum
3690 3311 3753 3363 de

2172 3362 2330 3418 Petro
2360 3367 2488 3431 isto,
2512 3371 2651 3426 sicut
2675 3377 2924 3442 probatur
2944 3382 3189 3452 adnexis,
3218 3404 3324 3442 non
3357 3390 3576 3450 ferenda
3607 3410 3753 3453 retu.

2171 3452 2315 3521 lerit,
2346 3466 2505 3527 atque
2536 3462 2661 3517 olim
2690 3465 2887 3521 dixerit
2917 3470 3082 3529 fuisse
3110 3476 3440 3547 damnatum,
3475 3501 3574 3554 per
3607 3490 3751 3560 lego.

2169 3553 2250 3599 tos
2277 3559 2490 3605 nostros
2519 3555 2698 3609 multis
2727 3559 2973 3617 laudibus
3012 3579 3346 3637 prosecutus,
3379 3586 3570 3633 contra
3625 3600 3747 3637 con-

2163 3637 2621 3742 scientiam‘lecit,
2666 3659 2840 3703 utrum
2882 3652 2930 3706 ei
2967 3657 3253 3728 quidquam
3282 3667 3612 3725 credendum
3656 3677 3746 3742 sit,

2984 3718 2993 3722 -
3114 3718 3128 3728 .
3354 3718 3365 3719 κ
3656 3718 3746 3742 vn.

2162 3739 2351 3783 omnes
2374 3718 2461 3800 qui
2496 3734 2741 3793 timorem
2772 3741 2865 3797 Dei
2898 3756 3023 3802 ante
3048 3752 3232 3806 oculos
3252 3760 3587 3817 constituunt
3606 3765 3746 3834 judi-

2134 3816 2378 3873 .Cabttnt.
2426 3823 2732 3882 Alienarum
2782 3846 2994 3903 quoque
3044 3841 3435 3906 provinciarum
3476 3852 3582 3907 sibi
3606 3816 3740 3924 'jnia

2159 3907 2485 3981 defendens,
2531 3928 2838 3976 sanctorum
2880 3936 3237 3986 trecentorum
3281 3935 3466 3994 decem
3517 3954 3571 3997 ct
3618 3960 3741 4001 octo

2158 3996 2374 4056 Patrum
2408 4019 2645 4063 canones
2684 4011 2986 4071 illicitarum
3018 4020 3116 4075 sibi
3154 4025 3554 4087 ordinationum
3597 4052 3739 4105 pra:-

2154 4100 2397 4161 sumptor
2429 4110 2504 4148 est
2530 4110 2753 4157 conatus
2782 4117 3042 4164 evertere.
3078 4114 3312 4180 Quorum
3345 4120 3506 4177 etiam
3535 4127 3605 4181 ob
3636 4128 3737 4183 hoc

2153 4181 2395 4247 subiacet
2440 4186 2657 4255 ultioni;
2706 4209 2805 4248 nec
2853 4196 3147 4271 Romanae,
3203 4206 3252 4260 id
3301 4220 3380 4264 est
3422 4218 3735 4280 apostolica!

2151 4271 2315 4336 sedis,
2351 4292 2451 4346 qua
2475 4292 2534 4334 se
2564 4282 2675 4350 ipse
2706 4286 2948 4358 privavit,
2980 4300 3355 4357 communione
3371 4303 3480 4371 jam
3512 4311 3731 4377 gaudet.

2151 4361 2376 4429 Quando
2406 4369 2545 4425 Petri
2582 4373 2998 4446 Eutycbianista:
3038 4388 3217 4442 sncius
3248 4401 3299 4444 et
3327 4361 3612 4466 suseepior
3638 4416 3733 4469 ap-

2071 4467 2364 4555 Dparens,
2419 4460 2775 4523 damnationis
2823 4471 2939 4538 ejus
2985 4488 3045 4531 se
3098 4482 3408 4550 participem
3451 4460 3728 4543 indicavit.

2151 4543 2319 4609 Quem
2352 4564 2534 4606 neStra
2565 4572 2776 4627 quoque
2804 4567 3067 4620 sententia
3100 4571 3377 4627 ministerii
3406 4576 3731 4647 episcopalis
3795 4644 3799 4648 ,

2149 4638 2346 4707 ollicio,
2379 4652 2433 4697 et
2460 4656 2641 4702 saneta
2663 4658 3060 4723 communione,
3082 4671 3366 4733 vestroque
3390 4683 3641 4740 numero,
3680 4676 3730 4727 id

2146 4736 2232 4783 est
2258 4731 2587 4803 Christiano,
2622 4739 2879 4809 judicavit
2918 4749 3180 4819 alienum,
3212 4754 3350 4811 sicut
3379 4762 3649 4828 reperitur
3676 4766 3730 4819 in

2146 4820 2388 4879 adnexis.
2431 4829 2566 4883 Filio
2608 4841 2786 4888 autem
2833 4848 3018 4895 nostro
3060 4842 3331 4901 Salomoni
3382 4820 3728 4922 presbytero,

2145 4927 2301 4981 quem
2344 4918 2604 4988 Aeacius,
2653 4935 2709 4980 ut
2753 4928 2987 4996 placeret
3029 4936 3313 5005 ltmreticis,
3362 4956 3460 4995 suo
3509 4947 3732 5013 privare

2139 5008 2346 5073 putavit
2391 5014 2579 5083 gradu,
2636 5021 2859 5085 gradum
2908 5028 3180 5095 proprium
3231 5035 3492 5089 sententia
3541 5051 3727 5093 vestra

2137 5112 2439 5167 conservet,
2477 5107 2556 5160 vel
2583 5123 2770 5165 omnes
2795 5115 2883 5183 qui
2914 5115 3050 5173 forte
3077 5136 3103 5171 a
3136 5135 3428 5178 memorato
3456 5130 3726 5197 propulsi,

2136 5188 2190 5244 in
2231 5192 2360 5249 locis
2399 5196 2512 5251 suis
2539 5207 2593 5253 et
2625 5196 2676 5254 in
2709 5213 2889 5259 nostra
2921 5213 3295 5267 communione
3337 5232 3554 5272 manere
3586 5238 3726 5288 pro-

2136 5284 2363 5339 nuntiet.
2395 5285 2650 5354 Quamvis
2677 5302 2855 5349 autem
2892 5299 3068 5354 zelum
3106 5312 3298 5359 vestra:
3338 5308 3458 5362 lidei
3505 5319 3725 5367 noveri-

2134 5389 2273 5442 mus,
2314 5394 2593 5437 monemns
2628 5391 2804 5440 tamen
2844 5398 2898 5441 ιιι
2934 5404 3122 5448 omnes
3160 5396 3249 5462 qui
3280 5396 3556 5455 catltolicm
3587 5403 3724 5459 lidei

2133 5466 2317 5523 volunt
2338 5485 2459 5525 esse
2489 5472 2796 5543 participes,
2819 5478 2889 5533 ab
2909 5480 3051 5536 illius
3072 5498 3132 5540 se
3150 5489 3526 5545 communione
3543 5491 3723 5549 absti-

2133 5569 2313 5627 nezint,
2345 5575 2432 5625 ne,
2464 5563 2603 5632 quod
2634 5565 2794 5635 absit,
2820 5570 2983 5628 simili
3015 5575 3324 5645 subjaceant
3354 5580 3561 5636 ultioni.

3546 5708 3576 5727 \-
