4046 6188
313 423 415 484 9H

1525 427 1879 482 El‘iSTOLJ‘I
1923 427 2009 482 ΕΤ
2055 427 2370 482 DECRl-LTA

3493 428 3597 482 952

312 558 434 598 rum
456 541 830 612 querimoniis,
860 542 1026 596 multo
1069 540 1236 607 magis
1273 542 1616 594 cium-nituit.
1647 541 1776 608 Qum
1807 558 1900 594 au-
1936 554 1984 605 Α
2015 561 2117 598 non
2144 555 2320 598 tamen
2349 551 2633 609 antequam
2661 545 2716 599 in
2741 558 2860 596 eum
2891 542 3404 598 codicemiusertum
3428 557 3548 597 csse
3576 587 3592 608 ,

310 611 754 683 getur’suspiciu,
783 627 904 667 cum
925 612 1163 681 ejusdem
1188 611 1428 683 cpistnlze
1452 613 1628 679 plures
1657 613 1756 665 loci
1781 613 1903 666 huic

315 681 542 745 nostrai,
569 681 690 750 quae
733 698 800 738 ex
837 691 949 736 toto
976 691 1230 738 contextu
1271 681 1432 736 Felii-i
1475 685 1756 747 asseritur,
1798 695 1903 736 tam

313 754 524 809 similes
548 755 657 808 sint
677 769 836 822 quam
856 753 946 823 qui
976 754 1224 806 maxime.

392 826 589 879 Verum
623 820 825 892 majora
845 820 1414 892 eiursectemunatque
1437 820 1497 872 rd
1529 831 1811 874 irai-talum
1842 822 1908 872 de

317 896 680 950 Anathetnate
708 891 804 948 nos
835 896 1196 948 conferamus.
1230 891 1566 945 Conveniunt
1594 893 1645 944 in
1671 895 1771 946 hoc
1796 904 1905 944 tum

316 967 586 1020 editiones
616 979 826 1028 omnes,
857 974 965 1018 tum
992 979 1090 1016 ms.
1125 973 1333 1023 noster;
1365 963 1539 1014 varias
1556 963 1696 1014 enim
1722 963 1903 1017 lectio-

320 1050 440 1100 nes,
473 1049 607 1102 quas
632 1035 697 1088 ad
742 1036 1035 1101 marginem
1086 1034 1352 1087 recensuit
1389 1033 1732 1097 Qttcsnellus,
1766 1044 1820 1086 et
1858 1033 1908 1086 in

317 1106 514 1175 quibus
541 1107 714 1160 codex
743 1105 811 1158 ad
857 1103 1169 1158 Labbeanas
1196 1103 1362 1175 magis
1392 1103 1618 1167 accedit,
1640 1120 1765 1175 _non
1806 1120 1913 1156 ma-

317 1173 575 1244 gnifacio,
626 1175 716 1228 ubi
775 1183 922 1228 tanto
962 1175 1166 1243 potiora
1213 1173 1688 1244 animadvertenda
1733 1185 1908 1226 erant.

319 1243 541 1300 Scilicet
562 1246 819 1312 scriptum
851 1245 1014 1308 istud,
1045 1254 1250 1309 autego
1283 1243 1458 1306 fallor,
1483 1254 1575 1296 aut
1597 1245 1726 1296 nihil
1747 1245 1857 1297 fern
1883 1261 1913 1297 e

320 1317 593 1378 estaliud,
623 1332 783 1384 quam
806 1330 964 1370 cen'o
986 1330 1049 1368 ex
1077 1314 1304 1368 diversis
1333 1314 1646 1380 fragmentis
1677 1315 1914 1367 librario-

320 1403 440 1440 rum
471 1388 602 1440 vitio
628 1396 930 1441 cootextus.
953 1385 1345 1439 Prtetnittamus
1367 1399 1432 1438 eo
1449 1385 1519 1436 dit
1535 1385 1601 1449 igi
1628 1394 1910 1438 tractatum

321 1458 468 1510 hunc
507 1468 563 1508 ut
599 1457 688 1509 illa
717 1457 882 1510 verba
919 1456 1319 1522 explicarentur
1349 1471 1412 1507 ac
1456 1465 1813 1522 purgareutur
1859 1458 1911 1508 in

322 1528 501 1581 Acacii
533 1527 876 1580 damnatiOne
917 1526 1144 1594 prolata,
1180 1541 1535 1593 nunquamque
1577 1524 1915 1579 anatlteniatis

323 1597 543 1650 uinculis
569 1598 848 1650 exucndus.
874 1599 940 1650 At
972 1598 1070 1648 hoc
1094 1605 1350 1663 prinstare
1374 1595 1529 1663 longe
1559 1596 1726 1663 magis
1752 1595 1911 1648 Felici

321 1669 674 1735 congruebat,
717 1667 872 1735 cujus
917 1682 978 1720 ea
1016 1668 1178 1720 verba
1229 1665 1457 1727 fuerant,
1499 1681 1655 1731 quam
1701 1667 1914 1720 Gelasio

326 1751 404 1791 tot
431 1739 590 1791 annis
619 1742 728 1802 jam
759 1737 960 1807 elapsis
985 1753 998 1788 :
1031 1738 1158 1805 quin
1184 1737 1447 1807 superﬂua
1476 1735 1662 1807 fuisset
1692 1737 1913 1789 omnino

323 1809 440 1862 luce
470 1809 672 1862 Gelasii
696 1805 1148 1876 cura,'postquatn
1182 1805 1325 1860 Felix
1355 1810 1466 1872 ipse
1493 1806 1703 1860 abunde
1726 1807 1776 1860 in
1796 1807 1909 1874 epi-

323 1881 460 1932 stola
492 1895 651 1948 quam
676 1894 816 1932 nunc
843 1878 1052 1932 edimus
1083 1878 1132 1929 id
1153 1877 1261 1948 jam
1296 1877 1632 1944 praestiterat.
1658 1877 1784 1942 Quis
1816 1893 1912 1930 au-

325 1960 434 2002 tem
469 1946 657 2002 credat
703 1951 970 2002 Gelasium
1005 1949 1142 2000 hanc
1184 1946 1550 2000 defensionem
1599 1948 1911 2012 adornasse,

323 2039 391 2070 me
425 2022 507 2071 val
535 2021 754 2072 dssimo
776 2028 1091 2087 argumento
1125 2033 1392 2085 nunquam
1419 2019 1676 2081 adducto;
1711 2017 1917 2071 scilicet

326 2092 380 2146 iu
413 2091 633 2144 dubium
672 2092 908 2143 revocari
933 2104 1037 2141 non
1070 2102 1228 2157 posse
1255 2090 1380 2156 quin
1413 2102 1599 2141 eorum
1631 2089 1914 2142 verborum

327 2163 374 2214 is
397 2178 525 2214 vere
552 2174 742 2214 sensus
767 2160 972 2225 fuiSsel,
1008 2156 1126 2212 eum
1163 2156 1304 2212 Felix
1332 2159 1462 2226 ipse,
1489 2159 1578 2226 qui
1605 2161 1916 2225 pronuntia-

327 2240 501 2298 verat,
547 2231 617 2283 ita
666 2231 953 2285 docuisset.
999 2229 1126 2295 Quis
1155 2228 1338 2282 credat
1374 2244 1402 2280 a
1457 2227 1668 2282 Gelasio
1697 2230 1912 2282 eosdem

327 2317 496 2355 Sacra:
533 2301 833 2370 Scriptura:
865 2301 1012 2354 locus
1052 2299 1103 2352 in
1135 2299 1384 2370 eumdem
1432 2298 1592 2352 tinem
1623 2300 1911 2368 adhibitus,

331 2373 476 2425 nulla
507 2369 739 2439 unquam
776 2370 964 2425 Felicis
996 2369 1268 2424 mentione
1304 2370 1475 2422 facta?
1500 2370 1691 2436 quibus
1720 2370 1764 2423 si
1795 2386 1914 2423 eas-

328 2442 455 2495 d-un
489 2444 675 2504 ferme,
701 2442 788 2495 ubi
813 2441 982 2511 agitur
1004 2439 1070 2495 de
1091 2441 1352 2494 sententia
1380 2441 1779 2511 resipisccntem
1809 2456 1914 2493 non

329 2516 453 2566 at’tic
477 2524 621 2576 eate,
666 2509 884 2580 adjicias
943 2511 1194 2579 loquendi
1250 2509 1526 2580 formulas,
1567 2520 1917 2579 tenoremque

329 2583 592 2636 orationis
615 2598 674 2636 ac
697 2579 818 2652 styli
845 2596 1061 2653 prorsus
1091 2580 1360 2653 eumdem,
1394 2595 1426 2653 a_
1450 2579 1622 2653 Felice
1651 2580 1764 2634 haec
1786 2596 1917 2653 quo:

331 2669 438 2720 que
466 2658 700 2722 protecta
723 2651 865 2716 esse,
891 2668 994 2706 non
1025 2651 1290 2705 lllllllt'l'ilo
1311 2651 1656 2722 conjectabis.
1682 2655 1750 2704 At
1775 2651 1915 2718 quod

332 2719 507 2791 magis
536 2724 929 2777 observandum
978 2734 1082 2786 est,
1125 2723 1408 2790 abruptum
1456 2719 1613 2789 hujus
1658 2731 1917 2776 tractatus

333 2795 544 2848 initium
575 2794 639 2847 ad
670 2795 786 2864 ejus
816 2802 1186 2864 argumentum
1220 2806 1322 2864 non
1350 2791 1603 2864 pertinet,
1631 2805 1754 2864 cum
1782 2793 1920 2864 frus-

335 2875 450 2920 tum
481 2865 551 2918 sit
585 2862 804 2919 alteras
831 2862 1041 2932 scripti,
1074 2863 1128 2917 in
1157 2878 1261 2931 quo
1284 2863 1349 2915 de
1369 2862 1919 2930 Constantinopolita-

336 2952 422 2991 uis
446 2935 712 3004 episcOpis
745 2937 1018 3004 agebatur,
1057 2935 1313 3004 honorem
1346 2933 1596 3004 secunda:
1632 2935 1776 2986 sedis
1817 2934 1918 3004 sibi

337 3007 712 3075 arragantiltus
749 3003 814 3060 ex
862 3004 1213 3074 quorumdam
1256 3003 1768 3057 Chalcedonensiutu
1823 3003 1923 3058 l’e-

339 3088 482 3130 truut
498 3078 734 3139 decreto,
753 3077 821 3130 de
839 3091 967 3145 quo,
986 3076 1111 3145 dum
1129 3075 1241 3128 lucc
1268 3075 1495 3145 meditor
1511 3081 1669 3145 atque
1692 3075 1918 3142 adorno,

341 3162 516 3201 novus
548 3147 615 3199 ad
651 3161 735 3200 me
762 3143 966 3216 Aio—ysii
1000 3144 1285 3199 Andruccii
1318 3143 1548 3198 mittitur
1595 3143 1731 3198 liber
1761 3147 1921 3200 verba

341 3217 564 3271 ficiens.
598 3217 744 3270 lianc
785 3217 1059 3271 materiam
1094 3219 1262 3284 prima
1296 3217 1542 3269 columna
1584 3217 1923 3283 prosequitur

2012 616 2308 682 iuteiligere
2339 627 2561 668 necesse
2588 623 2688 666 est.
2722 613 2829 668 Sed
2861 615 2985 666 illud
3019 615 3237 682 insuper
3259 614 3612 668 anitnadvcrm

2010 685 2251 746 tendum,
2287 684 2429 736 illam
2472 699 2738 736 canonum
2780 684 3149 737 collectionem
3194 684 3456 753 ejusmodi
3500 702 3599 738 noe-

2014 757 2156 808 iuine
2187 754 2245 809 S.
2281 753 2474 808 LeOuis
2497 755 2760 807 cilttorem
2780 769 2843 807 ex
2875 755 3310 821 pmpriojudicio
3333 755 3592 816 donasse;

2017 841 2191 890 neque
2242 826 2292 877 iit
2337 831 2437 876 ltOC
2466 824 2743 878 doctorum
2783 824 3023 877 calculos
3075 826 3305 877 laturum
3352 826 3599 893 profecto

2014 898 2293 950 universos
2323 893 2365 947 si
2402 895 2757 963 cottigautur:
2793 899 2955 947 inuita
2987 894 3130 948 enim
3163 907 3288 948 sunt
3318 911 3436 963 qua:
3469 910 3599 950 eon-

2015 965 2234 1019 trariutn
2260 964 2518 1017 suadeant
2545 980 2607 1019 ac
2635 965 2800 1020 ferme
2824 965 3090 1018 evincunt.

2083 1035 2219 1102 Quid
2265 1040 2331 1089 de
2377 1034 2580 1088 Grzecis
2619 1038 2788 1089 tribus
2825 1035 3016 1088 Felics
3047 1036 3289 1101 episto'is
3331 1034 3595 1097 dicemus,

2013 1123 2147 1170 quas
2169 1105 2417 1175 rejiciunt
2443 1105 2704 1171 Valesius,
2735 1107 3011 1172 l)upinius,
3039 1107 3146 1162 alii.
3187 1108 3414 1173 probant
3435 1106 3596 1171 Cave,

2018 1178 2225 1244 l’agius.
2259 1177 2494 1244 aliique?
2532 1177 2846 1230 Anastasius
2877 1177 3091 1245 quidem
3131 1190 3293 1228 Secun
3317 1183 3420 1230 tam
3455 1176 3603 1230 vide-

2017 1257 2100 1300 tur
2133 1247 2377 1300 laudasse
2405 1247 2458 1300 in
2492 1246 2714 1314 epistola
2749 1249 2904 1314 paulo
2933 1257 3054 1299 ante
3092 1258 3383 1301 int-morata
3411 1265 3425 1301 :
3465 1247 3602 1300 unde

2016 1318 2297 1369 notandum
2319 1319 2454 1382 quod
2485 1317 2735 1369 nonnulla
2765 1333 2878 1385 qua:
2901 1316 3078 1369 Latine
3099 1317 3304 1386 fuertmt
3327 1319 3479 1380 edita,
3505 1316 3602 1369 La-

2017 1389 2187 1440 tinitas
2216 1387 2450 1456 funditus
2479 1389 2613 1439 mole
2642 1387 2907 1440 oblivionis
2930 1389 3106 1438 obruta
3137 1388 3470 1455 diptorasset,
3502 1389 3602 1440 nisi

2016 1475 2077 1511 ea:
2101 1455 2395 1510 Graecorum
2420 1467 2533 1525 post
2556 1461 2694 1526 fame
2714 1458 2957 1510 librorum
2982 1457 3090 1508 Ita‘c
3129 1460 3243 1526 (tau.
3262 1468 3314 1509 ta
3341 1458 3602 1526 sititguudo

2019 1539 2216 1597 pectore
2239 1525 2591 1593 resumpsisset
2616 1544 2634 1592 ;
2663 1528 2792 1580 sicut
2825 1527 3090 1595 epis'otam
3119 1525 3182 1581 Β.
3227 1544 3376 1596 papa:
3411 1525 3556 1580 Fetic
3577 1543 3602 1579 s

2017 1602 2067 1652 in
2098 1598 2302 1651 l’eIrunt
2337 1598 2638 1651 sententiam
2667 1604 3004 1666 proferentem
3045 1599 3415 1650 Antiochenam
3455 1599 3597 1650 dant-

2016 1669 2254 1722 nationis.
2284 1672 2348 1720 At
2370 1669 2717 1734 interpolatas
2750 1668 2937 1722 saltem
2961 1668 3078 1736 quis
3107 1683 3154 1720 ιι⁸
3180 1683 3210 1720 ιι
3235 1670 3446 1720 videat?
3471 1668 3602 1722 'l‘er-

2017 1741 2144 1793 tiam
2180 1739 2467 1806 prmcipue,
2494 1754 2614 1806 qua:
2639 1738 2738 1792 sibi
2763 1754 2868 1792 non
2884 1739 3138 1803 colneret,
3159 1753 3330 1806 neque
3349 1740 3502 1791 titulo
3518 1755 3603 1790 re-

2015 1810 2264 1875 spondet,
2281 1824 2450 1878 neque
2465 1809 2744 1877 principio.
2764 1809 2817 1862 ln
2833 1809 3014 1862 Latina
3037 1809 3228 1878 prioris
3246 1811 3488 1862 versione
3501 1811 3604 1878 syl-

2022 1881 2138 1933 laba
2163 1877 2372 1933 omissa
2401 1881 2650 1932 lueresim
2684 1887 2864 1934 creat:
2898 1879 3158 1932 dividuum
3189 1877 3437 1932 Trinitate
3457 1897 3483 1928 ιι
3503 1896 3517 1942 ;
3538 1877 3603 1936 ut

2020 1949 2258 2014 tuemini,
2283 1964 2522 2002 errorem
2546 1949 2707 2002 alium
2725 1949 2966 2003 hmresim
2984 1965 3063 2016 pat
3080 1950 3178 2002 itt't‘
3193 1953 3334 2002 circa
3364 1951 3603 2002 Trinita-

2019 2029 2125 2075 tem
2149 2021 2345 2082 facere,
2365 2020 2453 2072 ubi
2474 2019 2666 2085 legitur
2681 2019 2747 2073 dc
2764 2019 2918 2082 Filio,
2943 2036 3033 2071 ηδε
3047 2019 3354 2088 genitusest,
3374 2021 3458 2072 ted
3479 2036 3604 2088 pro-

2016 2091 2232 2144 cedens:
2257 2093 2499 2154 iuSpecto
2524 2089 2714 2143 Graeco
2741 2097 2884 2142 textu
2911 2095 3088 2155 plures
3118 2089 3365 2144 facillime
3390 2104 3606 2145 errores

2017 2163 2247 2222 ubstcrgi
2275 2170 2516 2227 possunt,
2543 2173 2675 2226 quos
2692 2172 2755 2212 ea
2778 2159 2844 2213 de
2860 2174 3016 2214 caus‘a
3037 2174 3297 2220 memoro,
3323 2169 3376 2211 ιιι
3401 2162 3452 2213 in
3470 2177 3602 2215 nova

2017 2232 2376 2284 Conciliorum
2407 2231 2722 2285 collectione
2740 2233 3259 2286 anintat_lvert:.nlur.
3297 2230 3444 2284 Multi
3473 2247 3606 2286 sane

2018 2302 2374 2370 cujuscunque
2388 2303 2596 2363 generis
2611 2301 2662 2353 in
2676 2303 2966 2355 anteriores
2981 2301 3240 2354 editiones
3256 2302 3601 2367 irrepserunt,

2018 2387 2242 2438 quorum
2269 2370 2407 2424 haud
2438 2384 2633 2439 paucos
2654 2372 2915 2424 Acaciana
2946 2379 3284 2424 monumenta
3303 2371 3600 2426 inticientes

2020 2445 2072 2496 in
2093 2445 2192 2496 hoc
2210 2443 2472 2511 prommio
2493 2452 2546 2494 et
2568 2443 2618 2494 in
2641 2443 3076 2495 annotationibus
3096 2443 3269 2494 obiter
3280 2441 3600 2495 emendabo.

2093 2515 2160 2566 lis
2191 2527 2317 2581 ergo
2345 2526 2486 2565 nunc
2514 2511 2864 2565 insistendum
2888 2521 2991 2577 est,
3017 2526 3134 2579 quin
3157 2511 3411 2564 Acacium
3436 2514 3601 2580 reSpi-

2019 2583 2183 2637 ciunt.
2209 2583 2402 2636 belasii
2432 2581 2495 2634 ιν
2527 2596 2618 2635 seu
2649 2583 3117 2635 connnonitorium
3146 2583 3212 2634 ad
3243 2582 3514 2645 Faustum,
3548 2586 3600 2638 in

2020 2669 2125 2722 quo
2150 2653 2348 2722 pariter
2365 2668 2485 2706 cum
2508 2654 2664 2705 editis
2681 2653 2944 2705 consentit
2965 2666 3063 2706 ms.
3090 2652 3282 2716 codex,
3307 2666 3413 2705 ιιοιι
3437 2654 3603 2709 multo

2020 2726 2332 2792 depuratius
2349 2733 2465 2776 est:
2492 2724 2552 2774 ad
2579 2723 2783 2776 initium
2807 2724 3054 2776 secunda:
3084 2724 3288 2790 pagina:
3315 2722 3455 2774 labat
3480 2738 3604 2778 crin-

2022 2796 2202 2858 nexio,
2233 2795 2301 2847 ad
2342 2798 2498 2847 tinem
2543 2796 2697 2861 perit.
2735 2794 2814 2846 Ab
2841 2793 2926 2856 iis,
2966 2794 3093 2845 illud
3137 2804 3305 2846 autent
3351 2793 3502 2845 nimis
3531 2804 3604 2847 cst

2021 2864 2315 2932 impudens,
2340 2879 2504 2932 usque
2527 2865 2590 2915 ad
2617 2879 2699 2923 ea,
2727 2867 2776 2916 in
2805 2879 2953 2916 suam
2977 2863 3258 2916 traduceret
3282 2866 3604 2930 prav.'ta.'em,

2023 2936 2232 2990 diversa
2261 2935 2471 2988 videtur
2513 2934 2758 3000 epismla,
2793 2945 2844 2988 et
2887 2935 3100 3002 quidem
3154 2934 3366 2992 Felicis,
3417 2951 3443 2982 a
3499 2951 3606 3003 quo

2024 3004 2429 3060 Andromacltus
2451 3006 2730 3057 instructus
2765 3005 2939 3073 fuerit,
2971 3015 3024 3056 ut
3055 3006 3296 3056 Acacium
3315 3005 3606 3058 cohortare-

2024 3087 2126 3130 tur.
2159 3078 2401 3142 Sequens
2441 3075 2691 3143 periodus
2722 3076 2859 3128 ri-dit
2891 3077 2957 3127 ad
2996 3073 3295 3140 anteriora,
3331 3083 3387 3127 et
3421 3076 3606 3129 subse-

2025 3161 2194 3216 queus
2218 3161 2385 3216 usque
2416 3150 2479 3197 ad
2512 3147 2694 3216 verba,
2738 3146 2855 3198 Non
2885 3156 2957 3197 est
2989 3146 3196 3210 mirum,
3231 3157 3416 3216 rursus
3447 3143 3608 3199 Felici

2027 3215 2326 3272 tribuenda.
2351 3216 2535 3285 Neque
2559 3215 2854 3270 doetissimi
2887 3216 3098 3269 ltaronEi
3125 3216 3322 3269 suflicit
3348 3215 3610 3285 interpre-

341 3304 512 3357 usque
559 3287 626 3341 ad
661 3304 724 3340 ea
757 3305 770 3340 :
816 3286 1074 3340 Peccatori
1096 3278 1334 3348 'homini,
1382 3294 1514 3350 etc.,
1550 3278 1637 3357 ubi
1678 3278 1918 3354 repente,
1949 3278 1996 3341 C
2031 3289 2180 3353 talio,
2206 3299 2262 3340 ut
2288 3278 2480 3355 nempe
2506 3301 2570 3340 ex
2604 3302 2830 3354 persona
2855 3288 3162 3355 apostolica:
3193 3285 3339 3357 sudis
3365 3278 3612 3357 Gela-sius

341 3356 587 3426 quamvis
619 3367 868 3426 tanquam
895 3361 1201 3410 continuata
1236 3357 1548 3420 allerantur,
1589 3356 1639 3409 in
1685 3357 1925 3425 preposi-

343 3441 456 3483 tum
489 3429 673 3492 insilit,
719 3431 924 3482 scilicet
957 3441 1063 3496 quo
1087 3437 1355 3496 perpetua:
1391 3426 1752 3480 damnationis
1801 3441 1922 3480 noa

343 3511 674 3554 icinuvetur.
710 3500 811 3554 Per
856 3508 968 3552 tres
1006 3501 1283 3552 columnas
1323 3497 1462 3550 idem
1501 3499 1692 3564 agitur,
1739 3497 1926 3550 distin-

341 3573 523 3623 ctione
542 3585 702 3638 quam
730 3571 831 3624 col.
860 3568 995 3623 1229
1019 3567 1306 3636 aspicimus
1336 3567 1710 3636 intentpedive
1733 3568 1922 3635 posita.

341 3641 459 3696 Col.
497 3639 625 3694 1251
662 3655 850 3694 versus
883 3644 1066 3693 decem
1105 3653 1384 3708 perperam
1420 3641 1811 3692 interseruntur
1839 3640 1926 3692 in-

340 3713 630 3780 cipientes,
680 3711 828 3777 Quod
863 3712 1005 3763 sedes
1046 3710 1356 3777 apostolica;
1398 3717 1641 3780 spectant
1674 3709 1816 3762 enim
1859 3708 1924 3762 ad

341 3778 606 3848 scriptum
647 3782 723 3841 id.
761 3782 911 3849 cujus
940 3790 994 3834 et
1032 3780 1238 3832 initium
1264 3788 1364 3833 est.
1405 3778 1576 3849 Verbo
1623 3779 1722 3831 Itoc
1761 3790 1926 3832 tamen

340 3853 410 3905 ad
443 3847 1014 3921 :irgumenttittrtedit,
1044 3866 1124 3918 pet
1141 3851 1318 3904 iodutn
1348 3847 1570 3918 Sphingi
1602 3859 1924 3904 reservatam

342 3923 663 3991 subjiciens,
694 3938 811 3990 qua:
842 3935 940 3974 nec
964 3921 1444 3989 manuscriptorum
1467 3934 1569 3991 9pc
1591 3922 1723 3991 satis
1765 3930 1926 3973 resti-

342 3988 548 4046 tuitur:
581 3988 818 4061 procedit
849 4003 1024 4045 tamen
1057 4006 1221 4060 usque
1241 3988 1312 4043 ad
1341 4005 1423 4056 ea,
1451 3988 1600 4061 Quod
1623 3991 1666 4042 si
1694 4006 1799 4043 uec
1823 4002 1930 4042 teu-

341 4076 454 4116 tarc
488 4060 810 4132 formidant:
839 4061 926 4114 tibi
959 4077 1142 4115 rursus
1176 4065 1440 4132 ialerrure
1482 4060 1744 4126 videmur,
1777 4069 1830 4114 et
1861 4077 1925 4116 ex

341 4131 576 4202 abrupto
621 4144 876 4187 tractatus
907 4133 1123 4185 alterius
1167 4131 1520 4202 fragmentum
1560 4132 1788 4200 ingredi,
1821 4146 1926 4200 quo

341 4206 413 4258 ab
460 4206 782 4272 imperatore
831 4204 1041 4256 l’etrutn
1097 4202 1512 4256 Alexandrinum
1552 4202 1759 4256 absolvi
1820 4219 1925 4257 non

343 4280 586 4341 potuisse
615 4274 1031 4328 ostendebatur:
1061 4283 1365 4341 perstatque
1393 4287 1558 4340 usque
1581 4275 1645 4324 ad
1675 4272 1858 4340 linem,
1882 4274 1927 4328 si

343 4359 648 4413 postremas
681 4345 928 4412 periodos
973 4344 1227 4408 excipias,
1260 4358 1378 4410 qua:
1424 4356 1608 4396 rursus
1647 4344 1752 4397 alio
1793 4359 1831 4396 rt
1855 4346 1929 4398 fc-

344 4425 560 4478 runtur,
595 4416 734 4468 ittter
765 4431 822 4469 se
846 4415 1006 4468 etiam
1031 4414 1362 4466 incontiexm.
1397 4413 1522 4467 llaec
1542 4421 1720 4466 autent
1748 4415 1926 4468 omnia

341 4502 374 4536 ει
408 4495 487 4537 tot
519 4485 646 4538 viris
667 4485 1014 4548 doctissimis,
1045 4487 1131 4551 qui
1161 4487 1213 4537 in
1245 4486 1330 4535 bis
1359 4482 1721 4537 monumentis
1747 4484 1829 4538 vel
1871 4495 1930 4539 ut

341 4556 488 4608 eder.
512 4565 590 4622 nt,
617 4557 699 4609 vel
730 4566 790 4610 ut
810 4557 1198 4624 expenderent,
1218 4553 1310 4624 vel
1341 4561 1400 4608 ut
1428 4553 1774 4618 adducerent,
1808 4569 1929 4609 ver-

340 4635 444 4679 s:iti
478 4637 624 4690 sunt,
657 4623 1026 4679 animadversa
1061 4640 1166 4678 non
1207 4623 1392 4689 fuisse,
1423 4624 1775 4694 vehementer
1806 4639 1930 4694 pro-

341 4700 488 4770 tectp
519 4695 707 4770 mirari
734 4695 894 4750 subit.
915 4696 971 4750 S.
1002 4694 1389 4770 Leoniseditor
1415 4704 1471 4770 et
1491 4693 1646 4762 hujus
1663 4693 1930 4770 tractatus

340 4765 502 4831 caput
536 4767 827 4831 invenisse,
858 4775 912 4820 et
933 4767 1084 4819 novis
1104 4765 1420 4834 quibusdam
1459 4765 1800 4832 lectionibus,
1834 4782 1929 4820 no-

342 4853 520 4904 vaque
549 4839 834 4906 partitione
866 4837 1277 4890 reconcinuasse
1317 4851 1376 4890 se
1399 4836 1722 4890 existimavit
1761 4852 1822 4890 ac
1848 4853 1930 4890 re-

339 4905 616 4972 stituisse;
654 4909 935 4977 abruptum
986 4917 1163 4960 tamen
1212 4905 1386 4960 adhuc
1428 4907 1636 4960 initium
1672 4915 1775 4970 est,
1811 4909 1931 4962 linis

341 4979 589 5039 mutilus,
624 4978 840 5031 confusa
873 4977 1040 5031 seties
1067 4989 1224 5046 atque
1253 4978 1555 5030 intermixta
1582 4993 1596 5029 :
1619 4978 1761 5046 quod
1785 4987 1929 5046 pate-

341 5050 446 5109 bit,
484 5061 534 5101 ut
563 5060 712 5118 puto,
749 5050 928 5102 statim
958 5062 1021 5101 ac
1053 5046 1345 5116 fragmenta
1382 5049 1446 5100 ad
1478 5048 1778 5118 disparatas
1805 5063 1932 5102 cau-

342 5132 436 5171 sas
476 5117 772 5188 speCtantia
805 5120 858 5172 in
890 5133 956 5171 eo
991 5118 1254 5171 contineri
1297 5127 1527 5188 constet.
1577 5117 1926 5173 Luxationem

342 5187 653 5257 hujusmodi
679 5189 832 5244 valde
877 5189 944 5242 ab
972 5191 1192 5258 antiquo
1219 5187 1503 5252 aceidisse,
1538 5199 1646 5242 tutu
1678 5203 1710 5242 e
1743 5189 1930 5244 codice

343 5275 506 5328 quem
541 5275 651 5328 pra:
689 5261 935 5314 manibus
975 5259 1253 5322 habemus,
1297 5267 1405 5312 tum
1425 5273 1493 5313 ex
1535 5260 1820 5313 AnaSIasio
1845 5261 1930 5313 Bi-

344 5330 700 5385 bliothecarie
729 5331 939 5383 discere
975 5328 1026 5383 in
1072 5337 1316 5398 promptu
1344 5339 1448 5398 εει,
1480 5329 1571 5396 qui
1610 5329 1661 5382 in
1704 5331 1930 5395 epistola

343 5403 413 5454 ad
433 5400 689 5455 Joannem
715 5403 993 5454 diaconum
1017 5398 1350 5453 Collectaneis
1373 5401 1586 5468 prazlixa
1614 5402 1930 5454 sententiam

342 5473 601 5536 atterens,
633 5489 752 5542 qua:
796 5489 845 5524 in
891 5471 1051 5542 priori
1086 5471 1204 5537 ejus
1244 5471 1451 5538 pagina,
1503 5470 1609 5524 alio
1637 5478 1694 5522 ιιι
1723 5469 1932 5524 videtur

346 5541 684 5611 pertinente,
728 5541 1347 5611 visitur,ﬁ_depromptam
1386 5541 1512 5595 dicit
1561 5557 1624 5595 ca:
1658 5550 1796 5594 tonio
1835 5543 1932 5594 Ge-

343 5609 469 5666 lasii
491 5618 552 5667 de
572 5613 906 5666 unathematis
933 5609 1166 5666 Vincula.
1185 5611 1300 5664 Non
1320 5610 1548 5665 deerunt
1569 5613 1796 5665 fortasse
1816 5613 1930 5679 (μή.

348 5687 452 5739 bus
480 5687 647 5739 durus
679 5686 916 5738 videatur
939 5683 1028 5736 hic
1060 5696 1265 5753 sermo,
1305 5693 1360 5735 ut
1409 5682 1459 5736 in
1488 5683 1803 5736 canonicum
1843 5685 1933 5736 lic-

345 5771 379 5808 e
403 5755 530 5807 esize
574 5757 826 5807 Romani:
854 5754 1092 5807 codicem
1121 5763 1299 5816 centu,
1335 5763 1392 5805 nt
1433 5755 1500 5806 ita
1548 5755 1745 5816 dicam,
1780 5768 1930 5806 rece-

349 5837 476 5895 ptus
510 5829 686 5879 fuerit.
716 5831 778 5879 At
805 5826 1046 5893 quamvis
1080 5835 1477 5895 motntntcntttat
1506 5823 1661 5895 istud
1701 5824 1933 5895 antiqui-

350 5893 438 5950 tus
477 5899 736 5963 luxatuut,
764 5906 820 5949 et
860 5913 889 5948 ιι
932 5894 1160 5950 librariis
1207 5894 1345 5949 male
1395 5893 1631 5949 habitum
1677 5893 1926 5961 dixerint,

2028 3359 2314 3428 loquatur:
2361 3358 2447 3411 illa
2477 3357 2658 3428 enim:
2688 3359 2826 3426 quod
2862 3359 2955 3421 ait,
2984 3358 3029 3428 si
3075 3371 3277 3410 necesse
3313 3356 3489 3425 fuerit,
3529 3372 3611 3410 ve-

2026 3427 2165 3480 niam
2209 3429 2508 3496 postulare;
2544 3427 2842 3479 exisfimans
2882 3427 3123 3478 nimirum
3166 3437 3287 3478 tunc
3327 3442 3380 3477 se
3416 3431 3612 3494 peccati

2026 3500 2220 3551 veniam
2251 3499 2531 3550 necessario
2561 3499 2838 3565 postulare,
2865 3497 2909 3548 si
2939 3497 2985 3547 ei
3007 3496 3370 3561 concedamus,
3402 3511 3466 3549 ne
3489 3512 3612 3566 pec-

2024 3584 2140 3620 care
2163 3567 2410 3622 desistat:
2432 3569 2682 3621 Aeaeium
2710 3566 2887 3620 adhuc
2909 3569 3008 3618 hac
3028 3580 3155 3618 aura
3176 3576 3476 3619 vescentem
3501 3582 3612 3618 ma-

2026 3639 2220 3693 nifesto
2241 3637 2550 3692 ostendunt.
2589 3635 2721 3690 Cum
2749 3635 2950 3690 Graecis
2981 3636 3195 3700 deinde,
3223 3635 3324 3689 etsi
3366 3637 3608 3702 confuse,

2028 3711 2219 3762 iterum
2247 3725 2335 3762 res
2362 3717 2476 3772 est;
2509 3717 2563 3759 at
2603 3722 2666 3760 ea
2701 3710 2752 3760 in
2790 3707 2914 3772 line,
2960 3721 3119 3774 neque
3157 3707 3312 3772 plane
3349 3722 3465 3759 cum
3502 3709 3613 3760 istis

2026 3795 2128 3832 non
2164 3778 2777 3849 corrigentibusineunda
2807 3794 2881 3830 τοι
2905 3778 3117 3849 gressio,
3152 3779 3215 3829 ad
3243 3791 3403 3845 supra
3438 3777 3613 3847 posita

2027 3848 2353 3916 referuntur,
2396 3849 2538 3902 nobis
2568 3851 2768 3901 nultum
2813 3853 2892 3914 [as
2927 3857 3000 3901 est
3039 3848 3172 3900 inire
3208 3862 3462 3903 certamen
3497 3864 3613 3902 cum

2026 3920 2317 3974 hominibus
2359 3919 2729 3972 communionis
2763 3920 2962 3973 alienis.
2997 3919 3206 3973 Nullam
3250 3935 3298 3972 ιιι
3345 3919 3427 3973 his
3459 3921 3614 3973 nobis

2027 3991 2200 4045 lucem
2233 3990 2464 4060 prmtulit
2493 3991 2626 4043 liber
2650 4001 2853 4052 noster,
2882 4005 3000 4044 cum
3025 3991 3182 4043 editis
3208 3990 3348 4060 mire
3379 4006 3612 4044 consen-

2030 4061 2188 4125 licns,
2229 4059 2326 4114 nisi
2365 4074 2430 4114 eo
2463 4060 2603 4121 loco,
2641 4061 2730 4113 ubi
2768 4064 2817 4113 ιιι
2857 4069 3099 4114 extremo
3134 4059 3357 4121 Vulgata:
3408 4061 3612 4128 pagina:

2031 4131 2168 4186 H68
2197 4146 2386 4186 Sensus
2413 4139 2496 4184 e-t
2527 4131 2724 4183 uultus.
2760 4131 2974 4200 Legitur
2995 4145 3060 4181 au
3087 4145 3170 4183 eat
3197 4130 3246 4181 itt
3274 4131 3460 4183 codtce
3484 4147 3497 4181 :
3524 4147 3614 4182 nec

2031 4203 2184 4267 novit,
2215 4211 2304 4255 aut
2334 4217 2385 4255 sc
2416 4217 2562 4254 nosse
2597 4199 2906 4265 d«ssimutat,
2946 4215 3033 4265 per
3059 4213 3379 4251 numerosam
3414 4209 3614 4252 senten-

2031 4275 2153 4325 tiam
2183 4276 2525 4334 sacerdotum,
2553 4285 2684 4335 ete.;
2715 4272 2799 4325 cui
2825 4271 3104 4325 sententia:
3147 4284 3189 4322 St
3226 4269 3444 4322 νει-ιω...
3491 4285 3613 4324 con-

2029 4353 2131 4395 stat
2157 4346 2363 4406 demas,
2397 4357 2473 4397 vei
2526 4343 2837 4410 particulam
2869 4351 2921 4395 ut
2948 4340 3134 4405 addas,
3168 4341 3342 4392 locum
3390 4338 3613 4394 habebis

2031 4413 2239 4480 integre
2267 4425 2320 4467 et
2349 4423 2643 4468 mutatione
2685 4428 2843 4483 quam
2884 4414 3102 4466 minima
3143 4411 3466 4464 restitutum.
3501 4411 3610 4465 Sed

2033 4484 2100 4537 tle
2126 4485 2208 4537 his
2237 4486 2391 4538 satis.

2103 4554 2383 4621 Temporis
2433 4569 2645 4618 n0'am,
2697 4568 2804 4623 quo
2850 4551 3130 4621 epistolam
3183 4550 3320 4605 hanc
3351 4549 3512 4623 Felix
3545 4551 3614 4608 ΙΙΙ

1957 4640 2010 4701 D
2039 4624 2387 4701 (quibusdam
2436 4626 2497 4688 ll,
2543 4622 2768 4679 alterum
2810 4638 3001 4701 nempe
3049 4630 3298 4701 tanquam
3348 4622 3612 4701 introsum

2033 4693 2153 4750 cum
2207 4695 2448 4750 Liberius
2498 4703 2769 4762 superstes
2805 4693 3119 4765 rexsulat‘et,
3172 4693 3615 4765 excludentibus)

2035 4765 2334 4835 scripserit,
2365 4780 2465 4820 ius.
2493 4769 2659 4819 codex
2692 4764 2910 4818 exhibet
2935 4763 3172 4835 nullam;
3197 4778 3380 4835 verum
3410 4779 3474 4818 ex
3500 4763 3615 4834 ips-t

2033 4834 2283 4891 eoatextu
2306 4838 2510 4891 eruitur
2538 4853 2551 4888 :
2585 4837 2788 4890 scilicet
2819 4842 2940 4904 post
2968 4834 3229 4905 synodum
3263 4834 3332 4887 de
3373 4837 3532 4903 lapsus
3569 4853 3616 4889 Ill

2035 4909 2245 4974 Africa,
2289 4923 2430 4961 anno
2471 4907 2570 4961 487
2601 4906 2784 4959 Itonia:
2810 4915 3080 4969 coactam,
3117 4905 3269 4974 cujus
3297 4908 3496 4974 mentio
3530 4910 3614 4967 lit,

2033 4989 2088 5031 et
2118 4973 2244 5032 ante
2266 4978 2444 5032 Acacii
2472 4987 2719 5043 mortem,
2751 4991 2871 5044 qua:
2897 4973 3274 5042 contigitauno
3300 4975 3426 5038 48!),
3456 4973 3619 5026 Euse-

2034 5048 2115 5102 bto
2144 5049 2382 5112 consule,
2437 5056 2493 5101 ut
2533 5048 2787 5102 discimus
2827 5062 2892 5100 ex
2927 5045 3139 5100 Victore
3185 5046 3515 5099 'l‘unouensi.
3565 5045 3618 5100 lit

2038 5119 2316 5172 Lahheana
2350 5117 2710 5174 Conciliorum
2744 5118 2978 5172 editione
3019 5125 3142 5171 ante
3187 5115 3380 5169 Felicis
3419 5118 3620 5181 epistu-

2037 5198 2139 5243 lam
2173 5187 2237 5242 12
2257 5190 2564 5242 collocanda
2598 5191 2710 5242 inec
2747 5195 2926 5250 esset,
2977 5187 3198 5255 primam
3243 5200 3466 5252 nempe,
3499 5202 3619 5251 qui:

2038 5269 2157 5328 pust
2181 5259 2382 5313 obitum
2414 5259 2592 5314 Acacii
2617 5259 2686 5313 sit
2716 5257 2859 5312 data.
2893 5259 2972 5311 Ad
3010 5270 3184 5311 certus
3228 5258 3470 5328 homines
3494 5270 3615 5328 non

2036 5326 2118 5385 cst
2147 5334 2329 5397 missa,
2362 5345 2630 5400 anonymo
2651 5328 2792 5382 enim
2825 5329 3024 5400 scriplo
3051 5329 3356 5400 respondet,
3398 5326 3448 5378 in
3479 5326 3614 5400 Λείας

2037 5401 2135 5464 cii,
2170 5394 2420 5464 l’etrique
2452 5394 2793 5453 Alexnndrini
2820 5394 3182 5452 defensionem
3215 5398 3444 5464 vulgato,
3475 5394 3618 5463 quod

2037 5471 2196 5524 etiam
2229 5487 2295 5523 an
2337 5472 2403 5526 ab
2443 5485 2549 5524 uno
2589 5480 2923 5538 compactum
2971 5469 3150 5521 luisset
3176 5506 3189 5527 ,
3221 5481 3286 5518 an
3317 5482 3346 5517 ιι
3381 5469 3618 5538 pstititius

2039 5545 2192 5610 plane
2239 5541 2513 5610 ignorasse
2563 5537 2770 5594 videtur
2814 5541 2997 5610 Feltx._
3026 5538 3251 5610 _t-.‘x_ha_c
3301 5551 3427 5610 vero
3476 5537 3619 5589 illius

2036 5607 2218 5679 scripti
2248 5607 2635 5675 confutatione,
2667 5626 2785 5664 cum
2815 5625 2952 5662 nma
2985 5608 3107 5660 hinc
3133 5607 3254 5658 inde
3285 5609 3331 5659 at
3356 5619 3614 5679 ataargn-

2039 5678 2238 5744 menta,
2274 5693 2384 5736 tum
2417 5683 2724 5736 ulteriorem
2760 5680 3104 5748 quarumdam
3131 5692 3306 5731 rerum
3340 5678 3579 5731 notitiam
3600 5717 3617 5741 ,

2040 5760 2296 5821 pluraque
2327 5756 2542 5822 insuper
2569 5753 2931 5822 cullig--re_cst
2951 5787 2965 5812 ,
2989 5749 3236 5822 quibus,
3270 5753 3348 5803 vel
3379 5751 3518 5822 quod
3565 5750 3620 5800 in

2039 5819 2253 5890 ancipiti
2289 5832 2425 5890 erat,
2450 5819 2720 5883 'lirmeiur,
2755 5820 2836 5873 vel
2861 5820 3003 5888 quod
3031 5821 3081 5872 iu
3103 5819 3354 5885 obscuro,
3381 5821 3620 5874 illustre-

2041 5904 2123 5950 tur
2154 5889 2456 5962 plurimum.
2486 5892 2727 5948 Nondum
2761 5901 2939 5946 tamen
2960 5930 2975 5959 ,
3005 5905 3123 5945 meo
3154 5891 3368 5960 quidem
3395 5889 3602 5960 judicio
