4046 6188
461 273 565 327 967

1804 264 2066 322 FELICIS
2106 265 2307 321 PAPIE
2350 266 2412 321 Ill

3639 265 3754 326 9:8

462 383 730 456 quomodo
755 392 809 437 tu
833 379 1092 436 mandasti
1122 379 1337 450 dignum
1371 392 1487 433 esse
1519 377 1603 433 cui
1652 377 1856 448 majora
1905 394 2051 433 com-
2084 385 2135 441 Α
2162 380 2315 433 venia
2345 379 2537 449 dignus
2568 378 2761 441 fuerat,
2794 394 2898 432 non
2931 378 3166 443 ltonnrr;
3200 385 3256 431 et
3284 379 3516 432 maxime
3542 380 3609 435 ab
3637 381 3756 438 Ita:-

463 477 801 530 mitterentur
828 488 947 542 qua:
973 472 1036 525 ad
1058 470 1496 540 gubernationem
1530 470 1788 525 Ecclesia:
1816 470 2057 538 pertine-

466 566 622 621 rent?
652 566 820 635 Supra
855 564 1226 636 presbyterum
1252 563 1376 633 quid
1407 571 1491 617 est
1514 561 1683 630 majus
1706 561 1772 615 ad
1801 560 2056 615 ECC!CSi:B

463 656 908 726 gubernationem
940 657 1038 708 nisi
1068 652 1443 723 episcopatus?
1481 652 1537 707 Si
1576 651 1879 720 iuraverat,
1925 664 2053 729 quo-

467 748 629 801 modo
660 747 761 801 hoc
809 746 1063 800 mandas?
1087 754 1139 800 et
1166 746 1209 799 si
1236 748 1541 813 juraverat,
1575 758 1671 798 cur
1716 743 1863 796 illum
1894 756 2059 812 expo—

467 838 622 892 suisti
650 847 709 892 ut
741 837 896 891 fieret
933 846 1115 890 contra
1147 836 1287 903 quod
1311 834 1620 904 juraverat?
1650 836 1757 888 Aut
1785 832 1827 886 si
1858 831 2056 887 factum

468 943 553 987 est.
593 933 734 1000 quod
784 930 1076 995 mandasti,
1107 929 1232 998 quid
1266 928 1551 994 irasceris,
1596 926 1723 993 qttid
1762 925 1912 980 illum
1960 924 2055 980 tibi

466 1025 602 1076 dicis
631 1024 934 1091 pejcraSse,
972 1036 1092 1074 cum
1126 1022 1319 1073 factum
1360 1019 1427 1073 sit
1456 1017 1597 1088 quod
1627 1032 1685 1071 se
1715 1032 1819 1069 non
1842 1017 2058 1083 jurave-

467 1125 549 1168 rat
591 1128 711 1169 esse
760 1113 1059 1168 facturum?
1106 1127 1226 1166 cum
1279 1123 1334 1165 tu
1385 1127 1507 1166 eum
1558 1111 1660 1164 hoc
1698 1109 1812 1165 fieri
1861 1108 2058 1163 debere

473 1209 759 1275 mandasti,
796 1218 819 1245 ιι
853 1207 1227 1270 Apocrisarius
1256 1215 1399 1271 erat;
1427 1206 1603 1260 omnia
1629 1203 1694 1257 ad
1730 1203 1902 1271 ipsum
1937 1217 2058 1270 per-

469 1302 743 1363 t'nehaut;
794 1299 970 1354 cttmia
1005 1298 1259 1352 Ecilesiae
1303 1297 1416 1367 ipse
1458 1295 1695 1360 curavit;
1746 1294 1923 1364 potior
1967 1293 2059 1347 illo

468 1398 610 1451 inter
637 1395 862 1451 clericos
894 1393 1288 1448 Alexandrinos
1319 1392 1498 1444 nulius
1530 1389 1858 1443 habebatur:
1893 1386 2055 1440 hono-

467 1503 530 1542 re
561 1486 838 1557 presbyter
867 1494 1015 1548 erat;
1046 1488 1203 1551 supra
1227 1480 1354 1551 quid
1377 1481 1425 1536 ei
1453 1479 1740 1534 adderetur
1772 1477 1837 1530 ad
1867 1478 2059 1547 guber-

469 1583 745 1635 nationem
779 1575 1070 1631 Ecclesiae?
1101 1574 1229 1644 quid
1262 1574 1310 1628 ei
1341 1572 1570 1642 amplius
1600 1570 1922 1638 adjiceretur
1957 1568 2058 1622 nisi

470 1671 846 1742 episcopatus?
876 1670 954 1724 Tu
984 1670 1144 1739 igitur
1169 1683 1290 1723 eum
1314 1667 1620 1736 episcopum
1646 1679 1768 1719 esse
1809 1663 2023 1718 voluisxi
2045 1702 2060 1726 ,

2162 471 2341 525 retieis
2362 472 2641 526 ordinatus
2667 472 2865 525 nullam
2892 471 3215 539 episcopalis
3231 470 3511 540 dignitatis
3529 487 3753 541 prorsus

2162 564 2360 621 habere
2386 566 2762 621 substantiam.
2788 566 2939 633 Quod
2985 569 3027 620 si
3073 576 3319 637 negatur,
3347 578 3401 621 et
3447 569 3752 625 testimonio

2161 657 2447 712 vincuntur
2489 659 2703 724 Acacii,
2740 668 2791 712 et
2836 673 3016 712 rerum
3049 660 3257 712 ratione
3302 660 3690 714 monstrabitur
3734 680 3748 714 :

2160 750 2282 817 quia
2314 765 2433 803 cum
2467 749 2783 804 Timotheus
2811 749 3094 803 ltteretieus
3115 765 3234 804 cum
3266 752 3375 804 suis
3398 752 3751 820 complicibus

2161 840 2525 907 damnaretur,
2558 841 2643 895 hic
2680 856 2864 895 comes
2898 840 3015 910 ejus
3046 841 3173 905 fuit,
3205 853 3257 897 et
3286 857 3407 897 cum
3443 843 3636 898 eodem
3665 858 3752 897 us—

2161 947 2267 1000 que
2290 933 2340 985 in
2364 932 2483 1000 ejus
2515 932 2673 987 finem
2706 933 3038 999 perduratus,
3072 947 3101 985 a
3133 933 3403 988 Timothei
3448 936 3519 989 sit
3562 951 3752 1004 sequa-

2162 1023 2315 1077 cibus
2359 1024 2652 1078 institutus.
2708 1024 3069 1091 Qumrendum
3116 1025 3348 1096 denique
3389 1028 3435 1081 si
3480 1044 3652 1096 usque
3688 1029 3755 1083 ad

2162 1116 2307 1170 diem
2364 1114 2542 1170 obitus
2589 1118 2670 1169 sui
2726 1126 2912 1170 sancto
2974 1115 3261 1171 Timotheo
3310 1120 3754 1185 communicavit;

2164 1208 2306 1277 quod
2338 1209 2382 1262 si
2410 1209 2613 1263 factum
2655 1223 2761 1262 non
2805 1217 2919 1274 est,
2968 1209 3107 1264 inter
3151 1224 3246 1265 eos
3284 1212 3389 1264 erit
3435 1212 3554 1266 sine
3593 1212 3756 1266 dubio

2162 1315 2295 1369 ques
2324 1301 2619 1367 imperator
2643 1298 2779 1353 dixit
2815 1314 2846 1353 a
2884 1302 3266 1356 communione
3296 1301 3546 1356 catholici
3576 1303 3758 1357 Timo-

2167 1392 2273 1445 thei
2304 1391 2677 1460 discrepantes
2702 1431 2716 1455 ,
2750 1390 2850 1445 nisi
2893 1390 2958 1445 ad
3003 1391 3121 1459 ejus
3150 1393 3584 1447 communionem
3620 1394 3757 1449 intra

2166 1486 2302 1540 duos
2337 1500 2553 1540 menses
2578 1485 2914 1555 gratiamque
2956 1493 3313 1549 remeassent,
3356 1485 3408 1538 in
3441 1495 3758 1555 perpetuum

2166 1592 2287 1631 esse
2339 1576 2645 1631 damnatos.
2696 1574 2998 1631 Ridendum
3030 1586 3210 1629 autem
3245 1577 3386 1646 quod
3428 1577 3647 1647 quidam
3687 1578 3757 1632 ab

2167 1669 2359 1724 eodem
2402 1669 2686 1724 Timotheo
2716 1668 2983 1723 catholico
3017 1668 3234 1722 Petrum
3268 1679 3517 1725 asserunt
3542 1672 3758 1725 ordina-

468 1766 559 1835 qtti
590 1781 712 1821 eum
760 1779 918 1833 supra
952 1777 1108 1832 quam
1145 1770 1257 1816 erat
1300 1760 1429 1834 (nec
1463 1758 1606 1813 aliud
1650 1761 1921 1823 restabat,
1955 1756 2057 1811 nisi
2093 1762 2136 1821 B
2166 1770 2273 1814 tum
2303 1778 2316 1813 :
2348 1776 2469 1814 nam
2505 1761 2655 1813 vivus
2696 1760 2849 1814 illuni
2878 1776 2935 1815 se
2962 1762 3249 1830 superstite
3280 1761 3584 1816 nullatenus
3613 1763 3761 1819 ordio

470 1871 529 1913 ut
558 1868 701 1913 esset
729 1857 1051 1927 episcopus)
1097 1869 1216 1910 esse
1256 1854 1453 1908 debere
1492 1852 1781 1906 mandasti.
1825 1850 1852 1889 ιι
1902 1850 2064 1903 Miror

469 1960 648 2005 autem
672 1992 686 2015 ,
717 1951 763 2005 si
804 1949 1177 2004 necessitatem
1222 1947 1423 2015 patitur
1453 1946 1767 2013 imperator,
1799 1958 1865 1997 ne
1898 1943 2063 2011 pellat

470 2041 686 2097 Petrum
710 2083 724 2108 ,
754 2048 807 2095 et
829 2055 991 2094 unum
1015 2038 1285 2091 hominem
1313 2036 1690 2090 necessitatem
1722 2033 1927 2102 perpeti
1958 2047 2063 2086 non

476 2133 718 2202 potuisse
739 2129 1059 2193 contendat,
1105 2138 1165 2183 ut
1215 2128 1364 2182 ﬁeret
1399 2127 1541 2195 quod
1582 2125 2061 2181 nolcbatinvitus:

458 2238 596 2277 'nam
620 2232 673 2277 et
705 2222 821 2291 ipse
849 2222 1162 2289 imperator,
1194 2234 1315 2273 cum
1350 2220 1723 2272 necessitatem
1759 2215 2064 2287 prietendit,

474 2316 673 2371 malum
703 2329 823 2369 esse
854 2313 1058 2377 definit,
1083 2313 1224 2381 quod
1255 2310 1578 2366 necessitate
1610 2311 1756 2377 facit,
1787 2310 1987 2364 docens
2008 2325 2066 2365 se

472 2408 577 2462 ho'e
625 2407 766 2461 nolle
811 2407 985 2461 facere
1029 2406 1337 2471 voluntate,
1371 2414 1426 2460 et
1453 2404 1561 2474 pati
1591 2413 1820 2459 testatur
1850 2404 2064 2457 invitus.

458 2502 535 2556 Si
581 2514 859 2570 personam
908 2499 1051 2553 Petri
1099 2499 1458 2554 excusandam
1506 2496 1731 2567 putatis,
1781 2496 2067 2566 probamus

473 2594 709 2654 noxiam,
738 2592 1039 2645 htereticam
1071 2600 1230 2659 atquc
1259 2591 1600 2655 damnatam;
1631 2590 1675 2644 si
1707 2590 1757 2643 in
1800 2590 2065 2659 se-piestri

474 2683 643 2739 fuisse
684 2682 1015 2754 praetenditis
1049 2692 1070 2720 ο
1121 2689 1340 2752 propter
1385 2681 1734 2745 scandalum,
1786 2680 2068 2737 Timotheo

474 2774 743 2830 catholico
788 2775 1218 2843 subrogandum;
1263 2790 1361 2829 nec
1401 2773 1582 2828 Acacii
1624 2774 1726 2829 hoc
1765 2775 1960 2842 scripta
1992 2782 2069 2828 te-

476 2879 709 2934 stantur,
739 2867 829 2938 qui
861 2868 991 2923 dicit
1019 2868 1317 2937 evidenter,
1349 2884 1445 2923 cur
1476 2867 1634 2923 fuerit
1663 2868 1937 2929 exclusus;
1972 2882 2069 2922 nec

478 2964 847 3031 imperatoris,
872 2960 961 3030 qui
985 2970 1036 3014 et
1060 2960 1345 3015 Timotheo
1373 2962 1666 3026 catholico,
1697 2978 1815 3029 qute
1846 2961 2066 3017 statuis-

474 3064 577 3117 set,
607 3069 856 3109 mansura
891 3070 1010 3108 esse
1033 3055 1313 3123 promisit,
1345 3071 1374 3108 a
1397 3056 1549 3123 cujus
1580 3056 1676 3109 fuit
1703 3055 1891 3110 Petrus
1920 3071 2067 3109 com-

2168 1856 2343 1915 navit,
2392 1854 2455 1908 ad
2513 1854 2672 1920 cujus
2718 1869 2991 1924 nunquam
3052 1855 3485 1909 communionem
3539 1871 3762 1921 prorsus

2167 1945 2431 1999 accessit:
2458 1960 2617 2014 quem
2641 1945 2906 2014 poposcit,
2931 1952 2989 1998 ut
3023 1945 3221 1998 dictum
3251 1956 3330 1999 est
3356 1946 3518 2000 etiam
3552 1944 3763 2016 longius

2169 2038 2433 2106 relegari;
2476 2053 2575 2091 nec
2610 2038 2711 2091 sibi
2759 2038 3030 2107 superstiti
3080 2038 3414 2094 Sacerdotem
3454 2040 3765 2108 superordi-

2171 2144 2302 2183 nare
2336 2128 2570 2196 potuerit
2604 2128 2744 2198 :ipsi
2774 2129 3031 2193 viderint,
3062 2129 3104 2183 si
3149 2131 3295 2183 illum
3336 2141 3577 2185 mortuus
3619 2131 3765 2186 ordi-

2170 2221 2335 2273 navit.
2367 2221 2632 2288 Tempore
2654 2230 2829 2274 autem
2852 2234 2958 2289 quo
2991 2220 3176 2273 Petrus
3211 2221 3407 2275 invasit
3438 2220 3762 2289 Ecclesiam,

2170 2322 2387 2366 sanctus
2432 2310 2751 2366 Timotheus
2791 2312 2842 2365 in
2880 2310 3203 2366 Alexandria
3246 2328 3352 2366 non
3397 2324 3542 2378 erat,
3575 2328 3675 2368 nrc
3703 2328 3767 2374 se

2170 2412 2413 2457 exstante
2436 2406 2738 2472 pontilieem
2763 2447 2778 2471 ,
2816 2403 2954 2458 sicut
2993 2404 3194 2458 dictum
3223 2414 3342 2469 est,
3377 2414 3586 2473 poterat
3614 2406 3768 2461 ordi-

2173 2510 2300 2547 nari-
2324 2511 2338 2557 ;
2370 2495 2463 2550 sed
2489 2497 2668 2564 potius
2695 2493 2888 2549 Petrus
2913 2494 3141 2549 nefande
3161 2496 3338 2549 omnia
3366 2510 3551 2566 agens,
3580 2512 3771 2567 super-

2171 2589 2298 2642 stite
2339 2587 2625 2643 Timotheo
2657 2587 2900 2657 legitimo
2925 2587 3208 2642 sacerdote
3228 2627 3244 2653 ,
3291 2589 3630 2657 episcOpatus
3658 2588 3769 2644 sibi

2169 2697 2334 2737 ausus
2362 2690 2443 2737 est
2472 2696 2669 2736 nomen
2701 2681 3000 2749 imponere.
3026 2679 3137 2735 Nec
3171 2679 3273 2735 hoc
3312 2680 3537 2750 quilibet
3577 2680 3773 2735 catho-

2172 2776 2256 2829 lici
2286 2784 2412 2829 tunc
2440 2775 2707 2834 fecerunt.
2755 2775 2844 2844 qui
2887 2774 3069 2842 utique
3108 2789 3293 2828 omnes
3323 2789 3447 2829 cum
3476 2773 3769 2830 Timotheo

2171 2866 2496 2931 sentiebant,
2531 2864 2690 2935 eique
2711 2864 3210 2929 communicabant,
3242 2863 3335 2919 sed
3361 2879 3496 2919 unus
3517 2865 3770 2933 compte:

2178 2959 2399 3017 insaniae
2426 2957 2592 3021 Petri,
2621 2957 2759 3011 sicut
2781 2955 2891 3025 jam
2918 2966 2941 2993 ε
2970 2966 3194 3011 testatur
3218 2957 3464 3011 Aeacius.
3491 2956 3593 3011 Nec
3616 2958 3768 3012 enim

2177 3059 2422 3118 poterant
2450 3048 2720 3115 catholici,
2765 3050 2857 3117 qui
2885 3048 3165 3103 Timotheo
3198 3048 3452 3103 haeretica
3478 3064 3582 3102 non
3611 3062 3770 3102 eom-

472 3144 731 3198 munione
776 3145 1078 3205 discretus,
1126 3155 1173 3198 et
1210 3158 1237 3195 a
1282 3158 1389 3212 quo
1422 3144 1721 3211 postulatus
1750 3154 1834 3200 est
1863 3147 2069 3213 longius
2098 3142 2139 3201 C
2176 3143 2579 3197 tnunicaverant
2605 3182 2620 3206 ,
2661 3140 2750 3211 qui
2791 3139 3073 3194 Timetheo
3103 3140 3370 3195 catholico
3400 3140 3770 3195 communica-

475 3233 672 3289 debere
704 3234 931 3302 relegari
953 3275 966 3300 ,
1000 3244 1158 3302 atque
1186 3234 1291 3289 huc
1326 3237 1552 3303 pariter,
1599 3244 1654 3289 et.
1694 3236 2071 3291 Constantino-

476 3327 642 3397 polim
677 3326 880 3381 relatus
915 3344 925 3378 :
967 3325 1105 3379 sicut
1134 3326 1295 3381 etiam
1339 3336 1565 3381 testatur
1594 3327 1854 3391 Aeacius,
1885 3342 1913 3379 a
1946 3342 2070 3380 san-

474 3432 563 3473 cto
608 3419 853 3472 Protetio
880 3417 931 3471 in
965 3417 1214 3472 diaconio
1246 3418 1408 3473 fuisse
1437 3417 1778 3482 damnatum,
1814 3434 1918 3472 non
1964 3419 2067 3475 Pe-

474 3521 648 3574 trutn,
675 3511 763 3580 qui
787 3520 903 3565 erat
934 3509 1251 3577 haereticus,
1282 3521 1535 3579 tanquam
1565 3511 1615 3564 in
1638 3510 1898 3576 sequestri
1926 3512 2068 3580 posi-

475 3615 588 3659 tum
620 3603 1047 3674 subrogandum;
1099 3619 1128 3656 a
1175 3618 1282 3673 quo
1325 3601 1557 3657 ordinati
1590 3602 1692 3656 nisi
1718 3603 1783 3655 ad
1825 3618 2068 3657 commu-

474 3698 693 3751 nionem
725 3697 900 3751 saneti
925 3696 1192 3751 Timothei
1220 3696 1590 3760 revertissent,
1619 3695 1752 3764 jussi
1786 3708 1912 3751 Sunt
1950 3698 2067 3752 sine

477 3786 739 3843 dilatione
770 3789 1033 3843 damnari.
1067 3788 1165 3854 Qui
1213 3788 1258 3842 si
1296 3789 1492 3842 dicitur
1525 3796 1708 3857 postea
1756 3788 1919 3843 fuisse
1949 3804 2066 3844 eor-

477 3888 681 3944 rectus,
722 3879 935 3939 interim
978 3878 1077 3933 hoc
1108 3879 1223 3947 ipso
1254 3879 1306 3932 in
1335 3893 1520 3933 errore
1552 3878 1808 3934 hactenus
1835 3880 2069 3947 jacuisse

478 3977 844 4033 monstratur;
903 3984 1000 4024 nec
1044 3969 1299 4024 debuisse
1345 3970 1627 4025 catholicis
1687 3971 1887 4040 prtetici
1949 3982 2069 4041 post.

478 4074 753 4125 errorem,
784 4074 813 4112 a
846 4059 1039 4129 quibus
1069 4069 1151 4115 Bel
1178 4060 1243 4116 dc
1284 4075 1470 4116 errore
1500 4072 1797 4118 correctus.
1831 4060 1858 4099 ά
1887 4063 2069 4134 Itaque

478 4244 753 4316 iurandum
792 4243 925 4316 quod
955 4242 1006 4316 in
1040 4242 1181 4316 regia
1210 4242 1412 4316 ciritate
1445 4241 1588 4316 dedit
1622 4242 1940 4316 arripuisset,
1975 4261 2061 4298 e1-

478 4311 768 4381 pellercmr.
817 4312 869 4365 Id
899 4312 1058 4366 etiam
1091 4314 1346 4380 Evagiius
1377 4311 1559 4376 refert,
1593 4314 1683 4367 sed
1713 4329 1777 4366 ex
1806 4312 2062 4368 Zacharia

479 4386 734 4440 lihetore.
791 4382 1034 4453 Ostendit
1084 4382 1227 4436 Felix
1281 4396 1438 4447 quam
1497 4383 1911 4453 ineougrueuter
1958 4384 2061 4440 hoc

479 4457 777 4525 npjiccrent
809 4472 821 4506 :
852 4455 895 4506 si
937 4452 1077 4506 enim
1113 4454 1213 4506 hoc
1251 4452 1556 4520 juramento
1600 4452 2065 4511 se’ohstrinxisset

480 4528 748 4589 Joannes,
796 4540 1064 4594 nunquam
1106 4526 1331 4578 Aeacius
1388 4527 1458 4578 ita
1513 4525 1852 4592 postmodum
1892 4526 1957 4580 de
1996 4542 2063 4582 eo

479 4599 802 4664 scripsisset,
837 4604 894 4649 ut
924 4596 987 4647 ad
1018 4596 1384 4663 episcopatum
1417 4597 1840 4659 promovendum
1876 4598 2064 4651 innue-

2176 3233 2323 3296 bant,
2350 3233 2659 3302 superstite,
2692 3244 2745 3287 et
2773 3246 2838 3286 eo
2866 3232 3155 3294 catholico,
3188 3248 3347 3303 quem
3382 3242 3598 3287 nossent
3626 3232 3769 3301 legi-

2176 3326 2359 3379 timum
2383 3324 2743 3389 sacerdotem,
2773 3324 2856 3378 vel
2880 3323 3239 3391 super-ducere
3265 3324 3454 3388 alium,
3482 3325 3560 3378 vel
3590 3324 3769 3379 hatre-

2176 3419 2335 3473 ticum
2379 3430 2698 3472 consecrare
2732 3433 2745 3467 :
2780 3416 2921 3471 unde
2952 3426 3168 3485 apparet
3208 3430 3330 3469 eum
3381 3420 3448 3469 ab
3495 3416 3771 3471 haereticis

2172 3493 2497 3575 ordinatum,
2528 3518 2581 3562 et
2607 3509 2727 3563 ideo
2749 3509 3027 3562 catholica'
3052 3508 3311 3563 Ecclesia:
3338 3509 3625 3578 pra‘sidere
3651 3525 3765 3564 non

2178 3618 2365 3672 posse;
2396 3602 2517 3671 quia
2545 3616 2761 3671 prorsus
2785 3601 2888 3655 hoc
2916 3602 3331 3656 abominandum
3366 3601 3769 3671 uelandumque

2166 3697 2453 3765 judicetur,
2486 3705 2541 3748 ut
2575 3694 2664 3763 qui
2694 3694 2782 3748 diu
2812 3695 2862 3748 in
2897 3693 3113 3762 perfidia
3144 3694 3495 3759 volutaverit,
3524 3694 3766 3749 ﬁdelium

2172 3789 2471 3843 cervicibus
2503 3789 2828 3856 imponatur.
2877 3785 3027 3852 Quod
3060 3786 3104 3839 si
3144 3785 3462 3851 admittitur,
3496 3796 3667 3855 potest
3707 3797 3768 3842 et

2173 3883 2241 3936 de
2269 3881 2389 3935 aliis
2429 3879 2722 3933 haeresibus
2761 3877 2958 3946 passim
3010 3878 3263 3933 similiter
3306 3879 3571 3944 permitti,
3616 3880 3767 3947 quod

2175 3974 2315 4027 nulla
2360 3987 2591 4040 unquam
2637 3972 2914 4039 exempla,
2947 3970 3105 4024 nulla).
3131 3972 3360 4041 regulae,
3412 3972 3571 4025 nulla:
3614 3972 3768 4042 leges

2174 4064 2555 4120 ecclesiastica:
2601 4061 2873 4132 patiuntur
2905 4063 3128 4132 imponi.
3180 4064 3318 4128 Sed,
3373 4064 3576 4133 inquis,
3630 4079 3764 4119 eum

2245 4244 2272 4284 ι)
2308 4245 2687 4319 Addurehatur
2714 4260 2811 4314 pro
2840 4247 3166 4316 imperatore
3202 4264 3233 4303 a
3262 4250 3461 4319 populo
3492 4252 3594 4304 vim
3635 4268 3768 4317 pas-

2167 4333 2284 4371 sum
2332 4332 2483 4389 esse;
2533 4317 2672 4385 quod
2722 4328 2996 4389 retorquet
3043 4320 3191 4375 Felix
3246 4321 3295 4375 in
3337 4317 3761 4379 excusationem

2166 4388 2422 4462 .ltiztnnis,
2465 4393 2554 4457 qui
2598 4398 2744 4442 tanto
2780 4388 2988 4445 facilius
3029 4391 3133 4445 vim
3171 4392 3278 4462 pati
3321 4402 3551 4462 po'crat.
3609 4396 3738 4455 Sate

2170 4460 2464 4512 MAFFEIUS.

2245 4540 2267 4566 ε
2304 4528 2642 4582 Evitaudum.
2699 4528 2840 4584 lnfra
2896 4532 2951 4585 in
2998 4532 3274 4586 diaconio:
3307 4543 3423 4588 erat
3475 4535 3526 4588 in
3579 4551 3676 4587 ms.
3730 4553 3760 4591 ει

2172 4598 2487 4673 S._Protert'o
2522 4602 2766 4673 diacono.
2796 4602 3108 4673 Emendavi
3140 4618 3205 4658 ex
3237 4604 3538 4668 Breviculn,
3570 4607 3621 4659 in
3651 4623 3767 4673 quo

479 4659 606 4721 retf
636 4666 902 4731 Qucuado
948 4659 1218 4718 mandasti
1251 4666 1463 4735 dignum
1514 4682 1639 4729 esse,
1681 4676 1811 4720 etc.:
1846 4669 2061 4721 verbum
2091 4659 2146 4721 D
2172 4670 2431 4724 habemus
2462 4687 2474 4721 :
2511 4670 2726 4723 Petrum
2754 4672 2876 4724 olim
2918 4674 2971 4725 in
3011 4674 3249 4727 diaconio
3286 4691 3395 4729 esse
3433 4659 3764 4732 damnatum.

480 4737 728 4789 mandare
775 4736 846 4789 ita
899 4737 1059 4790 hodie
1086 4736 1286 4791 Gallica
1335 4738 1511 4806 lingua
1563 4749 1873 4807 usurpatur.
1922 4738 2064 4793 δαν.

481 4808 777 4862 MAFFEIUS.

556 4887 580 4914 ³
616 4879 690 4931 Ex
724 4874 1030 4944 apocrisarii
1063 4876 1176 4929 sive
1204 4875 1359 4940 legati
1395 4894 1615 4931 munere
1647 4880 1825 4945 plures
1855 4878 1920 4931 ad
1952 4878 2063 4946 epi-

481 4958 758 5013 sc0patun
783 4948 953 4999 evecti
982 4946 1213 4998 fuerunt.
1246 4947 1429 5000 Omnia
1451 4948 1690 5002 Ecclesia:
1712 4950 1821 5013 ipse
1844 4953 2058 5015 curarit,

481 5023 595 5073 sive
632 5021 748 5085 quia
790 5032 1104 5072 oeconomus
1143 5028 1301 5071 ctum
1344 5018 1470 5079 l'ittt,
1516 5029 1571 5072 ut
1620 5037 1681 5073 rx
1715 5020 1961 5073 Liberato
2008 5030 2063 5073 et.

483 5088 800 5153 Brcviculo,
838 5089 963 5159 sive
1009 5088 1147 5155 quod
1196 5090 1552 5152 apocrisatiu;
1602 5092 1906 5159 responsalis
1953 5102 2059 5143 erat

482 5160 801 5229 negotiorum
830 5157 1322 5219 Ecclesiasticorum,
1371 5172 1426 5212 ut
1469 5157 1699 5229 loquitur
1729 5162 1914 5214 (ἐταιαο
1965 5177 2060 5213 no-

484 5236 629 5285 mine
673 5244 928 5298 expresso
962 5229 1275 5283 llim-martts
1305 5232 1581 5285 ltemensis
1628 5232 1784 5298 epist.
1836 5233 1903 5292 5,
1960 5248 2059 5299 qua

484 5305 643 5355 etiam
699 5302 860 5353 tradit
913 5301 961 5353 id
1014 5299 1172 5354 oftic-i
1223 5300 1322 5351 sub
1362 5300 1713 5354 Constantino
1763 5301 2061 5369 incepisse:

484 5375 805 5439 imperatore
850 5372 1112 5436 siqu'dcm
1140 5372 1598 5439 Constantinopoli
1642 5373 1929 5435 residente,
1965 5372 2062 5425 Ru-

484 5442 745 5512 sponsales
784 5452 889 5494 tum
924 5441 1170 5494 licinium:
1207 5442 1339 5493 sedis
1371 5457 1521 5507 quam
1559 5453 1604 5495 ct
1632 5445 1852 5495 aiiarnm
1880 5444 2063 5511 prtici-

486 5511 705 5581 ptimum
755 5516 952 5566 aedium
995 5514 1044 5564 iu
1089 5512 1277 5576 palatio
1326 5527 1414 5574 ι.τό
1454 5511 1805 5566 ecclesiasficis
1853 5514 2065 5581 negatis

487 5584 830 5648 excubabant;
860 5586 979 5651 quia
1011 5584 1079 5636 eti
1101 5598 1166 5653 :m
1198 5582 1260 5633 tle
1290 5582 1426 5653 omni
1458 5583 1797 5637 iccltrsiaslica
1823 5584 2064 5653 religione

488 5656 565 5705 rel
596 5655 792 5714 ordine,
836 5670 925 5705 nec
962 5656 1063 5705 non
1097 5652 1247 5705 etiam
1284 5652 1345 5702 de
1379 5655 1634 5705 canonica:
1670 5655 1747 5707 vel
1776 5652 2065 5708 ntono’stira:

488 5724 817 5782 aitcrmtiottc
846 5725 1233 5779 sollicitudinem
1266 5722 1533 5779 habebunt.
1562 5724 1705 5780 SCtr.
1738 5724 2023 5783 MAFrEtUs‘.

2174 4742 2465 4812 Liberatus
2479 4756 2599 4809 cap.
2637 4744 2705 4795 t6
2731 4755 2744 4794 :
2774 4741 2963 4796 Scribit
2998 4746 3064 4796 ad
3085 4745 3415 4810 Simplicium
3436 4745 3764 4812 Timotheus,

2138 4856 2141 4857 ν
2168 4811 2385 4884 Petrum
2412 4811 2655 4884 Moggnm
2686 4812 2737 4864 in
2769 4813 3051 4866 a‘inconatu
3081 4831 3188 4868 esse
3215 4817 3533 4869 damnatum.
3592 4811 3773 4884 Hujus

2170 4882 2372 4947 periodi
2435 4882 2674 4936 membra
2724 4897 2909 4952 parum
2970 4897 3093 4953 apte
3142 4896 3554 4941 connectuntur.
3610 4882 3766 4943 Scip.

2165 4953 2458 5007 Marrt-ztus.

2236 5020 2263 5060 ἀ
2296 5024 2442 5077 Felix
2495 5022 2596 5075 sibi
2628 5032 2837 5077 constat
2872 5042 2884 5077 :
2920 5026 2972 5079 in
3001 5024 3212 5093 epistol.
3249 5027 3315 5080 12
3342 5027 3406 5081 ad
3440 5028 3717 5083 Zenonem
3758 5050 3775 5083 ε

2164 5094 2362 5146 veniam
2409 5096 2596 5166 mereri
2633 5094 2804 5147 debuit
2844 5113 2945 5149 non
2981 5097 3260 5164 honorent;
3297 5099 3387 5151 ubi
3432 5099 3595 5163 legis,
3637 5118 3779 5166 quos

2169 5167 2445 5231 imperator
2491 5165 2638 5228 dixit,
2689 5166 2809 5217 vide
2839 5167 3031 5220 Felicis
3078 5170 3235 5232 cpist.
3264 5167 3300 5219 ἓ
3345 5167 3410 5222 ad
3442 5168 3720 5225 Zenonem
3761 5189 3778 5225 :

2172 5237 2389 5303 denique
2413 5245 2623 5287 cunctos
2668 5237 2950 5300 episcopos,
2980 5246 3085 5291 etc.
3119 5240 3258 5292 SCIP.
3290 5238 3581 5293 Marruus.

2248 5315 2270 5342 '-‘
2299 5305 2519 5360 Scilicet
2560 5305 2611 5357 in
2648 5308 2871 5374 epistola
2909 5310 2972 5360 ad
3006 5309 3043 5363 S
3068 5309 3340 5377 mplicium
3376 5326 3388 5361 :
3425 5326 3527 5361 uno
3573 5322 3622 5363 et
3655 5314 3783 5365 solo

2172 5387 2454 5446 praesente,
2494 5384 2539 5428 et
2578 5391 2635 5428 eo
2668 5377 2755 5443 qni
2802 5392 3008 5431 εοιυονδ
3045 5379 3187 5432 illius
3224 5380 3482 5432 insistebat
3522 5382 3782 5436 insanire.

2172 5451 2439 5511 Quantum
2482 5461 2547 5500 eo
2580 5461 2695 5499 mvo
2739 5448 2806 5500 ab
2837 5449 3203 5503 ecclesiastici»
3232 5452 3335 5503 ritu
3366 5451 3675 5514 recederet,
3713 5465 3785 5505 ut

2174 5521 2239 5570 ab
2270 5526 2609 5589 unotantum
2639 5519 2847 5589 etiamsi
2887 5520 3153 5573 catholico
3180 5522 3410 5589 episcopi
3441 5521 3787 5573 ordinaren-

2177 5598 2280 5650 tur,
2316 5588 2498 5642 videre
2528 5597 2609 5641 est
2638 5588 2689 5641 in
2718 5589 2946 5643 concilio
2973 5591 3272 5645 Arelatensi
3314 5605 3435 5644 can.
3467 5591 3558 5657 2t),
3594 5594 3648 5644 in
3678 5592 3791 5645 {Vi-

2175 5673 2325 5785 greno
2346 5674 2465 5784 ﬁn.
2486 5659 2536 5722 4,
2566 5659 2619 5711 in
2640 5658 2867 5728 Regensi
2890 5675 3006 5716 can.
3029 5661 3086 5729 2,
3111 5663 3161 5717 in
3183 5662 3512 5717 Arausicano
3535 5662 3711 5716 carni
3727 5665 3747 5717 ι
3766 5702 3787 5726 ,

2217 5744 2317 5783 CIP.
2403 5745 2639 5785 arrstus.

2217 5744 2317 5783 CIP.
2349 5744 2639 5787 MAFFEIUS.
