4046 6188
339 252 445 309 9ί9

1535 251 1890 307 Ειδιδτοωε
1933 250 2019 304 ΕΤ
2068 250 2405 306 ῡὶΪΕΠΕΤΑ.

3511 256 3615 312 9ὖο

338 364 502 419 fuisse
525 371 824 418 correctum
860 381 871 417 :
903 363 1119 418 interim
1141 407 1161 428 ,
1191 380 1245 417 ut
1274 380 1430 434 snp-a
1454 366 1561 433 jam
1586 366 1786 418 dictum
1820 375 1923 428 est,
1957 368 1999 423 Α
2035 366 2133 416 ι’ἷηι
2166 364 2309 417 i'lnm
2336 363 2712 419 ecclesiasticis
2734 364 2931 434 regulis
2958 378 3063 419 non
3091 373 3365 434 receptum
3401 383 3411 417 ε
3438 366 3506 420 ab
3528 382 3612 421 ee.-

337 458 439 509 boc
490 456 607 521 ipso
650 454 961 509 lnercticnm
1012 456 1174 510 fuisse
1204 456 1566 518 monstrabis;
1599 458 1687 524 qui
1719 457 1928 509 etiamsi

312 548 584 601 ,damnata
617 547 807 601 haeresi
848 562 908 602 se
950 549 1013 600 ad
1049 548 1204 602 [idem
1233 549 1555 604 catholicam
1584 551 1778 603 dicitur
1802 565 1930 601 eun-

307 603 524 693 itulisse
544 681 560 704 ,
595 638 751 692 subdi
781 638 967 693 debuit
1013 640 1330 705 catholicis,
1359 658 1387 695 a
1416 641 1612 711 quibus
1655 651 1931 696 correctus

310 732 446 793 fest,
502 746 607 785 non
656 746 888 800 prmesse
924 750 935 784 :
968 748 1073 786 non
1113 742 1197 788 est
1234 734 1379 788 enim
1428 734 1722 802 discipulus
1770 748 1928 800 supra

331 825 681 892 magistrum;
727 825 964 895 satisque
999 837 1113 881 erat
1141 836 1201 881 ut
1238 826 1587 881 correctionis
1612 841 1722 879 suae
1752 827 1931 894 subje-

325 926 450 967 ctus
482 915 747 981 prieberet
790 918 1093 985 exemplum
1114 958 1129 983 ,
1160 933 1263 971 non
1290 928 1412 988 post
1440 918 1747 973 diuturnum
1779 934 1931 972 erro-

330 1022 469 1071 rem,
497 1007 822 1077 longamque
859 1008 1133 1072 terﬁdiam
1156 1053 1170 1074 ,
1200 1026 1228 1062 a
1256 1011 1450 1079 quibus
1477 1011 1790 1065 emendatus
1818 1021 1927 1074 est,

329 1106 719 1165 correctusqne
748 1098 1038 1154 dominari.
1068 1100 1202 1153 Tum
1233 1100 1429 1156 deinde
1453 1116 1660 1170 qtztero,
1689 1102 1812 1169 quid
1841 1116 1928 1154 cr-

330 1188 471 1240 r0tis
504 1187 877 1253 damnaverit,
910 1189 1036 1258 quid
1069 1199 1229 1245 recta:
1265 1191 1622 1246 confessionis
1661 1191 1887 1253 elegerit
1911 1234 1925 1259 ,

328 1291 384 1335 et
412 1297 575 1349 qualn
612 1282 741 1349 petit
765 1296 885 1335 esse
917 1283 1102 1337 falsam
1125 1328 1139 1350 ,
1170 1298 1399 1353 quamve
1430 1298 1674 1339 veracem
1708 1283 1864 1337 Iidem
1910 1299 1925 1337 :

328 1374 422 1441 qui
454 1373 801 1429 side-ﬁnitam
840 1375 980 1443 apud
1010 1373 1406 1430 Chalceoloncm
1438 1377 1628 1442 ﬁdem,
1662 1385 1716 1430 et
1743 1375 1929 1430 catho-

330 1463 489 1517 licam
522 1466 783 1533 sequitur,
812 1480 907 1518 cur
935 1466 1015 1518 eis
1040 1467 1419 1530 communicat,
1453 1468 1542 1537 qui
1572 1468 1795 1520 duarum
1828 1482 1926 1520 na-

329 1564 572 1607 turarum
622 1556 672 1607 in
704 1554 920 1608 Christo
949 1556 1256 1611 nullatenus
1292 1556 1559 1628 recipiunt
1602 1557 1927 1612 veritatem?

324 1648 423 1699 cur
454 1647 765 1701 Dioscorum
788 1690 801 1713 ,
835 1662 932 1701 cur
969 1647 1309 1703 Timotheum
1344 1648 1657 1704 hatreticum
1705 1648 1922 1704 recitari

2036 455 2330 509 clesiastiea
2350 454 2507 523 igitur
2520 455 2699 525 regula
2722 455 2957 524 receptio
2979 455 3097 525 ejus
3116 458 3290 511 omnis
3317 456 3489 511 aliena
3511 468 3612 511 est.

2035 548 2187 614 Quod
2210 548 2253 602 si
2278 548 2478 603 dixeris
2506 565 2519 599 :
2553 548 2661 602 Sed
2690 549 2969 616 imperator
2992 550 3271 604 catholicus
3294 559 3389 611 est,
3423 561 3446 590 ο
3468 548 3615 604 salva

2037 652 2165 707 pace
2189 638 2353 709 ipsius
2370 638 2686 704 dixerimus,
2704 639 2843 693 ﬁlius
2862 649 2963 705 ρει,
2988 656 3091 695 non
3112 642 3307 711 prmsul
3326 642 3607 698 Ecclesite:

2034 729 2174 797 quod
2207 730 2270 781 ad
2313 729 2625 800 religionem
2652 730 2928 800 competit,
2959 731 3169 788 discere
3201 736 3473 800 convenit,
3504 749 3612 790 non

2034 820 2260 883 docere;
2294 818 2453 875 habet
2494 820 2765 889 privilegia
2798 824 3079 891 potestatis
3116 834 3248 889 sum,
3282 840 3402 895 qua:
3438 825 3609 881 admi-

2035 911 2322 965 nistrandis
2356 912 2578 981 publicis
2608 913 2769 968 rebus
2797 912 3054 970 divinitus
3078 924 3401 972 consecutus
3422 925 3533 983 est;
3554 924 3615 974 et

2033 1002 2149 1067 ejus
2179 1001 2453 1057 beneﬁciis
2482 1017 2587 1057 non
2607 1002 2848 1073 ingra'us
2874 1014 3064 1059 contra
3085 1005 3492 1075 dispositionem
3512 1024 3613 1064 ete-

2034 1090 2186 1146 lestis
2214 1092 2418 1147 ordinis
2447 1093 2522 1149 nil
2552 1106 2770 1165 usurpet
2809 1113 2821 1148 :
2847 1095 2914 1151 ad
2944 1098 3259 1154 sacerdotes
3303 1100 3444 1153 enim
3473 1100 3614 1156 Deus

2034 1187 2223 1251 vo‘uit,
2269 1203 2389 1256 qua:
2431 1187 2687 1244 Ecclesia:
2729 1189 3061 1259 disponenda
3111 1201 3265 1258 sunt,
3312 1192 3614 1261 pertinere.

2032 1291 2137 1330 non
2165 1276 2231 1330 ad
2257 1278 2440 1331 stecnli
2466 1288 2792 1349 potestates:
2816 1297 2934 1350 qum
2962 1284 3005 1336 si
3040 1281 3224 1338 ﬁdeles
3254 1292 3397 1348 sunt.
3425 1283 3615 1339 Eccle-

2031 1370 2125 1425 sia:
2171 1386 2283 1425 sine
2335 1380 2387 1425 ct
2418 1373 2789 1427 sacerdotibus
2814 1374 2984 1429 voluit
3013 1390 3135 1431 esse
3173 1376 3463 1445 subiectas.
3497 1377 3613 1431 Non

2029 1460 2132 1514 sibi
2168 1460 2403 1517 vindicet
2430 1464 2661 1516 alienum
2689 1463 2797 1533 jus,
2823 1474 2870 1517 et
2906 1466 3265 1521 ministerium
3288 1466 3428 1535 quod
3461 1467 3613 1520 alteri

2028 1551 2338 1621 deputatum
2368 1564 2449 1609 est
2475 1571 2489 1608 :
2519 1571 2584 1609 ne
2607 1566 2791 1610 contra
2821 1572 2943 1610 eum
2978 1556 3159 1613 tendat
3182 1558 3430 1627 abrupte,
3458 1574 3484 1610 a
3509 1576 3615 1629 quo

2029 1645 2207 1699 omnia
2238 1647 2529 1700 constituta
2560 1656 2705 1711 sunt,
2746 1656 2798 1702 et
2827 1658 3015 1703 cmtra
3060 1648 3204 1705 illius
3232 1650 3485 1706 beneﬁcia
3519 1669 3617 1719 pu-

329 1739 491 1793 facit?
524 1756 621 1793 cur
661 1741 966 1810 quicunque
998 1741 1121 1794 inde
1161 1743 1413 1806 veniunt,
1461 1742 1668 1812 synodo
1699 1741 1925 1799 Cbalce—
1954 1743 2002 1804 B
2026 1751 2191 1804 gnare
2216 1736 2478 1801 Vidcallll‘.
2510 1754 2537 1791 ³
2566 1754 2674 1807 (ιιιο
2698 1739 2968 1809 Propriam
2997 1749 3322 1797 CODSCCUluS
3352 1751 3432 1796 (‘8!
3465 1752 3615 1811 pulc-

324 1829 553 1883 dnnensi
579 1831 805 1884 adversa
830 1830 1160 1885 defendunt?
1185 1831 1379 1900 quibus
1403 1832 1591 1886 Petrus
1614 1831 1731 1886 sine
1762 1832 1921 1886 dubi-

328 1921 529 1973 tatione
570 1921 949 1974 communicat.
1001 1921 1055 1977 Si
1107 1930 1287 1975 autem
1335 1922 1503 1991 magis
1536 1922 1720 1975 talium
1757 1922 1918 1977 ﬁdem

332 2028 516 2064 veram
568 2027 690 2066 esse
736 2012 1081 2081 pronuntiat,
1114 2021 1335 2082 apparet
1369 2014 1500 2067 satis
1538 2028 1696 2082 quam
1728 2013 1796 2067 de
1825 2028 1922 2069 suo

328 2104 393 2157 sit
448 2117 633 2156 errore
680 2117 991 2158 conversus.
1043 2110 1070 2139 ἰ
1121 2102 1224 2158 Sed
1268 2118 1376 2157 non
1423 2104 1587 2158 miror
1616 2113 1920 2159 correctum

325 2194 454 2257 dici,
483 2209 606 2249 cum
632 2194 683 2247 in
717 2208 810 2247 sua
840 2195 1549 2265 perversitatepermaneat,
1577 2197 1792 2267 quando
1812 2214 1918 2253 non

326 2297 539 2341 constat
572 2295 627 2340 et
669 2302 698 2339 a
731 2303 835 2356 quo
867 2288 948 2342 vel
977 2297 1255 2341 correctus
1287 2286 1474 2352 fuerit,
1506 2288 1590 2343 vel
1626 2276 1870 2359 receptus
1901 2306 1917 2345 :

326 2377 597 2444 siquidem
633 2378 885 2433 Ecclesia:
934 2380 1115 2449 regula
1157 2391 1420 2449 vetusque
1452 2382 1666 2436 traditio
1695 2392 1822 2437 nota
1850 2383 1923 2437 sit

324 2470 576 2523 omnibus
618 2486 633 2524 :
666 2470 733 2523 ab
760 2472 1013 2540 episcopo
1055 2471 1199 2525 enim
1235 2473 1521 2541 provinciae
1562 2490 1671 2527 sua:
1694 2514 1708 2537 _.
1743 2475 1793 2527 id
1839 2484 1920 2529 est

323 2561 578 2614 secunda:
610 2560 751 2615 sedis
782 2562 1051 2628 antistite,
1084 2578 1230 2629 eum,
1265 2564 1349 2617 vel
1396 2563 1591 2618 discuti
1625 2564 1710 2618 vel
1754 2563 1919 2633 recipi

324 2654 685 2707 convenisset.
705 2654 803 2721 Qui
824 2664 1001 2709 tamen
1035 2656 1425 2710 Alexandrinus
1446 2656 1669 2712 antistes
1687 2699 1702 2725 ,
1728 2657 1917 2713 etiam-

325 2744 371 2797 si
404 2748 669 2812 pravitate
716 2745 968 2800 damnata
997 2762 1119 2799 eum
1154 2746 1518 2817 recipiendum
1554 2763 1675 2803 esse
1704 2748 1917 2818 judica-

324 2843 439 2901 ret,
466 2849 572 2888 non
607 2835 753 2905 prius
781 2836 882 2891 hoc
904 2836 1107 2892 faceret
1139 2852 1299 2907 quam
1343 2836 1409 2892 ad
1454 2839 1637 2893 sedem
1666 2840 1921 2909 apostoli-

325 2939 443 2980 cam
472 2927 764 2982 retulisset.
797 2928 996 2983 Doceat
1042 2929 1144 2985 hoc
1172 2929 1422 2985 catholici
1449 2940 1594 3001 gesta
1625 2931 1915 2998 Timothei,

327 3019 665 3089 aliorumque
685 3022 931 3090 exempla
983 3023 1297 3093 multorum,
1339 3025 1427 3095 qui
1456 3026 1691 3095 acceptis
1723 3027 1917 3083 libellis

2026 1838 2239 1883 statcm.
2275 1830 2388 1884 Non
2414 1830 2620 1900 legibus
2647 1832 2897 1899 publicis,
2926 1848 3028 1887 non
3065 1848 3095 1887 a
3126 1834 3479 1901 potestatibus
3509 1850 3614 1889 sre-

2023 1922 2154 1987 culi,
2187 1922 2280 1975 sed
2324 1938 2353 1976 a
2398 1923 2736 1992 pontiﬁcibus
2778 1933 2835 1980 et
2870 1926 3244 1981 sacerdotibus
3273 1930 3614 1993 omnigotens

2028 2013 2166 2067 Dens
2193 2013 2512 2069 Christiana:
2533 2015 2807 2083 religionis
2833 2015 3081 2071 dominos
3103 2026 3158 2071 ct
3179 2018 3488 2073 sacerdotes
3517 2035 3613 2071 vo-

2025 2106 2125 2160 luit
2153 2105 2411 2169 ordinari,
2435 2116 2487 2161 et
2518 2106 2733 2171 discuti,
2768 2107 3041 2177 recipique
3068 2108 3134 2163 de
3162 2123 3347 2163 errore
3370 2124 3614 2164 remean-

2026 2207 2128 2252 tes.
2165 2198 2519 2266 Imperatores
2567 2196 2860 2255 Christiani
2892 2199 3127 2254 subdere
3166 2199 3363 2254 debent
3391 2216 3614 2256 exsecu-

2025 2290 2199 2344 tiones
2227 2304 2352 2346 suas
2381 2289 2762 2345 ecclesiasticis
2807 2290 3148 2359 prmsu'ibus,
3182 2307 3287 2347 non
3333 2292 3607 2361 prtcferre.

2000 2380 2175 2434 .Nulla
2209 2395 2357 2446 ergo,
2391 2396 2493 2435 nec
2525 2394 2671 2435 certa
2702 2381 2970 2437 discussio
2999 2391 3103 2451 est,
3135 2398 3237 2438 nec
3266 2398 3484 2439 manere
3515 2398 3611 2453 po-

2026 2482 2129 2528 test
2152 2474 2250 2528 isxa
2284 2474 2557 2543 susceptio
2587 2474 2725 2543 ejus,
2766 2490 2924 2545 quem
2964 2477 3204 2531 Ecclesia
3237 2478 3349 2531 suis
3378 2476 3603 2548 legibus,

2023 2580 2123 2619 nec
2164 2563 2355 2619 ordine
2399 2566 2746 2632 competenti,
2794 2581 2893 2620 nec
2931 2566 3184 2622 discussit
3226 2568 3466 2633 omnino,
3508 2584 3609 2623 nec

2021 2656 2401 2709 communione
2450 2658 2731 2721 restituit;
2766 2657 2995 2726 ideoque
3045 2658 3220 2726 potius
3267 2658 3441 2713 errori
3492 2661 3609 2723 ejus

2022 2746 2440 2800 communicavit
2472 2745 2716 2815 Aeacius,
2747 2746 3175 2817 eatbolicamquc
3212 2747 3370 2803 ﬁdem
3404 2749 3453 2803 ei
3486 2764 3609 2817 pro-

2021 2839 2215 2901 szituit,
2245 2854 2403 2908 quam
2435 2838 2582 2893 illum
2612 2837 2680 2892 ad
2700 2839 3135 2894 communionem
3163 2839 3485 2895 catholicam
3519 2856 3605 2896 re-

2022 2930 2268 2984 vocavit:
2299 2932 2452 3000 cuius
2473 2930 2616 2986 enim
2640 2945 2747 2986 non
2774 2940 2856 2987 est
2876 2931 3115 2986 ordinata
3141 2934 3398 3002 receptio,
3426 2936 3609 3001 sequi-

2023 3029 2111 3074 tur
2141 3030 2199 3074 ut
2229 3021 2280 3074 in
2312 3035 2497 3076 errore
2528 3021 2910 3091 permanserit.
2943 3022 3195 3078 Acacium
3222 3038 3437 3094 quoque
3461 3040 3491 3080 a
3513 3040 3608 3081 no-

329 3109 744 3176 ba-reticorum,
788 3111 841 3166 in
888 3113 1080 3181 quibus
1114 3126 1353 3171 veterem
1384 3131 1442 3171 se
1471 3118 1729 3173 damnare
1759 3119 1919 3189 proﬁ-
1948 3120 1994 3184 (ζ
2025 3125 2135 3172 stra
2173 3117 2551 3172 communione
2594 3116 2987 3183 submovimns,
3036 3130 3105 3171 ne
3153 3131 3247 3186 per
3284 3132 3406 3173 eum
3446 3120 3608 3174 etiam

329 3211 511 3255 tentur
535 3215 772 3257 errorem
799 3247 814 3271 ,
859 3218 965 3259 non
997 3206 1145 3275 prius
1168 3209 1529 3277 reccptionem
1560 3225 1745 3265 eorum
1775 3226 1922 3266 com-

330 3292 752 3362 munionemque
781 3293 1137 3366 conﬁrmant,
1170 3312 1329 3367 quam
1360 3298 1426 3353 ad
1456 3298 1594 3355 hanc
1619 3302 1803 3357 sedem
1829 3318 1921 3358 sa-

335 3384 716 3439 tisfacientium
744 3395 891 3455 gesta
924 3388 1238 3457 dirigerent,
1266 3400 1423 3461 atque
1454 3392 1578 3448 hinc
1618 3406 1919 3465 poscerent,

330 3477 470 3529 sicut
509 3477 701 3529 tactum
733 3487 845 3541 est,
893 3478 1091 3533 debere
1138 3479 1362 3535 ﬁrmari.
1395 3481 1623 3552 Quaero,
1671 3484 1921 3554 inquam,

330 3567 455 3637 quis
486 3569 644 3620 istutn
675 3567 1019 3634 discusserit,
1050 3570 1237 3639 quisve
1268 3575 1597 3643 susceperit,
1645 3577 1764 3643 quis
1795 3592 1923 3632 vere

329 3656 731 3724 conciliaverit,
781 3659 902 3728 quis
938 3660 1005 3714 ad
1035 3664 1463 3721 communionem
1494 3667 1811 3722 catholicam
1843 3669 1924 3723 in-

332 3760 481 3803 trare
524 3748 861 3817 permiserit;
895 3750 983 3804 ubi
1015 3752 1226 3807 interim
1258 3762 1429 3817 taceo,
1458 3758 1577 3823 quia
1609 3756 1723 3811 hate
1742 3759 1921 3813 omnia

338 3840 655 3909 paenitentis
683 3851 836 3905 sunt,
883 3852 1067 3910 utpote
1096 3852 1151 3897 et
1179 3844 1415 3899 Incretici
1439 3886 1453 3911 ,
1488 3858 1540 3902 et
1565 3848 1632 3901 ab
1658 3848 1923 3904 luereticis

334 3933 568 3985 oidiuati
601 3949 612 3983 :
643 3946 797 4000 quem
818 3931 936 3987 sine
963 3934 1214 4003 ambiguo
1244 3946 1297 3990 et
1318 3947 1527 3992 constat
1556 3955 1799 4005 errasse,
1832 3944 1922 4011 qui

331 4038 476 4076 nunc
502 4022 804 4090 perhibetur
826 4038 943 4078 esse
970 4034 1244 4080 correctus
1272 4044 1285 4080 z
1314 4025 1341 4065 δ
1371 4028 1471 4083 alia
1499 4040 1584 4085 est
1603 4036 1745 4085 enim
1770 4036 1921 4089 venia

330 4116 435 4169 sub
488 4127 692 4170 tetrore
741 4116 1059 4185 lapsorum,
1122 4118 1227 4172 alia
1280 4132 1592 4190 Spontaucze
1646 4127 1922 4194 pravitatis

328 4206 545 4260 electio.
592 4206 649 4260 Si
684 4207 905 4260 Aeacius
937 4208 1077 4265 hunc
1103 4210 1334 4280 recipit,
1366 4230 1474 4283 quo
1500 4214 1653 4283 jure,
1682 4232 1785 4286 qua
1832 4232 1920 4272 rc-

327 4297 494 4365 gula?
520 4310 640 4350 cum
667 4311 763 4350 nec
791 4297 1057 4365 pontiﬁcis
1088 4299 1255 4367 ipsius
1285 4313 1428 4357 esset
1459 4305 1558 4358 hoc
1585 4304 1793 4373 facere,
1824 4324 1923 4364 nec

328 4390 399 4441 ad
435 4406 520 4444 me
547 4391 779 4445 voluerit
815 4393 931 4447 hzce
961 4394 1163 4451 referre
1196 4413 1211 4450 :
1248 4398 1354 4452 imo
1379 4399 1494 4466 cui,
1526 4416 1594 4456 ne
1617 4401 1667 4456 id
1689 4402 1920 4471 faceret,

2026 3223 2145 3274 nos,
2183 3209 2339 3264 Petro
2365 3207 2510 3263 nulla
2544 3207 2802 3263 Ecclesiae
2833 3208 3016 3276 regula
3044 3206 3294 3263 discusso
3320 3217 3479 3279 atque
3518 3226 3609 3264 su-

2023 3310 2232 3371 scepto,
2261 3310 2317 3357 et
2344 3300 2468 3357 ideo
2498 3300 2550 3354 in
2579 3299 2803 3369 pristino
2829 3314 3017 3356 errore
3040 3299 3275 3369 duranti,
3308 3303 3609 3357 communi-

2023 3408 2176 3449 casse
2206 3392 2668 3462 dignosceremur.
2697 3391 2980 3456 Quomodo
3003 3400 3181 3447 autem
3221 3408 3329 3449 non
3366 3409 3488 3448 reus
3525 3397 3607 3449 ci-

2026 3496 2167 3539 tatur
2203 3483 2447 3549 Aeacius,
2494 3480 2941 3537 communicando
2969 3480 3044 3545 ei,
3072 3496 3231 3551 quem
3268 3484 3455 3539 retulit
3486 3500 3608 3541 esse

2023 3575 2368 3631 damnatum?
2398 3573 2653 3642 Nunquid
2674 3590 2738 3628 ex
2775 3580 2951 3628 eodem
2982 3573 3232 3643 foramine
3267 3588 3441 3631 manat
3471 3596 3609 3649 aqua

2025 3671 2189 3724 dulcis
2216 3679 2264 3723 et
2290 3685 2467 3723 amara
2494 3667 2700 3738 (Jacob.
2726 3682 2802 3731 tu,
2826 3662 2951 3737 il)?
2981 3665 3112 3721 Nam
3137 3683 3258 3723 cum
3283 3668 3429 3724 dicat
3453 3672 3603 3740 Apo-

2024 3766 2197 3821 stolus
2227 3782 2239 3817 :
2265 3764 2327 3820 Si
2350 3780 2464 3835 qua:
2493 3763 2743 3828 destrui,
2774 3760 2881 3815 lucc
2903 3760 3075 3819 eadem
3101 3762 3378 3831 rea’diﬁco,
3405 3780 3605 3833 ρτωυα-

2023 3860 2293 3912 ricatorem
2343 3873 2421 3911 me
2461 3859 2711 3910 constituo
2753 3854 2896 3922 (Cal.
2932 3871 2992 3923 tt,
3035 3857 3309 3926 18)?cum
3357 3857 3493 3919 haec,
3523 3860 3605 3912 in.

1992 3950 2362 4020 quam,dicat
2404 3958 2582 4003 tantus
2636 3951 2953 4020 Apostolus,
2997 3966 3094 4007 vos
3140 3951 3381 4020 iudicate
3426 3961 3603 4005 utrum

2027 4042 2405 4112 praevaricator
2436 4057 2539 4095 non
2572 4041 2639 4096 sit
2664 4044 2914 4112 Aeacius,
2942 4044 3033 4112 qui
3063 4044 3213 4113 quod
3233 4053 3361 4099 ante
3384 4042 3606 4097 damna-

2026 4135 2120 4197 vit,
2148 4148 2246 4189 suo
2276 4144 2393 4203 post
2422 4147 2515 4187 ore
2540 4131 2792 4187 laudavit.
2824 4131 2909 4185 Ea:
2933 4149 3020 4186 ore
3046 4141 3158 4198 tuo,
3191 4131 3383 4202 inquit,
3405 4133 3606 4203 justiﬁ-

2026 4225 2242 4289 caberis,
2288 4234 2334 4277 et
2379 4240 2442 4278 ea:
2488 4241 2574 4277 ore
2615 4234 2701 4277 tuo
2743 4224 3155 4279 condemnaberis
3183 4222 3362 4288 :Pax,
3408 4240 3528 4293 pax,
3557 4234 3605 4279 ct

2028 4335 2127 4372 non
2159 4327 2229 4372 est
2258 4334 2358 4388 pax
2379 4314 2405 4354 ά
2436 4333 2451 4373 :
2483 4332 2579 4385 pax
2609 4326 2692 4370 est
2714 4318 2856 4372 enim
2900 4318 3090 4371 caritas
3119 4318 3180 4370 de
3204 4319 3356 4370 corde
3376 4333 3526 4386 puro,
3555 4329 3604 4369 et

2025 4410 2332 4464 conscientia
2362 4410 2512 4472 bona,
2545 4420 2589 4462 ct
2617 4409 2719 4475 ﬁde
2756 4426 2854 4462 non
2885 4409 3005 4477 ficta
3032 4407 3081 4477 (Ι
3107 4408 3241 4461 Tim.
3278 4424 3313 4471 I,
3342 4407 3422 4477 5).
3462 4406 3602 4474 Quid

326 4484 630 4549 sa-pissiuie
650 4487 1041 4541 contradictum
1058 4497 1162 4557 est,
1181 4501 1229 4543 et
1250 4506 1574 4561 magnopere
1592 4494 1915 4565 delegatum,
1948 4487 1999 4549 D
2028 4502 2215 4556 borum
2240 4501 2291 4554 in
2322 4500 2510 4553 Petro?
2532 4500 2659 4569 quid
2683 4501 2874 4554 borum
2898 4499 3119 4554 docetur
3142 4513 3263 4553 esse
3292 4499 3346 4553 in
3372 4499 3602 4553 Acacio?

327 4583 386 4625 ut
414 4587 537 4626 eum
570 4574 774 4643 longius
795 4577 863 4629 ab
894 4578 1219 4633 Alexandria
1252 4580 1453 4636 faceret
1480 4585 1833 4653 sacerdotali,
1861 4599 1918 4645 et

323 4665 595 4719 catholico
620 4667 741 4736 jure
771 4681 952 4724 nostra
995 4676 1337 4743 suggestione
1365 4677 1581 4746 depelli.
1628 4680 1739 4736 Cur
1784 4699 1919 4754 prte-

322 4756 693 4825 suntp~itquae
719 4760 881 4824 vetui,
912 4770 965 4815 et
996 4778 1113 4830 qua:
1149 4777 1271 4818 sunt
1303 4766 1538 4836 iniuncta
1560 4771 1824 4828 calcavit?
1847 4792 1916 4832 an

322 4848 620 4915 imperator
637 4849 787 4904 illum
805 4851 1054 4907 discussit
1077 4864 1237 4924 atque
1258 4859 1526 4929 suscepit?
1542 4859 1765 4919 Constat
1780 4865 1916 4922 inte—

397 5062 421 5089 ἰ
468 5051 721 5107 Videmus
767 5069 872 5124 quo
920 5066 1112 5109 conatu
1166 5058 1342 5112 Aeacii
1401 5060 1636 5117 fautores
1686 5063 1898 5120 Petrum

318 5138 537 5192 quoque
564 5124 984 5180 Alexandrinum
1031 5137 1324 5191 tuerentur,
1376 5130 1685 5187 ha'retieutn
1731 5139 1900 5187 homi-

318 5210 446 5248 nem
478 5208 539 5247 ac
567 5194 1001 5262 perditissimnm.
1040 5197 1140 5263 Qui
1172 5211 1336 5251 tanten
1356 5202 1732 5257 Alexandrinus
1757 5206 1903 5259 Anti-

317 5274 445 5335 ελσε,
480 5274 584 5318 etc.
616 5266 689 5317 Ita
720 5266 918 5320 exinde
948 5266 1193 5322 Gelasins
1224 5270 1379 5335 epist.
1416 5273 1481 5325 15
1511 5276 1573 5324 ad
1607 5290 1667 5326 ea
1702 5279 1859 5328 verba
1888 5295 1899 5328 :

318 5332 453 5408 Cum
483 5336 616 5408 enim
647 5347 838 5389 constet
866 5354 1083 5403 semper.
1134 5332 1370 5407 Apparet
1402 5344 1730 5408 patriarchas
1762 5348 1907 5407 ipsos

315 5405 620 5481 {frientales
664 5416 789 5481 ante
824 5408 1128 5481 apostolici:
1170 5405 1311 5481 sedis
1347 5405 1656 5481 assensum,
1690 5432 1751 5467 ac
1789 5405 1905 5471 Sine

318 5475 550 5528 Romani
606 5477 869 5545 pontilicis
909 5482 1183 5547 oraculo,,
1221 5480 1501 5538 haereticos
1554 5475 1902 5541 reconciliare

318 5560 430 5599 non
462 5547 825 5601 consuevisse.
868 5548 1009 5603 SCIP.
1046 5550 1338 5605 MAFFEII‘S.

392 5613 418 5654 ιο
445 5616 629 5691 i‘etrns
658 5617 916 5691 siquidem
949 5634 1052 5691 non
1083 5622 1149 5691 ob
1180 5635 1462 5689 terrorem,
1489 5624 1581 5679 sed
1609 5637 1899 5691 Spontanea

320 5688 585 5756 pravitate
613 5689 927 5763 deliquerat.
957 5688 1227 5757 Pontiﬁcis
1246 5694 1406 5761 ipsius
1430 5688 1531 5753 hoc
1557 5688 1900 5767 est-episcopi

2026 4593 2116 4648 ille
2153 4606 2258 4647 non
2300 4591 2534 4660 legitima
2566 4606 2662 4645 nec
2701 4589 3064 4645 ecclesiastica
3108 4591 3289 4660 regula
3330 4592 3603 4647 discussus

2020 4695 2180 4755 atque
2205 4692 2488 4753 susceptus
2521 4684 2570 4735 in
2609 4698 2702 4737 sua
2737 4692 3013 4751 permanet
3045 4684 3332 4753 pravitate,
3362 4684 3450 4740 bic
3474 4700 3601 4755 per-

2020 4776 2256 4831 manenti
2293 4775 2345 4829 in
2389 4774 2651 4844 pravitate
2694 4774 2752 4828 ﬁt
2797 4775 3063 4845 eomplex,
3107 4775 3271 4831 etiam
3317 4786 3598 4846 postquam

2020 4882 2143 4924 eum
2179 4865 2449 4937 professus
2495 4873 2579 4921 est
2608 4865 2723 4937 ipse
2763 4865 3095 4923 damnatum.
3138 4867 3245 4923 Sed
3272 4869 3595 4935 necessitafc,

2014 5066 2116 5119 sui.
2152 5063 2262 5117 Ima
2291 5064 2393 5127 cui,
2423 5073 2552 5125 etc.,
2587 5063 2686 5131 ipsi
2716 5063 3081 5119 Alexandrino
3106 5064 3381 5133 episeopo.
3418 5064 3593 5122 Mare.

2083 5145 2105 5174 ο
2135 5138 2320 5204 Aliqua
2350 5150 2412 5186 ex
2443 5135 2524 5187 his
2545 5132 2654 5200 jam
2686 5135 2983 5202 protulerat
3014 5132 3166 5190 [εειίά
3200 5134 3253 5190 in
3284 5132 3441 5202 epist.
3466 5142 3499 5190 υ
3525 5137 3593 5190 ad

2008 5206 2275 5261 ZenOnem
2299 5222 2311 5257 :
2343 5204 2549 5274 Regiam
2573 5204 2876 5258 voluntatem
2898 5207 3243 5260 sacerdotibus
3267 5206 3457 5260 Christi
3482 5216 3589 5260 stu-

2009 5279 2165 5330 deatis
2191 5276 2424 5336 subdere,
2458 5292 2553 5327 non
2585 5280 2846 5343 prwferre,
2876 5284 2922 5329 et
2951 5287 3272 5329 sacrosancta
3298 5294 3386 5344 per
3415 5292 3591 5329 eorum

2012 5348 2252 5415 praesules
2279 5347 2473 5398 discere
2503 5348 2671 5414 potius
2696 5362 2847 5412 quam
2876 5349 3070 5401 docere.
3120 5346 3264 5401 SCIP.
3297 5346 3589 5400 MAFFEIUS.

2079 5414 2106 5453 ἀ
2136 5416 2304 5470 Verba
2350 5416 2462 5469 ha-c
2501 5416 2674 5468 attulit
2714 5414 2859 5469 Felix
2897 5418 2947 5470 in
2980 5417 3203 5470 epistola
3244 5418 3329 5470 13.
3361 5414 3426 5469 ad
3469 5416 3589 5469 Fla-

2178 5426 2304 5470 erba
2350 5426 2462 5469 nae
2501 5426 2674 5468 attuut
2714 5426 2859 5469 r'etix
2897 5426 2947 5470 in
2980 5426 3203 5479 epistola
3244 5426 3329 5479 15,
3361 5426 3426 5469 aa
3469 5426 3591 5469 ινιτι-

2079 5433 2106 5453 υ
2141 5433 2304 5470 verna
2350 5433 2462 5469 na-c
2501 5433 2674 5468 attuut
2714 5433 2859 5469 rettx
2897 5433 2947 5470 ιη
2980 5433 3203 5485 eptswta
3244 5433 3329 5479 to,
3361 5433 3426 5469 au
3469 5433 3589 5469 rta-

2012 5487 2193 5541 vitam.
2230 5486 2327 5541 Ubi
2356 5486 2406 5539 in
2437 5486 2717 5540 Lahbeaua
2745 5487 2980 5540 editione
3008 5487 3073 5539 ad
3104 5499 3251 5555 oram
3279 5486 3589 5555 preceden-

2011 5558 2077 5611 tis
2115 5556 2355 5624 epismlte
2399 5555 2727 5610 duodecima:
2769 5557 3032 5625 adjectum
3061 5565 3165 5617 est,
3200 5554 3512 5623 Euphemius
3540 5559 3585 5613 is

2009 5628 2127 5699 fuit,
2159 5627 2521 5699 reponendum
2551 5625 2779 5693 Flavita,
2808 5625 2871 5682 ad
2906 5639 3062 5698 quem
3091 5634 3173 5682 est
3210 5640 3439 5697 sequens
3465 5628 3587 5699 cpi-

2009 5698 2165 5754 stola.
2200 5698 2341 5757 SCIP.
2374 5697 2665 5756 Muretus.
