4046 6188
505 232 599 289 951

1813 218 2076 280 πειιειε
2113 217 2197 273 PA
2207 217 2313 273 ΡΑιὶ
2351 218 2417 274 Ill

3641 220 3739 279 952

503 346 691 417 inquit,
742 344 994 416 imperiali
1039 344 1438 399 communicavit
1478 340 1633 396 Petro
1679 337 1920 393 Aeacius.
1966 334 2079 389 lloc
2106 332 2161 393 Δ,
2182 348 2244 388 ea
2276 334 2387 404 ipsa
2414 337 2620 405 utique,
2648 348 2770 404 qua:
2811 333 2974 389 iidem
3004 332 3145 391 male
3174 333 3459 389 commissa
3492 347 3606 390 esse
3639 351 3737 394 non

497 440 675 509 ipsum
704 435 922 503 sufficit,
954 437 1079 506 quia
1122 434 1264 506 quod
1308 433 1629 491 necessitate
1659 429 1854 485 dicitur
1886 440 2076 497 perpe-

494 540 720 591 tratum,
752 541 971 597 pravum
1010 540 1134 583 esse
1171 533 1524 581 monstratum
1554 532 1656 580 est.
1693 519 1900 576 Viderit
1942 521 2080 573 Aca-

494 629 637 696 cins,
681 621 764 677 vel
817 621 907 689 qui
951 622 1053 677 ista
1091 620 1428 692 pronuntiat,
1474 628 1655 673 utrum
1695 615 2078 685 imperatorem

498 710 825 768 catholicum
881 713 1191 784 proﬁteatur
1238 712 1397 782 hujus
1450 709 1724 781 pravitatis
1777 716 2076 762 auctorem.

500 803 609 858 Nos
638 809 738 860 ista
781 805 850 860 de
878 805 1141 860 catholico
1185 805 1506 874 imperatore
1548 816 1653 857 non
1684 798 1980 864 credimus,
2017 806 2077 852 ut

503 904 627 960 pote
647 896 800 966 cujus
838 911 989 952 sacra
1023 896 1340 961 retinemus,
1365 896 1417 950 in
1444 895 1638 966 quibus
1662 892 1980 949 catholicam
2014 890 2079 945 li-

502 990 622 1043 dcm
661 999 715 1044 et
757 988 1447 1060 Chalcedonensis'synodi
1487 987 1853 1044 deﬁnitionem
1897 1000 1957 1041 se
1994 993 2081 1040 te-

503 1095 635 1135 nere
665 1090 921 1144 testatur;
968 1092 1128 1152 atque
1156 1080 1277 1135 ideo
1311 1080 1472 1135 etiam
1504 1079 1572 1135 ah
1611 1078 1804 1135 eodem
1838 1077 2081 1147 postula-

504 1188 647 1238 mus,
690 1171 971 1228 hzereticos
1005 1173 1205 1228 debere
1247 1171 1481 1239 depelli;
1521 1171 1864 1241 pessimeque
1906 1169 1974 1225 de
2016 1182 2084 1225 eo

507 1266 675 1336 magis
698 1265 791 1319 ille
819 1266 1001 1331 sentit,
1028 1266 1117 1333 qui
1149 1265 1225 1319 ait
1262 1280 1409 1329 eum,
1438 1272 1531 1318 aut
1559 1263 1723 1328 nolle,
1755 1271 1845 1316 aut
1868 1276 1975 1317 non
2001 1260 2084 1316 la-

507 1371 629 1412 cere
660 1369 815 1424 posse
858 1370 981 1424 quae
1018 1355 1182 1410 sentit
1212 1371 1225 1408 :
1252 1369 1376 1410 cum
1422 1368 1525 1410 nec
1564 1352 1836 1408 Divinitati
1877 1352 1948 1408 sit
1988 1350 2088 1406 ali-

508 1446 634 1515 quid
666 1444 1082 1515 praalerendum,
1110 1456 1167 1502 et
1188 1446 1409 1515 impium
1435 1445 1505 1501 sit
1528 1459 1650 1514 qua:
1670 1444 1736 1499 ad
1766 1445 1935 1499 Deum
1968 1458 2091 1512 per-

506 1541 682 1595 tinent
726 1548 970 1608 prornpta
1014 1552 1121 1593 non
1153 1537 1378 1607 exsequi
1405 1536 1702 1592 voluntate.
1732 1534 2106 1607 Nos,inquam,

508 1632 608 1685 ista
652 1629 721 1684 de
765 1629 1089 1698 imperatore
1138 1641 1245 1684 non
1294 1626 1776 1683 credimus:absit
1827 1626 1971 1680 enim
2030 1636 2089 1680 ut

2183 430 2442 484 abnuunt.
2466 427 2571 483 Sed
2597 427 2841 496 papulas,
2870 426 3061 497 inquit,
3094 427 3472 481 Alexandrinus
3488 425 3581 480 hoc
3606 443 3736 497 utag-

2185 521 2262 575 nis
2290 518 2555 574 desideriis
2592 518 2886 587 postulauit,
2937 534 3030 571 nec
3061 514 3271 571 Petrum
3310 516 3407 570 sibi
3430 517 3618 587 patitur
3644 518 3741 570 ulla

2183 612 2379 667 ratione
2407 608 2641 665 subduci.
2683 610 2818 677 Quid
2851 609 2894 665 si
2927 618 3135 699 peteret
3182 608 3412 699 pepnlus
3443 591 3768 699 Alexandri-i

2186 717 2286 758 nus
2311 701 2666 757 idololatriam
2706 700 2906 757 debere
2936 698 3153 770 parari;
3198 697 3326 769 quid
3369 698 3508 752 enim
3536 697 3763 753 interest‘

2187 802 2366 847 utrum
2387 792 2669 848 haereticus
2691 806 2760 847 an
2788 789 3043 862 profanus
3067 789 3324 845 Ecclesia:
3346 788 3613 845 catholica:
3636 779 3767 858 ρετ-ἓ

2186 884 2428 939 mittatur
2455 883 2691 954 imponi?
2721 884 2847 954 quid
2891 883 2935 938 si
2967 882 3190 937 alterius
3231 883 3452 936 literes's
3482 880 3746 950 cujuslibet

2187 974 2457 1030 hominem
2505 975 2607 1030 sibi
2637 974 2918 1045 prtesulent
2964 981 3151 1043 poscat
3198 971 3586 1042 adhiberi;qui
3616 973 3746 1026 enim

2187 1066 2313 1121 fecit
2344 1066 2447 1121 hoc
2475 1064 2544 1121 de
2589 1065 2764 1135 aliqua
2798 1065 3013 1130 lueresi,
3062 1071 3240 1133 potest
3276 1072 3332 1117 et
3371 1061 3439 1116 de
3469 1060 3590 1125 alia,
3630 1060 3674 1115 si
3698 1060 3745 1115 id

2188 1161 2420 1216 delectat
2445 1170 2722 1230 expetere.
2772 1158 2831 1214 Si
2869 1159 3009 1212 inter
3037 1157 3314 1211 hominum
3359 1169 3542 1210 mores
3562 1154 3746 1225 aliquid

2189 1258 2487 1327 perpetrari
2519 1262 2817 1312 tentaretur
2841 1264 3031 1311 contra
3061 1253 3209 1325 leges
3240 1252 3507 1323 publicas,
3538 1252 3749 1309 nullate-

2190 1368 2289 1407 nus
2318 1350 2370 1406 id
2402 1351 2575 1406 honus
2599 1350 2894 1420 imperator
2921 1354 3183 1402 annueret
3211 1362 3227 1401 :
3256 1352 3443 1401 contra
3475 1344 3633 1414 Deum
3665 1360 3751 1415 po-

2188 1443 2464 1500 scentibus
2503 1440 2824 1512 acquiescit?
2859 1439 2917 1495 Si
2956 1451 3116 1510 prava
3147 1436 3491 1508 cupientibus
3530 1451 3752 1492 annuen-

2190 1537 2317 1593 dum
2348 1544 2451 1603 est,
2481 1535 2570 1590 ubi
2593 1542 2677 1591 est
2711 1532 3001 1604 imperialis
3036 1530 3360 1587 auctoritas?
3400 1529 3492 1585 ubi
3524 1527 3750 1585 modera-

2195 1628 2301 1683 tio?
2349 1627 2436 1682 ubi
2483 1626 2659 1696 legum
2715 1622 3075 1694 gubernatio?
3120 1622 3178 1678 Si
3217 1631 3404 1677 contra
3451 1622 3750 1677 catholicam

507 1732 692 1776 contra
721 1721 823 1777 hoc
860 1722 1001 1791 quod
1026 1722 1203 1793 palam
1232 1721 1536 1791 proﬁtetur,
1578 1727 1766 1775 contra
1794 1720 1959 1776 decus
1989 1721 2090 1776 im-
2122 1708 2171 1769 B
2199 1719 2354 1774 iidem
2386 1727 2440 1775 et
2486 1716 2916 1773 Ecclesiasticam
2946 1713 3185 1785 regulam
3221 1713 3531 1785 petentibus
3565 1727 3751 1769 conce-

508 1815 638 1883 perii
666 1816 986 1872 catholicam
1019 1816 1178 1871 (idem
1208 1816 1523 1885 impugnare
1546 1814 1775 1872 dicatur.
1809 1815 2089 1885 lmpugnat

509 1916 707 1971 autem,
730 1904 874 1977 quod
905 1907 1067 1972 absit,
1092 1908 1137 1961 si
1174 1921 1494 1976 quemquam
1524 1907 1579 1962 in
1610 1906 1713 1961 hoc
1738 1905 1880 1975 quod
1908 1904 2089 1960 inimi-

511 2013 633 2052 cum
660 2007 743 2053 est
781 1995 1063 2053 catholica:
1100 1998 1375 2065 Ecclesiae,
1409 1999 1730 2055 necessitate
1754 1999 2044 2070 compellat
2072 2016 2088 2053 :

515 2092 616 2145 hoc
651 2090 770 2159 ipso
802 2098 1002 2155 autem,
1033 2089 1174 2145 sicut
1203 2090 1405 2145 dictum
1443 2103 1547 2157 est,
1580 2100 1792 2147 constat
1825 2106 1945 2147 esse
1971 2106 2092 2161 per-

512 2196 748 2245 versum,
776 2181 917 2251 quod
939 2181 1136 2237 dicitur
1163 2183 1489 2238 necessitate
1514 2184 1798 2240 committi.
1833 2184 1939 2242 Sed
1976 2186 2093 2242 hate

512 2276 581 2329 tle
629 2275 955 2343 imperatore
996 2273 1252 2340 viderint,
1300 2274 1391 2344 qui
1431 2274 1534 2330 ista
1584 2275 1959 2344 praetendunt:
1993 2290 2092 2330 nos

514 2379 694 2424 autem
723 2370 884 2424 etiam
912 2369 965 2425 in
998 2368 1097 2423 hac
1120 2380 1275 2438 parte
1304 2376 1331 2405 ι
1355 2368 1697 2439 imperatoris
1720 2384 1872 2426 sacra
1904 2370 2097 2426 recita~

517 2476 657 2526 nius,
691 2460 887 2532 quibus
916 2460 1095 2516 omnia
1124 2475 1185 2516 se
1224 2460 1518 2530 imperator
1544 2477 1666 2519 cum
1700 2462 1886 2519 Acacii
1916 2467 2095 2519 consl-

520 2555 591 2607 lio
606 2552 796 2609 fecisse
815 2551 1033 2620 promit,
1055 2558 1112 2606 ct
1132 2550 1256 2606 item
1279 2551 1460 2607 Acacii
1479 2553 1681 2623 scripta
1704 2554 2091 2623 depromimus,

516 2658 639 2713 qua:
690 2641 911 2697 laudant
967 2641 1347 2712 imperatorem
1388 2643 1505 2698 .ista
1557 2643 1865 2702 facientem.
1924 2646 2097 2702 Nemo

515 2733 657 2803 quod
684 2735 882 2803 patitur
911 2733 1254 2797 necessitate,
1300 2732 1608 2789 collaudat:
1638 2750 1797 2791 nemo
1835 2752 1936 2793 suo
1964 2752 2097 2794 con-

516 2824 642 2879 silio
673 2824 1052 2882 necessitatem
1092 2822 1193 2879 sibi
1227 2824 1642 2893 poscit‘inlerri.
1675 2827 1731 2884 Si
1772 2832 2097 2887 necessitate

516 2915 665 2982 fecit,
698 2917 925 2975 fateatur
961 2915 1161 2971 malum
1185 2929 1307 2971 esse
1340 2916 1485 2986 quod
1523 2916 1684 2984 fecit;
1729 2920 1919 2975 nolens
1947 2920 2093 2975 enim

517 3026 623 3065 non
653 3010 841 3065 volens
865 3008 1023 3075 facit;
1054 3025 1161 3065 non
1191 3013 1336 3065 enim
1365 3011 1640 3070 voluntate
1671 3014 1798 3071 facit
1825 3016 1969 3083 quod
1997 3031 2094 3072 ne-

2188 1811 2426 1868 deudum
2451 1810 2697 1880 estquod
2718 1817 2950 1879 petatur,
2967 1808 3239 1880 quomodo
3266 1807 3573 1863 catholicus
3595 1808 3752 1877 impe-

2191 1918 2338 1965 rator
2368 1906 2663 1979 permittat,
2695 1922 2763 1961 ne
2784 1906 2877 1960 flat
2894 1915 3082 1961 contra
3110 1904 3391 1960 hominum
3412 1904 3753 1974 voluntatem,

2189 2003 2285 2057 fiat
2311 2011 2496 2057 contra
2525 1999 2730 2055 Deum?
2774 2014 2844 2056 ne
2872 1999 3232 2069 corripiantur
3267 1998 3472 2054 utiliter
3506 1998 3755 2067 improba,

2192 2095 2302 2149 imo
2331 2092 2545 2147 lethalia
2568 2091 2934 2161 concipientes
2958 2104 3025 2145 ne
3049 2091 3410 2161 corrigantur,
3443 2092 3625 2146 insana
3654 2107 3755 2146 mo-

2195 2187 2387 2243 lientes
2419 2194 2649 2256 pereant
2693 2185 2747 2239 in
2784 2183 3085 2240 aeternum?
3129 2182 3240 2239 Nec
3277 2182 3405 2239 boni
3433 2183 3759 2253 imperatoris

2193 2287 2297 2346 est,
2328 2292 2430 2333 nec
2469 2275 2719 2332 catholici
2748 2274 3004 2346 principis
3038 2272 3255 2331 sibimet
3299 2274 3646 2343 poscentibus
3670 2271 3761 2329 ini-

2196 2372 2332 2427 mica
2383 2366 2711 2434 concedere;
2757 2366 2867 2423 imo
2913 2374 2970 2423 et
3006 2365 3107 2435 ipsi
3134 2365 3204 2421 de
3239 2364 3433 2436 quibus
3473 2364 3671 2436 agitur,
3715 2374 3762 2420 et

2195 2463 2341 2518 omni
2372 2459 2700 2530 reipublicae,
2730 2467 2786 2515 et
2826 2458 2984 2515 saluti
3012 2456 3151 2527 ejus,
3194 2466 3250 2512 et
3281 2470 3467 2528 regno,
3496 2472 3620 2528 qua:
3645 2471 3763 2512 con-

2200 2565 2279 2610 tra
2310 2554 2476 2608 Deum
2512 2560 2661 2617 sunt,
2704 2564 2811 2606 non
2838 2550 3092 2617 cessisse,
3120 2548 3359 2605 salutare
3393 2558 3501 2604 est.
3532 2548 3634 2605 Sed
3669 2566 3763 2604 non

2196 2654 2337 2710 sunt,
2369 2645 2566 2713 inquis,
2592 2658 2683 2697 nec
2720 2642 2864 2697 bonis
2902 2640 3151 2706 moribus,
3183 2656 3277 2696 nec
3305 2640 3429 2710 fidei
3466 2651 3621 2696 recte:
3654 2654 3763 2695 cono

2200 2740 2382 2796 traria.
2408 2735 2688 2807 Quomodo
2712 2750 2816 2789 non
2847 2741 2975 2789 sunt
2999 2733 3156 2788 bonis
3180 2732 3424 2789 moribus
3452 2734 3636 2799 noxia,
3656 2748 3764 2803 per-

2202 2835 2363 2889 lidum
2398 2842 2421 2870 ε
2459 2827 2728 2900 parricidii
2778 2826 3008 2893 socium,
3057 2823 3312 2881 comitem
3357 2824 3765 2889 hereticorum,

2200 2936 2358 2997 atque
2379 2924 2712 2985 damnatum,
2737 2934 2917 2977 rerum
2939 2916 3427 2974 administratoretn
3449 2930 3677 2988 poscere
3694 2914 3766 2971 di-

2204 3018 2473 3081 vinarum,
2524 3027 2683 3084 quem
2717 3009 2918 3082 prmiici
2959 3008 3113 3066 nefas
3156 3018 3323 3077 esset,
3363 3010 3450 3064 vel
3481 3024 3593 3065 non
3620 3008 3765 3065 decce

514 3099 770 3155 cessitate
814 3099 936 3154 facit
970 3100 1207 3155 :malum
1254 3113 1433 3158 autem
1479 3104 1693 3173 fatetur,
1740 3076 1882 3176 quod
1930 3076 2175 3167 nolletc
2206 3111 2316 3175 hat,
2358 3076 2469 3164 neci
2500 3076 3345 3176 publice-digiiitatithtomodo
3383 3116 3495 3158 non
3543 3098 3768 3169 religioni

508 3191 655 3258 ﬁeri,
694 3190 742 3245 si
781 3190 1109 3249 necessitate
1146 3207 1252 3246 non
1283 3203 1635 3261 premeretur.
1683 3197 1740 3252 Si
1786 3198 1986 3254 malum
2014 3210 2099 3256 est

515 3281 659 3352 quod
688 3280 1005 3336 necessitate
1028 3281 1170 3348 facit,
1201 3297 1299 3337 cur
1330 3283 1379 3338 id
1409 3283 1565 3340 laude
1595 3290 1973 3360 prosequitur?
1997 3306 2096 3349 cur

516 3377 581 3430 ad
618 3375 843 3431 aliorum
872 3376 1228 3445 perditionem
1261 3378 1581 3446 praedicator
1610 3382 1688 3436 rei
1734 3382 1853 3452 ejus
1889 3385 2093 3451 existit,

510 3481 669 3537 quam
688 3468 973 3521 committit
1000 3468 1229 3525 invitus?
1252 3468 1405 3525 Unde
1443 3481 1689 3540 apparet,
1718 3488 1829 3531 non
1855 3477 2095 3532 necessi-

511 3559 658 3624 tatis,
698 3556 793 3612 sod
833 3560 1124 3614 voluntatis
1168 3573 1316 3627 esse,
1358 3562 1505 3628 quod
1545 3563 1697 3630 facit,
1737 3582 1861 3622 cum
1911 3570 2095 3640 utique

512 3650 707 3715 placet.
738 3663 859 3704 eam
888 3648 1094 3718 laudat,
1128 3665 1249 3707 cum
1275 3668 1385 3722 pra:
1412 3658 1625 3712 caeteris
1653 3662 1799 3713 retro
1824 3662 2096 3730 pontiﬁci-

508 3741 606 3796 bus
629 3755 750 3795 esse
776 3742 1104 3811 promulgat;
1134 3740 1159 3779 δ
1186 3743 1384 3813 quippe
1408 3747 1498 3815 qui
1528 3745 1679 3813 dicit,
1708 3766 1845 3803 nunc
1870 3752 2093 3808 Alexan.

506 3831 710 3890 drinant
765 3830 1049 3884 Ecclesium
1095 3834 1383 3901 respirare,
1436 3845 1484 3889 et
1533 3838 1782 3902 spiritalis
1828 3840 2096 3899 alimonia:

507 3919 735 3974 ubertate
762 3921 980 3985 satiari;
1005 3921 1074 3979 de
1108 3938 1213 3992 qua
1256 3932 1380 3979 ante
1408 3924 1639 3993 dixerat,
1675 3944 1802 3984 cum
1830 3933 2091 4001 expulsus

504 4019 668 4077 esset,
708 4011 874 4068 laetari
905 4028 1027 4072 cum
1061 4024 1233 4085 patre,
1256 4016 1307 4071 id
1337 4027 1419 4073 est
1440 4033 1565 4075 cum
1596 4022 1880 4080 Timotheo
1902 4026 2095 4082 catho-

476 4107 635 4169 lico,
684 4105 847 4161 corda
894 4106 1157 4173 lideliuui,
1207 4108 1257 4164 id
1302 4120 1384 4163 est
1431 4112 1601 4180 plebis
1637 4128 1772 4168 suae.
1802 4115 2089 4177 Postremo

505 4196 623 4264 ipse
650 4196 828 4251 Videat
862 4198 908 4252 si
934 4198 1316 4267 imperatorem
1348 4201 1490 4257 dicat
1527 4202 1713 4261 facere
1741 4216 1932 4263 cuncta
1962 4224 2090 4277 qua:

504 4288 643 4343 tnala
668 4300 821 4355 sunt;
849 4291 1063 4360 quando
1103 4307 1225 4362 quae
1253 4308 1375 4351 cum
1429 4297 1749 4353 necessitate
1768 4313 1828 4354 se
1857 4301 2088 4358 tolerare

507 4383 813 4451 praetendit,
862 4384 1001 4438 mala
1050 4400 1170 4441 esse
1200 4388 1500 4456 profitetur,
1540 4399 1596 4446 et
1634 4407 1737 4447 non
1782 4394 1959 4451 facere
1995 4412 2090 4451 vo-

508 4475 712 4531 luntate
748 4478 1077 4546 pronuntiat.
1114 4477 1170 4533 ln
1213 4489 1416 4535 tantum
1449 4498 1577 4553 ergo
1607 4482 1723 4541 hate
1768 4488 1906 4542 mala
1939 4499 2083 4556 sunt,

506 4572 565 4617 ut
592 4580 696 4621 non
726 4568 887 4625 vellet
911 4569 1024 4623 lucc
1054 4568 1249 4635 facere,
1278 4571 1323 4625 si
1360 4576 1652 4631 necessitas
1674 4592 1779 4633 non
1820 4591 2040 4649 urgeret
2073 4600 2088 4637 :

504 4656 647 4723 apud
691 4671 790 4711 nos
831 4660 971 4726 quod
1011 4676 1336 4732 magnopere
1368 4665 1646 4734 praedicat,
1702 4685 1806 4725 non
1852 4675 2090 4729 necessio

510 4757 637 4810 tate,
675 4748 769 4802 sed
800 4749 1072 4807 voluntate
1117 4753 1293 4810 facere
1324 4756 1679 4815 demonstrat.
1713 4761 1768 4816 Si
1799 4773 1976 4822 autem
2023 4774 2081 4820 ut

501 4840 720 4893 errasse
754 4842 1114 4908 consentiunt,
1145 4846 1224 4900 sic
1256 4849 1548 4904 remedium
1578 4863 1843 4924 quaerunt,
1896 4864 2084 4925 petant

499 4929 687 4995 ordine
738 4946 837 4993 suo
877 4935 1205 5002 remedium;
1251 4940 1593 5008 acquiescant
1645 4947 1818 5000 curari
1857 4948 2077 5003 vulnera

498 5038 590 5074 sua
616 5040 633 5087 ;
664 5039 931 5093 nunquam
972 5040 1202 5097 argrotus
1229 5032 1436 5086 medico
1464 5035 1788 5093 conditionis
1817 5053 1927 5095 sum
1967 5056 2065 5096 cu-

497 5113 731 5176 rationes
760 5119 1011 5185 apponit;
1042 5121 1266 5188 proinde
1291 5124 1506 5179 vulnera
1543 5142 1660 5191 sua,
1687 5129 1794 5183 imo
1822 5147 1943 5199 qum
1971 5133 2079 5187 Ec—

497 5206 671 5259 clesia:
708 5209 851 5270 omni
897 5212 1009 5263 suis
1048 5214 1356 5271 excessibus
1403 5217 1714 5285 intulerunt,
1767 5230 1826 5275 ut
1866 5224 2076 5291 possint

479 5312 683 5399 Iveram
726 5302 966 5372 recipere
1008 5307 1310 5374 sanitatem,
1349 5310 1524 5371 sinant
1569 5312 1750 5368 curari
1783 5317 2080 5384 patienter,

585 5475 611 5503 ει
641 5465 696 5519 lu
740 5466 965 5545 epistola
1002 5468 1232 5545 ad‘Dard
1253 5470 1374 5545 i_ni:e
1420 5473 1703 5540 episcopos
1731 5491 1745 5529 :
1775 5476 1881 5545 ipse
1910 5478 2084 5531 Zenon

2117 4445 2176 4509 D

2200 3200 2527 3258 contrarium
2568 3203 2653 3252 est
2683 3194 2994 3250 haereticum
3021 3191 3468 3261 damnatumque,
3498 3190 3573 3247 ab
3607 3189 3765 3243 haras

2202 3292 2323 3346 ticis
2362 3290 2553 3344 falsum
2594 3300 2791 3341 nomen
2832 3282 3131 3343 sacerdotis
3174 3282 3473 3352 indeptum,
3502 3281 3767 3339 catholicae

2203 3385 2324 3440 ﬁdei
2348 3384 2487 3439 velle
2511 3380 2801 3451 prtesidere
2821 3380 2845 3433 ?
2867 3379 2972 3435 Sed
2992 3390 3248 3434 correctus
3268 3387 3362 3446 ut,
3392 3378 3596 3448 inquis,
3618 3386 3665 3431 et
3686 3378 3773 3431 hoc

2201 3492 2375 3533 omnes
2403 3475 2691 3538 uoluerunt,
2731 3489 2765 3526 a
2804 3472 2989 3539 quibus
3018 3481 3277 3526 correctus
3305 3478 3398 3536 est,
3440 3479 3487 3524 et
3534 3487 3567 3523 α
3609 3469 3772 3536 quibus

2200 3569 2521 3640 cognoscitur
2540 3570 2877 3638 approbatus.
2907 3564 3007 3631 Qui
3032 3561 3248 3617 tandem
3277 3562 3363 3617 isti
3382 3563 3515 3625 sint,
3549 3559 3769 3629 diligenti

2202 3660 2602 3718 examinatione
2625 3655 2922 3715 videamus.
2954 3652 3059 3721 Ipsi
3082 3661 3235 3709 certe
3266 3668 3401 3723 quos
3430 3653 3637 3724 pariter
3662 3666 3771 3707 cum

2203 3754 2392 3809 eodem
2426 3750 2694 3808 testamini
2724 3749 2795 3805 ab
2812 3763 2999 3805 errore
3026 3757 3319 3805 correctos.
3346 3746 3540 3802 Restat
3564 3756 3623 3801 ut
3640 3761 3772 3801 cotu~

2201 3845 2366 3917 plices
2388 3842 2504 3912 eius
2532 3858 2654 3898 esse
2680 3858 2785 3897 non
2818 3841 3037 3896 dubium
3066 3842 3137 3895 sit
3165 3857 3181 3895 :
3212 3839 3406 3909 quibus
3446 3839 3660 3911 legibus
3688 3838 3772 3907 igi-

2200 3946 2286 3992 tur
2323 3950 2509 3991 eorum
2552 3948 2653 4002 pro
2692 3931 2932 4001 quolibet
2984 3929 3287 3987 testificatio
3338 3929 3500 3985 debet
3551 3928 3771 3997 admitti,

2200 4043 2334 4099 quas
2366 4042 2461 4096 par
2488 4026 2694 4081 crimen
2726 4023 2989 4078 involvit?
3016 4021 3144 4086 Sed,
3174 4020 3372 4091 inquis,
3396 4021 3483 4090 qui
3517 4021 3669 4075 etiam
3692 4017 3774 4073 Ti-

2200 4120 2404 4173 motheo
2428 4116 2680 4171 catholico
2709 4113 3087 4168 communicare
3114 4110 3432 4178 uidebantur,
3462 4128 3607 4165 nunc
3631 4109 3779 4165 Petro

2198 4207 2664 4271 contntanicantes,
2705 4204 2770 4259 de
2804 4207 2979 4260 eodem
3015 4203 3209 4258 similia
3249 4213 3611 4273 poposcerunt.
3651 4202 3777 4259 Sunt

2201 4316 2330 4371 ergo
2361 4299 2450 4354 isti
2478 4297 2878 4357 communionis
2903 4294 3187 4351 catholicae
3213 4293 3663 4363 praevaricatione
3687 4306 3777 4347 no-

2203 4395 2418 4459 tabiles,
2460 4394 2573 4464 qui,
2607 4400 2665 4447 ut
2693 4391 2911 4454 dicitur,
2954 4404 2983 4443 a
3018 4387 3271 4444 catholici
3314 4386 3592 4443 Timothei
3630 4399 3778 4447 cont-

2202 4486 2477 4551 munione,
2521 4498 2683 4555 quam
2711 4482 2778 4537 ad
2808 4481 2927 4551 ejus
2957 4494 3126 4553 usque
3161 4478 3368 4539 obitum
3406 4485 3774 4541 servaverunt,

2201 4586 2323 4651 post
2350 4578 2493 4636 illius
2523 4576 2805 4633 transitum
2829 4575 2881 4628 in
2912 4571 3240 4629 consortium
3269 4571 3424 4627 istius
3446 4571 3778 4638 reciderunt,

2201 4672 2284 4727 cui
2314 4683 2585 4740 nunquam
2632 4665 2947 4721 Timotheus
3000 4662 3300 4719 catholicus
3348 4664 3780 4718 communicasse

2201 4770 2552 4818 monstratur.
2586 4757 2768 4827 Itaque
2808 4770 2841 4809 a
2871 4755 3137 4810 Timothei
3174 4752 3445 4816 catholici,
3488 4753 3602 4808 imo
3636 4768 3668 4808 a
3696 4767 3780 4808 ca.

2200 4854 2398 4910 tholica
2446 4848 2830 4906 communione
2877 4844 3083 4916 delapsi
3127 4836 3297 4901 sunt.”
3320 4844 3461 4901 Erce
3505 4845 3779 4916 quomodo

2203 4945 2393 5000 Petrus
2419 4948 2698 4997 correctus
2718 4948 2801 4993 est
2828 4944 2884 4993 et
2911 4942 3188 5006 probatus,
3211 4935 3304 5005 qui
3334 4935 3417 4989 vel
3444 4950 3473 4989 a
3502 4935 3781 5004 compliri.

2201 5036 2300 5091 hus
2337 5032 2471 5097 suis,
2512 5031 2595 5087 vel
2626 5046 2655 5084 a
2688 5024 3190 5100 praevaricatoribus
3216 5026 3496 5081 catholica;
3532 5042 3779 5080 commn-

2202 5125 2377 5181 nionis
2407 5122 2604 5179 dicitur
2626 5120 2924 5192 postulatus
2952 5117 3201 5173 antistes.
3230 5115 3336 5174 Sed
3357 5115 3680 5185 Timotheus,
3701 5114 3787 5170 in.

2200 5219 2340 5288 quis,
2366 5214 2645 5270 catholicus
2666 5210 2779 5266 ideo
2801 5209 2954 5265 Petro
2973 5224 3075 5262 non
3091 5208 3497 5273 communicauit,
3521 5208 3653 5277 quia
3675 5208 3783 5275 epi-

2198 5321 2463 5382 scopatum
2484 5308 2575 5365 illo
2603 5306 2795 5361 vivente
2814 5309 3222 5374 prasampserat.
3244 5300 3301 5355 Si
3327 5308 3542 5371 propter
3564 5299 3783 5369 episco-

2180 5485 2264 5530 tro
2288 5467 2668 5530 Alexandrino,
2695 5476 2820 5533 qua,
2850 5468 2907 5515 ut
2926 5475 2989 5514 ex
3010 5458 3265 5533 Liberata
3289 5472 3339 5511 c.
3371 5457 3457 5522 l8,
3485 5455 3632 5514 miris
3657 5472 3773 5533 eum

498 5528 903 5611 iiitperalor'suis
931 5541 1108 5593 litteris
1147 5540 1410 5611 profitetur
1441 5528 1624 5596 cuncta
1666 5528 1773 5600 sese
1796 5528 1873 5600 res
2169 5528 2406 5599 l‘rjltdibus
2450 5528 2744 5611 prosecutus
2774 5528 2848 5585 est
2882 5529 3220 5611 .-lc‘t-tcitts,nde
3246 5544 3347 5611 quo
3385 5544 3440 5582 se
3484 5535 3633 5581 tanta
3670 5528 3775 5579 cri—

498 5607 703 5673 gessisse
731 5608 959 5659 consilio.
1002 5607 1156 5664 δευρί
1175 5612 1463 5665 Μλγρειυς.

568 5673 595 5719 δ
623 5675 795 5733 Verba
818 5686 941 5739 sunt
967 5694 1030 5736 cr
1063 5682 1338 5758 deperdita
1368 5684 1545 5743 Acacii
1573 5687 1795 5756 epistola
1822 5702 1922 5769 pro
1954 5687 2056 5743 Pe-

2170 5597 2307 5669 iuimi
2335 5597 2484 5665 caute}:
2511 5607 2804 5660 meminerat
2827 5601 3080 5655 retulisse.
3112 5597 3265 5655 Scrr.
3291 5597 3589 5653 Muretus.

2240 5700 2260 5731 ς
2296 5680 2522 5744 Protei-si
2549 5676 2786 5760 episcopi
2814 5672 3022 5738 cedent
3050 5672 3242 5735 innuit.
3275 5670 3421 5729 SCIP.
3457 5669 3759 5733 Marsica.
