4046 6188
346 274 455 330 955

1535 260 1893 320 EPISTOLIE
1936 260 2025 317 ET
2065 260 2407 319 DECRETA.

3524 266 3639 326 9S1}

348 391 532 454 patum
550 377 837 435 suffecerat
855 374 1141 432 Timotheo
1163 374 1378 431 Petrum
1410 373 1574 430 fuisse
1590 376 1936 441 sulimotum;
1964 376 2019 436 Α
2048 383 2135 443 pta
2171 384 2276 440 est,
2328 389 2429 430 vos
2467 347 2811 445 suscepturus
2846 391 2970 433 csse
3011 376 3191 433 dicitis
3240 394 3256 435 :
3288 394 3409 449 quae
3454 385 3638 440 omnia

348 474 493 544 quod
525 481 705 527 autem
735 472 783 527 ei
814 486 922 524 non
949 468 1390 535 communicavit,
1437 483 1543 523 non
1583 478 1703 525 erat
1731 468 1943 538 episco-

352 576 512 638 patus
537 579 723 631 causa,
753 563 849 620 sed
879 562 1102 618 haeresis
1132 579 1147 617 :
1178 561 1487 617 communio
1519 561 1664 617 enim
1692 560 1759 615 ad
1784 560 1943 615 ﬁdem

352 658 623 730 pertinet;
673 670 797 713 nam
828 657 872 709 si
904 667 1129 726 propter
1171 656 1459 718 honorem,
1504 663 1654 709 certe
1682 652 1771 709 vel
1805 652 1946 708 laico

351 751 759 809 communicare
788 747 1068 819 potuisset,
1101 748 1146 802 si
1174 747 1228 802 in
1258 745 1351 802 illo
1388 746 1520 801 ﬁdes
1542 756 1689 802 recta
1714 744 1948 801 mansis-

357 852 468 902 set,
488 849 515 878 ι
557 855 654 895 cur
678 839 748 894 ab
773 854 841 895 eo
870 837 1107 893 ordinati
1141 837 1206 892 ad
1249 835 1405 893 ﬁdem
1432 837 1757 893 catholicam
1787 851 1949 907 regu-

356 935 548 992 lariter
571 932 710 1005 jussi
748 940 876 987 sunt
912 931 1114 1002 recipi?
1148 932 1239 987 ubi
1273 932 1580 988 ostenditur
1610 932 1759 987 illum
1788 946 1944 988 com-

358 1026 635 1080 munionis
670 1023 958 1079 catholicae
990 1039 1097 1078 non
1138 1022 1325 1091 fuisse.
1365 1023 1569 1081 Deinde
1595 1025 1640 1081 si
1667 1035 1947 1081 correctus

358 1128 445 1175 cst
471 1118 683 1185 Petrus,
703 1133 801 1172 cur
824 1120 894 1175 ab
914 1132 981 1172 eo
1004 1117 1283 1187 catholici,
1310 1120 1616 1189 quicunque
1637 1127 1763 1173 sunt
1786 1116 1870 1174 vel
1895 1120 1949 1174 in

358 1209 711 1273 Alexandria,
743 1207 829 1263 vel
860 1224 956 1278 per
984 1206 1306 1280 Egyptum,
1346 1224 1660 1265 remansere
1690 1209 1950 1264 discreti?

358 1317 458 1357 cur
485 1302 536 1358 ei
578 1316 685 1356 non
724 1301 1126 1357 communicant
1156 1301 1232 1357 illi
1275 1302 1549 1368 catholici,
1583 1303 1671 1373 qui
1699 1318 1866 1373 usque
1894 1302 1949 1359 in

360 1395 507 1450 diem
546 1394 671 1449 vitae
697 1408 807 1449 sua:
831 1392 1101 1449 catholico
1128 1393 1599 1449 communicavere
1623 1394 1951 1450 Timotheo?

360 1484 598 1556 indeque
626 1499 753 1540 vere
782 1483 1033 1539 catholici
1056 1493 1205 1551 sunt,
1237 1485 1360 1555 quia
1402 1483 1458 1540 iu
1483 1484 1673 1541 eadem
1704 1500 1949 1539 commu-

364 1578 531 1634 nione
574 1577 691 1633 sine
719 1576 828 1633 ulla
876 1576 996 1647 ejus
1050 1578 1403 1632 temeratione
1447 1577 1758 1648 perdurant.
1808 1577 1951 1647 Ergo

360 1671 646 1727 evidenter
683 1680 909 1741 apparet
938 1668 1064 1739 quia
1107 1670 1156 1725 ei
1188 1671 1588 1725 communicant
1614 1670 1687 1723 illi
1717 1678 1951 1724 tantum-

2047 466 2267 520 deﬁnita
2316 481 2380 519 ex
2420 466 2660 521 omnium
2702 477 2847 522 retro
2877 467 3182 539 pontiﬁcum
3208 469 3296 537 qui
3349 468 3567 526 fuerunt
3602 487 3635 527 a

2049 565 2291 628 tempore
2319 557 2533 613 Domini
2574 558 2868 613 Salvatoris
2898 568 3010 614 toto
3030 561 3164 615 orbe
3194 571 3481 631 terrarum,
3510 562 3639 617 bea-

2047 659 2117 707 ta
2144 650 2423 706 memoria:
2447 666 2579 721 papa
2604 651 2713 705 Leo
2735 652 2801 705 ad
2826 654 3077 721 Augustze
3099 654 3373 709 memoria:
3396 653 3630 711 Leonem

2047 748 2278 804 subditis
2305 748 2553 817 epistola:
2580 764 2691 803 sure
2710 748 3046 815 testimoniis
3083 750 3419 819 approbavit.
3451 749 3507 807 Si
3540 751 3638 821 igi-

2049 849 2135 895 tur
2162 841 2434 910 antiqnam
2468 839 2651 907 fidem,
2697 850 2753 895 et
2782 856 2902 907 qttzn
2942 856 2972 894 a
3012 840 3112 897 SS.
3144 841 3392 898 Patribus
3424 842 3491 897 ad
3536 855 3637 899 nos

2048 941 2133 986 est
2177 932 2519 998 transmissa,
2558 931 2885 998 sectamini;
2928 934 2973 987 si
3012 932 3080 988 de
3111 932 3486 990 lncarnatione
3527 935 3638 990 Do-

2051 1025 2178 1079 mini
2209 1023 2508 1080 Salvatoris
2544 1024 2659 1080 haec
2686 1025 2964 1080 nobiscum
2998 1041 3119 1094 qua;
3161 1026 3237 1079 illi
3265 1040 3487 1082 sensere
3513 1042 3643 1083 sen-

2052 1116 2184 1182 titis,
2208 1125 2265 1172 et
2293 1132 2321 1171 a
2364 1117 2525 1173 totius
2558 1116 2811 1173 Ecclesia:
2841 1117 3089 1173 doctrina
3130 1119 3437 1175 nullatenus
3458 1118 3644 1175 devia-

2053 1208 2120 1264 tis
2146 1210 2293 1278 (quia
2343 1225 2515 1280 neque
2558 1210 2931 1278 prudentiores
2973 1209 3265 1280 majoribus
3308 1212 3510 1269 nostris
3550 1228 3642 1267 su-

2053 1316 2195 1368 mus,
2233 1316 2405 1371 neque
2457 1301 2611 1356 nobis
2668 1302 2746 1357 fas
2789 1314 2869 1357 est
2917 1302 3077 1359 aliter
3124 1303 3333 1360 novitcr
3380 1321 3643 1375 usurpare

2054 1408 2212 1463 quam
2254 1393 2384 1449 illlhi
2416 1403 2470 1450 et
2508 1393 2747 1450 didicere
2792 1404 2846 1449 et
2874 1394 3109 1452 docuere
3146 1397 3412 1464 majores;
3445 1398 3642 1469 ipsius-

2054 1500 2160 1555 que
2194 1496 2216 1524 ο
2242 1484 2440 1539 Νἰεωηί
2469 1486 2684 1539 concilii
2714 1502 2819 1539 non
2843 1484 3012 1556 magis
3036 1501 3135 1540 nos
3164 1486 3526 1544 intellectores
3548 1506 3641 1545 ex-

2056 1577 2431 1646 positorcsqne
2460 1576 2784 1632 eruditiores
2804 1593 2989 1631 sumus
3013 1594 3171 1648 quam
3199 1579 3274 1634 illi
3305 1590 3381 1636 tot
3406 1582 3642 1651 tantique

2062 1671 2320 1740 prmsnles
2366 1671 2685 1736 venerandi,
2734 1671 2818 1726 vel
2858 1671 3173 1726 intellexere
3213 1673 3502 1741 sapienter.
3554 1674 3668 1729 vel

364 1763 546 1829 modo,
577 1772 634 1819 et
658 1778 781 1818 eum
812 1761 917 1816 sibi
951 1762 1235 1831 prmsulem
1274 1772 1658 1831 poposcerunt,
1689 1763 1779 1831 qui
1812 1760 1953 1831 ejus,
1985 1746 2032 1807 Β
2064 1763 2429 1833 ντιιιάίεανεινθ
2482 1763 2764 1834 ﬁdeliter),
2818 1763 2955 1819 hanc
2998 1779 3187 1819 omnes
3225 1766 3433 1822 sincera
3463 1775 3644 1822 mente

363 1866 423 1912 ut
445 1856 648 1911 dictum
672 1863 776 1921 est,
800 1853 884 1907 vel
906 1852 1141 1923 antique
1171 1863 1298 1907 sunt
1323 1852 1618 1923 complices
1652 1852 1952 1921 pravitatis,

363 1948 448 2003 vel
482 1962 514 2002 a
556 1947 938 2001 communione
967 1943 1233 1999 catholica
1264 1943 1568 2008 deviantes,
1592 1944 1645 1997 in
1676 1943 1795 2012 ejus
1823 1959 1955 1999 con-

364 2040 591 2094 sortium
620 2038 983 2102 transierunt;
1012 2043 1174 2106 atque
1213 2035 1335 2091 ideo
1367 2034 1758 2090 incessabiliter
1793 2036 1956 2090 etiam

364 2130 659 2186 catholicos
684 2136 1096 2199 persequuntur.
1122 2126 1439 2181 Audivimus
1465 2126 1704 2190 assidue,
1729 2136 1783 2180 et
1804 2134 1956 2181 certa

364 2221 629 2276 relatione
670 2220 1041 2289 Cognovimus,
1083 2219 1175 2289 qui
1224 2217 1400 2274 eidem
1441 2220 1844 2274 communicare
1881 2218 1959 2274 di-

362 2324 579 2382 cantur,
604 2312 694 2383 qui
732 2314 802 2367 ab
838 2311 955 2382 ejus
992 2313 1373 2368 communione
1400 2311 1621 2367 discreti
1667 2322 1831 2365 sunt:
1866 2311 1958 2383 qui

363 2414 553 2460 contra
598 2403 756 2459 ﬁdem
785 2402 1109 2458 catholicam
1147 2402 1406 2474 quotidie,
1449 2412 1506 2459 et
1534 2412 1723 2458 contra
1751 2401 1779 2441 δ
1820 2418 1957 2473 apo-

363 2500 572 2555 stolicze
599 2498 744 2553 sedis
764 2496 1224 2567 prmdicationem,
1256 2504 1313 2552 et
1332 2506 1519 2551 contra
1550 2495 1957 2552 Chalcedonen-

364 2590 442 2646 sis
490 2589 685 2662 synodi
712 2589 1005 2646 constituta
1037 2589 1224 2645 venire
1267 2589 1687 2658 perspiciuntur.
1718 2588 1872 2655 Quod
1903 2589 1955 2645 in

366 2693 570 2737 tantum
599 2698 783 2739 verum
824 2692 931 2751 est,
971 2690 1030 2737 ut
1069 2688 1231 2737 testes
1275 2693 1513 2751 paternze
1540 2683 1774 2737 vesania:
1815 2680 1952 2749 ejus,

363 2789 501 2844 quOs
524 2774 611 2829 hic
632 2774 908 2839 habemus,
932 2773 1071 2828 ﬁlios
1098 2772 1476 2840 producamus.
1504 2772 1741 2843 Denique
1763 2787 1956 2827 omnes

364 2865 605 2938 Egyptii
630 2867 718 2937 qui
751 2866 983 2921 diversis
1010 2865 1067 2921 in
1094 2865 1197 2921 hac
1220 2864 1351 2920 urbe
1374 2866 1828 2934 negotiationibus
1854 2866 1955 2921 de-

364 2962 625 3025 tinentur,
664 2960 929 3028 Petroque
965 2958 1395 3024 communicant,
1434 2958 1703 3031 synodum
1730 2959 1956 3015 Chalce-

365 3054 659 3110 dooeusem
685 3054 909 3126 ejusque
936 3054 1157 3109 deﬁnita
1188 3066 1416 3112 eatenus
1454 3056 1645 3111 audire
1677 3071 1783 3112 non
1828 3072 1955 3127 pos-

365 3156 516 3212 sunt,
543 3154 603 3201 ut
623 3122 727 3201 uos
746 3122 844 3202 cur
880 3145 981 3201 ista
1013 3155 1261 3202 tenemus
1288 3147 1523 3203 audeant
1555 3122 1958 3218 incusareIAp-
1983 3122 2031 3187 (ἶ

371 3246 527 3307 paret
569 3237 732 3307 igitur
759 3252 825 3293 ex
866 3238 1147 3308 discipulis
1176 3254 1297 3309 qua:
1322 3241 1513 3295 doceat
1544 3242 1642 3295 hos
1680 3243 1957 3311 magister,

367 3339 421 3383 et
470 3344 535 3383 ex
567 3328 766 3400 genitis
803 3330 1015 3399 genitor
1066 3329 1332 3386 nefandus
1382 3332 1713 3402 agnoscitur.
1774 3333 1958 3387 Palam

372 3430 524 3479 Certe
578 3421 755 3475 solent
794 3422 1143 3489 pronuntiare
1188 3421 1332 3491 quod
1386 3423 1430 3476 si
1483 3422 1706 3478 audiant
1743 3423 1957 3479 Petrum

367 3512 865 3570 Chalcedonensem
894 3514 1159 3586 synodum
1200 3516 1518 3585 praedicare,
1551 3517 1650 3587 ipsi
1675 3532 1800 3573 eum
1833 3532 1961 3571 ana-

372 3610 724 3665 tln-matiaare
762 3625 869 3664 non
912 3609 1195 3676 differant;
1230 3609 1317 3665 ubi
1361 3612 1494 3665 satis
1532 3621 1755 3680 apparet
1783 3612 1963 3681 cujus-

370 3699 519 3754 modi
556 3715 682 3755 eum
722 3700 1022 3756 doctrinam
1067 3701 1308 3771 proferre
1341 3711 1630 3758 testantur.
1658 3705 1961 3771 Quaerimus

375 3800 526 3847 certe
555 3791 625 3847 de
656 3793 809 3847 vobis
836 3803 1014 3847 utrum
1051 3792 1546 3850 Chalcedonensetn
1579 3797 1847 3867 synodum
1875 3812 1962 3852 se-

369 3882 639 3953 quendam
674 3885 892 3954 putetis.
924 3901 992 3939 au
1034 3898 1172 3951 non;
1218 3885 1264 3939 si
1306 3882 1412 3941 non
1440 3886 1790 3956 sequendam,
1828 3904 1963 3960 quo-

371 3977 539 4035 modo
586 3977 724 4031 hanc
770 3992 865 4033 vos
915 3977 1111 4032 litteris
1144 3978 1341 4033 vestris
1374 3987 1561 4035 tenere
1600 3981 1962 4050 proﬁtemini?

370 4080 599 4141 apparet
626 4087 755 4143 ergo
788 4088 892 4127 non
943 4073 1117 4128 solum
1164 4075 1217 4127 in
1245 4073 1514 4129 catholica
1560 4075 1830 4130 neminem
1862 4091 1961 4130 ve-

369 4176 545 4220 strum
592 4165 905 4221 deﬁnitione
942 4174 1213 4229 constare,
1257 4165 1350 4220 scd
1392 4182 1460 4221 ne
1510 4167 1563 4221 in
1608 4182 1703 4223 sua
1747 4166 1960 4236 quidem

369 4259 707 4327 professione
724 4261 1055 4325 consistere;
1081 4260 1307 4329 proinde
1331 4260 1785 4329 quemadmodum
1811 4260 1964 4315 vobis

369 4350 701 4416 credemus,
761 4349 919 4407 fidem
975 4350 1297 4406 catholicam
1354 4359 1541 4405 tenere
1588 4350 1961 4419 jactantibus,

2062 1871 2295 1923 veroque
2343 1855 2507 1911 corde
2556 1856 2606 1910 in
2651 1871 2938 1912 commune
2969 1866 3268 1921 teneamus,
3309 1867 3365 1913 et
3406 1874 3505 1925 pax
3535 1870 3635 1914 est.

2061 1947 2291 2018 Regulus
2319 1962 2532 2017 quoque
2558 1962 2691 2017 quas
2720 1947 2788 2000 ab
2806 1947 3008 2002 eisdem
3039 1947 3289 2003 Patribus
3312 1948 3521 2017 accepit
3546 1949 3645 2003 Ec-

2061 2040 2242 2104 clesia,
2263 2040 2608 2093 intemeratas
2627 2039 2916 2093 habeamus
2935 2046 2990 2092 et
3007 2055 3109 2106 pax
3122 2046 3225 2093 est.
3254 2039 3372 2095 Sint
3384 2055 3513 2109 ergo
3526 2039 3643 2095 haec

2059 2130 2201 2199 apud
2233 2145 2328 2183 vos
2351 2139 2520 2196 certa,
2546 2129 2660 2183 sint
2692 2132 2814 2193 lixa,
2847 2138 2901 2183 et
2934 2128 3077 2182 nulla
3105 2128 3370 2183 discordia
3398 2140 3648 2200 est:qu:e

2062 2223 2108 2278 si
2134 2224 2276 2293 apud
2308 2238 2402 2279 vos
2425 2238 2548 2279 esse
2578 2224 2931 2293 praetenditis,
2961 2223 3201 2294 patimini
3232 2223 3646 2281 sollicitudinem

2063 2325 2302 2371 nostram
2342 2316 2613 2385 paulisper
2642 2316 2741 2371 ista
2772 2315 3063 2384 discutere,
3091 2316 3216 2386 quia
3244 2325 3445 2386 quanto
3474 2318 3648 2371 verio—

2060 2421 2173 2462 rem
2207 2421 2390 2475 paecm
2421 2407 2619 2462 habere
2640 2407 2907 2471 volumus,
2941 2415 3088 2461 tanto
3115 2408 3400 2464 certiorem
3424 2422 3641 2464 causam

2062 2500 2208 2568 pacis
2236 2498 2609 2555 desideramus
2633 2514 2948 2569 agnoscere.
2980 2499 3037 2555 Si
3069 2502 3185 2557 haec
3211 2501 3353 2569 apud
3385 2516 3479 2556 vos
3510 2501 3647 2556 inte-

2060 2600 2267 2646 mcrata
2311 2591 2621 2659 perdurant,
2659 2590 2786 2659 quid
2834 2598 2939 2659 est,
2989 2591 3130 2659 quod
3166 2591 3376 2647 Petrum
3418 2591 3649 2648 Alexan-

2059 2687 2275 2741 drinum
2298 2686 2364 2739 ad
2395 2686 2551 2740 ﬁdem
2578 2684 2895 2738 catholicam
2922 2695 3221 2739 correctum
3249 2685 3448 2751 dicitis,
3475 2694 3531 2740 et
3558 2700 3645 2738 re-

2059 2777 2311 2845 ceptum?
2337 2774 2532 2845 abjecit
2572 2789 2701 2844 ergo
2729 2786 2946 2839 cuncta,
2985 2789 3106 2844 qua:
3137 2773 3220 2829 his
3247 2773 3648 2832 deﬁnitionibus

2058 2869 2298 2935 obviant,
2327 2876 2382 2923 et
2409 2869 2461 2924 in
2496 2866 2636 2923 banc
2668 2867 2892 2922 formam
2936 2865 3194 2922 doctrinm
3223 2866 3502 2922 catholicae
3534 2876 3647 2923 toto

2059 2962 2225 3018 corde
2253 2961 2485 3016 transiit.
2512 2958 2649 3028 Quid
2676 2958 2778 3013 sibi
2804 2958 2891 3015 isti
2925 2958 3086 3031 igitur
3114 2958 3323 3024 volunt,
3348 2972 3487 3030 quos
3505 2958 3645 3027 apud

2062 3070 2160 3110 nos
2189 3054 2431 3124 quotidie
2469 3051 2828 3109 vociferantes
2854 3051 3217 3123 agnoscimus,
3269 3061 3452 3107 contra
3483 3051 3647 3105 Chal-

2062 3146 2423 3203 cedoneusem
2458 3144 2749 3217 synodum,
2775 3153 2963 3200 contra
2993 3142 3307 3215 apostolica:
3333 3142 3479 3197 sedis
3509 3159 3650 3211 pra:-

2062 3241 2388 3297 dieationem
2424 3238 2717 3295 frementes
2751 3247 2913 3307 atque
2944 3237 3290 3293 frendentes?
3313 3236 3415 3303 Qui
3454 3236 3497 3292 si
3528 3250 3651 3291 cor-

2063 3335 2196 3391 recti
2226 3342 2376 3397 sunt,
2409 3340 2596 3387 tenent
2627 3347 2758 3402 ergo
2803 3330 2890 3385 illa
2919 3344 3039 3400 qua:
3074 3328 3325 3398 superius
3354 3337 3649 3383 memorata

2062 3438 2216 3489 sunt;
2264 3428 2307 3481 si
2343 3442 2406 3481 ea
2438 3435 2643 3492 tenent,
2691 3439 2788 3479 cur
2836 3424 3185 3478 vehementer
3215 3420 3561 3490 impugnant?
3602 3419 3649 3474 si

2064 3520 2153 3575 illa
2189 3519 2526 3589 proﬁtentur,
2559 3532 2656 3572 cur
2690 3531 2719 3569 a
2747 3514 3025 3572 catholicis
3049 3513 3140 3583 qui
3178 3513 3364 3568 eadem
3397 3526 3650 3582 perseve-

2063 3612 2200 3668 ranti
2245 3618 2430 3666 tenent
2458 3607 2796 3679 professione
2822 3606 3162 3662 desciscunt?
3198 3614 3294 3659 aut
3322 3620 3418 3660 cur
3456 3603 3532 3658 illi
3559 3605 3649 3672 qui

2063 3724 2245 3763 veram
2269 3706 2429 3760 ﬁdem
2449 3704 2789 3776 proﬁtentur,
2820 3701 2887 3755 ab
2909 3701 3134 3755 istorum
3160 3698 3417 3755 societate
3442 3697 3647 3752 dissen-

2065 3802 2237 3856 tinnt?
2267 3801 2324 3857 Si
2362 3815 2459 3855 eos
2489 3813 2649 3853 uuam
2680 3797 2839 3851 ﬁdem
2870 3811 3053 3850 secum
3099 3795 3332 3848 retinere
3361 3800 3648 3852 noverunt.

2067 3900 2292 3963 apparet
2320 3890 2484 3960 igitur
2513 3888 2614 3945 hos
2639 3889 2728 3957 qni
2761 3887 2849 3942 illa
2879 3901 2999 3957 qua:
3026 3885 3094 3940 ad
3140 3885 3299 3941 ﬁdem
3327 3883 3647 3940 catholicam

2067 3983 2337 4052 pertinent
2379 3981 2552 4050 palam
2586 3980 2902 4050 impugnare
2933 3993 3039 4032 non
3078 3976 3341 4042 dubitant,
3373 3975 3464 4045 qui
3502 3988 3535 4028 a
3563 3988 3654 4029 ca-

2065 4074 2388 4130 tholicorum
2431 4071 2768 4142 professione
2814 4069 3163 4132 dissentiunt,
3205 4066 3501 4123 catholicos
3536 4080 3650 4120 om-

2064 4171 2194 4223 nino
2240 4180 2345 4219 non
2406 4177 2565 4229 esse,
2625 4172 2786 4232 atque
2830 4161 2953 4216 ideo
3006 4160 3149 4215 nulla
3207 4158 3413 4214 ratione
3466 4172 3651 4213 corre-

2065 4271 2203 4315 ctos.
2253 4257 2437 4326 Quid?
2486 4257 2567 4310 his
2616 4270 2716 4310 cur
2764 4251 3125 4308 communicat
3177 4249 3405 4306 Petrus?
3442 4248 3499 4303 Si
3537 4248 3654 4302 istis

2066 4352 2119 4406 in
2165 4365 2354 4406 errore
2405 4347 2723 4403 durantibus
2780 4344 2871 4399 ille
2920 4342 3041 4398 ﬁdei
3072 4357 3216 4398 verm
3253 4338 3653 4396 examinatione

371 4444 591 4513 quando
624 4445 785 4499 etiam
815 4460 876 4499 ea
905 4459 1027 4515 qna:
1065 4444 1271 4513 scripto
1299 4441 1645 4511 publicamlni
1676 4458 1782 4496 non
1813 4452 1963 4498 tene-
1991 4501 2033 4515 ﬁ
2064 4444 2323 4514 probatus
2356 4451 2439 4497 est
2475 4451 2531 4496 et
2573 4448 2841 4508 receptus,
2873 4439 3053 4506 utique
3093 4435 3139 4490 si
3187 4450 3250 4492 se
3286 4433 3551 4499 correxit,
3583 4432 3652 4487 ad

373 4538 478 4593 tis?
515 4537 667 4606 Quod
713 4537 759 4593 si
808 4501 988 4593 vestra
1032 4501 1369 4608 professione
1407 4535 1707 4602 constricti,
1738 4534 1963 4592 Chalce—
1989 4501 2037 4560 θ
2065 4501 2154 4589 illa
2184 4534 2476 4589 translatus
2521 4539 2607 4587 est
2629 4545 2751 4599 qua:
2796 4528 2919 4583 ﬁdei
2960 4527 3241 4582 catholica:
3279 4523 3655 4592 convenirent,

373 4631 633 4686 donensis
663 4631 852 4703 synodi
898 4629 1186 4684 constituta
1223 4643 1319 4683 vos
1349 4628 1600 4683 omnibus
1629 4626 1805 4682 modis
1846 4641 1964 4682 ser-

373 4737 505 4777 vare
535 4722 795 4789 ﬁrmatis;
825 4723 984 4776 simul
1012 4721 1173 4777 etiam
1197 4720 1508 4790 apostolica:
1529 4718 1678 4774 sedis
1700 4719 1961 4789 praedica-

370 4814 601 4881 tionem,
633 4830 753 4887 qua:
781 4816 843 4898 ip
862 4814 949 4869 illa
986 4814 1195 4885 synodo
1223 4814 1446 4881 relecta,
1482 4820 1731 4880 tractata,
1770 4826 1956 4869 susce—

448 4981 475 5015 α
509 4971 648 5028 Idem
680 4970 829 5031 Felix
880 4972 931 5026 in
969 4972 1126 5039 epist.
1154 4970 1223 5025 l3
1250 4970 1591 5038 provisurum
1620 4982 1680 5023 se
1706 4968 1958 5037 spondet,

372 5053 433 5096 ut
470 5058 646 5095 eorum
684 5059 807 5111 quos
851 5043 1105 5096 Ordinavit
1134 5047 1207 5095 vel
1236 5040 1511 5111 baptizavit
1540 5039 1779 5111 Aeacius,
1817 5042 1963 5092 salva

374 5108 705 5180 confessione
733 5112 1006 5181 catholica,
1055 5128 1146 5180 pro
1186 5108 1413 5163 caritatis
1452 5108 1696 5164 Ecclesia:
1720 5110 1966 5181 redinte-

376 5186 611 5257 gratione
637 5183 765 5257 nihil
788 5180 1101 5257 _prrealalta
1132 5197 1261 5238 vero
1291 5181 1483 5250 arguit,
1519 5189 1575 5233 ut
1606 5181 1648 5233 si
1669 5180 1750 5257 _ab
1776 5196 1841 5233 eo
1871 5196 1965 5233 or-

375 5251 545 5310 dinati
604 5254 821 5321 speciali
878 5254 1081 5307 indultu
1131 5262 1410 5322 eguerunt,
1469 5260 1526 5322 ut
1573 5251 1965 5318 reciperentur,

378 5327 719 5395 perspicuum
764 5326 833 5378 sit
875 5321 1213 5379 ordinantem
1256 5321 1652 5377 communionis
1682 5322 1964 5377 catholicae

374 5412 488 5451 non
519 5395 706 5450 fuisse.
745 5396 887 5450 SCIP.
922 5396 1213 5449 Marmus.

453 5467 479 5505 δ
509 5468 599 5521 Sic
637 5466 869 5535 appellat
898 5465 1091 5521 Leonis
1122 5461 1315 5535 Magni
1340 5461 1715 5535 percelehrom
1745 5461 1810 5514 ad
1846 5460 1959 5535 fla-

378 5538 595 5599 vianum
622 5530 928 5604 epistolam,
960 5552 1079 5607 qum
1109 5530 1319 5607 concilii
1349 5548 1538 5607 norma
1565 5530 1809 5607 qsredatn
1842 5531 1962 5597 fuit,

378 5624 567 5677 qmeve
598 5603 950 5675 in’postcrnm
981 5603 1177 5661 eorum
1211 5604 1299 5674 qui
1331 5605 1399 5677 de
1430 5603 1813 5677 ln‘earna‘tionis
1843 5618 1967 5673 my-

377 5672 545 5734 sterio
585 5672 729 5733 recte
766 5679 1045 5741 sentirent,
1079 5672 1240 5731 veluti
1272 5676 1444 5746 lydius
1479 5675 1612 5746 lanis
1644 5672 1824 5726 habita
1855 5672 1963 5746 est.

380 5749 714 5814 Testimonia
752 5749 847 5806 SS.
869 5746 1104 5818 Patrum,
1149 5764 1269 5818 qua:
1297 5745 1365 5811 in
1393 5745 1755 5811 Couciliorum
1798 5745 1969 5810 collo-

2064 4641 2168 4680 non
2226 4624 2279 4679 in
2332 4624 2416 4678 his
2471 4621 2737 4677 remansit
2787 4634 2909 4688 qum
2953 4619 3002 4673 ei
3061 4617 3361 4687 probantur
3417 4614 3657 4675 inimica.

2063 4720 2168 4774 Cur
2219 4717 2415 4772 talibus
2474 4729 2607 4784 ergo
2657 4710 3055 4768 communicat?
3116 4708 3163 4765 si
3230 4709 3319 4764 illa
3372 4708 3660 4764 manifesto

2060 4813 2362 4884 proﬁtetur,
2406 4808 2474 4864 ad
2523 4823 2645 4879 qua:
2698 4822 2884 4862 errore
2928 4805 3182 4876 deposito
3225 4819 3348 4859 cum
3398 4802 3657 4858 transisse

2070 4969 2254 5023 ctione
2283 4966 2407 5021 huic.
2434 4968 2594 5023 etiam
2624 4964 2863 5035 epistolae
2890 4963 3271 5035 adjnnguntur,
3315 4958 3658 5035 epistoliead

2072 5038 2310 5095 Leonem
2362 5031 2673 5103 Augustum'
2698 5036 2923 5103 legimus
2956 5031 3129 5088 ’hic'a
3176 5032 3429 5088 S.Leone
3479 5031 3657 5085 addita

2070 5125 2212 5165 esse.
2257 5109 2583 5164 Testimonia
2622 5121 2753 5161 vero
2794 5108 2909 5161 lucc
2949 5106 3105 5174 longe
3138 5103 3290 5174 plura
3333 5103 3493 5157 fuisse
3535 5104 3661 5155 licet

2072 5182 2371 5247 conjicere;
2403 5180 2445 5232 si
2476 5179 2618 5232 enim
2652 5193 2716 5230 ex
2746 5192 2934 5231 novem
2964 5173 3333 5247 tantummodo
3362 5184 3452 5226 aut
3474 5174 3657 5227 decem

2074 5245 2341 5329 episcopis
2370 5248 2900 5329 excerptaluissent,
2933 5262 2994 5303 ea
3028 5245 3323 5329 hyperbole
3342 5260 3455 5329 non
3485 5255 3660 5329 ntere-

2075 5316 2160 5376 tur
2189 5321 2357 5382 Felix,
2402 5336 2466 5373 ea:
2504 5316 2731 5372 amulum
2764 5328 2898 5371 retro
2935 5316 3232 5388 pontiﬁcum
3266 5316 3351 5383 qui
3392 5319 3659 5388 [negante

2076 5402 2300 5464 tempore
2332 5390 2537 5464 Domini
2569 5388 2853 5444 Saluatoris
2884 5381 2990 5464 toto
3019 5381 3136 5464 or_be
3166 5381 3432 5464 terrorum.
3468 5381 3659 5437 Tradi-

2076 5456 2237 5517 tionis
2263 5461 2467 5529 pondus
2493 5468 2654 5528 atque
2685 5475 2836 5513 usum
2864 5461 3033 5515 vides.
3059 5460 3199 5514 Sorr.
3217 5456 3524 5529 ΔΜυςινειιιβ.

2150 5544 2172 5571 ⁸
2203 5525 2548 5601 Compertum
2570 5525 2664 5586 est
2694 5529 3086 5601 Eutychianos,
3119 5536 3187 5601 ut_
3216 5525 3433 5593 impiant
3462 5526 3664 5601 doctri-

2078 5620 2201 5657 nam
2252 5595 2555 5657 assererent
2599 5617 2698 5670 qua
2728 5595 2997 5654 Christum
3046 5595 3316 5670 hominem
3364 5596 3660 5670 negabant,

2076 5674 2350 5728 Nicmnum
2392 5669 2675 5733 concilium
2727 5671 2890 5725 stulte
2934 5669 3238 5738 protulisse,
3281 5681 3388 5736 qtto
3428 5669 3647 5720 dmonat

2077 5749 2285 5806 fuerant
2320 5761 2407 5813 qui
2440 5742 2634 5807 Filium
2666 5737 3145 5813 negabatn’Deum.
3193 5737 3337 5796 Sent.
3365 5738 3663 5794 Μαι-ειυς.
