4046 6188
437 253 543 310 955

1772 248 2029 304 FELICIS
2071 245 2271 303 ΓἏΡᾸΕ
2311 250 2375 304 lll

3597 256 3702 318 9T6

436 364 804 435 cognoscitur,
852 378 946 418 cur
973 362 1089 428 eius
1119 360 1474 414 communicat
1524 358 1794 413 inimicis?
1841 358 2025 428 Itaque
2054 359 2104 416 Α
2133 360 2346 415 interim
2376 378 2479 416 non
2509 364 2757 434 requiro;
2792 366 2935 420 nulla
2967 373 3145 421 tamen
3173 371 3345 437 major
3368 380 3447 424 est
3477 376 3704 426 necessi-

438 459 557 511 luce
590 455 787 510 ciatitts
819 455 1073 522 probatur
1119 467 1225 504 non
1273 466 1393 505 esse
1442 462 1774 514 correctum,
1824 451 1917 505 sed
1970 452 2020 504 itt

439 549 626 604 eadem
664 545 961 613 pestientia
997 558 1331 613 permittere,
1364 542 1520 611 cujus
1550 545 1870 611 sequacibus
1904 559 2025 610 pro-

442 641 837 705 fessoribttsque
877 639 1256 691 communicat.
1305 636 1443 691 Ecce
1490 636 1671 705 igitur.
1718 637 1880 691 etiam
1924 636 2025 690 hoc

440 732 613 799 ipsum
646 731 786 799 quod
820 738 1119 783 correctum
1146 728 1336 794 vultis,
1366 726 1577 781 videtur
1604 726 1793 781 falsum
1820 737 1872 780 et
1908 728 2024 781 evi-

439 821 755 876 dentissime
772 819 1099 874 confutatur.
1124 817 1466 886 Quapropter
1495 818 1637 881 licet,
1669 818 1877 872 etiamsi
1904 832 2027 873 cor-

440 921 621 967 rectus
653 920 817 978 esset,
870 909 1266 966 correctoribus
1308 909 1420 962 suis
1465 908 1619 963 subdi
1661 908 1865 975 debuit,
1917 924 2023 964 non

441 1003 701 1071 pra-poni,
736 1001 930 1072 quibus
958 1001 1026 1053 ab
1060 1000 1330 1053 hazreticis
1351 998 1649 1065 ordinatus,
1684 1000 1827 1054 nulla
1853 1001 2026 1071 potuit

441 1108 676 1161 pra-esse
704 1092 943 1154 ratione;
975 1090 1133 1144 etiam
1161 1089 1211 1142 in
1240 1088 1339 1143 hac
1368 1098 1518 1158 parte
1546 1090 1901 1154 convincitur,
1932 1090 2024 1158 qui

442 1192 717 1237 correctus
744 1180 1077 1243 obtenditur,
1129 1180 1343 1248 quando
1374 1178 1458 1232 his
1486 1180 1905 1248 communicare,
1934 1180 2023 1250 qui

442 1276 495 1327 in
528 1274 788 1342 pravitate
831 1272 1158 1342 perdurant,
1200 1274 1317 1325 sine
1357 1270 1609 1341 ambiguo
1648 1272 1916 1340 reperitur
1946 1279 2027 1325 at-

438 1382 544 1434 que
579 1380 608 1418 a
648 1374 831 1419 nostra
863 1363 1241 1419 communione
1266 1361 1607 1417 omnifariam
1639 1362 1834 1418 merito
1857 1362 2025 1433 juste-

440 1473 545 1521 que
578 1456 878 1526 repellitur.
927 1455 1064 1510 Ecce
1094 1469 1253 1523 quam
1286 1454 1443 1508 nobis
1465 1453 1606 1522 jnsta
1636 1468 1796 1508 causa
1828 1469 2024 1523 suppe-

440 1549 594 1609 ditat,
624 1547 672 1602 si
700 1546 859 1599 etiam
883 1544 1135 1599 Acacium
1163 1544 1252 1613 qui
1280 1543 1420 1597 hunc
1448 1552 1500 1597 et
1526 1542 1669 1611 juste
1690 1542 1874 1598 retulit
1901 1552 2025 1597 ante

437 1654 559 1693 esse
588 1638 921 1703 damnatum,
953 1645 1007 1691 et
1030 1646 1148 1705 pou
1173 1650 1297 1689 eum
1340 1635 1543 1689 nefarie
1568 1635 1621 1689 in
1653 1650 1746 1688 sua
1776 1650 2024 1689 commu-

2128 463 2208 507 tas
2230 469 2387 522 qnam
2416 456 2601 510 divino
2631 457 2796 510 cultui
2828 465 2881 510 et
2906 458 3174 523 religioni,
3202 459 3344 514 unde
3371 462 3552 514 omnia
3582 478 3705 530 pro-

2126 554 2430 612 sperantur,
2488 547 2628 601 nnde
2659 548 2950 601 necessitas
2990 548 3160 618 magis
3192 550 3368 604 onmis
3392 550 3706 621 absolvitur,

2126 646 2178 690 et
2209 648 2402 691 cuncta
2431 637 2652 692 adversa
2704 648 3067 703 removentur,
3098 655 3220 694 esse
3256 641 3577 709 subjectum,
3610 658 3710 698 nec

2126 730 2173 784 ei
2206 729 2407 798 aliquid
2454 731 2673 786 omnino
2702 745 3045 800 praeponere;
3097 734 3221 801 quia
3260 749 3366 788 non
3398 744 3481 788 est
3528 735 3712 804 utique

2126 823 2268 892 quod
2294 825 2402 878 Deo
2424 823 2616 880 debeat
2647 826 2919 893 anteponi,
2949 840 3072 880 cum
3097 827 3144 880 ei
3173 826 3309 896 jussi
3333 828 3591 884 fuerimus
3612 844 3712 883 nec

2126 914 2333 967 animas
2376 924 2589 970 nostras
2630 914 2851 970 omnino
2892 932 3207 987 prreponere
3247 938 3261 972 :
3294 920 3386 973 illo
3426 920 3568 975 enim
3612 921 3712 974 de-

2127 1013 2313 1073 specto
2342 1006 2485 1060 nulla
2519 1015 2696 1073 potest
2725 1008 3018 1063 necessitas
3050 1009 3315 1080 expediri,
3350 1011 3444 1067 sed
3484 1028 3583 1067 nec
3626 1029 3713 1067 res

2126 1096 2381 1164 quamlibet
2424 1096 2657 1153 humana
2704 1101 3163 1156 constare:unde
3202 1115 3423 1172 apparet
3451 1104 3712 1172 majorem

2127 1187 2499 1243 necessitatem
2530 1198 2585 1244 et
2610 1190 2869 1259 majorem
2910 1207 3020 1261 prze
3053 1194 3308 1248 omnibus
3332 1210 3548 1250 causam
3591 1211 3716 1252 esse

2126 1288 2315 1334 cuncta
2344 1282 2518 1337 eidem
2551 1284 2929 1353 postponendi.
2963 1286 3139 1351 Adde,
3181 1289 3307 1357 quia
3353 1290 3498 1344 nulla
3526 1306 3716 1346 neces-

2128 1372 2259 1427 sitas
2275 1380 2380 1439 est,
2401 1375 2494 1428 sed
2518 1389 2639 1430 esse
2665 1375 3040 1445 praetenditur;
3073 1379 3253 1433 nullus
3271 1380 3376 1449 jam
3400 1396 3503 1435 non
3524 1390 3713 1438 est....

2129 1462 2205 1517 De
2233 1463 2543 1520 exclusione
2570 1465 2711 1521 Petri
2742 1466 2934 1522 seditio
2978 1484 3113 1522 vana
3140 1472 3483 1538 pmponitur;
3515 1474 3716 1543 quippe

2126 1570 2246 1609 cum
2295 1565 2351 1610 et
2376 1556 2660 1611 Timotheo
2711 1558 2968 1612 hmretico
3017 1562 3170 1628 pulso
3214 1562 3719 1618 nemobresultare

2129 1647 2438 1711 teutaverit,
2487 1657 2542 1701 et
2592 1663 2689 1716 pro
2716 1648 2875 1702 Petro
2903 1662 3299 1718 consequenter
3322 1652 3499 1722 ejecto
3538 1656 3719 1708 nullus

441 1732 601 1784 nioue
642 1730 897 1798 suscepit,
944 1743 974 1781 a
1020 1735 1201 1780 nostra
1236 1727 1614 1780 cmmmmiunc
1649 1726 2021 1782 discreVimﬂs-
2058 1734 2102 1792 Β
2130 1738 2420 1791 obstiterit.
2462 1739 2617 1792 Falso
2657 1739 2820 1808 igitur
2861 1756 2964 1793 non
3008 1740 3121 1796 ﬁeri
3174 1757 3331 1807 iosse
3370 1745 3715 1814 conﬁngitur,

439 1824 573 1877 Cum
605 1824 798 1878 Acacio
826 1824 968 1875 enim
1001 1822 1154 1874 nobis
1190 1820 1282 1873 fuit
1319 1823 1496 1889 prisca
1524 1821 1862 1883 communio;
1913 1822 2027 1875 lucc

442 1924 498 1966 ιιι
528 1923 833 1968 servaretur
856 1912 1044 1972 illtcsa.
1078 1923 1102 1947 ι
1134 1926 1227 1978 per
1254 1911 1680 1980 quinquennium
1715 1914 2025 1979 permonui-

440 2020 589 2067 ntus;
622 2014 675 2058 et
703 2006 825 2058 licet
867 2019 965 2056 nec
995 2004 1293 2056 rest-ribere
1323 2003 1651 2069 dignaretur,
1704 2018 1801 2056 nos
1824 2015 2024 2069 tamen,

442 2108 501 2149 nt
530 2098 850 2151 catholicam
885 2096 1042 2148 ﬁdem
1075 2096 1352 2159 retineret,
1403 2109 1675 2163 nunquam
1726 2095 2028 2149 destitimus

436 2188 738 2244 adhortari.
782 2186 1065 2241 Postremo
1108 2188 1299 2255 legatis
1324 2186 1501 2241 missis
1530 2188 1844 2252 terruimus,
1875 2189 2025 2241 blan-

443 2283 543 2336 diti
567 2297 778 2351 sumus,
799 2282 1145 2351 prmdiximus
1168 2283 1584 2349 comminantes,
1610 2283 1914 2349 suadentes,
1934 2286 2029 2340 ob-

442 2389 723 2445 testantes,
768 2379 1170 2435 damnationem
1219 2383 1642 2451 praatendentes,
1691 2398 1759 2438 ne
1791 2394 2030 2436 conmm-

443 2473 589 2527 nioni
624 2472 839 2527 cederet
872 2472 1202 2540 perditorum
1232 2492 1244 2525 :
1286 2474 1527 2529 laborum
1555 2489 1774 2529 suorum
1803 2489 1895 2543 pro
1928 2474 2030 2529 ﬁde

444 2566 707 2621 catholica
741 2567 986 2635 primitus
1015 2566 1376 2635 impensarum
1401 2581 1523 2621 eum
1548 2567 1857 2622 meminisse
1881 2582 2031 2619 man-

442 2659 719 2723 davimus;
751 2668 804 2713 et
827 2658 1109 2713 incitantes
1142 2657 1207 2711 ad
1233 2658 1481 2726 gloriam,
1512 2666 1565 2712 et
1592 2673 1621 2711 a
1662 2658 1899 2727 periculo
1937 2658 2031 2711 de-

442 2759 730 2805 terrentes.
749 2750 877 2817 Qute
898 2758 1089 2804 cuncta
1107 2748 1408 2818 despiciens
1427 2750 1780 2805 circumvenit
1802 2749 2027 2819 legatos,

447 2852 506 2896 nt
533 2842 691 2897 veluti
721 2840 995 2894 nobiseum
1026 2856 1087 2895 se
1118 2854 1302 2895 errare
1344 2839 1729 2910 praetenderet,
1774 2847 1828 2895 et
1855 2841 2028 2894 haere-

443 2934 552 2989 tico
582 2943 742 3003 atque
764 2933 1037 2995 damnato,
1072 2948 1230 3002 quem
1279 2933 1549 3002 praecipue
1588 2934 1703 3002 ipse
1748 2932 2027 2997 retulerat,

444 3026 823 3079 communione
870 3038 928 3077 se
972 3024 1207 3079 miscuit.
1256 3024 1437 3078 Donec
1481 3024 1581 3078 ista
1624 3038 2025 3089 cognoscerem,

2130 1832 2272 1899 quod
2310 1832 2555 1898 exemplo
2581 1832 2887 1887 earumdem
2917 1849 3095 1887 rerum
3123 1836 3241 1889 sine
3269 1836 3492 1890 tumultu
3519 1837 3721 1891 factum

2130 1935 2249 1975 esse
2273 1922 2380 1989 jam
2426 1932 2655 1977 constat.
2710 1923 2955 1977 Pecunia:
3003 1940 3160 1979 causa
3193 1942 3298 1980 non
3341 1927 3433 1991 sit,
3478 1936 3534 1982 et
3569 1929 3717 1982 nulla

2132 2016 2424 2069 necessitas
2454 2025 2555 2069 est.
2580 2016 2866 2071 Tumultus
2899 2017 2949 2071 itt
2982 2020 3153 2073 sancti
3183 2020 3332 2076 crede
3358 2022 3583 2077 Proterii
3616 2024 3723 2079 hic.

2130 2105 2420 2160 reticorutn
2453 2106 2749 2174 irruptione
2779 2117 3079 2163 commotus
3107 2119 3210 2175 est,
3245 2126 3515 2180 nunquam
3534 2123 3718 2168 autem

2132 2212 2229 2263 per
2257 2196 2554 2251 catholicos
2585 2213 2712 2252 usus
2755 2208 2838 2252 est
2869 2200 3125 2251 tumultus
3164 2201 3427 2254 excitatus
3460 2220 3473 2255 :
3507 2212 3559 2256 ct
3586 2219 3721 2257 con-

2132 2290 2279 2342 venit
2322 2288 2616 2342 seditiones
2656 2303 3100 2359 qttorumcnnque
3142 2293 3459 2359 populorum
3506 2295 3721 2362 public:

2132 2380 2450 2434 auctoritate
2480 2381 2767 2448 compesci.
2795 2381 2974 2450 Itaque
2994 2391 3052 2436 ut
3074 2397 3356 2451 pravorum
3382 2384 3723 2455 iudu‘geatnr

2133 2470 2318 2536 furori,
2351 2471 2440 2539 qui
2474 2472 2572 2526 levi
2605 2480 2748 2526 tnettt
2781 2473 3051 2540 perterriti
3081 2475 3467 2542 conquiescere
3512 2477 3722 2543 potuis-

2132 2572 2273 2627 sent,
2320 2564 2505 2632 religio
2538 2563 2713 2617 divina
2756 2565 3105 2630 subvertitur,
3151 2574 3203 2619 et
3234 2564 3434 2622 Christi
3476 2569 3719 2624 Ecclesia

2132 2653 2418 2709 laceratur.
2450 2656 2722 2709 Postremo
2745 2655 2847 2709 hoc
2876 2656 2992 2725 ipco
3015 2656 3157 2726 quod
3186 2660 3560 2713 necessitatem
3596 2677 3721 2717 esse

2138 2746 2445 2815 prteteudit,
2477 2748 2672 2802 ntalum
2700 2762 2820 2802 esse
2849 2749 3159 2815 pronuntiat
3202 2749 3342 2819 quod
3386 2750 3539 2816 facit;
3572 2753 3722 2807 unde

2133 2838 2177 2891 si
2201 2840 2247 2891 ei
2277 2846 2360 2892 est
2406 2837 2698 2893 neces-itas
2738 2848 2929 2893 contra
2962 2838 3143 2894 divina
3177 2840 3449 2907 tendendi,
3493 2843 3628 2898 mihi
3670 2844 3720 2898 id

2131 2929 2387 2994 Operandi
2410 2929 2551 2982 nulla
2577 2930 2867 2985 necessitas
2895 2948 2906 2983 :
2930 2945 3122 2986 cavere
3142 2930 3313 2987 debeo
3333 2947 3363 2986 a
3387 2933 3549 3000 malo,
3569 2936 3721 3001 quod

2133 3019 2294 3073 etiam
2326 3028 2378 3073 tu
2418 3018 2600 3074 fateris
2646 3020 2865 3084 malum,
2917 3021 3040 3075 dum
3070 3022 3392 3078 necessitate
3442 3033 3495 3078 te
3539 3025 3722 3081 facere

444 3117 614 3188 potuit
638 3116 766 3169 mihi
797 3130 919 3168 cum
947 3116 1038 3168 illo
1069 3116 1289 3183 pristina
1328 3130 1545 3171 manere
1566 3116 1902 3177 communio;
1935 3132 2024 3169 ve—
2057 3104 2102 3166 C
2133 3111 2346 3165 testaris
2386 3110 2607 3165 invitum
2639 3129 2651 3164 :
2685 3111 2793 3165 imo
2838 3111 2968 3166 mihi
3009 3112 3182 3181 major
3212 3116 3501 3170 necessitas
3528 3127 3619 3170 est
3644 3118 3724 3171 di-

450 3224 566 3261 rum
598 3208 686 3261 ubi
734 3206 836 3261 hoc
863 3206 1122 3275 comperi,
1174 3206 1216 3260 si
1262 3222 1367 3260 non
1405 3222 1527 3261 eum
1563 3208 1819 3263 continuo
1856 3224 1885 3262 a
1917 3224 2030 3261 mea

452 3300 828 3353 communione
858 3312 1215 3366 separassem,
1242 3299 1511 3353 videretur
1540 3298 1692 3366 mihi,
1718 3300 1879 3353 etiam
1910 3316 2029 3353 eum

449 3392 555 3458 jam
588 3390 999 3460 praevaricatum
1044 3390 1392 3444 nihilominus
1436 3405 1655 3446 manere
1702 3391 2030 3456 communit,

452 3496 507 3536 et
546 3498 663 3549 quc
691 3497 810 3536 cum
843 3482 1106 3535 catholico
1132 3481 1324 3548 fuerat,
1361 3498 1480 3537 esse
1508 3485 1667 3538 etiam
1696 3498 1817 3538 cum
1848 3500 1912 3539 eo
1941 3486 2031 3554 qui

457 3574 829 3627 lsmreticorttnt
874 3575 1202 3627 Consortium
1251 3573 1389 3627 inire
1436 3575 1713 3629 maluerat.
1767 3576 1918 3642 Quod
1968 3593 2034 3629 tte

454 3662 486 3715 ﬁ
511 3673 606 3715 -ιρι
656 3665 1019 3717 necessarium
1052 3664 1177 3717 mihi
1213 3663 1309 3718 fuit
1355 3666 1675 3733 abrumpere
1703 3667 2036 3720 communio-

452 3771 574 3808 nem
599 3756 736 3823 ejus,
760 3764 854 3807 eta
876 3771 996 3810 meo
1013 3756 1288 3809 consortio
1312 3766 1671 3822 sequestrare.
1700 3758 1819 3811 Ideo
1840 3762 2036 3827 quippe

455 3861 678 3901 necesse
708 3846 805 3899 fuit
835 3848 937 3901 hoc
969 3850 1161 3905 facere.
1191 3848 1311 3916 quia
1338 3848 1615 3902 catholica:
1643 3849 1763 3905 ﬁdei
1790 3866 1893 3904 non
1920 3859 2037 3905 erat

451 3948 620 3992 tntum
653 3938 751 3991 hoc
782 3940 1004 3993 omnino
1035 3955 1141 3992 nott
1169 3940 1361 3994 facere.
1384 3940 1489 3994 Sed
1510 3942 1813 4012 imperator,
1837 3942 2032 4008 inquis,

445 4031 793 4084 necessita'em
819 4048 933 4085 cum
967 4031 1123 4085 Petro
1144 4034 1555 4087 communicandi
1581 4035 1797 4104 imponit
1826 4037 2032 4091 Acutio.

446 4125 521 4179 De
547 4124 646 4177 hac
668 4126 990 4180 necessitate
1019 4136 1072 4181 et
1102 4127 1348 4195 superius
1375 4127 1483 4195 jant
1524 4129 1685 4181 multa
1716 4130 1855 4182 dicta
1886 4139 2030 4197 sunt,

442 4225 495 4269 et
526 4217 689 4269 multa
723 4215 1002 4280 dicentur;
1034 4217 1227 4283 quibus
1258 4226 1605 4285 appareat,et
1635 4218 2030 4283 necessitatem,

443 4304 489 4357 si
516 4320 638 4359 vera
671 4315 835 4372 esset,
867 4305 1202 4359 sacerdotem
1236 4321 1332 4373 pro
1368 4306 1629 4360 catholica
1659 4307 1762 4361 ﬁde
1788 4319 2032 4362 contem-

444 4410 573 4449 nere
604 4396 876 4459 debuisse,
900 4406 953 4450 et
978 4397 1210 4450 tolerare
1238 4397 1495 4465 quidquid
1520 4398 1729 4453 adversi
1753 4408 1853 4465 est,
1878 4400 2033 4454 dum-

2135 3203 2241 3256 vini
2284 3202 2493 3256 timoris
2520 3214 2572 3256 et
2605 3202 2764 3257 futuri
2789 3203 2995 3270 jndicii,
3027 3213 3085 3257 ιιι
3112 3219 3333 3259 caveam
3362 3206 3581 3261 malum.
3611 3207 3724 3261 Cur

2135 3309 2222 3347 me
2251 3294 2302 3346 in
2337 3301 2482 3346 tuum
2522 3293 2693 3357 nefas,
2742 3294 2883 3361 quod
2930 3294 3254 3349 necessitate
3296 3296 3458 3366 geris,
3504 3300 3722 3353 conaris

2134 3383 2425 3443 attrahere.
2454 3400 2573 3438 cum
2599 3384 2649 3438 id
2673 3386 2936 3439 subeundi
2966 3386 3110 3439 nulla
3144 3388 3433 3441 necessitas
3459 3390 3563 3442 sit?
3609 3389 3723 3443 lmo

2136 3486 2194 3531 ut
2219 3477 2416 3530 dictum
2446 3486 2550 3543 est,
2573 3492 2678 3531 non
2709 3477 2935 3532 faciendi
2964 3478 3031 3533 sit
3058 3489 3081 3517 ε
3126 3480 3227 3533 alia
3252 3494 3411 3534 causa
3441 3482 3723 3552 majorque

2136 3572 2449 3625 necessitas.
2502 3572 2607 3625 Sed
2636 3573 2832 3640 corrige
2861 3589 2961 3639 me,
2994 3574 3194 3641 inquis,
3241 3586 3288 3628 et
3315 3577 3420 3629 noli
3448 3594 3524 3629 nt:
3564 3595 3602 3631 ιι
3636 3590 3721 3633 tua

2135 3665 2389 3717 causortio
2414 3676 2749 3733 sequestram.
2782 3666 3040 3734 Relinque
3068 3667 3286 3733 malum,
3317 3678 3639 3725 convertere
3655 3673 3718 3723 ad

2137 3760 2358 3823 bonum,
2382 3769 2651 3814 revertere
2680 3759 2745 3813 ad
2777 3775 2883 3827 me,
2910 3770 2965 3815 et
2984 3770 3257 3815 correctus
3282 3777 3360 3826 es,
3380 3775 3428 3816 et
3460 3763 3723 3818 liberatus

2137 3868 2165 3905 a
2201 3852 2361 3917 malo,
2393 3861 2445 3906 et
2472 3868 2498 3903 a
2533 3868 2618 3906 me
2648 3853 2951 3907 nullatenus
2992 3862 3289 3921 separatus.
3342 3854 3447 3910 Sed
3476 3872 3575 3908 nou
3599 3872 3722 3925 pos-

2137 3960 2271 4008 sunt,
2298 3943 2493 4011 inquis,
2524 3952 2568 3997 et
2593 3943 2875 4014 relinquere
2906 3960 2984 3996 me
3028 3960 3128 3996 non
3156 3944 3323 3998 debet.
3351 3945 3430 3998 Tu
3459 3945 3635 4010 doles,
3664 3956 3720 3998 ιιι

2137 4035 2312 4100 video,
2356 4035 2476 4102 quia
2522 4044 2695 4089 tecum
2737 4049 2838 4103 ego
2889 4051 2994 4089 nott
3028 4050 3271 4100 peream;
3323 4049 3381 4089 se
3422 4050 3521 4105 ego
3557 4036 3720 4091 do!eo

2137 4141 2301 4193 quare
2334 4140 2541 4177 mecum
2575 4125 2689 4194 ipse
2736 4140 2839 4178 non
2873 4124 3094 4179 salveris
3129 4143 3142 4178 :
3172 4125 3216 4179 si
3250 4135 3449 4180 tantum
3494 4127 3637 4195 apud
3670 4135 3720 4182 te

2138 4217 2280 4270 valet
2311 4231 2535 4283 persona
2566 4216 2706 4270 Petri
2751 4226 2805 4269 ut
2833 4216 2996 4269 Deum
3031 4225 3364 4282 contemnas,
3400 4226 3452 4271 tu
3480 4216 3718 4280 videris;

2138 4322 2224 4361 me
2254 4306 2452 4372 facere,
2484 4321 2583 4361 nec
2614 4316 2826 4373 Oportet
2856 4308 3096 4369 omnino,
3130 4323 3228 4361 nec
3257 4307 3405 4361 libet.
3442 4308 3591 4373 Quod
3625 4323 3719 4373 po-

2139 4407 2210 4450 tes
2235 4398 2363 4464 ﬁeri,
2402 4397 2597 4465 inquis,
2633 4400 2726 4449 Itoc
2752 4397 2911 4465 exige.
2950 4398 3013 4450 Et
3039 4412 3140 4465 ego
3169 4397 3262 4452 tibi
3292 4397 3433 4466 dico,
3464 4399 3599 4467 quod
3628 4414 3719 4468 po-

424 4487 604 4539 ‘tnudo
630 4487 699 4539 ab
730 4488 1033 4556 integritate
1061 4486 1181 4541 ﬁdei
1211 4488 1492 4543 catholicae
1518 4490 1825 4544 nullatenus
1852 4491 2033 4546 devia-
2060 4472 2111 4531 D
2136 4497 2228 4541 test
2262 4489 2392 4553 ﬁeri,
2425 4487 2520 4539 ltoc
2545 4504 2623 4541 me
2662 4502 2845 4556 posce;
2897 4488 3101 4540 facilius
3131 4488 3273 4541 enim
3307 4488 3422 4542 ﬁeri
3464 4497 3636 4557 potest
3663 4498 3721 4541 ut

446 4585 559 4639 ret;
589 4576 783 4632 deinde
806 4578 1089 4633 manifesta
1118 4581 1326 4634 ratione
1349 4588 1698 4648 monstretur,
1730 4582 1807 4636 sic
1828 4583 2027 4636 nullam

447 4669 819 4723 necosﬁtatem
843 4670 1040 4724 Acacio
1062 4672 1131 4725 ab
1158 4672 1481 4741 imperatore
1504 4686 1725 4741 prorsus
1746 4673 2028 4741 ingestam,

446 4762 580 4814 sicut
611 4760 783 4827 p0tius
813 4764 1191 4829 imperatorem
1223 4764 1354 4818 satis
1398 4764 1568 4820 claret
1593 4782 1657 4819 ex
1689 4766 1868 4820 Acacii
1900 4782 2033 4821 cnn—

446 4862 529 4907 eta
582 4852 774 4906 fecis.~e
818 4853 1065 4906 consilio.
1112 4853 1283 4906 Etiam
1330 4856 1436 4923 ipse
1479 4856 1774 4923 imperator,
1831 4858 2028 4925 inquis,

447 4946 789 4997 necessitatem
818 4942 966 4996 liabet
997 4944 1091 4998 ista
1118 4944 1359 5013 faciendi.
1409 4945 1763 5003 Necessitatis
1811 4965 2030 5005 causam

522 5132 545 5158 ο
582 5122 987 5175 Permonuimus
1013 5139 1026 5175 :
1054 5122 1277 5176 Romani
1317 5124 1527 5179 scilicet
1559 5124 1863 5179 Pontiﬁces.
1920 5125 2019 5179 Per

486 5196 670 5264 nitique
690 5210 848 5246 annos
872 5195 1094 5262 legimus
1118 5193 1277 5249 etiam
1304 5196 1355 5248 in
1380 5194 1629 5249 Liberato
1655 5194 1803 5265 (Cap.
1830 5197 1949 5261 18);
1975 5204 2030 5248 at

486 5212 670 5264 nmque
690 5212 848 5246 annos
872 5212 1094 5262 tegimus
1118 5212 1277 5249 etiam
1305 5212 1355 5248 ut
1380 5212 1629 5249 hllleralo
1655 5212 1803 5265 tuap.
1830 5212 1949 5261 tu);
1975 5212 2030 5248 at

448 5212 697 5319 Eelasius
722 5265 773 5317 in
792 5266 824 5318 8
847 5266 1093 5331 epistola,
1116 5274 1169 5319 et
1192 5268 1243 5317 ιιι
1266 5265 1347 5330 13,
1371 5283 1458 5330 per
1481 5266 1754 5319 triennium
1778 5266 1926 5321 dicit.
1959 5269 2030 5321 Ita

451 5337 724 5390 conciliari
768 5347 1007 5402 possunt,
1046 5347 1103 5387 ιιι
1149 5348 1260 5388 tres
1298 5352 1465 5389 annos
1493 5337 1798 5405 Simplicius
1840 5338 2031 5391 admo-

454 5408 649 5470 nuerit,
677 5409 811 5459 duos
836 5420 964 5476 vero
992 5406 1160 5459 Felix.
1183 5406 1314 5459 llitte
1340 5408 1389 5476 in
1416 5407 1693 5460 Brevicnlo
1719 5426 1732 5461 :
1760 5407 1858 5461 Per
1878 5412 2036 5476 ferme

455 5479 728 5529 triennium
774 5474 927 5529 S.M.
945 5493 1079 5546 pupa
1107 5475 1409 5541 Simplicius
1437 5494 1535 5530 non
1566 5479 1714 5531 desiit
1744 5474 2031 5531 scribendo.

460 5546 677 5599 Videtur
714 5557 891 5599 autem
931 5546 1351 5617 quinquennium
1393 5558 1517 5600 ante
1547 5547 1857 5604 missionem
1890 5549 2037 5617 lcga-

459 5624 631 5690 torum
656 5617 973 5690 computari.
1004 5632 1123 5670 cum
1152 5616 1399 5690 addatur,
1432 5626 1684 5686 postremo
1713 5620 1892 5690 legatis
1917 5616 2040 5671 niis—

458 5687 547 5750 διδ,
576 5697 705 5752 cte.,
735 5689 872 5755 quod
922 5688 984 5741 iis
1026 5685 1437 5757 cxpendendunt
1482 5699 1587 5755 est,
1634 5692 1720 5758 qui
1760 5685 1980 5748 censent
2008 5706 2035 5743 a

2138 4578 2298 4633 homo
2347 4588 2696 4646 postponatnr
2750 4579 2890 4644 Deo,
2942 4588 2999 4632 ut
3047 4578 3207 4632 homo
3254 4579 3514 4634 refutetur
3553 4580 3723 4647 magis

2137 4688 2292 4742 quam
2327 4672 2470 4725 Deus
2495 4688 2509 4724 :
2537 4673 2675 4739 quod
2707 4672 2750 4724 si
2779 4670 2827 4723 id
2857 4688 2960 4724 non
2986 4682 3160 4738 potest
3189 4670 3323 4739 ﬁeri,
3356 4672 3526 4724 multo
3556 4671 3722 4739 magis

2140 4783 2245 4820 non
2277 4775 2451 4835 potest
2492 4766 2603 4818 ﬁeri
2635 4779 2663 4818 a
2696 4764 2849 4819 nobis
2886 4774 2942 4818 ut
2972 4766 3201 4819 reiutato
3232 4765 3342 4820 Deo
3374 4764 3537 4818 homo
3561 4750 3747 4833 eliga-K

2140 4869 2256 4923 tur;
2306 4858 2479 4926 major
2505 4856 2658 4911 nobis
2698 4865 2783 4911 est
2824 4870 2982 4911 causa
3015 4872 3115 4926 qua
3157 4842 3271 4911 non.
3313 4857 3578 4923 possimus
3622 4858 3723 4909 hoc

2140 4950 2340 5015 facere,
2368 4962 2527 5018 quam
2548 4946 2722 5013 vobis,
2740 4956 2797 5001 ut
2825 4947 2956 5002 illud
2984 4947 3163 5002 facere
3193 4947 3371 5002 nolitis
3395 4963 3411 5000 :
3437 4960 3723 5018 possumus

2142 5124 2317 5178 Felice
2349 5124 2527 5177 statim
2558 5122 2626 5177 ab
2656 5122 3061 5192 inauguratione
3090 5123 3295 5192 legatos
3335 5123 3549 5178 missos.
3577 5120 3704 5177 SCIP

2139 5196 2429 5251 ΜΑιτεειυε.

2211 5265 2236 5303 δ
2267 5265 2439 5319 Sensu
2479 5263 2770 5317 obsistendi
2805 5280 2819 5317 :
2851 5264 2919 5317 ita
2959 5264 3236 5331 usurpavit
3264 5261 3506 5317 Gelasius
3537 5262 3586 5314 in
3626 5262 3723 5316 15:

2143 5336 2501 5403 Subroyantur
2543 5334 2768 5406 lurrgtici
2808 5333 2945 5405 [lege
2982 5331 3408 5406 subrogabantur]
3460 5349 3601 5385 nemo
3646 5348 3731 5385 re-

2141 5406 2384 5461 sultabat.
2408 5406 2462 5459 ltt
2494 5406 2558 5459 13
2592 5420 2606 5457 :
2632 5403 2763 5457 Ecce
2781 5403 3047 5458 resultanti
3077 5403 3175 5456 non
3207 5403 3730 5474 institit’intperator:

2146 5477 2233 5530 ubi
2261 5490 2485 5531 erronea
2517 5476 2822 5530 emendatio
2851 5484 2952 5539 est,
2979 5490 3074 5528 seu
3104 5475 3245 5527 varia
3278 5476 3433 5529 lectio
3459 5473 3730 5541 apposita,

2146 5548 2348 5600 restitit.
2384 5550 2607 5600 Aeacius
2635 5546 2778 5599 enim
2819 5546 3127 5613 imperatori
3160 5558 3281 5598 tunc
3310 5546 3522 5607 restitit,
3553 5550 3609 5597 et
3639 5558 3731 5602 re-

2146 5617 2353 5672 sistenti
2386 5618 2676 5683 imperator
2706 5631 2811 5669 non
2840 5617 3043 5668 institit.
3077 5616 3217 5670 Setr.
3253 5614 3538 5671 illarmcs.

2224 5697 2243 5725 ο
2275 5688 2327 5742 ltt
2359 5704 2458 5745 tus.
2489 5695 2602 5744 erat
2635 5689 2795 5743 nulla.
2832 5688 2971 5742 SCIP.
3010 5688 3297 5742 .‘IAFFEIUS.
