4046 6188
356 292 458 349 95⁸1

1565 278 1918 336 ΕρῑδτυιιιΕ
1958 278 2043 334 ET
2086 277 2426 339 DECRETA.

3533 276 3641 340 958

353 407 556 473 dicere,
586 401 750 458 dicite
771 414 960 456 omnes
988 400 1271 455 anathema
1303 399 1493 465 Petro;
1526 401 1778 469 quamdiu
1798 397 1946 465 vivit,
1981 400 2027 456 A
2054 400 2160 464 cio,
2191 408 2395 469 potest;
2425 399 2467 452 si
2498 398 2756 455 obediens
2788 400 2837 456 ei
2869 400 3160 471 imperator
3183 417 3289 455 non
3321 409 3421 465 est,
3449 416 3639 471 quam-

352 499 525 553 nolite
560 496 634 549 illi
670 492 1095 557 communicare,
1145 500 1199 546 et
1244 492 1714 546 communicamus
1761 490 1943 554 vobis;

352 600 407 645 et
433 603 592 657 quam
641 586 905 639 ratimiem
939 582 1196 638 reddituri
1247 598 1433 638 sumus
1478 583 1608 650 Deo,
1656 583 1701 637 si
1741 582 1948 637 animas

352 696 486 748 quas
518 679 605 732 ille
650 676 842 747 perdit,
891 677 1051 731 etiam
1083 674 1240 730 nobis
1285 675 1682 745 quodammodo
1728 675 1949 743 permit-

353 770 617 832 tentibus,
666 774 910 822 assumat
939 777 995 820 ut
1036 767 1300 836 perimat?
1345 766 1461 832 Quo
1492 782 1577 821 me
1617 768 1831 821 trahere
1857 782 1949 820 co-

358 861 507 915 naris
535 859 601 913 ad
637 860 720 913 te?
768 873 865 912 cur
910 872 1014 910 non
1048 857 1222 926 potius
1251 858 1540 912 reVertaris
1582 857 1649 910 ad
1698 859 1821 911 me?
1871 856 1946 911 lbi

355 953 593 1025 perditio
623 962 727 1015 est,
776 951 863 1005 hic
889 949 1062 1015 salus;
1096 949 1167 1003 ibi
1199 951 1576 1020 prmcipitium,
1613 950 1698 1004 hic
1727 949 1827 1002 ﬁda
1859 963 1950 1002 se-

355 1050 587 1110 curitas;
639 1046 712 1100 ibi
739 1045 1006 1113 deceptio,
1041 1044 1127 1098 hic
1153 1045 1405 1110 monitio;
1434 1052 1488 1099 ttt
1513 1044 1580 1099 ad
1612 1044 1711 1099 ista
1742 1045 1942 1098 saluta-

355 1141 435 1196 ria
474 1140 655 1194 redire
684 1153 788 1191 non
828 1138 931 1201 vis,
977 1146 1030 1191 et
1061 1152 1147 1190 me
1175 1136 1254 1191 vis
1284 1137 1350 1192 ad
1397 1138 1695 1207 periculosa
1722 1138 1950 1192 descen-

355 1233 505 1286 dere.
529 1230 719 1285 Nescio
740 1230 785 1282 si
808 1228 892 1283 vel
922 1237 974 1281 te
999 1228 1181 1297 judice
1208 1228 1435 1284 debeam
1466 1230 1564 1283 ista
1582 1232 1944 1285 committere.

358 1325 467 1381 Sed
494 1323 727 1388 Aracius,
761 1322 957 1392 inquis,
1001 1324 1047 1374 vi
1073 1338 1344 1389 oppressus
1375 1332 1471 1386 est,
1520 1333 1569 1376 et
1615 1324 1945 1393 opprimitur,

358 1424 415 1467 ut
445 1424 536 1467 aut
561 1414 627 1465 ad
663 1412 760 1465 ista
792 1412 1092 1481 pervenerit,
1128 1421 1216 1465 aut
1262 1413 1361 1465 ista
1405 1429 1507 1466 non
1555 1414 1796 1482 corrigat.
1832 1414 1946 1467 \‘itn

358 1506 574 1575 quidem
602 1519 707 1559 non
739 1503 1027 1573 pertulisse
1061 1503 1242 1558 multis
1287 1504 1583 1559 rationibus
1632 1505 1949 1573 comproba-

360 1608 466 1665 tur,
502 1598 612 1652 imo
638 1606 694 1651 et
725 1597 949 1652 docetur
974 1613 988 1649 :
1014 1599 1135 1666 quia
1178 1597 1221 1650 si
1266 1598 1546 1664 noluisset,
1600 1612 1702 1651 non
1752 1597 1817 1652 ad
1848 1599 1948 1652 ista

357 1698 719 1760 pervenerat;
770 1689 897 1758 quin
946 1688 1166 1757 insuper
1214 1690 1327 1741 suis
1377 1690 1572 1743 litteris
1619 1690 1945 1756 confutatur,

358 1784 500 1854 quod
534 1782 699 1853 ipsius
744 1782 970 1838 consilio
1000 1792 1189 1837 cuncta
1220 1782 1329 1837 sint
1368 1792 1536 1851 gesta,
1579 1798 1750 1853 eaque
1798 1784 1947 1836 velut
1978 1765 2022 1825 Β

358 1875 617 1928 divinitus
648 1872 905 1943 inspirata
935 1872 1220 1927 collaudet.
1272 1872 1377 1928 Sed
1410 1875 1622 1928 etiamsi
1669 1874 1776 1927 vim
1807 1872 1947 1942 apud

361 1969 741 2037 imperatorem
920 1981 1025 2019 non
1060 1981 1156 2035 per
1188 1966 1566 2036 imperatorem
1598 1966 1835 2021 insidiari
1867 1968 1946 2021 le-

360 2060 522 2130 gatis,
552 2058 692 2130 quod
724 2067 1026 2112 nostrorum
1054 2072 1267 2126 quoque
1295 2057 1587 2125 legatorum
1615 2057 1949 2127 professione

357 2152 468 2219 jam
497 2152 696 2205 dictum
732 2159 835 2205 est.
867 2149 1018 2215 Quod
1052 2150 1096 2203 si
1136 2165 1323 2204 verum
1351 2160 1455 2216 est,
1487 2151 1575 2206 ille
1602 2166 1728 2206 reus
1756 2161 1871 2216 est;
1905 2152 1949 2206 si

363 2244 576 2306 falsum,
594 2256 875 2312 gravamus
899 2241 1030 2295 istos
1053 2243 1212 2296 etiam
1238 2241 1340 2297 hoc
1363 2243 1601 2312 insuper,
1621 2244 1763 2314 quod
1788 2260 1948 2313 supra

360 2335 855 2405 praevaricationem
887 2340 1094 2387 tantum
1136 2333 1392 2389 addidere
1443 2335 1803 2391 mendacium.
1842 2337 1948 2393 Sed

361 2434 485 2502 quia
515 2432 613 2486 hoc
639 2432 801 2486 etiam
845 2446 909 2487 ex
955 2431 1147 2486 litteris
1187 2430 1366 2485 Acacii
1408 2430 1829 2496 demonstratur,
1863 2433 1949 2487 isti

364 2528 468 2581 hoc
491 2540 595 2579 non
627 2523 761 2579 falso
802 2524 1086 2588 dixerunt;
1142 2523 1212 2577 ita
1252 2524 1395 2578 illius
1423 2539 1655 2593 persona
1677 2534 1946 2595 gravatur,

361 2633 483 2687 qua:
514 2616 682 2672 noluit
722 2631 842 2670 cum
886 2615 1077 2686 legatis
1132 2615 1334 2671 nostris
1381 2615 1574 2681 anniti,
1632 2616 1725 2671 sed
1776 2617 1952 2686 potius

362 2709 564 2783 nostris
591 2719 673 2764 est
698 2709 947 2763 insidiata
1083 2706 1239 2763 Certe
1266 2708 1350 2763 vel
1378 2708 1652 2763 retulisset
1678 2707 1779 2763 hoc
1800 2717 1953 2763 ante-

360 2816 522 2870 quam
550 2801 991 2863 communicaret,
1026 2799 1426 2869 monuissetque
1471 2798 1593 2853 illos
1620 2814 1686 2854 ne
1711 2814 1953 2853 commu-

361 2892 629 2952 nicarent.
680 2892 959 2946 Postremo
1006 2890 1216 2945 etiamsi
1256 2891 1305 2944 vi
1357 2890 1637 2960 premitur,
1688 2891 1798 2944 vim
1833 2907 1951 2957 per-

362 2983 511 3039 ferrc
539 2982 742 3050 debuit,
763 2997 868 3037 non
897 2982 998 3037 ﬁde
1025 2990 1079 3037 et
1098 2983 1477 3037 communione
1500 2982 1699 3037 calcata
1722 2982 1951 3051 prodere

364 3074 606 3146 perﬁdis,
649 3083 703 3130 et
730 3089 790 3130 se
838 3074 1067 3129 miscere
1102 3074 1401 3139 damnatis;
1433 3073 1571 3129 sicut
1599 3073 1723 3129 fecit
1749 3089 1949 3129 sancte

363 3169 642 3224 memoria:
673 3167 981 3231 Flavianus,
1033 3177 1086 3222 et
1132 3167 1219 3221 alii
1247 3167 1348 3222 sub
1387 3168 1821 3236 persecutoribus
1851 3168 1950 3222 im-
1978 3138 2023 3201 Ο

363 3258 729 3330 peratoribus,
753 3260 839 3314 vel
865 3258 1152 3325 hzereticis,
1184 3258 1265 3312 vel
1301 3259 1540 3329 paganis,
1571 3271 1622 3314 et
1649 3269 1671 3294 α
1705 3274 1872 3327 nuper
1900 3260 1954 3313 in

364 3351 542 3406 Africa
574 3352 767 3407 factum
795 3360 895 3406 est.
922 3350 1058 3417 Quid
1087 3351 1266 3406 enim?
1296 3353 1400 3404 vim
1430 3351 1713 3406 maximam
1744 3350 1817 3404 illi
1846 3366 1953 3404 non

364 3443 742 3513 patiebantur?
787 3453 841 3499 et
890 3444 1014 3498 ideo
1060 3442 1346 3497 vincebant
1376 3443 1630 3511 patiendo
1668 3443 1793 3503 vim,
1846 3458 1953 3496 non

365 3536 638 3591 violentia:
669 3534 931 3591 cedendo.
966 3532 1212 3603 Nunquid
1243 3533 1344 3587 sub
1385 3533 1493 3587 illis
1524 3532 1955 3602 persecutoribus

364 3626 457 3696 qui
487 3627 751 3695 negabant
772 3624 1066 3691 Christum,
1096 3625 1177 3679 vel
1207 3625 1260 3678 in
1294 3623 1541 3680 hteresim
1573 3625 1893 3691 transibant,
1924 3642 1953 3680 a

364 3717 651 3771 catholitis
703 3728 759 3772 et
806 3716 1134 3771 Christianis
1194 3730 1299 3769 non
1352 3716 1474 3787 jure
1527 3717 1955 3772 damnabantur?

364 3805 619 3873 Nunquid
651 3816 767 3860 erat
795 3808 1087 3872 excusatio,
1139 3806 1279 3875 quod
1329 3807 1433 3861 vim
1478 3808 1619 3877 passi
1668 3812 1954 3877 persistere

369 3897 773 3965 nequivissent?
827 3898 975 3952 Unde
999 3914 1139 3969 ergo,
1191 3897 1387 3967 inquis,
1430 3900 1562 3969 lapsi
1588 3902 1811 3953 remedia
1839 3911 1955 3954 sunt

368 3993 608 4059 provisa?
652 3991 829 4046 Bene:
876 3992 1110 4060 suscipio
1140 4008 1268 4061 ergo
1294 4007 1439 4058 eum,
1480 3996 1523 4046 si
1556 3994 1749 4063 placet,
1806 4011 1955 4048 more

368 4087 638 4151 lap:ortun
680 4085 1044 4152 ptenitentiam
1090 4095 1336 4154 agentem
1384 4094 1490 4137 tota
1523 4085 1625 4139 vita
1656 4102 1770 4150 sua,
1819 4098 1871 4141 et
1903 4088 1954 4140 in

369 4178 480 4231 ﬁne
510 4187 833 4240 sementem,
861 4175 885 4213 ιι
910 4178 1048 4230 sicut
1073 4178 1140 4231 de
1170 4177 1334 4246 lapsis
1359 4177 1551 4248 legitur
1578 4189 1949 4244 constztutum,

370 4269 666 4323 secundum
742 4269 898 4339 hujus
953 4268 1152 4323 tenoris
1204 4267 1488 4323 formulam
1544 4270 1610 4323 ad
1661 4272 1952 4325 Ecclesium

368 4376 706 4416 revocemus.
758 4360 908 4413 Nunc
946 4371 1124 4413 autem
1176 4361 1218 4412 si
1249 4360 1455 4413 curatio
1500 4360 1755 4415 Ecclesia:
1795 4364 1957 4417 totius

370 4452 609 4516 accedat,
646 4452 744 4505 erit
774 4452 901 4504 tanti
937 4451 1081 4519 (quia
1115 4451 1215 4504 hoc
1246 4450 1511 4519 pontiﬁcis
1543 4462 1625 4504 est
1655 4453 1799 4506 sedis
1829 4468 1958 4522 apo-

372 4542 599 4604 stolicze,
650 4551 700 4597 et
730 4556 888 4595 causa
920 4541 1239 4595 universalis
1278 4540 1574 4595 curationis
1622 4542 1723 4596 hoc
1752 4543 1959 4598 videtur

371 4636 609 4703 exigere)
658 4644 714 4687 ut
756 4648 984 4703 persona
1013 4631 1191 4688 Acacii
1237 4633 1287 4687 in
1317 4633 1634 4691 sacerdotali
1670 4637 1833 4700 possit
1863 4637 1957 4689 ho-

374 4741 507 4781 nere
537 4726 794 4780 revocari.
832 4726 941 4778 lloc
972 4725 1087 4793 ipso
1112 4726 1254 4779 enim
1285 4740 1344 4779 se
1373 4725 1609 4780 ostendit
1631 4742 1736 4780 non
1768 4728 1957 4781 volun-

375 4827 486 4871 tate
537 4815 899 4881 surcubuisse,
947 4828 999 4869 et
1049 4816 1283 4869 animum
1336 4818 1569 4885 gessisse
1613 4819 1959 4887 catholicum,

374 4910 500 4963 dum
527 4908 789 4962 curationi
818 4916 1190 4976 competenter
1218 4908 1434 4962 insistit.
1468 4909 1621 4975 Quod
1672 4910 1716 4964 si
1744 4911 1877 4975 vult,
1906 4922 1961 4966 et

376 5017 483 5054 non
518 5009 710 5067 potest,
761 5016 856 5053 cur
910 5016 1003 5069 per
1046 5001 1373 5069 imperialetn
1420 5016 1702 5069 personam
1735 5015 1959 5060 ca‘teros

376 5093 665 5163 opprimit?
698 5094 756 5149 Si
785 5092 1097 5164 imperator,
1127 5103 1184 5147 ut
1211 5093 1400 5158 fertur,
1426 5095 1685 5152 obediens
1715 5109 1797 5153 est
1826 5103 1961 5154 Aca-

450 5261 474 5287 ⁰
506 5252 884 5307 Persecutinne
919 5252 1200 5305 Vantlalica
1222 5294 1235 5315 ,
1268 5268 1388 5319 qttcc
1419 5255 1520 5307 sub
1551 5254 1818 5311 llnnerico
1859 5276 1962 5313 sa:-

378 5323 509 5384 viit,
557 5337 654 5374 nec
709 5324 896 5389 primis
937 5323 1289 5376 (iundaltundi
1337 5327 1488 5379 annis
1533 5327 1753 5393 quievit,
1796 5340 1851 5381 ut
1898 5348 1960 5384 ev

382 5394 642 5453 i‘roeotiio
667 5393 735 5446 de
761 5394 870 5445 Bel.
901 5392 1068 5446 Vaod.
1101 5394 1191 5447 lib.
1225 5409 1261 5446 t.
1298 5394 1427 5448 Vide
1454 5392 1659 5451 cardiu.
1692 5392 1960 5455 Norisiutu

382 5464 422 5518 ii
451 5475 519 5517 st.
558 5464 731 5530 l'elag.
765 5464 855 5516 lib.
893 5479 946 5516 tt.
997 5466 1137 5517 Sate.
1175 5466 1464 5519 Muretus.

455 5534 479 5571 ι)
523 5533 670 5605 Quod
713 5535 779 5586 de
820 5533 981 5601 lapsis
1022 5536 1073 5588 in
1104 5536 1303 5602 Africa,
1345 5536 1461 5589 sive
1496 5536 1866 5605 rebaptizatis,
1909 5542 1961 5595 in

382 5604 610 5658 ionetlio
654 5604 895 5677 itomano
930 5606 1287 5677 constitutum
1337 5615 1436 5669 est,
1482 5604 1672 5675 legitur
1713 5612 1763 5661 in
1803 5614 1962 5677 epist.

381 5674 883 5749 septiutal‘elicis:
922 5674 1092 5743 Usque
1128 5677 1195 5728 ad
1233 5677 1395 5729 exitus
1436 5680 1518 5729 sui
1550 5680 1680 5731 diem
1715 5681 1765 5731 in
1804 5674 1963 5749 mn-

384 5746 630 5811 tentin,.si
658 5747 974 5815 resipiscam,
1001 5749 1170 5815 jacu'e
1193 5750 1471 5803 conveniat.
1501 5750 1639 5804 ἕξειν.
1669 5746 1955 5809 Murcus.

2054 493 2133 545 vis
2162 508 2283 547 eum
2327 492 2602 555 debuerit,
2655 500 2709 546 ct
2736 492 2929 548 debeat
2958 508 3179 547 constan
3210 509 3269 548 er
3308 494 3636 564 viriliterque

2055 595 2303 651 tractare,
2332 596 2478 642 certe
2510 586 2611 642 hoc
2636 586 2753 657 ipso
2784 600 2842 640 se
2874 587 3071 642 fatetur
3104 598 3287 641 contra
3318 587 3636 643 catholicam

2050 678 2401 734 succumbere
2446 678 2749 737 veritatem.
2796 678 2978 747 Itaque
3026 694 3110 733 me
3151 681 3200 733 ei
3249 680 3302 733 in
3350 679 3451 734 hoc
3495 687 3638 733 statu

2051 786 2227 825 rerum
2259 786 2364 825 non
2395 770 2606 825 misceri
2637 771 3094 836 communionem,
3138 773 3475 825 manifestum
3519 780 3635 836 est;

2050 880 2156 917 non
2182 865 2323 918 enim
2355 865 2398 917 si
2428 864 2519 918 ille
2545 864 2823 933 premitur,
2870 874 2923 918 et
2954 862 3143 917 adesse
3175 863 3273 917 sibi
3303 879 3410 917 non
3438 872 3635 931 potest,

2049 974 2149 1028 ego
2175 958 2536 1027 Oppressiouis
2566 958 2682 1027 ejus
2703 966 2759 1012 et
2782 958 3223 1028 transgressionis
3248 958 3489 1026 comp‘ex
3518 971 3639 1010 esse

2049 1051 2156 1121 jam
2186 1050 2355 1105 debeo
2382 1069 2396 1104 :
2427 1050 2520 1105 sed
2549 1052 2669 1119 quia
2701 1050 2934 1104 donante
2978 1050 3087 1103 Deo
3127 1049 3265 1105 liber
3301 1065 3440 1114 sum,
3481 1064 3641 1104 servo

2051 1146 2239 1200 saltem
2290 1160 2375 1200 me
2425 1144 2769 1208 incolumem,
2806 1155 2861 1197 ut
2908 1155 2961 1200 et
2990 1145 3034 1198 si
3083 1159 3223 1199 nunc
3272 1154 3467 1213 potest,
3514 1160 3635 1198 cum

2055 1237 2193 1291 Deus
2219 1236 2460 1306 jusserit,
2491 1236 2561 1290 sit
2585 1238 2670 1306 qui
2700 1237 2872 1289 valeat
2912 1252 3007 1305 pro
3053 1237 3363 1305 integritate
3388 1250 3637 1289 commu-

2053 1332 2227 1383 n'onis
2252 1338 2304 1385 et
2333 1329 2452 1383 ﬁdei
2484 1328 2591 1384 illis
2642 1328 2950 1393 subvenire,
2982 1329 3070 1398 qui
3097 1331 3457 1398 integritatem
3489 1345 3639 1382 cont-

2053 1420 2323 1476 munionis
2364 1429 2419 1476 et
2464 1421 2585 1476 ﬁdei
2637 1420 3014 1489 perdiderunt;
3069 1420 3308 1488 alioquin
3356 1422 3399 1474 si
3450 1436 3638 1474 omnes

2054 1528 2170 1566 eam
2206 1511 2511 1579 perdamus,
2531 1511 2673 1580 quod
2704 1511 2865 1571 absit,
2893 1510 3035 1565 unde
3056 1520 3241 1581 postea
3267 1511 3640 1579 reparabitur?

2055 1604 2323 1672 prmcipue
2352 1604 2395 1658 si
2425 1604 2475 1658 in
2509 1604 2652 1658 sedis
2676 1602 3007 1672 apostoliczc,
3030 1602 3171 1672 quod
3194 1618 3465 1673 nunquam
3499 1603 3639 1656 Deus

2057 1696 2170 1751 ﬁeri
2200 1697 2362 1761 sinat,
2396 1695 2553 1750 fuerit
2580 1703 2835 1751 temerata
2862 1694 3096 1763 fastigio.
3133 1694 3314 1764 Itaque
3347 1695 3389 1746 si
3414 1694 3640 1749 Aeacius

2052 1793 2157 1845 vim
2194 1789 2428 1845 hominis
2452 1792 2701 1853 sustinet,
2748 1797 2806 1842 ut
2837 1798 3011 1843 errata
3042 1803 3148 1841 non
3179 1788 3437 1855 corrigat,
3471 1786 3642 1853 major

2052 1882 2181 1937 mihi
2216 1882 2506 1937 necessitas
2527 1892 2606 1935 est
2637 1879 2797 1934 divini
2833 1890 3028 1945 metus,
3074 1889 3128 1933 et
3162 1878 3372 1933 tuenda:
3403 1877 3630 1933 catholi-

2052 1990 2131 2027 ca:
2158 1973 2573 2035 communionis,
2608 1980 2662 2026 et
2694 1971 2840 2036 ﬁdei,
2870 1972 3111 2040 quolibet
3141 1970 3299 2023 modo
3320 1982 3375 2023 et
3402 1969 3643 2038 qualibet

2052 2065 2361 2120 conditione
2408 2063 2460 2117 in
2494 2078 2680 2117 errore
2722 2062 2909 2129 positis
2948 2061 3092 2113 nulla
3127 2060 3244 2115 ﬁeri
3272 2061 3483 2114 ratione
3514 2075 3642 2113 con-

2052 2166 2275 2223 sortem,
2329 2154 2420 2209 sed
2448 2154 2515 2207 ab
2545 2169 2728 2207 eorum
2772 2169 2859 2206 me
2888 2153 3135 2220 contagio
3176 2166 3395 2205 servare
3423 2164 3645 2217 prorsus

2054 2249 2346 2302 immunem
2375 2262 2388 2299 :
2420 2244 2540 2314 quia
2571 2245 2613 2297 si
2648 2245 2735 2298 ille
2762 2260 2855 2311 per
2889 2244 2991 2297 vim
3026 2243 3183 2297 habet
3212 2243 3641 2303 excusationem,

2053 2354 2154 2408 ego
2184 2349 2471 2407 prmstantc
2505 2338 2726 2389 Domino
2759 2338 2847 2405 qui
2877 2350 3100 2389 securus
3133 2350 3275 2399 sum,
3307 2350 3373 2388 ne
3418 2348 3510 2402 per
3544 2332 3644 2385 hoc

2053 2430 2267 2500 quidem
2313 2430 2742 2489 eanSationetn,
2802 2427 2959 2481 ullam
3018 2426 3218 2479 habere
3262 2426 3371 2493 jazn
3429 2416 3641 2493 potero,

2054 2522 2143 2592 qui
2192 2522 2336 2576 nulla
2377 2530 2667 2590 praestante
2714 2520 2964 2585 Domino,
3017 2518 3158 2573 sicut
3196 2519 3397 2573 dietutn
3440 2526 3543 2581 est,
3593 2518 3642 2571 vi

2055 2630 2291 2685 premor.
2322 2614 2666 2667 Dimittantur
2704 2627 2832 2683 ergo
2874 2615 2972 2666 ista
3002 2612 3185 2665 divino
3212 2611 3438 2680 judicio,
3471 2612 3645 2667 donec

2056 2709 2193 2777 ipse,
2226 2708 2363 2762 sicut
2390 2707 2691 2773 saepissime
2721 2708 2926 2774 experti
2959 2720 3169 2767 sumus,
3197 2706 3497 2759 libertatem
3522 2705 3645 2758 ted-

2056 2798 2531 2855 datcommunioni
2580 2797 2864 2852 catholica:
2912 2807 3072 2867 atque
3123 2796 3247 2851 ﬁdei
3297 2795 3643 2859 Christiana};

2056 2901 2109 2945 et
2155 2901 2281 2946 tunc
2305 2890 2373 2945 de
2402 2891 2481 2946 eis
2506 2890 2597 2960 qui
2639 2891 2691 2944 in
2724 2889 2867 2943 illius
2898 2900 3021 2943 sunt
3052 2905 3236 2943 errore
3267 2890 3643 2955 tractabimus;

2056 2997 2285 3052 persona
2312 2982 2455 3036 enim
2497 2981 2673 3036 Acacii
2722 2982 2840 3035 siue
2868 2980 3148 3035 curatione
3197 2983 3361 3035 totius
3395 2982 3647 3037 Ecclesia:

2060 3073 2192 3127 solvi
2238 3088 2341 3126 non
2374 3081 2569 3141 potest,
2619 3087 2714 3141 per
2752 3087 2912 3142 quam
2945 3072 3181 3127 sauciata
3212 3082 3295 3127 est
3341 3078 3516 3129 omnis
3547 3075 3649 3129 lic-

2058 3168 2243 3222 clesia.
2276 3166 2379 3222 Sed
2403 3176 2445 3219 et
2479 3175 2618 3229 tunc,
2644 3165 2835 3235 inquit,
2868 3165 3085 3218 Aeacius
3114 3174 3278 3218 tecum
3306 3167 3649 3219 communica—

2059 3260 2142 3311 bat
2162 3301 2174 3319 ,
2210 3257 2414 3328 quando
2442 3255 2744 3310 Timotheus
2783 3255 3080 3316 Inrreticus.
3109 3256 3189 3308 vel
3228 3256 3320 3307 iste
3343 3254 3527 3310 Petrus
3555 3258 3649 3310 sub

2058 3360 2277 3419 tyranno
2332 3346 2581 3401 Basilisco
2636 3348 3039 3400 Alexandrinam
3094 3347 3290 3399 tenebat
3341 3346 3644 3401 Ecclesium.

2059 3440 2196 3494 Vere
2228 3441 2383 3502 dicis,
2436 3440 2529 3492 sed
2563 3440 2643 3491 his
2674 3448 2799 3492 tunc
2842 3439 3071 3491 Aeacius
3102 3437 3322 3491 minime
3351 3438 3649 3491 communi-

2057 3534 2235 3596 cabat,
2265 3540 2319 3586 et
2347 3532 2399 3583 in
2436 3545 2553 3584 mea
2579 3529 2960 3582 communione
2987 3527 3244 3590 durabat;
3296 3527 3440 3581 unde
3472 3530 3649 3595 potius

2058 3624 2102 3678 si
2134 3624 2238 3678 vim
2265 3623 2461 3691 patitur
2484 3622 2733 3686 Aeacius,
2776 3628 2829 3674 et
2863 3635 3004 3673 nunc
3032 3619 3188 3671 talem
3215 3634 3274 3672 se
3304 3619 3465 3673 debet
3494 3621 3648 3673 exhio

2060 3716 2187 3770 bere
2217 3714 2431 3784 qualem
2481 3728 2541 3767 se
2570 3711 2814 3766 exhibuit
2852 3710 2952 3763 sub
2983 3709 3238 3763 Basilisco
3270 3720 3496 3779 tyranno
3539 3710 3648 3765 ba?-

2061 3808 2228 3861 retico
2260 3814 2605 3877 persecutore
2646 3819 2764 3859 suo.
2816 3803 2921 3858 Sed
2962 3819 3118 3867 nunc,
3165 3801 3363 3873 inquis,
3411 3802 3649 3857 utilitatis

2058 3901 2264 3953 interest
2301 3898 2623 3967 reipublicar.
2689 3896 2795 3952 Sed
2845 3898 3100 3951 sacerdos
3160 3896 3393 3966 allegare
3441 3897 3647 3960 debuit,

2060 3992 2307 4045 utilitatis
2338 3991 2602 4044 interesse
2633 3989 2806 4058 potius
2831 3988 3078 4058 publicze,
3114 3996 3171 4041 ttt
3200 3988 3378 4043 divina
3409 4004 3651 4043 commu-

2061 4084 2149 4137 nio
2171 4092 2226 4137 et
2266 4082 2395 4136 ﬁdes
2437 4082 2644 4150 integra
2674 4091 3020 4134 servaretur:
3056 4080 3201 4133 utilis
3229 4091 3311 4133 est
3343 4080 3649 4149 reipublicze

2062 4174 2333 4244 religionis
2363 4173 2594 4236 eversio,
2646 4182 2701 4227 et
2740 4170 2885 4224 utilis
2915 4187 3019 4224 non
3046 4172 3152 4224 erit
3183 4170 3490 4237 reipublzca:
3522 4171 3641 4225 reliv

2061 4272 2235 4339 gionis
2272 4267 2585 4337 integritas?
2625 4265 2807 4319 nescio
2837 4266 2880 4317 si
2927 4273 3053 4318 sunt
3083 4263 3325 4333 ejusdem
3377 4263 3651 4332 religionis

2062 4361 2151 4431 qui
2182 4361 2277 4415 ista
2306 4359 2675 4428 prtetendunt,
2702 4366 2755 4411 ct
2777 4358 2819 4409 si
2847 4355 3087 4425 ejusdem
3120 4353 3393 4424 religionis
3422 4353 3651 4407 debeant

2063 4454 2308 4508 homines
2349 4453 2448 4507 ista
2495 4452 2832 4519 praetendere
2866 4460 2887 4488 ο
2916 4464 3072 4518 quem
3120 4447 3285 4501 vellet
3316 4447 3383 4501 de
3428 4446 3563 4511 suis,
3597 4459 3648 4500 et

2065 4545 2163 4598 Sibi
2193 4543 2439 4596 ﬁdelibus
2467 4543 2759 4595 subsistere
2786 4540 3146 4601 sacerdotem,
3172 4537 3393 4591 excluso
3421 4538 3650 4600 Joanne,

2063 4634 2353 4691 dummodo
2399 4633 2740 4696 catholicum,
2790 4642 2843 4685 et
2893 4631 3287 4684 communionis
3336 4640 3533 4683 nostrtc
3566 4646 3655 4683 su-

2066 4728 2265 4796 spectis
2294 4725 2423 4779 lmis
2451 4730 2723 4793 pateretur
2753 4723 3043 4792 praeddere
3091 4722 3418 4789 pontiﬁcem.
3465 4722 3653 4775 Nonne

2063 4820 2340 4875 evidenter
2384 4818 2498 4872 haec
2540 4830 2626 4870 res
2664 4816 2788 4869 facit
2820 4829 3033 4868 causam
3070 4813 3291 4868 Joannis
3322 4828 3439 4867 ess-
3467 4814 3655 4867 melin-

2064 4928 2200 4979 rem,
2246 4912 2373 4966 dum
2413 4927 2477 4964 eo
2516 4910 2735 4963 excluso
2778 4918 2832 4961 et
2880 4908 3134 4960 haeretica
3179 4908 3489 4975 subrogato,
3546 4922 3653 4959 non

2065 5022 2289 5076 persona
2339 5004 2443 5058 hoc
2488 5003 2752 5058 meruisse
2786 5011 3136 5063 monstratur,
3189 4999 3281 5053 sed
3331 5000 3655 5069 expugnatio

2063 5103 2189 5157 lidei
2206 5100 2485 5156 catholica:
2513 5095 2866 5166 procuratur?
2886 5091 2912 5131 δ
2938 5095 3044 5148 Nos
3062 5110 3165 5146 nou
3191 5093 3242 5146 in
3257 5093 3509 5148 Acacium
3532 5093 3654 5147 ideo

2142 5271 2165 5300 ε
2220 5259 2533 5328 lmperi‘ecta
2590 5256 2892 5319 sententia,
2949 5264 3337 5323 contextusque
3370 5253 3487 5328 sibi
3546 5268 3652 5328 non

2068 5322 2322 5385 constans
2352 5331 2594 5383 lacunam
2626 5328 3062 5394 luxationemque
3093 5322 3335 5379 testatur.
3370 5322 3531 5394 Forte
3573 5324 3650 5375 lo-

2066 5403 2309 5468 gebatttr,
2354 5401 2561 5453 tolerari
2607 5408 2808 5467 posset,
2854 5398 2898 5450 si
2940 5392 3085 5467 quem
3130 5396 3304 5455 vellet,
3350 5406 3454 5448 etc.
3506 5392 3649 5449 Βίην.

2070 5475 2362 5528 Marri-nos.

2137 5542 2161 5579 ά
2199 5543 2386 5609 Incipit
2424 5540 2665 5609 purgatio
2713 5538 2798 5592 illa
2851 5538 2966 5609 ejus
3002 5534 3254 5609 clausultc
3297 5549 3654 5609 nunquamque

2067 5602 2668 5666 anatltematis'ttiticulis
2717 5608 3001 5664 eruendus,
3061 5608 3127 5657 de
3175 5620 3277 5673 qua
3328 5602 3561 5657 diximus
3598 5606 3650 5659 itt

2070 5684 2402 5751 ptzef'itione.
2454 5682 2717 5735 Caeterum
2760 5678 2945 5751 Felicis
2981 5687 3215 5751 ruentem
3260 5683 3314 5751 et
3348 5675 3649 5751 consilium,

2070 5747 2503 5825 propensumque
2557 5754 2607 5806 in
2666 5747 3155 5805 reconciliationem
3227 5748 3463 5803 animum
3520 5747 3649 5804 illud
