4046 6188
418 298 524 355 959

1739 282 1998 343 FELICIS
2041 283 2244 342 PAPA‘I
2282 285 2349 341 111

3590 284 3696 341 960

419 406 740 465 sententiam
772 403 1014 467 tulimus,
1035 401 1161 471 quia
1192 401 1352 455 homo
1373 407 1479 466 est,
1503 399 1624 469 quia
1657 400 1885 456 Aeacius
1916 401 2000 455 di-
2025 406 2075 465 Α
2104 403 2187 457 vel
2207 402 2399 465 everti,
2419 411 2474 457 et
2497 400 2821 473 plantari,et
2842 400 2965 455 talia
2986 399 3292 466 :Tridusun,
3311 408 3361 454 et
3378 399 3563 457 Ninire
3577 404 3694 458 sub-

414 502 574 565 eitur,
624 492 1074 567 quemadmodum
1116 492 1183 546 de
1208 489 1449 561 quolibet
1477 488 1732 545 hmretico
1770 490 1877 547 dici
1908 506 2005 561 po-

416 603 549 657 test;
597 589 688 646 sed
727 596 1011 658 propterea
1055 585 1181 654 quia
1210 587 1281 639 sit
1310 596 1539 653 persona
1582 582 1998 650 prievarieatris.

418 688 600 754 itaque
626 679 964 737 malefactum
1002 686 1106 744 est,
1137 675 1278 747 quod
1309 675 1363 729 in
1393 690 1461 730 eo
1488 683 1572 730 est
1593 675 1836 745 punitum
1865 675 2003 730 irro-

414 780 628 845 galinlte
665 773 1129 842 sententizezqua:
1169 768 1557 840 prmvaricatio,
1608 768 1751 839 quod
1797 768 2001 824 malefi-

412 871 550 926 eiuin
577 868 621 923 si
651 866 887 930 recedat,
932 864 1043 933 jam
1089 878 1195 917 non
1220 860 1324 916 erit
1358 860 1446 915 illa
1475 874 1727 931 persona,
1758 859 1812 914 in
1840 875 2000 931 quam

412 961 733 1016 sententiam
764 956 1103 1012 insolubilem
1129 954 1370 1024 proferre
1393 954 1708 1018 sum_visus.
1732 951 1999 1009 Remane-

418 1056 489 1105 nit
518 1052 660 1107 enim
711 1050 891 1113 homo,
940 1057 993 1103 ct
1037 1046 1287 1112 Aeacius,
1341 1060 1500 1115 quem
1551 1061 1657 1100 non
1703 1045 1921 1100 damnat
1947 1047 2001 1099 in

414 1155 673 1213 quantum
698 1142 860 1195 bonio
886 1151 988 1207 est,
1018 1146 1073 1193 et
1102 1137 1333 1193 hominis
1360 1139 1576 1193 nomine
1604 1147 1873 1203 censetur,
1904 1135 1999 1192 sed

413 1235 465 1288 in
499 1241 755 1303 quantum
787 1230 1163 1299 przevarieator
1191 1240 1243 1284 et
1277 1229 1609 1285 malefactor.
1658 1228 1754 1283 Cui
1784 1237 2000 1283 senten-

416 1329 485 1380 tia
517 1341 633 1380 ntea
666 1322 965 1379 insolubilis
995 1332 1098 1388 est,
1124 1321 1236 1391 jam
1266 1322 1320 1377 in
1352 1337 1417 1377 eo
1446 1320 1561 1377 haec
1590 1322 1851 1376 sententia
1880 1335 1999 1376 mea

411 1419 738 1485 insolubilis,
775 1427 982 1473 remoto
1014 1418 1104 1472 illo
1133 1418 1217 1472 cui
1248 1417 1392 1470 illata
1422 1424 1526 1483 est,
1580 1415 1755 1470 locum
1786 1414 1998 1484 penitus

413 1528 516 1568 non
566 1514 781 1569 habebit
809 1530 823 1567 :
853 1514 989 1567 alter
1033 1514 1176 1566 enim
1224 1512 1326 1567 erit
1367 1526 1527 1583 quam
1576 1510 1670 1566 ille
1722 1514 1806 1565 cui
1850 1511 1997 1565 illata

410 1608 676 1659 Sententia
717 1614 820 1669 est,
868 1604 993 1657 dum
1040 1603 1259 1673 incipiet
1300 1618 1407 1656 non
1447 1617 1569 1657 esse
1597 1602 1740 1671 quod
1767 1601 1884 1664 fuit,
1912 1601 1998 1657 vel

414 1714 516 1749 non
548 1696 649 1750 huc
678 1710 819 1759 esse,
852 1695 936 1750 cui
973 1694 1118 1748 illata
1151 1695 1416 1749 sententia
1445 1693 1675 1749 est.8ed
1707 1693 1997 1764 incipiente

2107 503 2331 548 vertetur
2362 491 2706 565 (Jon.ut,4);
2754 494 2880 551 item
2912 493 2980 549 de
3018 507 3145 565 rege
3175 494 3430 561 Ezechia,
3471 494 3695 566 adjectis

2105 587 2412 657 quindecim
2440 588 2595 643 annis
2626 594 2747 657 post
2783 587 3244 643 denuntiationem
3284 590 3474 644 mortis
3510 589 3578 643 ad
3616 590 3695 645 vi-

2107 687 2250 746 tam;
2284 680 2411 736 item
2440 679 2508 735 de
2536 679 2701 736 ramis
2742 679 2925 735 fractis
2963 690 3017 734 et
3043 679 3375 747 inserendis;
3407 689 3463 737 et
3490 680 3559 737 de
3598 680 3694 737 iis-

2104 769 2227 826 dem
2280 770 2477 839 ramis,
2523 771 2569 825 si
2625 786 2727 825 non
2779 772 3148 842 permanserint
3207 774 3262 825 in
3312 773 3691 840 incredulitate,

2104 864 2506 919 misericordiam
2539 872 2925 935 consequentur.
2962 861 3045 918 Ne
3076 866 3306 935 quando,
3337 863 3531 936 inquit,
3572 882 3695 920 con-

2103 963 2398 1021 vertantur,
2444 963 2489 1007 ct
2533 970 2709 1008 senem
2744 971 2857 1010 eos.
2900 954 3014 1010 lloc
3049 955 3116 1009 de
3148 956 3256 1010 illis
3294 957 3382 1025 qui
3420 972 3516 1011 cor
3540 973 3692 1013 cras-

2103 1061 2221 1101 sum
2249 1044 2537 1113 habebant,
2568 1054 2624 1101 et
2653 1046 2896 1101 videntes
2926 1062 3033 1101 non
3062 1047 3343 1113 videbant;
3378 1058 3434 1103 et
3463 1050 3693 1103 audien-

2104 1146 2186 1193 tes
2217 1154 2321 1193 non
2350 1137 2659 1193 audiebant.
2686 1138 2935 1207 Nunquid
2968 1139 3081 1194 Deo
3110 1139 3409 1209 inspirante
3440 1155 3545 1195 non
3568 1150 3696 1199 sunt

2102 1244 2167 1283 ex
2220 1228 2407 1284 iisdem
2451 1229 2650 1285 Judaeis
2696 1229 2765 1286 de
2814 1230 3009 1300 quibus
3052 1230 3257 1285 dictum
3306 1240 3410 1300 est,
3466 1233 3696 1287 videntes

2102 1322 2357 1390 viderunt,
2406 1324 2669 1376 audientes
2711 1322 3009 1389 audierunt,
3047 1335 3095 1378 et
3140 1325 3294 1379 corde
3328 1327 3699 1382 crediderunt?

2100 1412 2240 1467 sicut
2267 1414 2521 1483 apostoli,
2553 1423 2609 1469 et
2638 1422 2715 1467 tot
2742 1413 2929 1480 millia,
2958 1430 3089 1486 quas
3119 1416 3371 1486 reliquias
3401 1417 3577 1473 salvas
3608 1418 3695 1471 fa-

2100 1512 2218 1558 ctas
2257 1518 2377 1559 esse
2419 1514 2646 1559 testatur
2682 1505 3002 1573 Apostolus,
3043 1505 3134 1576 qui
3175 1506 3319 1562 hunc
3346 1521 3564 1563 sensum
3617 1509 3693 1564 ita

2102 1605 2316 1661 tractat,
2353 1596 2441 1652 ubi
2481 1596 2610 1651 dicit
2638 1613 2651 1649 :
2684 1595 2824 1650 Nam
2863 1608 2911 1651 et
2952 1614 3043 1669 ego
3076 1597 3315 1654 Israelita
3342 1617 3456 1654 sunt
3506 1601 3689 1671 (Rom.

2102 1703 2175 1756 xi,
2206 1688 2364 1758 7).-Si
2395 1689 2446 1742 vi
2470 1689 2734 1758 imperiali
2765 1692 3024 1759 premitur
3046 1692 3291 1757 Aeacius,
3316 1702 3375 1749 ut
3406 1693 3508 1749 ista
3533 1693 3698 1749 faciat

409 1803 532 1843 e-se
560 1786 702 1857 quod
734 1802 840 1841 non
882 1788 1001 1852 fuit,
1046 1787 1126 1840 vel
1163 1784 1266 1839 hoc
1293 1794 1499 1840 tantum
1545 1783 1837 1854 incipiente
1870 1799 1992 1839 esse
2022 1792 2072 1853 Β
2099 1797 2219 1852 qu:e
2249 1781 2393 1847 facit,
2428 1782 2656 1851 primum
2685 1782 3061 1853 imperatorem
3094 1796 3282 1841 contra
3315 1786 3474 1841 [idem
3503 1786 3697 1842 catho-

408 1896 488 1945 se,
536 1896 655 1935 eum
687 1894 747 1935 ea
782 1894 885 1934 non
921 1889 1065 1935 esset
1091 1878 1233 1933 illata
1263 1878 1552 1945 sententia,
1606 1894 1711 1933 non
1745 1892 1993 1933 remane-

409 1974 487 2025 bit
513 1971 734 2026 omnino
759 1970 845 2025 ubi
878 1978 983 2025 stet
1011 1971 1220 2039 prolata
1264 1970 1552 2024 sententia.
1598 1969 1730 2023 Nam
1758 1969 1995 2039 quandiu

410 2063 462 2116 in
490 2064 590 2116 hoc
614 2072 814 2125 manet,
839 2063 923 2117 cui
949 2061 1091 2115 illata
1122 2060 1389 2115 sententia
1412 2069 1516 2123 est,
1548 2075 1673 2113 vere
1695 2059 1999 2115 insolubilis

409 2164 493 2209 est
519 2155 605 2208 illa
637 2154 901 2209 sententia
929 2169 1049 2208 eum
1082 2168 1146 2207 eu
1188 2151 1275 2207 cui
1307 2153 1450 2205 illata
1481 2161 1561 2205 est
1604 2151 1993 2217 insolubiliter;

407 2263 531 2302 cum
560 2258 737 2302 autem
771 2245 873 2300 hoc
908 2261 1012 2300 non
1049 2246 1153 2301 erit
1185 2263 1197 2297 :
1234 2244 1335 2299 etsi
1378 2246 1432 2299 in
1468 2258 1535 2298 eo
1578 2259 1683 2297 non
1714 2242 1994 2307 manserit,

409 2356 531 2393 eum
562 2340 654 2393 illo
682 2338 972 2403 maleficio,
1006 2337 1091 2391 cui
1121 2336 1264 2389 illata
1294 2332 1592 2391 insolubilis
1621 2342 1726 2399 e~t,
1760 2333 1846 2387 illa
1875 2346 1998 2387 sen-

411 2432 577 2485 tentia
623 2431 743 2484 sine
784 2427 1119 2484 dubitatione
1159 2426 1428 2482 transibit.
1471 2423 1528 2480 itt
1578 2424 1682 2479 isto
1729 2439 1857 2494 ergo
1895 2424 1998 2478 erit

409 2522 671 2586 soutbilis,
707 2522 815 2575 imo
842 2535 939 2575 nec
966 2522 1069 2576 erit
1092 2521 1177 2575 cui
1202 2519 1349 2573 illata
1392 2534 1497 2573 non
1525 2527 1635 2582 est;
1667 2516 1775 2572 imo
1801 2515 1868 2569 ab
1897 2518 1999 2573 hoc

409 2615 514 2671 erit
539 2624 790 2670 extranea
823 2624 877 2668 et
906 2613 1101 2677 aliena,
1133 2613 1216 2666 cui
1245 2626 1362 2666 eam
1392 2626 1495 2664 non
1527 2619 1740 2665 constat
1764 2610 1995 2664 illatam:

410 2708 532 2775 quia
566 2706 617 2760 itt
650 2704 845 2760 Aeai-io
888 2703 1234 2769 maleficium,
1284 2711 1335 2757 et
1376 2698 1745 2771 prtevarieatio
1789 2700 1996 2767 accepit

410 2797 557 2851 illam
589 2794 927 2852 insolubilem
959 2793 1304 2858 sententiam,
1353 2807 1458 2846 non
1509 2791 1652 2860 quod
1690 2791 1853 2844 homo
1890 2798 1993 2855 est,

411 2905 521 2943 nun
554 2887 695 2959 quod
724 2886 951 2943 Aeacius
981 2894 1355 2953 nuncupatur:
1388 2893 1599 2939 remoto
1636 2884 1703 2938 ab
1741 2899 1808 2939 eo
1832 2885 1998 2939 male-

414 2982 558 3046 ficio,
583 2982 683 3036 erit
711 2996 833 3035 eum
860 2979 1005 3033 omni
1036 2979 1089 3033 vi
1118 2994 1233 3040 sua,
1274 2987 1329 3032 et
1358 2992 1517 3031 causa
1549 2984 1751 3031 remota
1774 2985 1997 3033 senten-

412 3075 506 3130 tia.
540 3084 563 3111 ιι
588 3074 642 3128 In
668 3072 960 3143 Scripturis
989 3083 1166 3127 autem
1192 3070 1493 3125 invenimus
1520 3078 1575 3124 et
1596 3070 1800 3125 illatam
1832 3071 1998 3127 inter-

2100 1874 2257 1929 licam
2281 1874 2479 1940 facere,
2511 1889 2573 1929 ac
2605 1889 2699 1944 per
2725 1876 2827 1931 hoc
2858 1892 2964 1931 non
3003 1892 3125 1932 esse
3169 1877 3522 1943 catholicum,
3572 1879 3696 1949 ipso

2101 1966 2421 2037 profitetur:
2454 1981 2558 2020 non
2582 1978 2663 2021 est
2693 1982 2821 2036 ergo
2852 1984 3018 2037 quare
3046 1984 3074 2021 a
3102 1969 3258 2024 nobis
3304 1970 3409 2025 diei
3460 1985 3686 2041 persua-

2098 2058 2245 2125 deat,
2292 2057 2434 2125 quod
2473 2058 2590 2127 ipse
2631 2057 2924 2129 depromit,
2966 2062 3050 2115 vel
3092 2062 3235 2130 quod
3281 2062 3396 2132 ipse
3441 2072 3689 2119 testatur.

2100 2150 2303 2205 Deinde
2328 2151 2430 2205 ltoc
2473 2152 2589 2222 ipso
2611 2166 2718 2221 quo
2746 2166 2807 2207 se
2853 2153 2961 2207 vim
3012 2153 3119 2222 pati
3170 2152 3438 2222 perhibet,
3487 2156 3694 2213 malum

2100 2245 2385 2313 profitetur
2414 2260 2551 2307 esse,
2580 2245 2722 2315 quod
2752 2243 2909 2310 facit,
2950 2254 3005 2299 et
3035 2256 3224 2301 contra
3260 2246 3417 2302 fidem
3458 2249 3699 2302 eatliuli-

2099 2350 2216 2391 eam
2246 2352 2305 2391 se
2334 2353 2492 2407 agere
2535 2337 2911 2393 demonstrat:
2948 2354 3045 2393 cur
3070 2355 3199 2406 ergo
3231 2355 3317 2395 tne
3361 2340 3610 2394 bertatur
3636 2350 3700 2399 et

2102 2432 2231 2501 petit
2258 2432 2416 2501 liujus
2444 2432 2519 2489 rei
2547 2432 2866 2502 eomplicem
2903 2447 3025 2489 esse
3054 2432 3275 2500 debere,
3305 2448 3462 2505 quam
3492 2433 3700 2490 fatetur

2100 2537 2222 2579 esse
2254 2523 2601 2593 perversam?
2626 2523 2682 2580 Si
2727 2534 2908 2578 autem
2942 2524 3137 2579 tnalum
3185 2539 3294 2579 non
3321 2540 3442 2581 esse
3470 2535 3699 2581 conti-u-

2100 2613 2198 2680 dit,
2227 2622 2389 2670 restat
2416 2625 2475 2669 ιιι
2504 2630 2611 2669 non
2636 2614 2745 2685 jam
2773 2630 2832 2670 se
2858 2618 2965 2669 vim
2994 2617 3099 2685 pati
3130 2615 3199 2670 ab
3222 2616 3548 2686 imperatore
3571 2634 3708 2685 per-

2100 2706 2341 2769 suadeat,
2370 2721 2491 2761 cum
2526 2718 2716 2774 sponte
2762 2721 2855 2761 sua
2884 2707 2935 2763 id
2966 2706 3125 2763 faciat
3151 2708 3295 2779 quod
3324 2709 3521 2764 bonum
3568 2726 3699 2767 esse

2101 2798 2410 2852 confirmat.
2468 2796 2602 2852 Cum
2646 2799 2791 2853 enim
2824 2799 3023 2854 bonum
3065 2798 3195 2854 dicit
3220 2814 3342 2855 esse
3370 2800 3511 2872 quod
3540 2802 3699 2866 facit,

2100 2897 2294 2957 Sponte
2325 2888 2425 2943 hoc
2445 2902 2506 2943 se
2536 2889 2737 2955 facere,
2775 2894 3031 2959 tanquam
3064 2890 3205 2961 quod
3238 2899 3389 2960 putat
3427 2906 3547 2948 esse
3599 2893 3702 2946 be.

2101 2993 2251 3043 num,
2285 2979 2401 3033 sine
2426 2979 2763 3034 dubitatione
2791 2981 3037 3050 designat
3066 2998 3080 3035 :
3112 2996 3218 3036 non
3256 2997 3386 3053 ergo
3417 2983 3516 3037 hoc
3537 2998 3701 3038 eom-

2104 3072 2286 3139 pulsus
2318 3068 2443 3125 facit
2470 3070 2719 3138 Aeacius,
2747 3071 2888 3142 quod
2915 3071 3117 3127 invitus
3143 3088 3249 3127 non
3278 3071 3408 3128 facit
3437 3082 3699 3143 tanquam

415 3168 726 3223 minabilem
757 3166 1078 3222 sententiam
1110 3165 1161 3219 in
1195 3164 1479 3234 pierosque
1506 3172 1836 3233 peccatores,
1880 3164 1997 3233 qni-
2026 3171 2072 3235 ρ
2106 3161 2329 3227 malum,
2363 3161 2454 3215 sed
2486 3171 2682 3232 sponte
2711 3171 2961 3232 tanquam
2993 3164 3212 3218 bonum.
3263 3164 3321 3221 Si
3368 3166 3513 3221 enim
3542 3180 3702 3220 com-

413 3264 512 3321 bns
560 3271 735 3316 tamen
774 3276 805 3315 a
847 3269 1065 3331 peccato
1108 3257 1508 3312 discedentibus
1546 3257 1616 3312 sit
1658 3257 1914 3316 remissa:
1943 3267 1998 3313 et

410 3353 671 3424 quosdam
702 3353 872 3407 dictos
896 3351 1088 3417 occidi,
1114 3358 1167 3405 et
1195 3348 1451 3403 vivitieari
1484 3348 1629 3419 (dum
1654 3352 1705 3403 in
1732 3347 1815 3403 bis
1838 3365 1996 3405 neta-

414 3458 501 3502 tur
527 3444 667 3518 quod
701 3445 939 3511 fuerunt,
976 3452 1031 3499 et
1059 3443 1322 3512 incipiunt
1347 3456 1468 3497 esse
1493 3439 1634 3512 quod
1663 3456 1769 3495 non
1792 3438 1991 3512 erant),

412 3586 572 3638 etiam
620 3582 801 3653 prodit
847 3584 901 3637 in
944 3582 1168 3651 epistola
1207 3580 1275 3634 i5
1306 3597 1321 3635 :
1358 3580 1685 3653 Undeiquod
1734 3597 1836 3633 non
1881 3580 2001 3653 sine

414 3656 577 3715 divini
592 3651 783 3726 judicri
808 3664 998 3707 terrore
1033 3653 1303 3706 dicendum
1339 3661 1455 3726 est,_
1476 3652 1624 3704 etiam
1651 3652 1820 3726 _nobis_,
1846 3651 1890 3703 si
1920 3668 2001 3726 rc-

417 3722 667 3797 quisiss’et,
708 3726 1039 3797 optantibus,
1069 3740 1168 3776 non
1196 3734 1268 3776 est
1289 3722 1571 3797 Permissus
1611 3722 1832 3797 absolvi;
1860 3732 1913 3776 et
1946 3724 1997 3776 in

414 3790 573 3862 epist.
602 3797 667 3848 15
695 3812 709 3847 :
743 3796 896 3847 etiam
924 3794 1065 3846 nobis
1095 3794 1412 3847 conantibus.
1455 3790 1508 3844 In
1540 3792 1763 3859 epi~tnla
1797 3796 1849 3859 ϐ,
1880 3808 1999 3856 «pne

418 3876 765 3920 memoratam
806 3866 1100 3917 clausulam
1143 3863 1415 3924 continet,
1450 3863 1536 3915 ubi
1570 3862 1762 3932 legitur
1790 3878 2001 3932 respon—

417 3938 537 3988 dere
565 3935 837 3997 dissidens,
874 3936 1155 3999 legendum
1202 3932 1339 3986 forte
1388 3933 1660 4002 difﬁdens;
1710 3934 1798 3987 ubi
1846 3949 1996 3997 vero,

415 4020 460 4059 et
496 4004 775 4059 Humerius
814 4014 934 4057 tunc
968 4004 1033 4057 de
1064 4003 1298 4057 diaconio
1333 4004 1587 4074 dejectus,
1616 4014 1696 4058 est
1728 4006 1779 4057 in
1811 4018 1909 4058 ms.
1954 4013 2001 4057 et

415 4077 595 4132 merito
629 4076 691 4129 de
725 4075 963 4129 diaconio
999 4076 1240 4146 dejectos,
1275 4075 1470 4130 exinde
1503 4077 1747 4147 privatos,
1790 4083 1844 4128 et
1882 4089 2005 4143 pro-

417 4162 602 4203 vectos.
641 4148 784 4202 SCIP.
818 4146 1108 4201 Minicius.

486 4228 511 4257 ιι
545 4219 837 4272 Confirmat
870 4217 1137 4285 exemplis
1174 4216 1416 4280 pluribus
1451 4232 1516 4270 ex
1537 4213 1810 4285 Scriptura
1849 4228 1999 4267 saera

418 4288 719 4356 decerptis;
769 4282 1107 4354 ostenditque
1165 4285 1474 4355 frequenter
1521 4287 1573 4338 in
1616 4282 1801 4356 Bibliis
1840 4287 2002 4339 veluti

422 4354 776 4429 peremplurie
802 4359 1201 4429 pronuntiatum
1230 4354 1382 4429 esse,
1395 4358 1469 4429 ita
1498 4365 1553 4429 ut
1581 4354 1856 4429 videretur
1880 4369 2005 4429 spes

421 4426 852 4499 ouuiis‘prorsus
883 4428 1153 4492 abscindi,
1185 4436 1240 4481 et
1271 4426 1622 4499 nihilominus
1655 4426 2003 4499 pmnitentiar,

418 4517 483 4553 ac
516 4516 609 4564 per
636 4496 754 4553 eam
780 4500 965 4561 gratia:
993 4500 1188 4552 eximie
1218 4498 1420 4551 aditum
1453 4497 1793 4564 patefactum.
1825 4496 1893 4550 At
1922 4498 2009 4550 hic

422 4570 525 4624 loci
576 4570 922 4623 tenebricosa:
981 4570 1233 4639 ambages
1280 4569 1331 4621 in
1393 4582 1493 4621 ms.
1539 4580 1588 4623 et
1644 4567 2009 4621 inextricabilis

420 4655 585 4696 error.
637 4639 765 4693 Post
811 4642 973 4693 verba
1020 4651 1217 4694 remota
1267 4639 1514 4693 sen'entiu
1572 4639 1895 4706 sequebatur
1940 4653 2003 4691 ex

422 4710 670 4776 abrupto,
723 4725 786 4762 ne
830 4710 1058 4778 quando,
1099 4710 1284 4778 inquit,
1330 4720 1436 4765 etc.
1484 4709 1742 4764 Periodns
1787 4709 1897 4770 illa,
1938 4706 2006 4761 In

420 4779 705 4846 Scripturis
733 4788 925 4842 autem,
955 4788 1082 4844 ete.,
1111 4796 1228 4847 quae
1256 4782 1770 4846 coagmentationem
1806 4780 2003 4843 firmat,

396 4866 484 4909 -ac
515 4850 832 4903 testimoniis
858 4863 977 4917 qua:
1003 4850 1402 4919 subsequuntur
1446 4852 1581 4904 viam
1640 4853 1856 4915 sternit,
1885 4859 2005 4918 post

421 4937 483 4977 ea
511 4921 687 4972 omnia
716 4920 928 4986 jaceliat
955 4920 1230 4990 inutiliter
1268 4929 1427 4990 atque
1467 4920 1860 4990 intempestive.
1911 4919 2003 4974 illa

423 5006 555 5045 \‘CIO
575 4990 844 5051 Triduum,
871 5001 915 5043 et
944 4988 1148 5061 Ninive,
1176 5000 1302 5052 etc.,
1334 4988 1500 5061 nsque
1526 4991 1593 5045 ad
1623 4988 1843 5045 verbum
1875 5006 2001 5044 coa-

418 5072 700 5129 sequenter,
728 5074 846 5130 pust
875 5072 983 5114 tres
1011 5060 1230 5129 paginas
1253 5061 1559 5127 sententite,
1587 5062 1671 5115 cui
1697 5062 2001 5117 nullatenus

426 5148 563 5193 conn
584 5145 731 5186 etere
758 5141 1025 5201 poterant,
1059 5134 1254 5187 inserta
1286 5132 1489 5197 inveni,
1519 5146 1678 5201 atque
1723 5133 2002 5187 intermix-

426 5214 499 5257 ta.
532 5204 609 5257 lie
632 5214 736 5256 tam
771 5203 997 5271 implexa
1022 5217 1085 5257 ac
1114 5203 1377 5267 involuta,
1414 5202 1738 5258 insanabiles
1763 5202 2002 5268 proiecto

425 5274 744 5330 videbantur
773 5273 895 5337 loci,
930 5276 1317 5343 compositique
1346 5289 1534 5328 omnes
1579 5288 1644 5328 ex
1685 5273 1862 5327 verbis
1894 5274 2003 5328 iur-

421 5348 557 5402 tnito
581 5345 874 5415 congestis.
902 5345 1095 5399 Videor
1126 5353 1304 5415 tamen
1332 5344 1461 5399 mibi
1489 5359 1593 5399 non
1617 5346 1841 5398 omnino
1868 5344 2003 5398 infe-

422 5417 595 5473 liciter
624 5414 877 5484 utrosque
906 5415 1223 5478 restituisse,
1258 5414 1309 5469 id
1338 5425 1543 5469 tantum
1574 5425 1838 5481 prtestans
1864 5424 1923 5467 ut
1947 5416 1999 5468 in

420 5488 605 5541 sedem
628 5501 777 5540 suam
810 5486 1061 5554 quaelibet
1080 5484 1348 5550 redirent;
1382 5499 1555 5555 neque
1574 5484 1717 5555 enim
1748 5486 2005 5539 emenda-

424 5558 622 5610 tionem
648 5557 812 5610 ullam
833 5555 1070 5626 adhibui,
1096 5563 1447 5626 prarterqnani
1469 5554 1611 5625 quod
1633 5554 1721 5610 ubi
1746 5556 2002 5620 scriptum

421 5637 508 5695 est
530 5628 583 5679 in
604 5626 809 5689 codice,
845 5625 1097 5695 Nunquid
1121 5641 1180 5677 co
1219 5625 1506 5692 inspirante
1553 5626 1685 5679 sicut
1732 5642 1796 5679 ea:
1823 5626 2008 5679 iisdem

423 5693 640 5766 Jrudwis,
660 5697 934 5766 substitui,
964 5693 1209 5764 Nunquid
1234 5695 1340 5751 Deo
1360 5696 1642 5766 inspirante
1672 5713 1774 5749 non
1804 5706 1920 5749 sunt
1944 5711 2009 5749 ex

422 5765 602 5819 iisdem
643 5762 862 5820 Juda'is.
913 5762 1241 5824 Documento
1285 5782 1405 5843 esse
1440 5762 1626 5845 potest
1666 5767 1816 5825 locus
1843 5782 2005 5840 quam

2037 4613 2085 4675 D

2106 3255 2313 3326 pulsus,
2343 3254 2527 3324 utique
2556 3254 2788 3319 invitus;
2814 3255 2860 3311 si
2884 3257 3110 3323 invitus,
3132 3258 3315 3326 utique
3346 3259 3544 3314 malum
3566 3271 3693 3326 est;

2106 3360 2212 3400 non
2245 3360 2374 3417 ergo
2403 3355 2595 3416 sponte
2625 3344 2774 3410 facit,
2802 3355 3051 3417 tanquam
3082 3346 3184 3403 hoc
3208 3348 3430 3418 bonum,
3457 3348 3551 3404 sed
3572 3358 3701 3403 tan.

2101 3455 2261 3511 quam
2305 3439 2502 3494 malum
2544 3438 2783 3497 invitus:
2836 3440 2881 3495 si
2921 3455 3029 3495 non
3069 3441 3264 3497 invitus
3296 3452 3544 3514 tauquam
3573 3458 3697 3498 ma.

2106 3577 2303 3633 misere
2327 3576 2625 3650 deformata
2647 3592 2709 3632 ac
2737 3577 3005 3648 discerpta
3035 3580 3183 3647 plura
3213 3576 3547 3650 antiquitatis
3574 3596 3701 3637 mo.

2107 3658 2359 3704 numenta
2388 3648 2453 3701 ad
2484 3664 2671 3703 manus
2703 3658 2914 3704 nostras
2935 3651 3251 3706 devenerint
3290 3668 3306 3705 :
3335 3648 3448 3706 sive
3475 3663 3697 3718 pertur-

2106 3721 2250 3774 batio
2279 3734 2342 3773 ex
2367 3718 2672 3787 disiunctis,
2700 3728 2791 3773 aut
2815 3722 3061 3784 revulsis,
3093 3730 3149 3776 et
3178 3722 3522 3776 volitantibus
3549 3724 3701 3779 foliis

2103 3802 2281 3845 ortum
2321 3789 2555 3854 duxerit,
2590 3790 2957 3861 quarrlibrarii
3015 3792 3302 3861 aliquando
3357 3794 3696 3849 transcribe-

2104 3870 2255 3925 rent;
2282 3861 2395 3915 sive
2415 3876 2480 3914 ex
2510 3875 2578 3914 eo
2601 3860 2742 3929 quod
2765 3861 2964 3917 incuria
3005 3861 3342 3929 diffluentes,
3390 3865 3569 3931 aliqua
3606 3865 3699 3920 in-

2106 3939 2313 3985 toruum
2336 3931 2641 3985 emitterent
2667 3972 2683 3995 ,
2722 3947 2841 4001 qua:
2883 3936 3223 4001 postmodum
3255 3935 3695 3989 animadverten-

2108 4012 2211 4063 tes,
2245 4016 2311 4055 eo
2337 4003 2455 4056 loco
2478 4016 2740 4074 reponere
2772 4017 2877 4056 non
2914 4002 3222 4059 dubitarent
3262 4004 3328 4058 ad
3365 4021 3525 4074 quem
3566 4014 3700 4063 tunc

2108 4080 2495 4140 pervenerant;
2536 4073 2757 4139 perinde
2799 4087 2860 4125 ac
2903 4074 2947 4129 si
2993 4074 3269 4130 sufﬁceret
3305 4073 3392 4129 ne
3418 4077 3695 4139 deessent.

2107 4142 2257 4209 Quod
2289 4141 2479 4196 attinet
2503 4143 2568 4197 ad
2587 4157 2801 4214 sensum
2826 4158 3012 4199 eorum
3034 4161 3154 4214 qua:
3185 4146 3270 4199 hic
3294 4162 3324 4199 a
3351 4146 3529 4202 Felice
3556 4148 3699 4204 alie-

2111 4223 2323 4279 tuntur,
2354 4213 2634 4279 perstrictta
2658 4213 2791 4268 fiunt
2817 4218 2993 4269 omnia
3016 4213 3137 4271 cum
3178 4231 3207 4270 a
3252 4226 3507 4272 contextu
3544 4218 3695 4273 loco-

2110 4298 2225 4336 rum
2251 4283 2303 4337 itt
2334 4282 2515 4337 Bibliis
2546 4283 2685 4337 unde
2710 4295 2863 4338 eruta
2892 4294 3037 4351 sunt,
3073 4298 3181 4339 tum
3204 4302 3232 4339 a
3282 4287 3445 4342 simili
3480 4289 3700 4349 ratioci—

2112 4355 2330 4408 natione
2360 4368 2517 4429 quam
2544 4353 2595 4429 in
2621 4362 2847 4429 tractatu
2879 4355 2946 4429 de
2984 4359 3341 4429 Anatliernate
3371 4372 3695 4429 percurrere

2111 4438 2420 4493 possumus,
2448 4424 2516 4479 ab
2550 4425 2612 4479 iis
2643 4426 2945 4494 incipiendo
2980 4444 2994 4481 :
3040 4427 3132 4482 Sic
3180 4427 3346 4495 Tyrus
3372 4424 3432 4484 ἐι
3471 4429 3693 4495 Beritos,

2110 4502 2217 4570 etc.
2252 4495 2324 4549 lbi
2348 4496 2516 4570 etiam
2531 4510 2699 4550 sacra:
2728 4498 3018 4570 Scriptura:
3041 4499 3278 4566 aperitur
3306 4514 3501 4555 sensus
3533 4510 3699 4570 atque

2114 4565 2431 4641 illustratur.
2464 4564 2546 4641 Ne
2571 4564 2926 4641 convertantur
2951 4608 2967 4634 ,
3001 4564 3101 4623 hoc
3129 4580 3232 4641 es_t,
3265 4586 3329 4623 ne
3375 4572 3483 4624 suis
3525 4564 3699 4641 operi.

2113 4635 2226 4700 bus,
2251 4638 2428 4706 quibus
2459 4638 2628 4704 utique
2652 4638 2992 4707 conﬁdebant,
3023 4650 3126 4694 etc.
3160 4638 3222 4692 Et
3243 4657 3419 4695 senem
3439 4658 3526 4695 eos
3541 4635 3566 4704 ς’
3591 4642 3700 4696 sci-

2116 4707 2345 4781 licet,”
2369 4722 2541 4781 eorum
2561 4708 2709 4781 quasi
2731 4710 2923 4763 meritis
2951 4710 3159 4781 propria
3195 4711 3440 4779 facultate
3483 4713 3699 4767 venien-

2114 4779 2244 4831 tibus
2268 4778 2513 4832 saleatrix
2532 4780 2700 4844 gratia
2722 4778 2959 4845 daretur,
2978 4778 3082 4835 etc.
3110 4778 3334 4837 Ad’eutn
3367 4782 3544 4837 locum
3571 4781 3695 4836 Tri-

2115 4849 2301 4912 duum,
2325 4858 2369 4901 et
2396 4846 2580 4902 Ninive
2608 4851 2945 4915 subvertetur,
2977 4852 3278 4907 versionem
3304 4852 3547 4907 Gneeatn
3597 4868 3698 4907 au-

2111 4930 2227 4992 _e_tor
2251 4918 2590 4992 amplectitur
2618 4935 2775 4992 quam
2822 4922 3175 4992 Symmachus
3212 4933 3267 4979 et
3297 4922 3601 4979 Tlieudotio
3626 4940 3697 4980 ex

2112 4989 2377 5043 llebraieo
2410 4996 2553 5043 textu
2586 4989 2959 5047 emendarem.
3000 4992 3253 5047 Eamdem
3286 4995 3529 5059 sequitur
3555 5009 3694 5048 san-

2110 5068 2227 5114 etus
2251 5060 2640 5132 Prosper,_sitfe
2666 5064 2787 5132 quis
2807 5062 2943 5116 alius
2967 5064 3223 5118 carminis
3245 5064 3312 5119 de
3340 5063 3694 5121 Providentia

2106 5142 2293 5185 auctor
2332 5132 2451 5184 fuit.
2507 5128 2716 5186 Videsis
2759 5132 2820 5186 Ι).
2877 5135 3232 5201 Augustinum
3280 5135 3349 5190 de
3378 5136 3493 5190 Civ.
3530 5136 3623 5190 Dei
3655 5138 3693 5195 I.

2109 5216 2256 5266 xvnt,
2285 5216 2403 5269 cap.
2436 5201 2523 5256 ιι.
2558 5202 2611 5256 In
2655 5203 2719 5257 iis
2764 5204 2986 5257 ridentes
3029 5206 3285 5268 viderunt,
3329 5216 3435 5261 etc.
3471 5218 3698 5260 senten-

2110 5274 2233 5325 tiam
2267 5272 2486 5348 respicit
2516 5274 2896 5348 versiculorum
2919 5277 3090 5348 octavi
3136 5285 3190 5330 et
3236 5275 3490 5348 trigesiini
3532 5278 3697 5348 primi

2108 5356 2226 5413 cap.
2262 5358 2297 5396 tt
2337 5341 2403 5397 ad
2448 5341 2629 5409 liom.,
2660 5345 2903 5413 quamvis
2948 5345 3111 5400 verba
3162 5341 3351 5402 mutei.
3383 5341 3696 5402 ltetn'illud

2108 5412 2258 5467 laniat
2288 5429 2360 5485 vt.
2387 5413 2475 5477 10,
2500 5430 2562 5467 ne
2590 5412 2723 5485 forte
2763 5414 2969 5469 videant
3008 5418 3170 5471 oculis
3197 5420 3305 5471 suis
3328 5459 3343 5485 ,
3396 5428 3441 5470 et
3482 5420 3697 5473 auribus

2112 5485 2218 5537 suis
2244 5484 2492 5549 audiant;
2520 5484 2661 5551 quod
2690 5486 2744 5540 in
2765 5486 2981 5554 antiqua
3014 5490 3261 5543 versione
3302 5484 3383 5545 sic
3431 5490 3698 5544 reddeba-

2117 5564 2237 5608 tur:
2261 5566 2306 5609 et
2330 5554 2554 5609 videntes
2584 5570 2685 5609 non
2709 5556 2933 5623 videant,
2963 5565 3010 5610 et
3038 5559 3298 5613 audientes
3326 5576 3425 5614 non
3452 5560 3693 5625 audiant,

2115 5634 2255 5697 etc,
2276 5633 2333 5679 ut
2374 5624 2525 5679 disco
2551 5634 2878 5697 extractam
2915 5627 2983 5681 de
3023 5631 3384 5685 anatliematis
3422 5624 3689 5697 Vinculo,

2116 5694 2206 5772 ubi
2246 5696 2290 5772 is
2329 5710 2389 5772 vc
2427 5711 2516 5772 sus
2545 5694 3062 5772 adducitur._\’erbi.
3099 5701 3146 5753 si
3180 5701 3227 5756 oi
3266 5699 3523 5772 imperiali
3552 5694 3697 5768 redit

2118 5766 2181 5822 ad
2215 5766 2415 5839 pluries
2445 5767 2606 5824 υζκιιςι.
2638 5768 2785 5826 SCIr.
2829 5768 3130 5827 ἤλπικα
3336 5766 3357 5777 ’⁷
3680 5784 3681 5787 ‘
