4046 6188
356 401 468 457 905

1576 398 1930 456 ΕΡι-δτυωε
1976 400 2061 455 ΕΤ
2106 400 2427 457 υεειιιτΑ
2440 444 2451 455 .

3548 405 3649 465 96.5

360 526 419 567 et
452 514 539 567 tsti
588 512 889 568 secundum
939 514 1262 569 sententiam
1310 524 1548 567 nostram
1590 525 1748 568 erunt
1796 513 1968 568 modis
1996 519 2046 574 Α
2075 512 2248 576 rimis,
2279 529 2440 583 quatn
2482 515 2762 570 veritatem
2789 520 3104 577 servandam
3137 526 3496 598 tuendamque
3532 546 3655 584 cum

355 606 613 659 mnttibtts
640 606 897 661 absoluti.
925 616 949 643 ⁸
975 606 1048 661 Ita
1081 608 1184 661 hoc
1220 622 1412 677 genus,
1454 607 1593 676 quod
1627 620 1785 674 Supra
1819 607 1955 658 disi-

357 711 504 760 ltttts,
532 696 654 764 quia
684 713 791 749 non
811 698 1071 751 adnititur
1093 699 1383 765 imperator
1403 709 1495 753 aut
1521 700 1769 768 populus,
1792 701 1953 753 alter.

355 798 535 841 utram
582 796 786 857 partem
830 805 935 842 non
983 790 1237 854 exnedire
1288 792 1511 857 poterit,
1564 790 1657 844 sed
1686 807 1951 859 gravare:

356 881 503 933 unde
536 881 748 935 nonnisi
776 881 867 935 illo
888 882 1005 937 solo
1035 883 1195 937 modo
1225 884 1386 938 rebus
1430 885 1727 938 remedium
1771 887 1951 952 provi-

355 972 595 1026 dendum
626 982 730 1038 est,
784 983 840 1026 ttt
889 975 1034 1042 prius
1078 974 1145 1028 de
1189 974 1526 1030 absolutione
1556 986 1742 1046 agatur
1775 978 1950 1030 Acacii

355 1080 481 1119 cum
524 1066 692 1119 totius
737 1066 997 1120 duntaxat
1028 1066 1285 1122 Ecclesia:
1319 1069 1570 1134 sanitate,
1619 1083 1669 1123 et
1712 1070 1789 1123 sic
1838 1070 1953 1125 iStis

352 1157 427 1208 sit
454 1171 554 1209 suo
584 1155 776 1211 ordine
803 1156 1129 1211 relaxatum.
1176 1158 1234 1213 Si
1285 1160 1513 1213 Aeacius
1552 1168 1731 1213 autem
1779 1164 1952 1217 modis

352 1248 609 1303 omnibus
634 1248 841 1303 absolvi
874 1250 1129 1314 noluerit,
1163 1251 1383 1304 istorum
1428 1266 1655 1318 persona
1690 1253 1831 1306 illius
1857 1269 1951 1321 ag-

350 1343 670 1405 gravatione
703 1342 987 1395 Ievabitur.
1026 1343 1101 1395 Eo
1133 1343 1303 1410 magis
1330 1344 1469 1411 quod
1496 1355 1549 1397 et
1572 1345 1809 1398 oblatum
1848 1346 1949 1400 sibi

352 1432 587 1485 Aeacius
616 1433 891 1501 reSpuisse
913 1433 1268 1499 convincitur,
1292 1443 1347 1489 et
1370 1445 1550 1489 nostra
1574 1437 1671 1490 erit
1700 1450 1949 1493 excusata

352 1523 652 1585 sententia,
706 1534 757 1577 et
801 1526 870 1579 tle
920 1524 1146 1579 istorum
1195 1526 1531 1581 absolutione
1577 1538 1700 1584 ante
1741 1540 1950 1599 tempus

351 1618 622 1684 impensa,
674 1627 727 1669 et
766 1617 831 1671 de
876 1617 1022 1671 illius
1067 1633 1187 1673 cum
1238 1623 1653 1689 exaggeratione
1707 1625 1948 1681 criminis

350 1708 703 1761 damnatione
733 1708 962 1761 firmata.
1016 1709 1140 1763 ldeo
1170 1710 1245 1764 illi
1278 1720 1517 1779 perstant
1549 1714 1599 1766 in
1628 1714 1732 1768 fide
1762 1716 1948 1771 «atho-

351 1799 479 1861 Iica,
512 1798 603 1865 qui
634 1802 685 1852 in
716 1799 935 1876 oriente
976 1804 1305 1869 pet-sistunt,
1354 1804 1477 1872 quia
1509 1821 1539 1858 a
1582 1822 1665 1860 tne
1698 1822 1815 1861 eam
1846 1811 1943 1863 de-

2068 622 2100 673 p
2120 608 2271 660 'IIClS.
2296 608 2377 659 An
2399 607 2519 661 ideo
2533 606 2740 662 falsitas
2759 624 2864 664 non
2884 612 2986 667 erit
3003 614 3225 682 falsitas,
3241 617 3359 688 quia
3374 634 3494 675 cum
3519 623 3657 677 utul-

2081 696 2304 750 titttdine
2336 699 2586 752 tenetur?
2614 699 2739 753 Ideo
2769 702 2968 756 veritas
2998 719 3103 759 non
3140 709 3239 761 erit
3271 711 3491 774 veritas,
3531 714 3653 781 quia

2058 787 2285 841 habetur
2314 789 2365 842 itt
2401 789 2628 857 paucis?
2656 791 2791 844 Cum
2828 792 3029 847 veritas
3073 812 3177 850 non
3206 798 3257 851 in
3286 800 3535 855 multitud
3562 818 3650 868 ne,

2056 880 2151 933 sed
2185 881 2237 932 itt
2266 890 2702 953 quantacumque
2750 885 2832 937 sui
2881 898 3030 953 parte
3072 888 3153 940 vel
3197 896 3438 956 portione
3472 898 3649 946 consio

2056 980 2182 1039 stat,
2215 974 2401 1042 religio
2427 987 2605 1029 autem
2634 979 2851 1031 nonnisi
2897 981 2949 1031 in
2989 982 3214 1035 veritate
3254 984 3324 1035 sit
3355 986 3487 1050 ftxa,
3542 988 3651 1053 pri-

2054 1066 2245 1135 Vilegia
2274 1083 2403 1120 vero
2431 1069 2547 1136 ejus
2577 1071 2792 1123 nonnisi
2825 1072 2875 1123 in
2901 1087 2966 1124 eo
2983 1083 3255 1139 CttllSlCIIl,
3274 1077 3361 1128 ubi
3389 1088 3470 1129 est
3498 1080 3649 1131 firma

2056 1156 2168 1223 ip~a
2204 1156 2412 1226 religio.
2445 1160 2525 1211 Au
2567 1160 2768 1213 veritas
2811 1162 2856 1215 si
2900 1164 2953 1214 in
2987 1168 3169 1229 paucis
3201 1164 3397 1228 fuerit,
3448 1169 3649 1222 veritas

2054 1262 2160 1300 non
2187 1249 2289 1302 erit
2313 1288 2327 1311 ,
2356 1258 2409 1302 et
2438 1251 2639 1303 falsitas
2684 1253 2736 1304 in
2781 1254 2962 1307 multis
2996 1270 3099 1307 non
3129 1257 3232 1309 erit
3264 1259 3502 1311 falsitas?
3523 1259 3646 1312 Fal-

2053 1342 2183 1396 sitas
2207 1343 2256 1394 in
2286 1345 2467 1397 multis
2495 1345 2665 1412 major
2692 1357 2772 1399 est
2802 1364 2984 1410 error;
3020 1349 3218 1402 veritas
3247 1351 3299 1401 in
3332 1366 3497 1415 parvo
3527 1355 3646 1405 nul-

2054 1433 2161 1487 lum
2184 1435 2413 1489 sustinet
2441 1435 2848 1499 detrimentum,
2884 1440 3004 1507 quia
3036 1439 3088 1493 in
3120 1449 3533 1510 quantacunque
3563 1445 3645 1497 sui

2052 1538 2204 1595 parte
2255 1530 2450 1581 veritas
2484 1530 2584 1582 fixa
2634 1532 2918 1593 consistit;
2963 1540 3016 1584 et
3046 1532 3182 1586 sient
3224 1533 3507 1587 multitudo
3536 1551 3644 1589 non

2048 1619 2210 1672 efficit
2240 1635 2291 1672 ttt
2319 1620 2522 1675 falsitas
2544 1636 2652 1674 non
2673 1622 2741 1675 sit
2772 1622 2996 1687 falsitas,
3030 1624 3098 1676 ita
3131 1638 3227 1677 nec
3260 1626 3492 1691 parvitas
3523 1627 3643 1679 elfi-

2048 1710 2124 1763 cit
2152 1721 2207 1763 ttl.
2231 1711 2427 1766 veritas
2448 1728 2553 1766 tton
2581 1714 2650 1767 sit
2672 1717 2892 1771 veritas.
2924 1718 3059 1769 Sunt
3084 1717 3359 1770 innumera
3387 1719 3634 1788 exempla

2055 1800 2249 1868 quibus
2265 1802 2543 1868 doceatur,
2572 1804 2622 1857 in
2647 1805 2827 1860 multis
2860 1806 3089 1860 falsitate
3113 1820 3406 1870 crassante,
3433 1809 3483 1862 in
3510 1824 3641 1878 pall-

350 1887 498 1943 fendi
528 1890 731 1954 vident,
776 1899 831 1943 et
860 1891 1167 1947 animantur
1212 1908 1281 1949 ex
1327 1910 1443 1951 me:
1490 1896 1728 1965 alioquin
1771 1911 1857 1951 aut
1889 1910 1943 1954 et
1976 1888 2018 1946 Β
2048 1898 2126 1950 cis
2169 1897 2478 1951 constitisse
2518 1900 2817 1953 veritatem.
2854 1899 2959 1954 Sed
2999 1900 3355 1953 abominantur
3394 1903 3519 1965 ltoc,
3551 1903 3640 1954 io-

348 1981 427 2034 iIli
450 1993 705 2035 cori-nent
732 1996 819 2036 me
850 1980 1103 2049 faciente,
1132 1994 1235 2037 aut‘
1253 1986 1297 2038 si
1329 2000 1435 2050 me,
1466 1988 1606 2056 quod
1638 1989 1798 2052 absit,
1841 1990 1937 2044 de-

346 2073 566 2127 cidente
591 2072 669 2127 illi
694 2073 1049 2141 perstabant”
1070 2074 1208 2143 apud
1247 2074 1412 2129 Deum
1457 2077 1807 2148 hominesque
1852 2095 1941 2136 me

344 2163 467 2233 jure
494 2164 845 2219 damnabunt.
882 2164 961 2219 Illi
994 2181 1081 2220 me
1121 2166 1285 2220 etiam
1311 2167 1409 2223 sub
1442 2170 1816 2237 persecutione
1847 2188 1941 2241 po-

346 2258 436 2309 siti
470 2272 576 2309 non
609 2258 981 2321 deseruerunt,
1014 2272 1115 2328 ego
1144 2258 1263 2313 illos
1293 2260 1410 2313 sine
1443 2262 1817 2328 persecutione
1845 2265 1939 2318 de-

346 2361 594 2404 serturos
620 2350 780 2404 sum?
804 2350 943 2415 Quid
975 2350 1106 2416 Deo,
1132 2351 1258 2420 quid
1290 2352 1595 2407 hominibus
1618 2354 1739 2409 inde
1765 2356 1940 2411 dictu-

346 2443 476 2496 rus?
510 2441 733 2497 I’ossum
767 2442 875 2496 illis
901 2442 1116 2509 dicere;
1148 2444 1307 2498 aliter
1349 2460 1435 2499 me
1461 2446 1854 2502 damnationem
1883 2449 1938 2503 in

344 2535 601 2589 Acacium
655 2550 759 2589 non
808 2534 1024 2590 ﬁrmare
1069 2538 1339 2605 patuisse,
1390 2537 1493 2591 nisi
1542 2546 1599 2591 ut
1626 2539 1851 2595 Vitalem
1882 2551 1937 2595 et

347 2627 610 2681 Misenum
641 2627 977 2682 absolverem
1006 2627 1146 2681 illius
1176 2630 1591 2698 exaggeratioue
1616 2633 1853 2699 peccati;
1880 2641 1938 2687 ut

344 2728 527 2772 autem
556 2718 809 2772 Acacium
833 2727 1153 2787 exaggerato
1179 2718 1297 2788 ejus
1321 2719 1462 2772 malo
1486 2720 1828 2787 postmodum
1851 2735 1938 2775 co-

343 2828 443 2881 far
468 2812 653 2867 absulv
691 2826 780 2873 re,
827 2813 953 2880 quid
996 2812 1045 2865 ei
1092 2825 1210 2865 sum
1264 2812 1509 2875 rationis,
1556 2811 1682 2881 quid
1737 2814 1935 2881 negotii

345 2905 691 2959 redditurus?
723 2903 829 2959 Sed
857 2906 902 2957 si
934 2920 1022 2972 per
1053 2904 1297 2957 Acacium
1325 2916 1537 2957 curatur
1565 2905 1732 2958 omnis
1762 2905 1935 2959 Eccle-

343 3000 444 3061 sia,
469 2996 665 3067 inquis,
688 3005 763 3049 est
795 2997 925 3050 tanti
970 2999 1119 3050 unius
1147 2998 1367 3051 hominis
1393 2998 1667 3063 absolutio,
1698 3009 1774 3053 est
1805 3002 1937 3053 tanti

342 3090 524 3155 quovis
550 3098 789 3158 tempore,
819 3098 864 3141 et
896 3094 1300 3159 quandocttnqae
1341 3090 1493 3144 unius
1523 3091 1744 3145 hominis
1787 3092 1936 3146 abso-

343 3182 493 3237 latio.
529 3182 633 3237 Sed
666 3199 799 3236 mea:
822 3184 1042 3237 interest
1065 3183 1429 3246 coltscieutim,
1461 3194 1514 3236 et
1542 3200 1675 3236 tneze
1706 3184 1933 3238 levitatis

2042 1990 2183 2058 quis.
2236 1990 2373 2056 Quid
2415 1993 2576 2059 igitur
2606 1992 2894 2047 faciemus?
2921 1993 2997 2048 Ne
3039 1997 3319 2050 veritatem
3353 2004 3637 2053 teneamus

2044 2083 2096 2135 in
2118 2082 2327 2149 paucis,
2365 2097 2610 2137 erremus
2646 2082 2699 2135 in
2730 2084 2949 2137 multis?
2980 2084 3143 2147 Absit,
3176 2086 3373 2153 inquts.
3401 2086 3643 2155 Respira.

2044 2189 2162 2228 mus
2207 2189 2338 2243 ergo
2386 2174 2471 2229 vel
2520 2190 2641 2228 cum
2692 2175 2936 2242 plurimis
2989 2174 3298 2240 falsitatem,
3347 2176 3640 2231 duzrmodo

2043 2271 2321 2318 teneamus
2361 2265 2443 2316 vel
2494 2266 2544 2317 itt
2600 2265 2939 2332 paucissimis
2981 2265 3282 2319 veritatem.
3314 2265 3500 2321 Nonne
3529 2278 3640 2321 toto

2044 2355 2247 2408 mundo
2277 2355 2563 2409 falsitatem
2612 2366 2856 2423 tenente,
2886 2357 2934 2410 in
2967 2358 3240 2425 Apostolis
3264 2360 3333 2411 ita
3357 2361 3638 2414 constabat

2042 2447 2281 2502 Ecclesia
2301 2488 2317 2515 ,
2360 2448 2500 2503 sicut
2531 2450 2817 2502 mandabat
2839 2458 2892 2501 ct
2922 2450 3161 2502 veritas?
3194 2465 3373 2505 nonne
3398 2460 3512 2505 toto
3544 2468 3637 2519 po.

2042 2539 2167 2607 pulo
2198 2538 2486 2592 deerrante
2542 2540 2594 2591 in
2633 2548 2838 2605 St‘plcm
2896 2540 3131 2591 millibus
3178 2540 3316 2607 apud
3367 2540 3636 2595 Israelitas

2040 2630 2236 2683 mansit
2280 2628 2559 2683 Ecclesia?
2594 2629 2659 2681 Et
2689 2630 2731 2681 si
2772 2638 2960 2682 cuncta
2990 2643 3300 2694 curramus,
3336 2630 3636 2684 invenimus

2043 2722 2327 2776 innumera
2365 2738 2377 2775 :
2426 2736 2606 2773 nonne
2645 2720 2900 2789 scriptum
2928 2730 3012 2774 est
3043 2730 3243 2773 arctam
3274 2732 3325 2773 et
3353 2732 3633 2791 angustant

2038 2830 2159 2869 esse
2189 2816 2328 2867 viam
2373 2830 2493 2881 qua:
2524 2812 2669 2867 ducit
2698 2811 2765 2865 ad
2799 2813 2993 2874 vitam;
3044 2812 3206 2866 latam
3238 2812 3635 2883 spatiosamqne

2037 2923 2158 2977 quae
2201 2906 2372 2961 tendit
2419 2905 2485 2959 ad
2533 2916 2759 2958 mortem
2809 2903 3021 2973 (Matth.
3054 2919 3160 2969 vu,
3196 2904 3289 2966 13,
3325 2904 3449 2971 l4)?
3496 2906 3634 2968 Quid

2036 2999 2173 3065 quod
2199 2998 2296 3061 illi,
2331 2997 2538 3064 inquies
2562 3039 2576 3061 ,
2627 2996 2805 3048 dicunt
2849 3010 2902 3048 se
2929 3004 3095 3048 tenere
3116 2995 3257 3059 quod
3304 2996 3487 3048 rectius
3525 2999 3636 3050 est?

2038 3092 2255 3147 Interim
2283 3089 2393 3158 jam
2441 3088 2630 3141 falsum
2661 3089 2764 3139 erit
2786 3126 2799 3147 ,
2829 3085 2971 3154 quod
3003 3102 3061 3140 se
3104 3083 3339 3140 fatentur
3369 3086 3418 3140 id
3452 3095 3633 3142 tenere

2037 3185 2178 3253 quod
2215 3198 2312 3237 nos
2333 3224 2347 3248 ,
2378 3182 2422 3235 si
2448 3183 2590 3233 enim
2625 3180 2819 3233 melius
2853 3186 3071 3242 tenent,
3098 3177 3241 3232 aliud
3276 3188 3493 3242 tenent;
3522 3178 3630 3247 jam

344 3274 695 3345 approbrium
719 3276 909 3346 agitur.
942 3275 1074 3329 Nam
1116 3276 1159 3331 si
1192 3290 1287 3344 per
1308 3277 1563 3331 Acatium
1592 3293 1718 3331 enra
1746 3294 1808 3331 ur
1837 3279 1934 3332 Ec.
1966 3262 2011 3324 Ο
2042 3290 2377 3345 consequens
2430 3281 2514 3330 est
2557 3282 2615 3326 ut
2663 3287 2723 3327 se
2765 3272 2995 3340 probent
3036 3271 3229 3326 melius
3260 3280 3443 3326 tenere
3472 3287 3632 3342 quam

344 3368 532 3431 clesia,
564 3367 665 3420 Itoc
696 3368 812 3436 ipso
844 3367 1087 3429 docetur,
1120 3368 1243 3437 quia
1274 3383 1394 3434 qua:
1427 3368 1598 3436 potuit
1649 3384 1745 3437 per
1797 3370 1937 3423 ftunc

343 3459 547 3520 curari,
576 3458 627 3511 id
670 3468 752 3511 est
804 3472 870 3513 eo
913 3468 1178 3523 correcta,
1217 3474 1311 3527 per
1342 3457 1483 3512 hunc
1507 3459 1669 3512 etiam
1704 3460 1828 3513 lesa
1860 3462 1937 3512 vi-

343 3551 558 3615 deatur,
601 3565 721 3603 cum
756 3549 989 3619 potuerit
1038 3550 1132 3603 illo
1181 3567 1287 3604 non
1333 3560 1589 3619 peccante
1636 3568 1742 3604 non
1793 3551 1932 3605 laedi.

345 3640 455 3693 Sed
476 3640 522 3693 si
546 3641 779 3705 istorum,
804 3640 998 3710 inquis,
1041 3641 1239 3706 pondus
1269 3642 1321 3694 in
1359 3642 1601 3695 Acacium
1632 3645 1931 3712 jactat'eris,

343 3734 470 3785 istos
497 3742 628 3786 recte
656 3732 906 3788 absolvis:
928 3750 1044 3785 cum
1076 3734 1195 3786 item
1227 3736 1443 3787 Aeacius
1474 3736 1631 3803 egerit
1658 3746 1713 3787 ut
1736 3747 1938 3789 curetur

342 3824 604 3887 Ecclesia,
643 3824 889 3876 Acacium
934 3826 1289 3877 convenienter
1326 3824 1575 3878 absolves.
1624 3826 1682 3880 Si
1733 3827 1786 3880 in
1835 3827 1937 3882 hoc

342 3929 465 3982 Spes
498 3926 603 3978 est,
642 3930 741 3969 cur
777 3930 899 3968 cum
940 3915 1299 3970 damnationis
1333 3916 1491 3985 pondt
1514 3933 1572 3971 re
1616 3933 1701 3970 me
1748 3934 1937 3987 urgere

340 4005 646 4076 cotnpellis,
674 4022 832 4076 quem
866 4022 1022 4076 posse
1049 4006 1134 4061 vel
1178 4008 1376 4062 debere
1424 4010 1638 4063 testeris
1683 4008 1935 4065 absolvi?

342 4098 477 4151 Esto
511 4098 564 4151 bi
593 4098 801 4152 absolvi
832 4100 1039 4168 possint
1063 4099 1242 4153 Acacii
1269 4100 1524 4167 pondere,
1556 4118 1641 4156 tne
1666 4117 1831 4171 quare
1858 4102 1937 4157 vis

340 4206 465 4246 eum
488 4206 738 4258 onerare,
768 4207 927 4262 quem
960 4192 1104 4246 nitor
1148 4192 1471 4246 absoluere?
1498 4194 1623 4264 quia
1652 4195 1821 4258 aliter,
1857 4195 1938 4248 in-

339 4284 487 4352 quis,
515 4283 629 4336 istis
662 4300 763 4336 non
807 4292 970 4352 potest
1009 4282 1263 4336 subveniri
1291 4299 1310 4336 :
1340 4292 1393 4337 at
1444 4299 1539 4353 per
1570 4284 1691 4342 ltoc.
1740 4296 1831 4339 aut
1875 4287 1937 4342 il-

340 4375 452 4430 Intn
497 4374 576 4430 vis
605 4376 804 4439 obrui,
835 4386 925 4428 aut
956 4388 1043 4429 me
1092 4374 1315 4442 exponi.
1367 4373 1473 4429 Sed
1517 4376 1803 4447 privilegia,
1856 4379 1939 4433 itt-

340 4468 485 4536 quis,
530 4479 696 4522 vestra
742 4468 839 4521 hac
888 4467 1227 4522 obstinatione
1273 4468 1522 4521 minuitis.
1581 4468 1744 4538 Igitur
1787 4470 1812 4509 δ
1869 4488 1937 4528 ne

339 4561 520 4615 minus
546 4560 684 4629 juris
730 4559 1053 4625 habeamus,
1095 4558 1395 4614 efficiamur
1442 4560 1721 4627 Ita-retiei,
1772 4573 1823 4617 et
1867 4579 1934 4619 ne

339 4654 651 4707 amittamus
675 4652 1056 4708 ecclesiastica:
1087 4652 1361 4723 privilegia
1392 4653 1691 4721 potestatis,
1720 4656 1936 4710 amitta-

340 4763 461 4801 mus
491 4746 657 4815 ipsam
694 4745 1006 4815 religionem
1036 4762 1051 4800 :
1106 4761 1173 4801 ne
1206 4745 1381 4799 tninor
1424 4747 1494 4799 sit
1528 4746 1760 4817 dignitas
1798 4763 1932 4817 apo-

339 4840 546 4893 stolica:
576 4839 719 4893 sedis
751 4839 802 4892 in
833 4838 1053 4909 paucis,
1098 4847 1244 4893 erret
1299 4838 1351 4892 itt
1400 4838 1601 4893 multis.
1653 4839 1843 4895 Nescio
1889 4842 1933 4896 si

338 4935 463 5001 quis
482 4933 625 4986 dicat
654 4932 939 4986 falsitatem
961 4931 1291 5001 sequendam
1322 4932 1499 5003 potius
1519 4947 1639 4987 esse
1665 4948 1788 4988 cum
1817 4935 1932 5003 plu-

416 5060 439 5084 "
468 5048 669 5118 Supplc
698 5047 1056 5101 absolutionis.
1079 5046 1348 5110 Optimam
1384 5063 1511 5101 vero
1542 5047 1737 5102 Felicis
1774 5063 1927 5101 men-

344 5131 475 5185 tem,
513 5136 685 5189 neque
725 5119 851 5171 odio
878 5118 931 5171 in
976 5118 1228 5171 Acacium
1269 5118 1399 5182 ullo,
1433 5134 1605 5186 neque
1643 5118 1929 5173 affectione

352 5197 445 5244 alia
474 5188 752 5257 impulsam
786 5189 918 5241 satis
952 5188 1322 5252 Ρρτδιιίοἰιιιιιε,
1366 5203 1487 5240 cum
1524 5189 1678 5241 instet
1734 5189 1842 5253 ltie,
1875 5201 1928 5243 at

347 5265 486 5329 prius
508 5263 571 5312 de
593 5260 909 5313 absolutione
940 5270 1122 5329 agatur
1149 5260 1338 5311 Acacii.
1372 5260 1513 5311 Sate.
1541 5259 1837 5329 MAFl-‘tiltJS.

417 5331 443 5369 δ
474 5330 713 5384 Indicant
734 5330 895 5383 verba
921 5328 1034 5382 tunc
1058 5330 1104 5381 id
1137 5333 1296 5383 etiam
1325 5330 1540 5381 allatum
1582 5331 1650 5382 ab
1678 5328 1927 5383 Orienta-

346 5403 505 5469 lilms,
541 5412 598 5455 ut
628 5402 933 5468 pontificem
965 5409 1353 5469 expugnarent,
1399 5414 1592 5467 nempe
1635 5416 1744 5453 rem
1772 5415 1923 5455 suam

344 5476 461 5537 agi;
499 5474 689 5524 Acaeio
716 5474 857 5524 enim
898 5486 1018 5524 cum
1062 5470 1378 5538 sequacibus
1422 5470 1489 5521 ab
1538 5470 1653 5537 ejt’ts
1684 5485 1927 5525 commu-

346 5549 510 5600 nione
538 5544 798 5605 abscisso,
828 5541 1257 5609 jurisdictionem
1282 5557 1429 5592 suam
1460 5540 1609 5594 \‘ultle
1646 5542 1840 5603 minui,
1874 5552 1929 5596 et

348 5616 401 5669 in
425 5618 684 5669 arctiores
708 5612 907 5666 limites
934 5613 1119 5681 redigi.
1154 5611 1227 5665 Et:
1252 5627 1358 5679 quo
1388 5611 1598 5664 v:detttr
1621 5613 1929 5667 confirmari

346 5701 414 5741 eo
439 5686 549 5755 jatn
582 5699 697 5737 aevo
726 5699 831 5753 quo
860 5684 1222 5755 incorruptum
1249 5682 1519 5755 Ecclesia:
1553 5686 1810 5755 tegimen
1834 5683 1931 5734 do—

348 5753 549 5810 ctiores
578 5757 740 5809 etiam
773 5770 836 5806 ex
868 5753 1211 5807 ltetet'odoxis
1243 5753 1496 5815 fatentur,
1534 5769 1638 5805 nott
1668 5753 1930 5821 dignitate

352 5839 583 5888 tantum,
614 5825 706 5878 sed
745 5824 864 5893 jure
892 5839 953 5877 ac
993 5840 1023 5889 ι)
1049 5833 1253 5876 testate
1286 5823 1583 5875 llomanutn
1614 5824 1927 5889 episcopum

353 5898 469 5952 orbi
511 5897 810 5951 CLristianr)
839 5894 1132 5965 praefuisse.
1168 5893 1310 5950 Idem
1344 5904 1488 5950 certe
1520 5893 1667 5950 Felix
1701 5894 1766 5951 de
1798 5894 1927 5950 sede

2044 3385 2164 3424 nos.
2194 3370 2249 3424 Si
2282 3369 2471 3421 melius
2500 3374 2685 3421 tenent
2711 3406 2726 3428 ,
2767 3364 3072 3419 abstineant
3092 3378 3151 3419 se
3176 3382 3204 3417 a
3240 3380 3345 3431 me,
3375 3366 3465 3434 qtti
3496 3366 3635 3421 male

2040 3471 2199 3516 teneo
2234 3479 2246 3513 :
2289 3458 2487 3527 corrigi
2530 3458 2597 3510 ad
2630 3457 2786 3509 fidem
2812 3496 2828 3520 ,
2871 3463 2927 3509 et
2952 3455 3106 3523 sequi
3137 3455 3277 3521 quod
3330 3456 3520 3509 melius
3550 3466 3633 3509 est

2039 3559 2312 3607 voluntate
2332 3552 2492 3605 debet
2514 3549 2719 3611 venire,
2750 3562 2857 3601 non
2884 3549 2956 3600 vi.
2992 3547 3102 3614 Ego
3132 3546 3207 3600 illi
3239 3546 3496 3601 molestus
3526 3566 3630 3602 non

2040 3662 2179 3707 smn,
2212 3644 2303 3697 ille
2334 3642 2464 3697 mitti
2493 3655 2661 3712 quare
2692 3640 2955 3693 molestus
2985 3637 3108 3692 est?
3143 3638 3255 3705 Ego
3287 3648 3344 3692 ut
3373 3654 3459 3693 tne
3502 3654 3624 3692 cor-

2039 3738 2179 3804 rigat
2200 3752 2301 3789 non
2338 3747 2495 3804 peto;
2531 3748 2638 3787 non
2669 3729 2871 3799 petenti
2898 3730 3023 3799 quid
3052 3724 3268 3799 ingerit,
3300 3730 3427 3799 quid
3468 3745 3527 3784 se
3551 3730 3625 3782 iu-

2042 3830 2141 3883 fert
2175 3828 2380 3881 invito?
2411 3826 2467 3883 Si
2502 3825 2700 3880 nullam
2732 3839 2907 3878 tneam
2940 3834 3091 3891 putat
3121 3837 3243 3877 esse
3270 3824 3623 3879 sententiam.

2040 3927 2351 3977 contemnat
2398 3918 2574 3983 illam;
2612 3916 2739 3987 quid
2770 3924 3048 3985 tantopere
3080 3915 3255 3984 poscit
3305 3916 3549 3971 absolvi?
3576 3919 3623 3971 S.

2041 4012 2211 4082 poscit
2250 4010 2453 4065 absolvi
2497 4020 2552 4065 et
2580 4024 2701 4064 esse
2734 4008 2961 4077 alicujus
3002 4010 3185 4078 utique
3228 4013 3481 4064 momenti
3516 4028 3620 4065 non

2038 4107 2247 4160 dubitat
2274 4147 2288 4168 ,
2316 4114 2370 4159 et
2390 4104 2550 4167 iusta:
2576 4102 2933 4156 damnation's
2960 4116 3081 4155 e~se
3102 4102 3403 4162 confirmat,
3432 4118 3534 4170 qua
3564 4119 3622 4157 se

2041 4199 2209 4254 teneri
2248 4212 2352 4251 non
2380 4195 2611 4250 declinat
2630 4192 2970 4248 obstrictum.
3014 4191 3197 4260 Itaque
3222 4192 3449 4245 fateatur
3478 4208 3630 4245 erro-

2039 4305 2154 4346 rem
2199 4289 2285 4343 cui
2333 4298 2415 4343 est
2459 4286 2601 4341 illata
2650 4284 2948 4348 sententia;
2980 4282 3214 4354 deponat
3260 4298 3525 4347 errorem,
3576 4294 3631 4338 et

2038 4398 2205 4437 vacua
2236 4379 2505 4437 sententia
2537 4389 2638 4435 est.
2669 4378 2727 4434 Si
2756 4377 2949 4444 iujusta
2980 4386 3094 4442 est,
3122 4384 3269 4431 tanto
3298 4390 3415 4431 eam
3441 4392 3632 4433 curate

2039 4489 2145 4529 non
2189 4473 2372 4537 debet,
2397 4479 2597 4541 quanto
2626 4471 2765 4539 apud
2795 4469 2962 4523 Deum
2990 4476 3044 4521 et
3073 4467 3367 4521 Ecclesiam
3393 4466 3510 4536 ejus
3537 4484 3630 4522 ne-

2040 4568 2238 4622 minem
2269 4574 2447 4634 potest
2468 4564 2884 4634 iniqnagravarc
2906 4559 3193 4614 sententia.
3225 4558 3299 4613 Ita
3326 4573 3456 4628 ergo
3487 4576 3547 4614 ea
3572 4576 3631 4616 se

2038 4658 2243 4714 absolvi
2286 4672 2393 4712 non
2441 4656 2710 4711 desideret
2742 4696 2757 4721 ,
2788 4668 2893 4723 qua
2926 4668 2984 4708 se
3027 4652 3334 4707 nullatenus
3371 4654 3632 4723 perspicit

2037 4750 2366 4818 obligatum;
2398 4747 2443 4802 si
2477 4762 2606 4801 vero
2634 4760 2697 4800 ea
2724 4760 2782 4799 se
2804 4744 3006 4814 judicat
3035 4744 3352 4814 obligatum,
3382 4754 3437 4800 et
3458 4745 3629 4813 post-it

2036 4844 2261 4907 absolvi,
2313 4842 2498 4908 utique
2542 4856 2647 4893 non
2690 4837 2981 4907 praetendit
3036 4838 3308 4905 injustam,
3352 4852 3472 4907 quae
3507 4854 3630 4892 cum

2038 4936 2214 5005 potuit
2234 4933 2507 5003 obligare,
2540 4940 2701 5000 atque
2733 4929 2799 4983 ab
2822 4928 3011 4984 eadem
3042 4928 3216 5000 poscit
3242 4928 3477 4994 absolvi,
3508 4927 3629 4998 quia

2032 5047 2349 5115 apostolica,
2382 5047 2448 5100 ad
2489 5059 2647 5113 quam
2681 5042 2881 5115 Flavila
2915 5044 3120 5115 legatos
3151 5042 3393 5103 miserat,
3443 5040 3629 5115 italo-

2031 5112 2318 5189 qitebatur,
2351 5133 2442 5187 per
2491 5112 2644 5189 quam
2674 5114 2920 5189 largiente
2949 5114 3153 5189 Christo
3179 5112 3629 5189 onmiuntsolida-

2032 5184 2115 5246 far
2162 5184 2387 5254 dignitas
2435 5184 2780 5240 sacerdotum.
2826 5184 3070 5240 Ostendit
3136 5194 3318 5238 autem
3380 5184 3446 5254 AS.
3496 5198 3630 5249 pun-

2035 5263 2163 5316 tifex
2200 5252 2397 5329 (Epist.
2426 5258 2669 5329 I5)Abafc
2698 5256 2995 5329 privilegia
3027 5264 3249 5329 eatenus
3289 5252 3625 5329 sibi_propu-

2030 5322 2286 5401 gnand‘a,
2308 5322 3000 5401 quoad'Cltristianteutidei
3033 5325 3299 5401 conducat
3322 5340 3352 5401 _:
3400 5322 3627 5376 interest

2030 5394 2295 5472 siquidem
2325 5394 2633 5472 christiana;
2657 5398 2962 5472 reipublica:
2986 5406 3046 5450 ut
3071 5406 3228 5472 caput
3252 5394 3465 5453 habeat,
3497 5406 3617 5472 eum

2040 5462 2392 5543 ecclesiastici
2427 5468 2705 5538 regitninis
2741 5462 2931 5543 potior
2984 5482 3106 5543 pars
3144 5467 3198 5543 in
3239 5478 3398 5517 unum
3430 5462 3627 5543 collata

2034 5546 2126 5608 sit,
2176 5554 2232 5599 ut
2257 5542 2426 5609 capite
2458 5537 2733 5594 constituto
2775 5538 3068 5609 scltismatis
3106 5537 3373 5609 tolleretur
3403 5537 3623 5595 occasio,

2034 5603 2177 5681 quod
2235 5615 2295 5668 Ι).
2322 5603 2703 5681 Ἰιξει-οιιγιιιιιε
2735 5610 2922 5681 docuit
2962 5606 3119 5681 (ddo.
3151 5603 3267 5681 Iov.
3296 5604 3386 5681 lib.
3422 5618 3459 5681 t,
3507 5620 3623 5681 ct_p.

2036 5674 2150 5748 ll).
2180 5686 2293 5741 Sub
2331 5685 2491 5738 finem
2518 5674 2759 5752 epistola:
2789 5694 2882 5752 pro
2910 5678 2975 5730 iis
3002 5678 3173 5752 itaque
3198 5676 3261 5752 de
3288 5674 3621 5752 absolvenda,

2033 5747 2179 5823 ete.,
2232 5754 2516 5822 legendum
2552 5747 2783 5823 'opinor,
2840 5747 3025 5823 Itaque
3071 5747 3430 5802 absolvendum
3471 5748 3625 5815 justa

2039 5819 2396 5898 obligatior—tein
2425 5823 2703 5879 sententitc.
2731 5820 2874 5875 Satn.
2906 5819 3203 5874 Μλιέιειυε.
