4046 6188
466 410 576 473 967

1792 395 2055 454 FELICIS
2094 395 2298 454 ΡΑΡΑΞ
2339 396 2403 453 III

3629 400 3736 461 903

470 544 577 584 non
607 522 777 595 potuit
804 520 1045 592 obligare
1089 518 1189 573 nisi
1229 516 1391 586 justa.
1436 513 1586 570 Iusta
1631 523 1809 567 autem
1863 512 1910 565 si
1952 519 2057 574 est,
2092 516 2141 573 Α
2169 510 2361 580 vilegia
2394 509 2639 579 posuisti,
2667 517 2726 564 ut
2745 524 2807 566 ea
2841 518 3101 580 perpetua
3134 508 3377 577 recipere
3414 512 3663 566 merearis
3687 520 3739 568 in

471 618 684 674 nonnisi
715 616 966 670 damnato
992 624 1179 667 errore
1211 609 1355 680 justa
1375 604 1738 677 cognoscitur.
1769 604 1959 673 Itaque
1986 602 2052 656 ad

470 707 779 763 solvendam
824 704 986 775 justa:
1029 702 1411 772 obligatiouem
1461 697 1767 760 sententia),
1811 708 2054 749 errorem

472 800 748 853 fateatur:
793 805 956 867 ponat
1000 810 1263 857 errorem,
1315 805 1421 862 quo
1469 804 1592 845 eum
1647 787 1865 858 ligatum
1909 794 2058 841 tenet

471 892 609 962 iusta
652 889 917 946 sententia
953 905 966 941 :
1016 903 1083 943 eo
1118 886 1328 942 sublato
1377 882 1720 955 obligationis
1758 894 1921 937 causa
1968 894 2055 935 re-

472 984 719 1040 solvitur.

744 1102 770 1132 ⁸
810 1091 1115 1149 EIUSDEM
1157 1090 1414 1147 FELICIS
1453 1088 1783 1148 EPISTOLA

599 1224 684 1264 (lil
723 1223 952 1263 TITULUS
991 1221 1041 1260 IN
1083 1221 1256 1259 EODEI
1297 1219 1487 1258 CODICE
1525 1219 1797 1261 Ριιλῖιιίχυς
1837 1217 1937 1259 EST

1106 1290 1392 1330 ιιωυεκουι
1419 1293 1432 1328 ζ

479 1394 886 1471 Ερὶειηζαραρω
906 1390 1098 1471 Gelasii
1122 1392 1192 1471 ad
1218 1390 1532 1471 Succonium
1551 1390 1850 1471 episcopum
1876 1388 2059 1471 Afrum

546 1467 684 1533 apud
706 1461 1204 1533 Constantinopolim
1231 1461 1588 1533 constitutum,
1625 1462 1711 1526 qui
1751 1461 2063 1533 persecutio-

546 1530 663 1587 nem
694 1536 1003 1586 Arianorum
1028 1536 1092 1584 de
1117 1532 1291 1600 Africa
1316 1532 1515 1601 fugiens
1537 1530 2060 1601 Constantinopolim,

546 1605 831 1670 improvide
857 1603 1300 1665 communicando,
1318 1599 1388 1654 in
1407 1599 1881 1669 prwuaticationem’
1906 1599 2063 1654 Chal-

551 1676 848 1729 cedonensis
876 1675 1058 1744 synodi
1085 1674 1318 1742 arguitur
1342 1673 1592 1726 corruisse
1616 1686 1636 1726 .'
1668 1682 1723 1725 ut
1748 1672 1992 1741 corrigat.

548 1812 684 1866 Cum
732 1818 837 1865 tua:
886 1808 1186 1864 dilectionis
1213 1808 1266 1862 in
1298 1806 1513 1862 Christo
1555 1804 1913 1861 constantiam
1959 1802 2068 1858 fcr-

2159 600 2413 656 Christo?
2438 600 2576 666 Quid
2605 601 2768 670 igitur
2798 614 2945 655 nunc
2996 600 3247 669 agimus?
3274 601 3591 659 decolorain
3633 605 3739 673 glo-

2160 695 2317 757 riam,
2357 690 2568 746 violasti
2614 689 3032 757 confessionem,
3087 691 3414 760 intercepisti
3452 693 3740 757 victoriam,

2161 794 2471 855 quantoque
2506 783 2646 853 apud
2690 783 3041 852 apostolicam
3070 786 3255 839 sedem
3279 784 3351 839 de
3397 793 3490 840 tuo
3530 788 3740 842 nomine

2163 875 2355 930 fiducia
2374 914 2390 939 ,
2422 875 2705 945 gratiaque
2738 874 3036 938 crescebat,
3063 884 3213 929 tanto
3242 890 3382 930 nunc
3410 877 3616 931 accedit
3645 880 3741 931 mi-

2161 966 2395 1022 seranda
2426 966 2692 1020 confusio.
2728 964 2879 1020 Itane
2908 980 3014 1021 non
3047 980 3322 1034 senseras,
3350 967 3493 1037 quod
3542 968 3743 1025 duobus

2166 1058 2424 1113 cornibus
2475 1056 2822 1126 prmludendo
2872 1072 2979 1112 uno
3006 1056 3307 1128 eodemque
3362 1070 3604 1128 tempore
3643 1076 3743 1116 non

2164 1150 2341 1206 minus
2370 1151 2423 1206 in
2448 1150 2668 1205 Oriente
2695 1165 2853 1221 quam
2886 1150 2938 1205 in
2962 1150 3144 1206 Africa
3166 1151 3350 1206 Iesum
3383 1155 3590 1211 solvere
3620 1157 3748 1210 nite-

2163 1252 2353 1300 rentur
2377 1242 2776 1299 Anticbristus?
2824 1257 2946 1297 cum
2975 1251 3031 1298 et
3070 1244 3145 1299 illi
3171 1244 3249 1300 sic
3276 1245 3440 1300 Deum
3465 1246 3745 1312 fateantur,

2165 1343 2225 1389 ut
2252 1334 2400 1390 Deus
2444 1349 2550 1389 non
2589 1335 2678 1402 sit,
2711 1343 2767 1388 et
2807 1335 2895 1388 isti
2940 1334 3018 1389 sic
3047 1335 3318 1390 hominem
3352 1336 3667 1406 prmdicent,
3696 1348 3751 1393 ut

2173 1427 2445 1484 hominem
2478 1441 2706 1483 vacuare
2736 1428 3086 1485 contendant.
3121 1428 3262 1484 Inter
3286 1446 3405 1499 qua:
3430 1430 3637 1485 funesta
3668 1449 3751 1499 pe-

2167 1517 2337 1573 ricula
2360 1516 2488 1588 quid
2515 1517 2736 1588 prodest
2756 1520 2999 1573 evasisse
3031 1519 3388 1589 praecipitium
3409 1522 3453 1575 si
3476 1523 3753 1579 recedatur

2167 1611 2220 1666 in
2278 1610 2585 1665 baratrum?
2612 1612 2753 1666 Ante
2798 1611 2987 1665 oeulos
3040 1628 3147 1665 non
3180 1613 3411 1681 redibat,
3458 1616 3604 1685 quod
3649 1634 3748 1672 non

2168 1702 2342 1757 solum
2368 1702 2458 1772 qui
2502 1717 2563 1757 ea
2593 1702 2817 1767 faciunt.
2870 1703 2964 1757 sed
2990 1705 3151 1759 etiam
3179 1708 3270 1774 qui
3311 1712 3661 1763 consentiunt
3685 1712 3753 1763 fa-

2168 1797 2453 1858 cientibus,
2488 1795 2649 1850 simili
2679 1796 3026 1852 damnatione
3057 1801 3385 1854 censentur?
3434 1801 3526 1855 Vae
3560 1804 3605 1857 si
3635 1819 3753 1857 eru-

479 1911 803 1969 ventemque
856 1900 1157 1954 doctrinam
1208 1897 1557 1952 celeberrima
1602 1897 1910 1965 loqueretur
1944 1893 2065 1964 cpi-
2096 1881 2143 1942 Β
2171 1887 2429 1942 ditionem
2459 1896 2602 1941 tuam
2636 1896 2841 1942 tantum
2888 1889 3043 1943 latuit
3073 1890 3278 1945 scelus!
3314 1907 3397 1946 vas
3438 1894 3673 1961 amplius
3716 1897 3753 1951 si

480 1996 593 2058 nio,
624 1992 731 2048 dici
760 2008 866 2047 non
899 2001 1078 2063 potest
1102 1992 1317 2061 quantis
1345 1990 1561 2059 gaudiis
1590 1989 1988 2043 exsultavimus
2011 1990 2065 2043 in

484 2086 733 2153 Domino,
766 2085 907 2153 quod
961 2096 1055 2136 vas
1084 2082 1356 2151 egregium
1390 2082 1511 2135 belli
1568 2090 1809 2149 tempore
1836 2081 2068 2135 maxime

483 2179 818 2246 profuturum
866 2173 1047 2229 divina
1078 2174 1245 2243 gratia
1286 2183 1674 2241 pra-parasset;
1727 2181 1884 2241 teque
1929 2172 2067 2226 votis

482 2268 733 2323 omnibus
753 2267 1073 2333 ambientes,
1102 2274 1156 2321 et
1205 2266 1355 2336 quasi
1399 2264 1645 2319 cominus
1694 2265 2064 2331 constitutum,

481 2372 596 2416 toto
616 2359 795 2415 cordis
821 2360 1016 2415 affectu
1045 2361 1433 2413 comitabamur
1459 2359 1762 2414 absentem.
1801 2357 1907 2415 Sed
1932 2358 2067 2414 tristi

483 2452 663 2508 subito
692 2468 908 2508 rumore
939 2454 1207 2523 percussi,
1238 2463 1582 2509 consternata
1634 2452 1861 2509 fatemur
1888 2463 2069 2509 mente

482 2543 847 2611 concidimus;
894 2544 1260 2615 luesimusque
1315 2546 1405 2599 diu
1447 2555 1623 2601 utrum
1676 2546 1744 2600 ad
1791 2549 2069 2601 caritatem
2098 2590 2113 2604 .

490 2646 634 2691 tuam
665 2652 828 2709 super
856 2635 939 2692 bis
965 2639 1172 2692 litteras
1198 2637 1535 2692 mitteremus
1567 2679 1584 2704 ,
1618 2653 1741 2692 nam
1772 2636 1917 2708 loqui
1949 2653 2072 2706 pro-

484 2727 705 2782 hibebat
745 2727 919 2793 dolor,
971 2738 1149 2782 tacere
1174 2726 1371 2781 Christi
1423 2727 1636 2782 all’ectio
1687 2743 1791 2783 non
1836 2727 2067 2784 sinebat.

486 2819 632 2874 Inter
660 2820 760 2874 ista
789 2818 1112 2875 ﬂuctuantes
1141 2819 1273 2874 vicit
1318 2820 1496 2875 divina
1539 2820 1785 2891 scientia,
1828 2836 1930 2891 qua
1960 2829 2073 2876 toto

485 2910 887 2979 Scripturarum
933 2924 1160 2979 corpore
1211 2911 1569 2979 perdocemur
1598 2912 1771 2982 aliqua
1823 2912 2073 2967 tentatio-

488 3019 615 3057 num
652 3002 1002 3072 subreptione
1026 3002 1102 3056 sic
1132 3013 1434 3070 prmveutos
1476 3004 1699 3058 caritate
1740 3004 1903 3059 libera
1951 3020 2076 3075 per-

487 3107 731 3148 monere.
771 3092 1184 3146 Communicare
1238 3095 1381 3148 enim
1427 3094 1768 3151 dilectionem
1824 3106 1966 3150 tuam
2020 3098 2072 3152 in

494 3184 737 3255 partibus
770 3182 1006 3239 Orientis
1049 3184 1343 3239 adversarii
1381 3187 1622 3243 veritatis
1671 3191 1900 3257 primum
1932 3192 2071 3246 fama

2171 1995 2276 2035 non
2308 1979 2529 2045 latebat,
2558 1990 2613 2035 et
2639 1989 2846 2050 gestum
2875 1984 2995 2035 est!
3029 1980 3159 2036 Nam
3193 1983 3238 2038 si
3285 1983 3416 2038 nihil
3465 1986 3635 2052 aliud,
3664 1989 3757 2041 hoc

2168 2087 2334 2126 unum
2366 2072 2640 2128 dilectioni
2669 2082 2774 2127 tute
2791 2075 2961 2144 potuit
2994 2076 3060 2128 ad
3084 2075 3200 2132 lucc
3227 2078 3580 2145 prtecavenda
3611 2082 3756 2134 sufﬂ-

2169 2176 2313 2229 cere,
2357 2178 2425 2218 ne
2479 2172 2532 2219 te
2585 2164 2797 2218 illorum
2827 2167 3192 2220 communioni
3232 2168 3509 2236 misceres,
3571 2172 3757 2241 quibus

2170 2254 2605 2310 communionem
2633 2270 2786 2310 suam
2839 2256 3054 2311 beatum
3086 2257 3301 2313 Petrum
3333 2275 3567 2315 noveras
3606 2264 3760 2317 dene-

2169 2358 2349 2415 gasse.
2376 2344 2482 2399 Sed
2507 2360 2628 2399 cum
2661 2354 2715 2401 te
2745 2345 3041 2415 Scripturis
3082 2347 3365 2413 refertum,
3411 2360 3467 2405 et
3493 2352 3754 2408 catholica

2171 2436 2504 2493 institutione
2539 2438 2831 2508 pollentem
2856 2440 3202 2507 respicimus,
3238 2450 3389 2497 tanto
3436 2446 3761 2498 consolatio-

2172 2545 2258 2584 ns
2306 2531 2510 2586 exitum
2553 2546 2658 2584 non
2718 2530 2998 2600 habemus,
3030 2541 3232 2601 quanto
3285 2542 3339 2589 te
3385 2537 3681 2604 perpendit:
3701 2551 3760 2592 us

2173 2621 2437 2676 scientem
2493 2622 2691 2688 petisse
2733 2622 2933 2677 ftedera
2990 2622 3346 2691 perditorum.
3408 2624 3535 2691 Quis
3593 2625 3760 2697 itaque

2173 2713 2315 2768 dabit
2351 2714 2510 2783 capiti
2550 2727 2723 2768 nostro
2753 2729 2961 2783 aquam,
2990 2723 3041 2768 et
3069 2716 3228 2769 oculis
3257 2717 3446 2770 nostris
3474 2718 3668 2784 fontem
3690 2720 3760 2771 la-

2175 2822 2469 2877 crymarum
2491 2804 2706 2870 (Jerem.
2734 2821 2810 2873 Ix,
2833 2806 2920 2876 l)?
2943 2821 3083 2863 nunc
3099 2823 3226 2864 vere
3245 2808 3314 2864 de
3336 2812 3509 2880 patria
3538 2826 3761 2868 conver-

2173 2901 2381 2955 satione
2404 2900 2700 2956 discessum
2725 2912 2829 2967 est,
2862 2915 3008 2958 nunc
3032 2917 3216 2957 verum
3234 2904 3465 2960 sentitur
3484 2907 3759 2974 exsilium;

2175 3006 2301 3046 nam
2334 2991 2463 3045 illud
2492 2991 2679 3046 salutis
2710 3007 2872 3048 causa
2898 3002 3003 3061 est,
3039 2994 3140 3050 hoc
3163 2996 3353 3050 ruinae.
3388 2995 3498 3050 Nec
3527 3013 3632 3052 nos
3653 3001 3761 3053 ina-

2178 3085 2322 3138 niter
2349 3084 2400 3138 in
2430 3095 2481 3140 te
2507 3100 2613 3139 uno
2640 3086 2849 3156 perpeti
2880 3095 3073 3142 cuncta
3093 3087 3387 3157 iactamus;
3421 3105 3545 3144 cum
3574 3106 3760 3145 εεριιηο

2176 3174 2302 3228 dum
2351 3174 2699 3244 Apostolum,
2756 3187 2813 3231 et
2876 3178 2927 3231 in
2980 3177 3268 3248 cujuslibet
3316 3182 3544 3236 membri
3605 3183 3760 3252 gloria

488 3276 713 3337 detulit;
746 3275 938 3331 deinde
984 3275 1335 3345 plurimorum
1391 3278 1583 3333 relatio
1622 3256 1729 3335 non
1769 3285 2068 3353 spernenda

2174 3274 2364 3320 Cuncta
2388 3267 2626 3323 membra
2650 3268 3045 3339 congaudeant,
3079 3278 3135 3325 et
3178 3270 3231 3325 in
3263 3287 3592 3342 quacunque
3623 3284 3763 3344 parte

491 3365 777 3436 patefecit:
807 3365 948 3436 quod
979 3381 1045 3421 ne
1076 3376 1279 3422 temere
1304 3368 1601 3426 credidisse
1646 3386 1744 3426 nos
1783 3389 1995 3445 arguas,
2026 3378 2071 3433 si

491 3457 686 3513 falsum
711 3466 815 3522 est,
839 3458 981 3527 quod
1003 3466 1274 3530 Optamus,
1304 3460 1369 3514 da
1401 3463 1609 3517 veniam
1643 3467 1708 3520 de
1750 3475 1800 3519 te
1829 3469 2072 3525 sollicitas

493 3550 710 3620 pietati;
743 3550 787 3605 si
814 3564 999 3605 verum
1028 3559 1135 3618 est,
1181 3552 1363 3622 accipe
1391 3554 1623 3610 salubria
1652 3574 1835 3626 quzcso
1866 3562 2068 3630 patien-

491 3651 575 3697 ter
604 3644 902 3697 amicorum
935 3643 1154 3709 vulnera
1205 3646 1585 3717 castigantum,
1633 3652 1722 3719 qui
1774 3654 2071 3720 perniciosa

489 3735 678 3789 subisti
708 3735 999 3791 amicorum
1041 3735 1173 3808 [lege
1201 3738 1547 3812 inimicorum]
1578 3744 1760 3798 oscula
1806 3746 2073 3804 blandien-

490 3834 627 3880 tutn.
652 3825 799 3880 Itane
829 3836 906 3894 tu,
930 3828 1298 3884 amantissime
1326 3837 1381 3884 et
1408 3829 1788 3900 dilectissime,
1820 3836 2073 3895 adversa-

492 3918 572 3970 ria
619 3916 897 3970 catholica:
943 3917 1144 3987 regula:
1189 3922 1462 3975 consortia
1511 3924 1786 3995 suscipere
1829 3931 2070 3999 potuisti,

492 4016 807 4077 tantumque
851 4007 1001 4062 nefas
1047 4009 1098 4063 in
1149 4018 1202 4064 te
1250 4011 1455 4068 invenit
1494 4016 1765 4087 effectum,
1807 4023 1948 4091 quod
1989 4026 2071 4081 vel

490 4099 901 4169 cogitationibus
932 4100 1037 4156 tuis
1071 4101 1336 4173 obrepere
1384 4109 1619 4175 potuisse
1666 4127 1774 4166 non
1800 4115 2072 4172 creditur?

492 4194 640 4247 Itane
670 4200 726 4246 tu
754 4192 1002 4261 delegisti
1047 4198 1328 4264 prmsentis
1364 4202 1622 4269 temporis
1653 4201 1793 4258 ferre
1822 4206 2072 4274 jucundi-

492 4290 677 4353 tatem,
711 4287 880 4356 magis
922 4301 1080 4356 quam
1131 4288 1293 4358 afﬂigi
1341 4305 1462 4345 cum
1515 4296 1711 4362 populo
1734 4296 2074 4372 DeillStupet

491 4381 724 4445 animus,
756 4395 908 4435 mens
938 4380 1175 4435 sauciata
1217 4383 1534 4448 succumbit,
1583 4392 1861 4446 maerentia
1908 4397 2071 4453 corda

491 4470 782 4535 deficiunt,
812 4486 912 4526 nec
940 4480 1115 4526 tamen
1149 4470 1321 4527 dolori
1354 4482 1500 4528 tanto
1526 4491 1619 4546 par
1648 4478 1959 4539 lamentatio
1987 4502 2073 4543 re-

491 4560 716 4630 peritur.
741 4560 929 4617 Nonne
958 4570 1014 4617 tu
1037 4562 1128 4617 ille
1156 4577 1213 4618 es
1240 4564 1350 4633 qui,
1380 4569 1572 4634 spretis
1599 4583 1783 4641 regum
1813 4575 1993 4644 minis,
2017 4589 2071 4633 et

491 4652 829 4709 saevientium
879 4654 1229 4710 barbarorum
1263 4654 1447 4712 feralia
1498 4660 1616 4728 jura
1648 4664 1972 4736 despiciens,
2000 4672 2072 4726 si-

491 4749 601 4805 mul
633 4747 883 4818 patriam,
907 4747 1207 4818 facultates,
1254 4760 1309 4806 et
1339 4750 1558 4809 honoris
1584 4758 1936 4819 sacerdotalis
1961 4769 2071 4837 pri.

565 4892 593 4920 ιι
622 4882 682 4965 in
710 4880 953 4965 catalogo
984 4882 1370 4965 episcoporum.
1396 4888 1838 4965 qui_Cartbagine
1866 4918 2067 4965 conve-

492 4963 693 5035 rterunt
713 4968 776 5034 ex
803 4951 1142 5035 edictoregis
1172 4951 1443 5035 liunerici,
1472 4951 2068 5035 sacconiu'sﬂlizalen's‘is

493 5026 632 5105 inter
660 5022 1144 5105 P'i'!‘°s.'°°i‘?‘“'
1164 5039 1238 5105 ει.
1262 5027 1533 5092 υτονίιιοίει
1573 5022 2067 5105 ρτοεοηςῖιῑεῖέῖῗέἱὶ

493 5094 645 5175 illum
693 5092 979 5175 epistolam
1022 5094 1161 5175 hanc
1205 5096 1385 5175 datam
1427 5114 1547 5155 esse
1573 5092 1728 5173 puto,
1757 5092 1962 5171 erit-faui

493 5164 683 5244 eodem
703 5162 912 5244 codice,
937 5166 1075 5220 sicut
1101 5162 1615 5244 etsubsequentetn.
1665 5162 1747 5233 An
1766 5162 2068 5244 'v'ér‘é'lstéi

829 5207 1067 5320 «ea-
1086 5207 1466 5320 noneos...
1487 5207 1905 5320 missura?
1929 5207 2062 5316 illi;

492 5306 676 5393 cuius,
700 5306 805 5393 alii
832 5304 1092 5393 judicent.
1104 5305 1208 5393 his
1215 5308 1621 5393 f§IAfricauis
1648 5304 1914 5393 episcopis
1931 5304 2063 5387 inde

494 5376 717 5439 coactis,
743 5376 1043 5457 hune_in_ter
1063 5378 1247 5457 eos_28
1268 5377 1437 5435 fuisse
1458 5384 1545 5451 qui
1577 5376 1695 5457 fuga
1718 5376 2068 5457 seuit-idus}:

497 5457 640 5536 runt,
674 5462 814 5501 nunc
845 5446 1365 5536 discimusdiht‘cum
1383 5446 1672 5536 anno-481
1788 5446 2066 5536 ξιέξξέξέ-

497 5519 658 5610 ιιιοςίῑ,
686 5532 932 5610 ιςυβιῼυθ
958 5533 1077 5610 {non
1108 5518 1279 5610 multo
1308 5527 1652 5603 pqstﬁcripla
1682 5518 2068 5610 vidua—irai-

497 5588 675 5681 emta..-
686 5584 1262 5681 Ittelicimtribuendamn
1290 5584 1681 5681 existimo,'.qui
1694 5672 1706 5681 _
1716 5584 2067 5681 seditwuqu'u'e

498 5656 567 5748 ad
587 5671 782 5748 anuut‘n
805 5658 932 5739 s92,
955 5660 1201 5740 quamvis
1217 5659 1419 5748 fici-usu
1451 5656 1668 5747 nomine
1694 5656 2061 5748 inse—ripiawsi't:

499 5723 705 5811 [inculti
729 5723 987 5811 Ieremia!
1008 5731 1164 5811 :_qtt."s
1185 5730 1345 5811 “dabit
1373 5734 1531 5811 capiti
1554 5755 1663 5792 meo
1693 5723 2037 5811 iiiﬁiiifll'l

500 5794 672 5877 etiam
693 5796 762 5877 in‘
770 5797 990 5877 epistola
1028 5794 1397 5877 31a.|_Petrum
1428 5794 1752 5877 episeopuinw

500 5861 679 5922 attulit
723 5861 893 5922 Felix.
941 5866 1286 5930 “uitiatione
1335 5861 1512 5933 tatnén
1555 5861 2068 5951 ‘qiiiitBJ'iKciiilE

2174 3358 2418 3426 corporis
2467 3360 2723 3415 convulsa.
2768 3362 2946 3415 omnis
2993 3376 3256 3431 compago
3292 3372 3538 3420 vexetur.
3579 3364 3645 3419 Et
3673 3381 3762 3418 nos

2174 3448 2389 3519 quidem
2424 3465 2522 3518 pro
2572 3451 2767 3506 alI'ectu
2810 3467 2967 3521 quem
3000 3452 3096 3507 tibi
3143 3452 3429 3520 debemus,
3469 3455 3762 3524 prudentia:

2175 3551 2282 3595 tua:
2327 3543 2626 3596 cruciatum
2678 3552 2986 3597 nostrorum
3040 3545 3307 3599 viscerum
3351 3546 3605 3601 duximus
3648 3546 3762 3601 inti-

2177 3632 2453 3689 mandum.
2475 3634 2607 3689 'I'u;e
2632 3636 2981 3690 conscientia:
3012 3637 3276 3703 intererit,
3312 3638 3760 3709 quemadmodum

2174 3726 2243 3779 ab
2275 3725 2359 3779 his
2405 3726 2611 3796 laqueis
2642 3728 2885 3797 expediri
2920 3743 3028 3783 non
3072 3744 3293 3784 renuas.
3344 3730 3508 3786 Nobis
3534 3732 3680 3787 enim
3710 3734 3757 3787 in

2175 3826 2402 3886 utroque
2430 3815 2638 3871 fructus
2666 3832 2776 3872 non
2804 3834 3005 3875 vacuus
3040 3819 3165 3887 erit,
3206 3822 3250 3875 si
3280 3823 3362 3877 vel
3394 3824 3533 3892 quod
3562 3824 3761 3878 deside-

2173 3908 2270 3964 riis
2321 3909 2572 3965 omnibus
2618 3910 2997 3980 imploramus,
3027 3913 3095 3968 de
3130 3921 3234 3967 tum.
3266 3913 3479 3978 salutis,
3509 3924 3565 3969 et
3613 3915 3760 3970 fama:

2174 4004 2636 4076 redintegratione
2656 4009 3026 4077 gratulemur;
3086 4011 3169 4064 vel
3194 4009 3259 4077 si,
3305 4011 3447 4082 quod
3478 4012 3641 4077 absit,
3674 4028 3760 4067 no-

2173 4105 2283 4150 stra
2315 4096 2510 4164 scripta
2541 4100 2956 4168 contempseris,
2991 4099 3295 4171 adjuvando
3339 4102 3493 4157 fratri
3547 4105 3760 4159 minime

2173 4186 2408 4243 defui~se
2437 4186 2733 4243 videamur.

2655 4280 2901 4337 INCIPIT
2944 4282 3299 4339 EPISTOLA.

2328 4386 2483 4426 ΒΕᾹΤΙ
2522 4387 2667 4427 ΡΛΡᾸΞ
2705 4387 2909 4429 οειΑειι
2948 4390 3015 4428 ΑΙ)
3052 4390 3302 4432 κΑτΑιειι
3341 4394 3613 4435 ΛΒΒΔτι-Ζὶί.

2256 4483 2613 4539 Dilectissimo
2644 4484 2753 4539 lilio
2772 4485 2943 4540 Natali
2973 4486 3152 4542 abbati
3184 4486 3430 4544 Gelasius
3457 4491 3753 4560 episcopus.

2245 4576 2497 4643 Quamvis
2528 4592 2625 4645 pro
2654 4576 2791 4631 beati
2826 4578 2967 4633 Petri
2998 4580 3231 4649 apostoli
3279 4580 3653 4638 moderamine
3672 4583 3748 4636 di-

2179 4666 2377 4721 vinitus
2405 4668 2668 4731 instituto,
2696 4683 2802 4738 quo
2822 4668 2968 4723 sedis
2996 4670 3112 4739 ejus
3139 4670 3344 4738 vicarii,
3372 4680 3483 4726 etc.

2254 4778 2430 4849 (lianc
2455 4779 2737 4850 epistolam
2769 4780 2949 4851 legere
2973 4791 3058 4837 est
3084 4782 3223 4838 inter
3252 4799 3413 4851 Opera
3443 4784 3693 4857 Gelasii.)

2178 4928 2323 4976 sum,
2353 4926 2474 4968 cum
2503 4914 2721 4988 omnino
2747 4914 3008 4988 absonum
3049 4932 3153 4972 non
3184 4919 3430 4974 videatur
3457 4935 3487 4973 a
3527 4920 3761 4988 Gelasio,

2178 4997 2464 5061 antequam
2509 4984 2763 5061 catholici
2793 4986 3029 5061 episcopi
3062 4991 3495 5061 restituerentur.
3527 4984 3761 5061 potuisse

2178 5053 2445 5131 conscribi
2478 5071 2491 5107 :
2524 5055 2757 5131 obscura
2798 5053 3060 5131 siquidem
3109 5073 3287 5131 usque,
3304 5060 3369 5114 ad
3397 5053 3762 5117 eatn'revoca-

2177 5125 2377 5195 tionem
2404 5123 2759 5180 Gundabundi
2806 5123 2945 5195 aeta,
2976 5123 3207 5184 Victoris
3246 5130 3485 5186 Vitensis
3526 5132 3756 5186 IIl-toria

2177 5194 2504 5269 Ilunericum
2552 5211 2667 5269 Anon
2713 5194 3235 5269 Aprmtergrediente,
3308 5212 3470 5269 atque
3528 5204 3753 5257 invicem

2174 5264 2666 5338 contradicentibus
2708 5264 2968 5338 Procopio
2998 5280 3055 5324 et
3092 5270 3295 5324 Isidoro
3327 5289 3340 5325 :
3374 5264 3442 5325 ita
3490 5280 3543 5325 ttt
3571 5288 3603 5326 a
3635 5289 3757 5327 crc-

2172 5335 2322 5411 dibili
2364 5352 2468 5388 nun
2499 5336 2786 5411 abhorreat
2829 5335 2996 5409 usque
3024 5340 3090 5394 ad
3128 5342 3324 5396 Gelasii
3355 5352 3593 5411 tempora
3627 5343 3763 5399 Suc-

2178 5406 2389 5459 eouium
2420 5408 2666 5460 exsilium
2700 5406 2978 5465 tolerasse.
3029 5412 3255 5466 Ariauos
3306 5415 3357 5466 in
3390 5406 3563 5467 Africa
3602 5428 3656 5467 et
3704 5431 3755 5465 ιη

2176 5475 2397 5547 Oriente
2422 5477 2784 5547 Eutyeltianos
2811 5493 3121 5547 grassantes
3145 5483 3253 5535 duo
3279 5484 3593 5538 Antichristi
3634 5499 3757 5538 cav-

2175 5561 2276 5619 nua
2310 5546 2397 5619 lti_c
2418 5546 2606 5619 auctor
2628 5546 2922 5619 vocat,’qui
2958 5566 3077 5606 meo
3101 5553 3312 5619 quidem
3333 5556 3536 5610 calculo
3563 5569 3748 5608 cense-

2176 5616 2518 5691 hiturFelix.
2577 5616 2874 5691 Sttcconius
2921 5616 3383 5691 Constantinopoli
3442 5626 3572 5679 forte
3631 5639 3753 5678 cum

2176 5686 2373 5742 Acacio
2420 5689 2699 5758 improvide
2749 5694 3184 5748 communiCavd.
3248 5686 3446 5751 Dicitur
3495 5696 3541 5748 in
3594 5709 3758 5761 argu—

2172 5768 2374 5833 mento,
2405 5768 2459 5833 ut
2481 5761 2703 5833 corrigat
2731 5776 2750 5824 ;
2785 5770 2853 5814 ita
2891 5761 2943 5815 in
2967 5764 3199 5817 concilio
3223 5764 3463 5819 Romano
3485 5765 3577 5818 aevi
3608 5764 3757 5833 ejus-

2171 5828 2296 5906 dem
2323 5843 2336 5882 :
2369 5829 2569 5906 etiantsi
2593 5828 2728 5906 forte
2768 5835 3060 5906 corrigeret,
3094 5851 3213 5906 qua:
3253 5836 3399 5891 verbi
3430 5828 3672 5903 acceptio
3698 5843 3753 5890 et

2171 5897 2299 5955 alibi
2320 5901 2576 5957 occurrit.
2594 5897 2750 5957 ὅσην.
2793 5897 2934 5958 Mari
2947 5897 3084 5961 stus.
