4046 6188
821 447 826 454 ’
893 445 1221 501 EPlSTOLA
1265 446 1377 500 Xll.

478 576 679 615 FELICIS
719 575 772 612 Ill
814 575 957 612 ΡΑΡΔΞ
998 576 1062 611 AD
1104 574 1342 612 ZENONEM
1395 575 1786 615 IMPERATORI-1!.

350 674 580 729 Laudato
607 676 718 744 ejus
747 672 916 744 studio
951 672 1017 744 in~
1031 673 1350 744 ordinatione
1377 675 1492 726 novi
1520 675 1760 743 episcopi,
1791 677 1918 728 lior-

415 756 554 798 tatur
584 741 639 794 ut
663 745 714 794 in
762 742 933 794 Aeaci:
981 741 1216 806 Patrique
1260 745 1524 796 nominum
1549 741 1918 811 damnatione,

415 817 480 867 de
501 829 603 884 quo
629 813 750 884 Cleri
771 813 923 884 legati
939 813 1066 864 nihil
1089 813 1184 865 sibi
1209 813 1506 866 mandatum
1534 816 1914 884 responderant,

416 901 532 938 cum
558 882 786 935 Ecclesia
807 882 1036 935 Romana
1058 884 1356 935 consciniut.

422 993 571 1048 Felix
606 991 807 1045 Zenoni
834 992 1163 1060 imperatori.

419 1087 616 1154 Dignos
645 1085 846 1138 referre
881 1085 988 1138 Deo
1019 1095 1201 1138 nostro
1229 1102 1260 1153 g
1292 1087 1426 1140 alias
1452 1088 1620 1144 fateor
1647 1103 1798 1143 mens
1828 1089 1926 1144 bu-

344 1193 502 1230 mana
534 1193 642 1229 non
676 1176 894 1240 sufﬁcit,
938 1177 1078 1243 quod
1114 1185 1311 1230 tantam
1345 1180 1617 1248 religionis
1657 1195 1840 1234 curam
1870 1182 1923 1235 in

345 1275 543 1320 vestra:
582 1266 798 1335 pietatis
828 1264 1077 1319 sensibus
1113 1266 1388 1320 miseratio
1417 1267 1595 1322 divina
1624 1271 1923 1335 constituit,

351 1366 410 1410 ut
433 1371 554 1411 eam
587 1365 642 1410 et
671 1355 934 1409 universis
977 1357 1205 1425 negotiis
1243 1360 1516 1427 anteponi,
1554 1369 1610 1413 et
1657 1361 1926 1418 soliditate

345 1443 660 1513 reipublicae
678 1442 965 1509 contineri,
987 1459 1146 1514 quam
1179 1447 1439 1502 veraciter
1463 1448 1788 1516 Christiano,
1816 1462 1924 1506 tam

345 1544 576 1606 augusto
594 1534 795 1605 judicio
822 1538 1146 1601 eenseretis,
1166 1538 1289 1606 quia
1321 1554 1514 1595 revera
1547 1543 1925 1611 propitiatione

346 1612 560 1683 caelesti
585 1641 762 1681 rerum
785 1625 1032 1682 subsistit
1069 1630 1408 1685 universitas.
1437 1630 1514 1685 Ex
1559 1647 1661 1700 qua
1693 1634 1923 1689 mirabili

345 1719 637 1775 devotione
681 1729 873 1774 vestrae
923 1721 1225 1775 clementiae
1287 1723 1613 1790 processisse
1660 1740 1925 1795 cognosco

1550 332 1895 389 El‘lSTOLxE
1936 332 2020 386 ET
2061 331 2399 388 DEL'RETA.
3502 341 3604 397 970

1952 454 1998 506 Α
2032 447 2125 500 ιὶο.
2175 446 2476 516 Puramque
2513 449 2701 502 volens
2745 465 2865 505 cum
2911 466 2977 507 eo
3011 455 3098 521 qui
3133 453 3364 521 ponti'ex
3394 467 3606 512 creatus

2029 537 2287 590 asseritur
2316 537 2453 592 inire
2483 539 2849 607 concordiam,
2888 543 3070 610 gloriae
3099 556 3291 600 vestrre
3319 561 3607 616 suggerere

2029 627 2345 694 preperavi,
2389 635 2444 681 ut
2484 628 2617 682 nihil
2671 631 2907 685 residere
2953 635 3225 700 patiamini
3282 653 3391 707 quo
3429 640 3608 696 denuo

2025 717 2318 788 quidquam
2353 719 2523 774 valeat
2551 720 2908 777 dissensionis
2949 726 3170 782 oboriri.
3204 724 3482 796 Quiaﬂum
3509 748 3606 803 per

2026 807 2287 876 synodum
2316 806 2831 878 Chalcedonensem,
2879 829 3036 882 quam
3086 833 3144 871 se
3167 817 3367 875 dudum
3408 822 3604 879 litteris

2027 897 2322 966 designavit
2343 907 2431 952 tua
2481 901 2761 957 clementia
2786 909 3028 959 venerari
3053 947 3069 972 ,
3102 908 3393 979 Eutychem
3445 923 3604 980 atque

2028 986 2338 1041 Dioscorum
2370 999 2579 1045 constet
2623 1007 2743 1047 esse
2782 994 3081 1064 damnatos,
3127 1009 3182 1053 et
3207 1015 3393 1055 eorum
3431 1015 3604 1058 secta-

2028 1086 2171 1132 tores
2203 1079 2440 1147 plurimis
2471 1080 2679 1136 illarum
2703 1085 2926 1152 partium
2943 1086 3276 1144 documentis
3292 1091 3605 1149 Timotheus

2026 1176 2082 1221 et
2112 1169 2302 1221 Petrus
2331 1171 2604 1226 exstitisse
2633 1184 3018 1241 monstren—tur,
3059 1187 3217 1248 atque
3248 1195 3434 1236 eorum
3456 1198 3606 1239 com-

2028 1260 2336 1314 munionem
2363 1300 2380 1324 ,
2429 1264 2639 1317 etiamsi
2688 1267 3041 1334 prohibitam,
3085 1281 3300 1326 secutus
3341 1275 3600 1340 Aeacius,

2025 1363 2160 1417 quos
2185 1351 2298 1418 ipse
2319 1352 2558 1421 epistolis
2584 1356 2693 1408 suis
2716 1356 2996 1412 haereticos
3016 1360 3228 1417 dixerat
3245 1379 3363 1418 esse
3385 1367 3600 1423 damna-

2028 1447 2111 1492 tos
2145 1444 2448 1496 :sententia
2477 1443 2616 1500 illius
2671 1449 2879 1502 concilii
2927 1452 3314 1509 convincuntur
3355 1459 3601 1528 astringi,

2025 1540 2079 1585 et
2109 1531 2161 1586 in
2193 1533 2426 1602 ipsorum
2459 1551 2670 1604 pmnam
2705 1541 2896 1596 merito
2930 1544 3204 1611 recidisse,
3237 1563 3460 1615 quorum
3492 1551 3602 1604 elc-

2024 1635 2150 1690 gere
2183 1626 2513 1680 Consortium
2551 1629 2731 1684 :sicut
2760 1631 2813 1685 in
2855 1635 3066 1690 ett-teris
3120 1635 3414 1693 bzeresibus
3463 1640 3600 1696 facta

2024 1715 2188 1768 semel
2217 1717 2454 1785 synodus
2492 1719 2681 1787 alijecti
2726 1723 3008 1790 cujuslibet
3047 1730 3246 1782 erroris
3268 1740 3488 1786 cunctos
3513 1749 3600 1788 sc-

347 1809 605 1880 quidquid
629 1824 726 1878 pro
751 1809 916 1864 divini
941 1811 1118 1865 cultus
1135 1812 1434 1866 reverentia
1457 1813 1757 1869 celebratus
1781 1827 1919 1870 tran-

2027 1819 2223 1872 quaces
2253 1820 2648 1878 consequenter
2684 1813 2922 1868 involvit.
2964 1818 3159 1882 Qua-so
3198 1821 3373 1888 igitur,
3407 1824 3600 1893 glorio-

349 1901 636 1971 quillitatis
671 1910 865 1955 vestra:
901 1915 1082 1956 sermo
1111 1902 1464 1971 deprompsit.
1494 1904 1565 1960 Ut
1590 1905 1798 1962 scilicet
1828 1907 1924 1961 ﬁr-

347 2005 502 2046 mare
528 1991 808 2046 catholicae
851 1991 970 2046 fidei
1010 1993 1286 2060 cupientes
1326 1995 1580 2049 unitatem
1603 2037 1618 2060 ,
1650 1996 1926 2052 Ecclesia-

346 2097 574 2151 rumque
592 2096 773 2150 pacem
801 2096 1124 2150 magnopere
1151 2083 1412 2148 roborari,
1447 2086 1604 2140 talem
1636 2088 1924 2144 studeretis

344 2172 1175 2250 praeﬁciConstantinopolitanis
1213 2176 1528 2241 antistitem,
1560 2179 1647 2246 qui
1690 2192 1925 2247 superno

346 2279 574 2320 munere
605 2275 981 2333 prosequente,
1035 2276 1087 2319 et
1116 2280 1322 2318 morum
1371 2268 1634 2334 probitate
1664 2269 1919 2338 fulgeret.

345 2365 402 2408 et
427 2370 537 2424 prae
574 2355 823 2410 omnibus
859 2356 1172 2411 orthodoxa.-
1195 2358 1431 2414 veritatis
1461 2359 1685 2428 polleret
1705 2361 1918 2416 afl'ectu.

344 2442 588 2514 Magnam
635 2446 814 2514 igitur,
860 2449 1072 2516 egregie
1126 2449 1392 2517 princeps,
1417 2453 1569 2519 capio
1597 2455 1663 2508 de
1697 2463 1923 2524 utroque

345 2538 587 2592 laetitiam
620 2553 780 2592 :cum
810 2553 858 2594 et
893 2541 944 2592 in
985 2550 1087 2594 tuae
1119 2542 1423 2596 serenitatis
1451 2547 1664 2610 animo,
1697 2546 1837 2600 sicut
1863 2547 1918 2602 in

343 2629 529 2682 sazeuli
564 2629 769 2698 fastigio
815 2630 1180 2695 constitutum,
1211 2635 1280 2684 ita
1333 2635 1657 2704 praecipuum
1683 2636 1921 2694 Ecclesia

348 2718 516 2772 tiliutu
547 2719 656 2774 Deo
687 2720 884 2774 factore
917 2722 1154 2789 suscepit
1187 2739 1198 2772 :
1231 2732 1286 2777 et
1314 2738 1432 2775 eum
1459 2724 1652 2792 ipsmn,
1684 2729 1750 2780 de
1771 2727 1921 2797 cujus

349 2810 628 2877 pontiﬁcio
657 2810 980 2880 gloriamini,
1013 2811 1137 2866 dum
1162 2813 1225 2866 ad
1254 2813 1390 2867 beati
1422 2814 1562 2868 Petri
1590 2819 1816 2884 apostoli
1836 2834 1922 2873 se-

350 2902 474 2956 dem
504 2917 615 2956 sua:
646 2904 808 2957 refert
829 2904 1098 2972 dignitatis
1125 2906 1427 2971 exordium,
1450 2907 1687 2976 jamSua:
1707 2897 1921 2967 dedisse

343 2995 552 3064 gaudeo
576 2996 954 3051 moderationis
993 2998 1266 3052 indicium.
1299 2999 1393 3053 Ubi
1426 3001 1585 3056 simul
1611 3012 1661 3055 et
1697 3017 1916 3070 magna-

348 3086 566 3140 nimitas
591 3097 762 3141 vestra
799 3087 1120 3156 resplendet,
1146 3089 1356 3158 quando
1391 3090 1642 3146 Ecclesia:
1673 3108 1911 3159 causam,

344 3178 482 3232 sicut
509 3176 762 3232 divinitus
803 3178 1099 3232 institutum
1143 3190 1257 3245 est,
1300 3181 1604 3249 pontiﬁcum
1646 3183 1917 3240 desiderat

345 3268 683 3323 ordinatione
713 3270 981 3336 componi,
1021 3279 1075 3322 ct
1107 3271 1194 3338 qui
1222 3271 1272 3324 in
1295 3271 1577 3326 sacerdotii
1608 3274 1918 3342 perhibetur

346 3371 631 3427 provectus
662 3359 915 3420 ofﬁcium,
965 3371 1113 3427 optat
1141 3361 1262 3416 inde
1284 3362 1481 3426 fulciri,
1513 3364 1652 3422 unde
1699 3364 1917 3419 Christo

343 3451 596 3520 cupiente
615 3451 831 3519 proﬁuit
859 3464 1169 3505 Cttnetorttttt
1198 3454 1364 3521 gratia
1399 3455 1551 3521 plena
1579 3457 1914 3523 pontificum.

344 3541 512 3609 Cujus
543 3543 700 3594 etiam
725 3543 1018 3596 litterarum
1045 3559 1129 3598 me
1151 3547 1350 3599 refovet
1383 3545 1631 3608 intentio,
1654 3564 1754 3616 qua
1780 3549 1919 3602 sicut

345 3632 505 3686 decet
534 3631 746 3686 Christo
779 3635 986 3700 placere
1013 3635 1290 3700 nitentem,
1321 3643 1376 3691 et
1411 3651 1675 3690 summum
1701 3649 1918 3706 aposto-

348 3722 521 3776 lorum
563 3723 777 3777 beatum
813 3725 1047 3788 Petrum,
1081 3736 1136 3779 et
1167 3735 1368 3795 petram
1406 3728 1526 3782 ﬁdei
1553 3743 1675 3784 esse
1705 3747 1810 3784 non
1841 3742 1917 3786 ta-

344 3815 458 3867 cuit
505 3813 716 3881 (Matth.
741 3817 868 3883 xvi),
899 3827 952 3869 et
980 3818 1152 3872 eidem
1193 3820 1568 3888 mysteriorum
1593 3822 1769 3876 claves
1795 3838 1915 3878 cre-

347 3905 489 3958 ditas
513 3907 675 3960 fuisse
715 3909 1012 3962 ccclesiiqu
1055 3909 1344 3978 prudenter
1379 3915 1596 3975 struxit,
1625 3925 1786 3983 utque
1820 3931 1917 3968 no-

348 3997 554 4050 biscum
585 4001 725 4050 circa
751 3999 1106 4053 orthodoxam
1137 4001 1294 4056 fidem
1316 4005 1736 4058 consentientem
1759 4006 1920 4060 habeo

347 4099 434 4140 ret
475 4102 784 4148 assensum,
832 4105 936 4156 quo
984 4091 1212 4158 amplius
1261 4092 1524 4146 unanimis
1569 4095 1916 4155 redderetur,

349 4179 594 4244 expetiit.
638 4179 970 4235 (iratissimis
1007 4182 1165 4250 igitur
1203 4183 1622 4251 professionibus
1659 4187 1834 4255 hujus,
1867 4196 1922 4240 et

351 4271 494 4322 votis
523 4273 738 4336 cepiosa
764 4274 991 4326 lectione
1033 4274 1328 4343 patefactis,
1373 4291 1494 4329 mox
1523 4279 1757 4332 utetiam
1783 4280 1919 4334 filios

349 4375 502 4412 meos
532 4360 699 4413 sancti
730 4364 983 4429 propositi
1017 4365 1305 4418 monachos
1332 4367 1529 4434 pariter
1555 4371 1763 4422 venisse
1792 4385 1919 4423 con-

348 4451 524 4517 spexi,
557 4451 897 4505 dittieultates
918 4469 1105 4507 omnes
1117 4470 1234 4523 quae
1251 4456 1495 4523 primitus
1521 4458 1915 4526 obstrepebant,

2027 1897 2265 1964 sissime,
2323 1917 2423 1956 nec
2476 1904 2527 1956 in
2565 1909 2966 1964 successoribus
3016 1913 3258 1968 refovete
3299 1916 3602 1984 judicemur

2025 1988 2166 2056 quod
2193 1989 2533 2045 manifestum
2557 2004 2638 2047 est
2657 1995 2708 2048 in
2740 1999 3046 2054 auctoribus
3077 2001 3239 2056 fuisse
3261 2005 3600 2069 damnatum;

2026 2093 2126 2132 ncc
2157 2079 2295 2134 Petri
2329 2091 2546 2150 putetur
2574 2085 2805 2154 legitima
2823 2086 3130 2155 provenisse
3154 2098 3416 2164 purgatio,
3440 2115 3598 2167 quem

2027 2185 2134 2222 non
2161 2173 2450 2226 secandum
2475 2190 2678 2231 morem
2701 2188 2938 2234 veterum
2963 2186 3253 2252 apostolica
3277 2190 3453 2257 sedes,
3483 2206 3602 2262 quze

2025 2259 2226 2330 ligavit,
2257 2263 2506 2319 ab~olvit.
2539 2267 2648 2321 Scit
2675 2271 2816 2322 enim
2842 2271 3145 2329 Christiana
3197 2293 3350 2333 mens
3374 2259 3602 2348 tuapve-

2027 2354 2279 2409 nerabilis
2309 2357 2615 2425 imperator,
2662 2364 2913 2430 quoniam
2960 2366 3149 2421 delicta
3181 2373 3482 2427 mortalium
3511 2391 3600 2431 se-

2023 2445 2253 2500 eundum
2284 2450 2670 2504 conscientiam
2702 2455 2978 2510 relaxandi
3005 2459 3227 2513 nonnisi
3259 2464 3599 2530 pontiﬁcibus

2022 2538 2134 2590 suis
2160 2539 2346 2592 ordine
2392 2545 2714 2607 competenti
2757 2559 2986 2613 superna
3018 2549 3599 2626 dederitﬁispensatio

2023 2627 2352 2685 facultatem.
2378 2633 2474 2698 Qui
2501 2634 2688 2690 Petrus
2717 2645 2914 2701 tamen,
2949 2641 2991 2692 si
3017 2657 3137 2695 vere
3160 2629 3405 2713 receptus
3431 2657 3595 2713 esset.

2025 2721 2230 2774 \eniam
2260 2724 2450 2776 mereri
2483 2724 2682 2790 debuit,
2712 2743 2819 2782 non
2837 2727 3094 2785 honorem
3122 2751 3135 2785 :
3161 2735 3248 2802 qui
3281 2751 3308 2789 a
3333 2739 3598 2796 damnatis

2022 2820 2181 2878 atque
2213 2814 2480 2867 haereticis
2522 2814 2712 2870 falsum
2753 2820 3039 2875 sacerdotii
3091 2839 3284 2879 nomen
3327 2830 3599 2898 accipiens

2021 2902 2297 2958 catholicae
2329 2921 2431 2958 non
2464 2915 2670 2974 poterat
2705 2909 2957 2966 Ecclesia:
2985 2914 3294 2976 praesidere.
3324 2918 3449 2974 Haec
3469 2936 3592 2991 ego,

2022 2996 2457 3050 reverentissime
2505 2998 2788 3068 princeps,
2837 3002 2976 3056 beati
3024 3005 3166 3060 Ρι-ιιὶ
3213 3009 3597 3082 qualiscunque

2023 3084 2274 3152 vicarius,
2307 3101 2412 3139 non
2457 3090 2775 3145 auctoritate
2802 3092 2944 3146 velut
2976 3098 3284 3163 apostolica:
3316 3104 3597 3168 potestatis

1944 3162 1988 3224 C
2019 3184 2328 3244 extorqueo,
2355 3180 2446 3232 sed
2467 3189 2714 3248 tanquam
2744 3185 2999 3240 sollicitus
3023 3204 3054 3256 p
3077 3203 3192 3252 ιιιιιι,
3222 3195 3447 3248 salutem
3474 3212 3598 3264 pro-

2021 3270 2437 3341 Spcritatemque
2461 3274 2860 3330 clementissimi
2885 3279 2976 3332 ﬁlii
3002 3297 3218 3336 n‘tanere
3233 3288 3453 3354 cupiens
3479 3290 3598 3343 diu-

2022 3367 2254 3423 turnam,
2281 3361 2506 3417 ﬁdeliter
2535 3364 2779 3433 itnploro.
2830 3369 2967 3423 Ecce
2997 3373 3383 3444 desideramus,
3442 3392 3594 3448 opta-

2021 3463 2160 3511 mus,
2194 3451 2459 3506 ambimus
2489 3453 2782 3509 Eeelesiam
2815 3457 3476 3534 Constantinopolieinam,
3517 3471 3594 3522 si—

2018 3549 2105 3591 cut
2132 3554 2364 3608 semper,
2401 3543 2598 3598 habere
2619 3558 2938 3600 connexam.
2967 3550 3241 3606 Exumlut'
3271 3555 3496 3610 obsecro
3525 3561 3595 3614 ab

2021 3629 2201 3696 bisqui
2237 3634 2400 3684 nostri
2431 3649 2533 3686 non
2580 3647 2722 3698 sunt,
2754 3646 2808 3690 et
2836 3653 2930 3691 nos
2970 3655 3182 3709 queque
3211 3646 3450 3702 volumus
3473 3664 3594 3704 esse

2021 3720 2316 3774 nobiscum.
2352 3723 2747 3781 Postulationes
2776 3738 2923 3782 certe
2948 3733 3185 3798 gentium
3223 3737 3589 3808 barbararum,

2023 3813 2338 3865 venerabilis
2370 3813 2682 3881 imperator,
2717 3833 2811 3885 pro
2834 3820 3011 3888 quiete
3043 3827 3202 3878 tnuud
3225 3828 3294 3880 uni
3319 3831 3465 3898 regni
3499 3849 3594 3898 pu-

2022 3901 2158 3956 blice
2189 3904 2448 3972 benignus
2469 3909 2707 3963 exaudis.
2730 3911 2937 3976 Quanto
2962 3920 3298 3981 pra‘stantius
3314 3937 3494 3990 quaeso
3520 3933 3592 3987 lc,

2024 4008 2208 4058 preces
2257 3993 2562 4061 apostol'icie
2609 4002 2753 4055 sedis
2778 4017 2873 4070 pro
2904 4021 3174 4060 sacrarum
3219 4013 3598 4080 tranquillitate

2024 4102 2198 4140 rerum
2234 4089 2469 4156 placatus
2497 4091 2779 4145 admittis?
2817 4095 2927 4148 Hoc
2956 4100 3094 4148 enim
3139 4103 3241 4152 lim:
3271 4103 3504 4168 expedit,
3541 4116 3599 4159 ut

2022 4181 2063 4231 si
2094 4187 2316 4246 utraque
2345 4179 2507 4232 Roma
2535 4197 2630 4249 pro
2655 4195 2838 4236 mutuo
2867 4186 3087 4253 pignore
3115 4203 3469 4260 nuncupatur,
3509 4197 3598 4250 fiat

2025 4281 2246 4338 utraque
2272 4286 2374 4324 una
2398 4271 2530 4326 fides
2556 4273 2640 4326 illa
2678 4275 3057 4344 Romanorum,
3082 4295 3238 4347 quam
3269 4297 3361 4347 per
3385 4285 3599 4339 univer-

2025 4380 2139 4419 smn
2169 4369 2424 4423 mundum
2470 4374 2744 4440 przedicari
2779 4375 2962 4431 beatus
3010 4377 3202 4432 Paulus
3249 4379 3427 4449 (liam.
3461 4399 3505 4449 t,
3539 4383 3597 4452 8)

2029 4468 2252 4513 testatur
2305 4467 2596 4528 apostolus,
2631 4467 2766 4519 sicut
2813 4469 2952 4534 apttd
2982 4480 3193 4524 nostros
3239 4472 3418 4526 ﬁoruit
3457 4475 3600 4528 indi-

349 4539 451 4595 hac
490 4541 690 4594 credidi
735 4541 1086 4610 dispositione
1119 4544 1392 4599 submotos
1427 4562 1438 4598 :
1474 4557 1633 4615 atque
1673 4547 1794 4602 ideo
1831 4565 1921 4604 ve—
1951 4525 2001 4584 Β
2026 4567 2196 4613 screta
2221 4561 2451 4627 majores
2478 4578 2492 4624 ;
2517 4573 2568 4615 et
2591 4580 2710 4632 qum
2739 4580 2935 4634 genere
2955 4571 3246 4623 concordat
3273 4586 3336 4624 ac
3359 4574 3598 4640 nomine,

348 4633 617 4686 nientibus
647 4633 856 4688 clericis
885 4649 980 4689 eas
1017 4645 1207 4702 praeter
1231 4639 1671 4692 consuetudinem
1691 4642 1919 4698 sociatas

347 4736 471 4776 esse
500 4737 777 4790 personas,
820 4740 936 4791 qua:
969 4726 1126 4780 Petro
1158 4728 1241 4780 vel
1274 4731 1467 4782 Acacio
1499 4746 1601 4783 non
1625 4736 1921 4787 communi—

344 4829 500 4869 casse
525 4815 834 4869 viderentur
860 4835 872 4869 :
907 4830 960 4870 ut
989 4819 1196 4872 illorum
1222 4823 1526 4876 nominibus
1549 4825 1917 4891 sequestratis,

351 4924 445 4975 per
494 4924 628 4976 quos
673 4909 981 4962 scandalum
1031 4912 1342 4980 contigisst-t
1373 4915 1660 4978 Eeelesiis,
1705 4916 1915 4972 sincera

345 4999 598 5064 deinceps
636 5001 832 5053 caritas
882 5005 1207 5066 proveniret.
1239 5007 1442 5070 Quibus
1474 5009 1572 5062 rite
1599 5025 1876 5077 perpens's
1903 5051 1916 5074 ,

348 5091 480 5142 nihil
507 5091 647 5143 aliud
674 5093 799 5145 tuihi
831 5105 1111 5161 supererat
1138 5099 1447 5164 gratulanti,
1479 5100 1578 5153 nisi
1628 5113 1682 5154 ut
1721 5102 1800 5155 his
1830 5103 1919 5171 qui

347 5182 557 5234 fuerant
582 5182 829 5236 destinati
861 5186 1166 5252 apostolicae
1192 5189 1334 5241 sedis
1355 5191 1659 5244 communio
1685 5192 1922 5247 tradere-

353 5284 458 5324 tur.
489 5273 591 5326 Sed
621 5289 740 5326 cum
774 5291 869 5342 pro
898 5277 1155 5330 catholica
1190 5279 1294 5332 ﬁde
1315 5281 1524 5333 cautius
1553 5281 1919 5349 admonerem,

350 5372 408 5415 ut
435 5363 789 5431 suscipientes
819 5380 938 5418 eam
978 5381 1038 5420 se
1089 5381 1117 5418 a
1151 5370 1425 5422 consortio
1465 5372 1802 5426 retraherent
1827 5373 1924 5427 da-

349 5463 676 5520 mnatorum,
695 5473 796 5509 non
821 5458 920 5511 sibi
950 5458 1049 5512 hoc
1075 5460 1379 5515 ιιιειιιάιιιιηι
1406 5465 1624 5517 omnino
1650 5463 1920 5520 dixerunt.

350 5544 464 5611 Qua
497 5561 672 5600 rerum
700 5548 1005 5603 diversitate
1033 5561 1327 5615 permotum
1351 5557 1564 5608 anxium
1595 5572 1678 5610 me
1705 5558 1922 5614 haesisse

352 5638 644 5706 profiteor;
668 5655 787 5692 cum
819 5642 960 5694 aliud
994 5643 1210 5709 littertn,
1245 5656 1298 5700 et
1328 5647 1438 5715 ipsa
1462 5664 1639 5702 rerum
1673 5651 1805 5705 ratio
1831 5652 1924 5706 de-

351 5739 695 5792 monstraret,
728 5739 778 5781 et
800 5731 940 5783 aliud
974 5747 1268 5792 mentm-ato
1301 5755 1386 5794 um
1424 5742 1720 5798 contineret
1747 5759 1920 5801 asser-

597 5823 864 5882 l'ATtl()L.
917 5826 1130 5887 LVIII.

2026 4668 2128 4705 non
2158 4652 2226 4705 sit
2257 4654 2515 4723 religione
2541 4656 2729 4720 divisa,
2757 4675 2851 4726 per
2871 4674 3028 4728 quam
3052 4661 3211 4716 etiam
3243 4664 3601 4735 d’scrcpantia
3666 4696 3673 4704 -

2024 4743 2361 4809 COlelalllUl".
2393 4744 2623 4800 Putasne
2652 4764 2758 4813 me,
2791 4752 3110 4806 venerabilis
3151 4755 3462 4823 imperator,
3495 4775 3601 4815 non

2024 4845 2142 4884 cum
2177 4832 2426 4904 laerymis
2449 4837 2546 4889 ista
2577 4839 2918 4906 profundere,
2948 4852 3001 4896 et
3027 4845 3503 4915 velutprzrseutem
3536 4853 3600 4905 ad

2027 4930 2129 4974 tum
2161 4923 2369 4992 pietatis
2402 4929 2666 4995 testigia?
2697 4930 2803 4984 Nec
2830 4931 2972 4986 enim
3002 4935 3143 5004 piget
3180 4939 3228 4992 in
3258 4939 3346 4992 tali
3372 4941 3604 4997 maxime

2026 5029 2186 5067 causa
2213 5016 2578 5084 imperialibus
2601 5020 2793 5092 ofﬁciis
2825 5025 3090 5091 inclinari,
3121 5044 3242 5082 cmn
3287 5045 3348 5086 se
3368 5033 3602 5099 Aposto-

2027 5107 2108 5157 lus
2138 5103 2190 5176 (1
2218 5105 2335 5159 Cor.
2380 5123 2450 5173 tv,
2490 5107 2573 5178 l3)
2601 5111 2837 5167 omnium
2891 5114 3084 5169 factum
3127 5120 3270 5172 dicat
3302 5134 3422 5175 esse
3462 5123 3604 5191 peri-

2031 5211 2234 5264 psema.
2276 5198 2399 5251 ll-ce
2426 5199 2623 5253 diutius
2650 5202 2808 5267 tacui,
2857 5221 2924 5259 ne
2952 5207 3072 5260 aliis
3113 5211 3381 5264 contraria
3409 5226 3599 5280 sugge—

2030 5290 2271 5343 rentibus
2300 5292 2700 5347 irreverctttiam
2733 5298 2863 5351 meis
2884 5301 3060 5366 potius
3086 5301 3278 5356 litteris
3299 5318 3606 5356 commove-

2032 5395 2164 5434 rem.
2195 5381 2388 5436 Verum
2424 5401 2561 5437 uuuc
2595 5385 2845 5443 facultate
2873 5403 3144 5461 percepta,
3174 5394 3403 5461 qualiter
3432 5395 3603 5462 vigeat

2027 5473 2078 5526 in
2110 5489 2230 5528 meo
2256 5475 2418 5529 corde
2458 5492 2651 5531 vesme
2686 5482 2898 5548 pietatis
2940 5484 3162 5539 affectus
3192 5485 3402 5538 insinuo
3437 5504 3449 5538 :
3482 5487 3602 5555 quia

2025 5580 2307 5621 successus
2358 5569 2565 5623 tradita:
2622 5573 2775 5626 vobis
2815 5575 3072 5629 divinitus
3121 5577 3400 5643 potestatis
3448 5581 3606 5647 cupio

2027 5659 2402 5727 prepitiatione
2425 5673 2696 5720 constare.
2725 5667 2924 5733 Neque,
2946 5669 3248 5722 venerande
3270 5669 3361 5732 fili,
3384 5685 3606 5738 respuas

2024 5749 2432 5819 supplicantem,
2491 5770 2625 5809 neve
2657 5770 2825 5810 meam
2876 5753 3008 5810 velis
3050 5758 3387 5813 dissimulare
3416 5777 3601 5829 νενευ-

3214 5850 3282 5907 31
