4046 6188
415 366 508 420 97!
592 418 599 423 .

1750 331 2004 389 FELICIS
2041 330 2242 385 PAPAB
2282 329 2344 383 Ill

3561 313 3671 368 972

416 488 558 530 nam.
592 473 646 527 In
686 484 768 523 nte
798 466 938 522 enim
975 459 1328 531 qualicunque
1366 449 1563 505 vicario
1592 447 1778 501 beatus
1801 443 1992 499 Petrus
2016 444 2066 504 Α
2096 440 2437 496 ordinatione
2462 435 2724 498 latitiam,
2759 443 2809 486 et
2841 443 3062 498 sperare
3088 414 3270 482 divino
3301 426 3559 480 beneﬁcio
3587 439 3673 477 co-

418 563 712 636 apostulus,
743 572 796 614 et
824 559 935 610 lucc
957 554 1009 607 in
1042 552 1132 605 illo
1161 548 1249 618 qui
1282 541 1574 600 Ecclesiam
1598 552 1745 591 suam
1784 533 1986 589 discer-

420 628 467 727 pi
502 674 604 713 non
643 656 872 739 patitur,
901 649 1014 719 ipse
1056 645 1214 700 etiam
1240 641 1484 695 Christus
1530 630 1788 704 exposcit.
1836 628 1989 684 Absit

419 762 475 807 ut
524 720 1008 815 huic'quemquam
1055 733 1358 790 Christiana
1394 741 1545 782 meus
1575 736 1661 778 tua
1692 722 1774 777 vel
1820 720 1989 791 possit

420 843 504 897 vel
528 812 719 896 debeat
748 834 1035 894 anteferre,
1058 843 1216 899 quem
1242 838 1340 894 pro
1388 832 1439 875 te
1471 819 1606 871 votis
1627 816 1872 871 omnibus
1899 812 1991 866 de-

419 934 625 989 sideras
664 926 897 985 exorari.
943 921 1242 977 Prtesertim
1285 929 1404 969 cum
1440 919 1582 966 tanta
1605 910 1711 963 sint
1750 906 1861 971 illa,
1905 904 1986 958 vel

420 1026 578 1089 talia,
612 1033 729 1091 quae
779 1015 1055 1088 tyrannide
1085 1011 1255 1064 de'eta
1297 1022 1391 1075 pro
1451 1002 1552 1056 fide
1578 998 1833 1054 catholica
1877 1009 1994 1065 ges-

423 1115 540 1168 sisti
585 1089 640 1167 et
659 1110 822 1181 geris,
847 1116 907 1160 ut
939 1106 1093 1174 plena
1118 1116 1145 1153 a
1177 1101 1284 1152 Deo
1313 1108 1501 1149 vestrae
1536 1089 1873 1147 conscientiae
1897 1102 1993 1141 ex-

427 1178 720 1279 perimenta
766 1212 1063 1256 teneamus.
1117 1194 1192 1247 De
1224 1191 1415 1260 quibus
1437 1188 1535 1241 etsi
1580 1182 1704 1253 quid
1756 1178 1995 1234 fortassis

423 1300 679 1354 omissum
711 1305 811 1359 eSt,
862 1307 968 1346 non
1001 1285 1223 1355 respicit
1265 1282 1362 1336 nisi
1392 1277 1576 1349 perﬁdi
1603 1276 1749 1329 virus
1779 1270 1979 1334 Acacii,

424 1391 545 1459 qui,
575 1389 698 1441 dum
732 1384 931 1440 illicitis
952 1392 1194 1435 crescere
1227 1374 1393 1429 tendit
1418 1372 1747 1441 augmentis,
1775 1380 1836 1420 ea
1876 1376 1997 1433 qum

428 1491 588 1536 recta:
615 1474 855 1546 religioni
905 1477 1277 1539 congruerent,
1306 1464 1457 1518 vobis
1487 1461 1624 1515 inter
1653 1470 1808 1511 curas
1837 1452 2000 1524 publi-

425 1574 516 1626 cas
547 1567 819 1637 occupatis
848 1562 1050 1619 destitit
1083 1559 1355 1614 intimare.
1388 1554 1517 1607 Nam
1549 1553 1715 1619 pietas
1744 1558 1830 1601 tua
1868 1560 1998 1614 quo-

429 1661 586 1717 modo
609 1636 713 1713 non
743 1653 1072 1724 sequendum
1092 1650 1264 1719 potius
1277 1645 1629 1708 existimaret,
1646 1640 1785 1709 quod
1811 1636 1999 1691 fecisse

429 1750 767 1821 conspiceret
805 1740 1173 1799 sacerdotem?
1206 1737 1355 1793 Unde
1393 1734 1572 1788 divino
1600 1728 1800 1801 judicio
1827 1726 1997 1781 nulla-

432 1856 584 1900 tenus
606 1841 797 1912 potuit,
822 1839 980 1894 etiam
1007 1849 1129 1889 cum
1160 1831 1209 1886 id
1260 1830 1567 1891 mallemus,
1601 1821 1828 1878 absolvi.

427 1943 643 2008 prepter
683 1933 850 2001 magis
879 1927 1153 1997 magisque
1201 1923 1503 1992 supplicare
1545 1933 1652 1972 non
1696 1914 1906 1978 desino,
1943 1919 2001 1966 ut

426 2003 549 2084 cum
577 2023 691 2080 suis
721 2018 1024 2075 nominibus
1043 2024 1201 2084 atque
1231 2009 1471 2080 personis
1513 2005 1696 2063 feralis
1725 2003 1810 2059 illa
1841 2016 1999 2057 causa

433 2112 709 2171 transierit
738 2126 753 2166 ε
782 2122 887 2179 quo
909 2120 1030 2167 nos.
1055 2109 1322 2157 annuente
1364 2098 1590 2153 Domino
1620 2094 1829 2158 uestro,
1851 2098 1997 2145 certa

429 2205 770 2277 perfectaque
793 2197 970 2254 laetitia
1002 2195 1140 2251 necti
1167 2193 1441 2247 valeamus
1469 2202 1588 2243 cum
1615 2185 1841 2254 praesule
1863 2194 2002 2236 nunc

431 2275 632 2363 creato,
658 2291 799 2348 beati
826 2285 1068 2358 Apostoli
1106 2297 1237 2338 voce
1254 2280 1479 2336 dicentis
1511 2295 1525 2331 :
1560 2277 1620 2333 Si
1647 2294 1747 2347 qua
1769 2275 1923 2347 igitur
1949 2275 2003 2325 in

433 2386 635 2443 Christo
657 2397 784 2437 nova
813 2388 1064 2440 creatura,
1105 2382 1271 2427 retera
1302 2369 1631 2429 transierunt,
1667 2367 1837 2420 omnia
1867 2365 2002 2433 facta

433 2486 549 2531 sunt
575 2490 702 2528 nova
743 2469 805 2542 (1
833 2470 954 2526 Cor.
973 2484 1027 2533 v,
1053 2465 1167 2535 I7).
1195 2462 1409 2518 Littera:
1431 2467 1576 2514 certe
1601 2468 1794 2512 vestrae
1819 2455 2003 2509 catboo

437 2574 549 2627 lica
598 2568 720 2622 ﬁdei
748 2563 1039 2636 prmdimnt
1067 2559 1352 2617 unitatem,
1380 2565 1670 2624 pacemque
1724 2548 1999 2603 Ecclesia-

439 2677 553 2717 rum
579 2659 719 2728 regia
764 2655 962 2725 pietate
1003 2648 1371 2721 pronuntiant.
1399 2644 1527 2711 Quae
1554 2656 1672 2696 cum
1703 2640 1885 2695 debito
1906 2638 2005 2692 bo-

437 2766 569 2807 nore
590 2726 925 2818 legerentur,
955 2739 1186 2810 qualiter
1209 2748 1419 2790 mecum
1450 2741 1591 2786 totus
1617 2729 1748 2784 ordo
1778 2726 2004 2781 Romani

437 2836 750 2914 presbyterii
780 2837 939 2889 vitam
966 2830 1116 2885 vobis
1147 2826 1661 2896 prosperitatemque
1694 2817 2002 2873 continuam

437 2909 712 3002 promptus
755 2936 1004 2987 exorans,
1051 2918 1290 2986 repetitis
1331 2914 1545 2969 assidue
1574 2910 1793 2966 vocibus
1834 2909 2006 2962 accla-

438 3000 613 3087 inar’rt,
642 3026 699 3072 ct
728 3016 780 3070 hi
808 3016 897 3085 qui
935 3011 1123 3066 directi
1148 3016 1271 3061 sunt
1300 3005 1602 3067 audierunt,
1622 3011 1674 3056 et
1702 3000 1894 3069 ubique
1917 3014 2005 3052 ve-

439 3114 524 3166 lox
570 3100 675 3161 tam
709 3101 949 3175 prmclari
995 3098 1161 3153 nuntii
1194 3097 1387 3163 legatio
1431 3091 1719 3161 putabatur
1766 3086 2001 3141 obviare.

2093 534 2373 587 hortentur
2406 526 2785 583 ecclesiastica:
2812 520 2954 589 pacis
2985 519 3256 574 edoctum.
3293 517 3526 571 Primum
3548 515 3670 581 qni-

2091 623 2235 687 dem,
2268 618 2429 690 quod,
2464 617 2624 670 talem
2657 624 2708 668 te
2735 612 2905 681 gratia
2933 610 3172 664 caelestis
3193 606 3435 675 elegerit,
3462 604 3616 672 cujus
3640 619 3672 657 a

2094 728 2260 785 puero
2309 713 2413 763 vita
2460 704 2747 777 probabilis
2792 712 3086 765 asseratur,
3113 708 3169 753 et
3206 695 3487 751 catholica:
3519 694 3666 761 ﬁdei,

2095 806 2236 876 quod
2297 810 2421 855 ante
2475 798 2655 853 omnia
2707 796 2985 864 cupimus,
3046 789 3365 860 praedicetur
3420 785 3669 840 intentio.

2098 895 2297 951 Deinde
2330 893 2451 961 quia
2485 892 2622 943 inter
2653 888 2765 941 hanc
2796 899 3013 938 munera
3037 892 3140 934 tuzu
3180 878 3433 931 Dominus
3461 874 3670 930 carita'i

2096 984 2295 1039 domini
2329 994 2539 1050 quoque
2573 978 2664 1030 lilii
2688 974 2852 1027 nosni
2889 968 3257 1041 gloriosissimi
3290 965 3542 1035 principis
3569 980 3669 1016 vo-

2099 1089 2209 1134 tum
2240 1075 2468 1132 contulit
2489 1086 2542 1127 et
2570 1072 2803 1123 favorem
2840 1084 2853 1118 :
2888 1044 3159 1133 quatenus
3180 1041 3454 1130 potestatis
3479 1056 3666 1118 fultus,

2099 1171 2210 1224 Deo
2260 1174 2577 1235 praestante,
2626 1159 2894 1221 subsidio,
2946 1155 3153 1209 facilius
3198 1152 3380 1205 valeas
3418 1159 3673 1216 expetere

2102 1275 2221 1329 qua:
2285 1254 2575 1311 secundum
2653 1250 2926 1303 veritatem
2996 1244 3267 1311 sapienter
3346 1236 3667 1314 intenderis.

2100 1351 2380 1406 Postremo
2406 1343 2546 1415 quod
2578 1340 2753 1394 omnia
2784 1335 3325 1407 propemodum,qua
3348 1330 3423 1384 tui
3446 1342 3674 1396 sequun-

2101 1448 2188 1495 tur
2219 1437 2437 1493 honoris
2461 1432 2759 1494 exordium,
2790 1441 2894 1482 tani
2926 1424 3349 1482 benevolentiam
3378 1419 3532 1475 nobis
3554 1420 3673 1474 cle-

2105 1531 2317 1587 mentia:
2343 1523 2647 1596 principalis
2665 1520 2973 1584 ostendunt,
2997 1528 3154 1585 quam
3174 1523 3277 1567 una:
3298 1509 3529 1581 produnt
3551 1524 3676 1577 spe-

2101 1624 2237 1678 ciem
2268 1617 2575 1673 voluntatis.
2608 1614 2739 1668 limit
2778 1613 2987 1681 scilicet
3010 1609 3074 1662 ad
3102 1606 3450 1677 apostolicam
3488 1603 3672 1658 sedem

2102 1712 2424 1783 regulariter
2460 1708 2791 1769 destinatur,
2829 1717 2923 1770 per
2963 1716 3125 1770 quam
3169 1700 3433 1766 largiente
3461 1695 3677 1750 Christo

1858 1820 1995 1887 Qua.
2029 1809 2075 1869 ll
2102 1804 2340 1860 omnium
2371 1799 2628 1854 solidatur
2648 1796 2878 1864 dignitas
2892 1791 3253 1847 sacerdotem.
3274 1788 3424 1854 Quod
3449 1788 3575 1856 ipsa
3602 1789 3678 1838 di.

2107 1895 2353 1952 lectionis
2378 1902 2484 1947 tua:
2514 1888 2707 1943 littera:
2736 1886 3097 1953 apostolorum
3125 1890 3417 1943 summum,
3447 1888 3678 1945 petram-

2107 2004 2211 2059 que
2239 1986 2386 2049 ﬁdei,
2417 1994 2470 2039 et
2489 1982 2721 2037 ccclesiis
2751 1979 3176 2047 dispensatorem
3201 1970 3439 2042 mysterii
3458 1969 3676 2025 eralitis

2107 2080 2206 2134 sibi
2228 2076 2483 2141 clavibus,
2515 2074 2725 2127 beatum
2751 2070 2961 2125 Petrum
2998 2063 3301 2135 apostolum
3336 2060 3678 2117 conﬁtentur.

2107 2170 2258 2237 Quod
2286 2166 2538 2235 denique,
2567 2173 2626 2218 ut
2654 2161 2886 2230 amplius
2911 2172 3033 2213 esse
3071 2155 3350 2209 unanimes
3386 2152 3678 2215 valeamus,

2110 2262 2382 2317 nobiscum
2424 2256 2758 2310 dilectionem
2797 2263 2938 2304 tuam
2971 2246 3288 2304 orthodoxa:
3335 2244 3457 2298 ﬁdei
3482 2243 3680 2297 habere

2108 2353 2246 2408 velle
2271 2358 2533 2405 testantur
2583 2358 2880 2399 ass-ensum.
2927 2342 3058 2406 Qua:
3091 2355 3211 2392 cum
3254 2352 3360 2391 non
3391 2334 3679 2389 mediocria

2110 2443 2390 2497 videantur
2420 2436 2635 2497 indicia,
2666 2434 2861 2504 quibus
2892 2431 2958 2485 de
2982 2440 3064 2484 tua
3094 2436 3273 2482 mente
3304 2428 3460 2480 nobis
3490 2438 3680 2493 proce-

2110 2534 2238 2589 dere
2255 2531 2435 2585 votiva
2458 2524 2837 2590 credamus,ad
2859 2521 3221 2577 testimonium
3244 2518 3417 2586 majus
3431 2518 3679 2580 accessit,

2110 2636 2169 2680 ut
2194 2623 2288 2677 ﬁlii
2316 2622 2480 2674 nostri
2521 2618 2754 2686 religiosi
2801 2612 3081 2678 monachi,
3127 2617 3287 2665 rectae
3316 2608 3439 2661 ﬁdei
3468 2606 3680 2662 confes-

2111 2712 2560 2781 sionepolcntes,
2586 2707 2784 2777 pariter
2809 2705 2913 2758 huc
2954 2702 3213 2755 venirent.
3255 2696 3459 2764 Quibus
3497 2695 3681 2764 utique

2108 2806 2238 2859 visis
2260 2808 2586 2867 :estimamus
2630 2814 2734 2853 non
2774 2796 2930 2850 aliter
2966 2793 3282 2856 destinatos,
3314 2789 3417 2844 nisi
3448 2787 3681 2842 nomini-

2112 2901 2211 2953 bus
2239 2896 2633 2955 datnnatorum,
2664 2906 2692 2944 a
2723 2903 2948 2958 quorum
2982 2886 3067 2939 isti
3096 2882 3474 2938 communione
3517 2880 3682 2935 dista-

2113 2993 2262 3055 bant,
2287 2988 2353 3042 de
2397 2982 2985 3050 Constantinopolitana
3017 2978 3253 3032 Ecclesia
3288 2977 3399 3045 jam
3431 2975 3685 3043 repulsis.

2110 3082 2289 3149 Itaque
2315 3077 2445 3131 nihil
2468 3088 2753 3144 superesse
2779 3071 3149 3139 perspeximus
3185 3067 3285 3121 nisi
3315 3076 3372 3119 ut
3403 3066 3453 3118 ln'
3482 3069 3569 3133 qui
3602 3065 3682 3118 di-

438 3159 751 3258 Necessitaii
775 3191 953 3263 pepuli
983 3186 1358 3242 Alexandrinae
1396 3159 1625 3236 civitatis
1656 3177 1822 3246 magis
1852 3177 1904 3229 in
1944 3191 2004 3230 ea
2034 3173 2085 3237 (Ξ
2111 3170 2352 3226 lectionis
2422 3177 2524 3222 tuze
2576 3164 2826 3236 synodica
2880 3161 3227 3229 bajulabant,
3284 3159 3679 3213 communionis

441 3299 588 3360 parte
614 3281 1041 3357 prospiciendum
1067 3285 1168 3341 est,
1194 3284 1299 3328 uta
1331 3269 1567 3342 pestiferi
1594 3273 1818 3323 rectoris
1840 3275 2010 3322 retra-

442 3384 598 3437 hatur
633 3374 859 3432 insidiis.
900 3371 1239 3426 Concurrant
1267 3364 1467 3429 omnia,
1498 3375 1749 3430 rogamus
1795 3370 2003 3421 omnes,

440 3483 497 3528 ut
519 3464 964 3541 quemadmodum
989 3462 1148 3516 docet
1175 3456 1462 3527 Apostolus
1485 3453 1683 3526 (Galat.
1715 3467 1753 3518 ι,
1782 3450 1891 3520 12),
1917 3466 2013 3504 au-

441 3569 641 3622 feratur
668 3563 735 3617 de
765 3558 941 3615 medio
960 3556 1049 3627 qui
1087 3568 1186 3609 nos
1215 3551 1530 3615 conturbat;
1556 3558 1611 3603 et
1635 3564 1696 3602 ea
1727 3562 1882 3617 quam
1912 3562 2010 3599 au-

440 3666 609 3728 gusta:
632 3652 904 3710 memoria:
932 3649 1066 3715 Leo,
1098 3655 1249 3717 pater
1273 3643 1617 3711 ernditorqne
1646 3651 1844 3704 vester,
1873 3638 2010 3706 jugi-

445 3762 527 3805 ter
558 3742 872 3807 custodivit,
898 3740 981 3794 vel
1004 3752 1097 3791 vos
1130 3734 1542 3805 magnanimiter
1585 3745 1801 3786 servare
1828 3729 2011 3783 decer-

444 3842 590 3907 nitis,
614 3835 972 3894 Ecclesiarum
1005 3829 1103 3884 fida
1124 3844 1247 3898 pax,
1276 3839 1402 3881 vera
1423 3826 1491 3878 sit
1512 3826 1686 3878 unitas
1716 3839 1730 3877 :
1763 3820 2010 3891 quoniam

447 3931 745 3995 cuicunque
764 3935 1006 3992 personae
1034 3929 1249 3988 paterna
1282 3916 1430 3979 ﬁdes,
1462 3926 1517 3970 et
1540 3914 1678 3981 beati
1697 3913 1835 3968 Petri
1862 3927 2011 3966 com-

449 4019 631 4076 inunio
672 4016 828 4071 debet
875 4010 1135 4081 prmferri.
1183 4009 1355 4083 Atque
1377 4007 1443 4060 ad
1491 4014 1723 4060 vestram
1765 4004 2012 4075 gloriam,

452 4111 587 4165 sicut
610 4104 819 4174 imperii
844 4100 1006 4155 vestri
1034 4099 1278 4161 felicitas,
1302 4098 1375 4151 ita
1399 4106 1517 4166 post
1548 4097 1713 4151 Deum
1745 4096 2013 4163 pertinere

448 4203 707 4253 doceatur
733 4193 882 4263 regni
913 4188 1147 4246 caelestis
1176 4188 1483 4256 integritas;
1514 4194 1574 4240 ut
1602 4186 1668 4240 de
1686 4186 2014 4239 conservatis

449 4285 701 4344 Ecclesia:
729 4298 840 4337 sua:
872 4281 1075 4349 legibus
1106 4276 1506 4347 tranquillitatis
1534 4284 1640 4329 tum
1685 4275 2012 4329 benevolen-

450 4383 574 4434 tiam
593 4375 834 4431 Christus
854 4383 1156 4432 assumens,
1181 4376 1236 4422 et
1256 4366 1569 4435 temporalia
1595 4365 1689 4421 tibi
1708 4363 1846 4420 dona
1878 4365 2016 4420 mul-

448 4469 643 4538 tiplicet
660 4507 677 4533 ,
700 4473 754 4520 et
780 4468 991 4534 priestet
1011 4466 1231 4514 :etenna.

942 4602 968 4630 ⁸
997 4588 1328 4647 EPISTULA
1364 4587 1504 4644 XIII.

625 4705 824 4746 FELICIS
869 4703 1012 4741 ΡΑΡΕ
1060 4699 1116 4740 III
1148 4700 1212 4737 Αῐ)
1241 4698 1505 4736 ΡιΑνιτΛιι
1553 4694 1838 4736 ΕΡΙΒΟΟΡυΙΙ

900 4768 1577 4811 CONSTANTINOPOIJTANUI.

452 4874 599 4940 Quod
631 4873 820 4940 legatos
834 4869 940 4940 ejus
956 4883 992 4940 ρ
1017 4865 1362 4940 communione
1389 4871 1653 4940 propterea
1679 4863 2017 4932 suspenderit,

518 4944 636 5010 quia
662 4932 726 4995 de
750 4932 923 5010 Acacii
943 4934 1183 5010 Patrique
1214 4932 1764 5010 nominibus_niltil_si_bt'
1800 4934 2016 4985 manda-

521 5002 627 5083 t'rum
655 5007 1031 5083 responderint:
1065 5003 1315 5083 Hortatur
1336 5011 1388 5054 ut
1413 5012 1461 5054 et
1483 5002 1589 5071 ipse
1615 5002 1677 5056 ab
1701 5003 1777 5055 Itis
1802 5007 2022 5060 recitata-

517 5082 597 5138 dis
618 5072 882 5144 abstineat,
911 5090 956 5129 et
984 5074 1177 5128 Zenoni
1198 5072 1252 5125 id
1273 5074 1440 5142 ipsum
1479 5074 1803 5141 persuadeat.

524 5194 679 5249 Felix.
703 5191 921 5248 Flavita:
947 5188 1201 5257 episcopo
1226 5182 1845 5252 Censtautinopolitano.

517 5287 681 5343 Multa
700 5292 826 5339 sunt
853 5296 970 5350 qua:
999 5279 1154 5333 nobis
1182 5276 1457 5345 praebeant
1478 5275 1544 5329 de
1576 5284 1678 5328 tuae
1722 5274 2021 5330 dilectionis

522 5476 549 5506 ι
577 5465 758 5522 Codex
790 5458 1140 5515 Virdunensis
1166 5455 1305 5509 hanc
1328 5452 1513 5507 tribuit
1541 5453 1752 5507 Gelasio
1786 5471 1798 5505 :
1841 5464 1894 5507 at
1923 5452 2023 5508 Ge-

456 5540 614 5591 lasius
645 5537 744 5586 hoc
784 5541 1022 5597 tempore
1070 5525 1459 5597 pontifex__n«m
1509 5534 1662 5597 erat,
1709 5525 1802 5576 sed
1856 5525 2021 5578 Felix.

456 5611 731 5661 Liberatus
756 5593 1006 5654 Breviarii
1031 5593 1150 5663 cap.
1176 5598 1241 5648 18
1269 5612 1281 5646 :
1309 5593 1546 5656 Moritur,
1573 5594 1760 5658 inquit.
1787 5595 2021 5659 Avarius,

454 5687 499 5730 et
542 5675 806 5727 ordinatur
844 5678 955 5735 post
1001 5683 1114 5719 eum
1162 5664 1388 5735 Flavitas
1429 5665 1702 5735 presbyter,
1732 5666 1817 5730 qui
1858 5664 1955 5731 fuit
1989 5681 2021 5716 α

457 5754 631 5799 sancta
661 5733 882 5797 Thecla;
919 5739 1006 5807 qtti
1035 5750 1134 5792 non
1164 5734 1411 5788 consensit
1450 5734 1558 5786 sine
1587 5733 1817 5786 Romano
1845 5735 2012 5799 ponti-

2111 3262 2418 3332 apestolica:
2446 3257 2846 3328 participatione
2870 3254 3196 3308 fruerentur.
3244 3251 3349 3306 Sed
3394 3252 3519 3305 dum
3561 3264 3683 3305 cum

2112 3355 2240 3424 ipsis
2262 3352 2535 3407 sollicitius
2565 3358 2810 3417 ageretur
2834 3387 2849 3412 ,
2874 3357 2932 3399 ut
2959 3346 3001 3399 si
3032 3346 3248 3398 mallent
3278 3345 3336 3399 Β.
3380 3343 3521 3397 Petri
3550 3356 3683 3412 apo-

2112 3445 2236 3499 stoli
2263 3442 2699 3496 communionem
2722 3437 2864 3491 ﬁdeli
2890 3436 3052 3492 corde
3077 3435 3370 3503 suscipere,
3392 3436 3685 3503 responde-

2113 3545 2232 3591 rent
2262 3536 2345 3589 vel
2392 3548 2472 3597 se,
2528 3532 2615 3584 vel-
2661 3530 3001 3584 dilectionem
3049 3536 3193 3581 tuam
3229 3527 3296 3579 ab
3340 3525 3685 3580 Alexandrini

2114 3629 2299 3693 Petri,
2358 3626 2648 3695 Acaciique
2713 3622 2965 3689 deinceps
3052 3622 3365 3674 recitatione
3452 3619 3685 3673 futuram

2114 3719 2289 3774 modis
2329 3716 2575 3771 omnibus
2622 3715 2889 3777 alienam;
2942 3710 3016 3765 illi
3074 3710 3205 3764 nihil
3233 3710 3334 3764 sibi
3388 3710 3492 3764 tale
3539 3724 3688 3764 man-

2113 3811 2293 3865 datum
2332 3798 2501 3862 fuisse
2541 3804 2917 3876 perhibentes,
2960 3803 3152 3856 oblatae
3180 3801 3466 3856 salubriter
3494 3802 3691 3869 grauia:

2116 3912 2309 3955 nostra!
2331 3898 2635 3955 consentire
2661 3896 2963 3950 uoluerunt.
2989 3893 3100 3960 Qua
3128 3908 3321 3947 eorum
3348 3894 3690 3947 cunetmione

2114 3992 2365 4063 permoti,
2394 4006 2515 4046 cum
2544 3990 2734 4043 litterae
2773 3988 3053 4042 venientes
3074 4026 3088 4051 ,
3123 3986 3215 4040 vel
3236 3986 3349 4052 ipsa
3390 4000 3567 4038 rerum
3608 3985 3692 4037 di-

2114 4084 2335 4154 spositio
2362 4081 2505 4135 aliud
2532 4081 2843 4149 promittere
2881 4078 3172 4143 videretur,
3203 4088 3257 4131 et
3284 4075 3472 4131 relatio
3498 4077 3691 4145 pradi-

2114 4184 2319 4229 etorum
2348 4172 2504 4241 longe
2546 4172 2700 4225 aliter
2728 4184 2895 4240 quam
2927 4169 3240 4238 sperabatur
3265 4167 3479 4222 ell‘erret
3503 4210 3518 4234 ,
3545 4182 3693 4221 com-

2115 4266 2421 4322 munionem
2472 4263 2685 4334 quidem
2741 4272 2974 4317 nostram
3019 4260 3316 4315 contristati
3362 4260 3691 4326 distulimus,

2116 4373 2272 4427 quam
2296 4354 2513 4410 remotis
2542 4353 2899 4409 dubietatibus
2928 4352 3240 4422 optabamus
3271 4351 3480 4419 plenam
3508 4354 3690 4406 catho-

2120 4451 2237 4504 lica:
2264 4448 2405 4514 ﬁdei,
2438 4456 2492 4502 et
2520 4448 2639 4509 hoc,
2667 4445 2806 4514 quod
2832 4447 2970 4499 circa
2997 4445 3343 4499 orthodoxam
3374 4444 3531 4498 fidem
3559 4460 3694 4499 eon-

2044 4522 2337 4595 l)sensum
2381 4538 2654 4593 nobiscum
2705 4553 2765 4591 se
2804 4537 2999 4592 habere
3044 4537 3325 4606 promisit,
3371 4537 3696 4590 arbitramur

2122 4647 2244 4687 esse
2270 4639 2566 4686 venturam.
2616 4628 2828 4697 Alioqui
2855 4627 2985 4683 nihil
3021 4628 3172 4682 nobis
3202 4628 3395 4696 poterit
3424 4626 3695 4695 imputari,

2122 4725 2168 4779 si
2215 4720 2690 4791 complectentibus
2744 4719 2939 4774 fmdera
3000 4719 3235 4772 raritatis
3285 4719 3423 4772 beati
3467 4718 3698 4787 apostoli

2123 4818 2262 4871 Petri
2285 4813 2554 4870 consortio
2579 4812 2923 4867 Alexandrini
2949 4812 3089 4867 Petri
3112 4812 3339 4865 societas
3358 4811 3695 4880 pra-feratur.

2125 4909 2236 4963 Erit
2263 4907 2404 4961 enim
2435 4904 2572 4974 apttd
2607 4906 2771 4958 Deum
2802 4903 3149 4972 hominesque
3179 4901 3540 4969 manifestum,
3576 4903 3698 4957 talia

2121 5008 2488 5066 pt-rpetrantes
2518 5011 2621 5048 non
2653 5002 2834 5048 nostro
2866 4995 3029 5058 vitio,
3061 4993 3274 5047 sed'suo
3315 5007 3534 5058 prorsos
3559 4994 3702 5045 arbi-

2123 5091 2224 5145 trio
2257 5088 2530 5157 separari,
2576 5086 2822 5155 idemque
2875 5095 2998 5139 ante
3036 5085 3265 5139 tribunal
3291 5085 3489 5139 Christi
3530 5084 3703 5138 modis

2122 5180 2369 5236 omnibus
2395 5176 3080 5245 terribibterjudicandum.
3109 5175 3224 5230 Non
3253 5189 3434 5229 sumus
3468 5180 3705 5244 pertina-

2124 5284 2245 5332 ces,
2276 5267 2371 5324 sed
2405 5266 2655 5332 dogmata
2684 5275 2902 5332 paterna
2940 5263 3275 5319 defendimus
3307 5280 3320 5315 :
3354 5264 3707 5331 quemadmo~

2132 5455 2225 5520 fire
2266 5450 2599 5506 iutltronizari
2622 5493 2638 5516 ,
2680 5447 3076 5520 sedrtrausmisit
3107 5445 3396 5515 synodicam
3423 5461 3569 5514 papre
3598 5446 3709 5499 ηο-

2130 5519 2280 5576 manu
2314 5521 2497 5574 Felici.
2547 5521 2646 5583 Qui
2674 5519 2871 5571 modico
2894 5522 3059 5571 vivens
3102 5528 3321 5583 tempore
3365 5520 3578 5567 moritur
3605 5534 3711 5571 non

2127 5595 2380 5661 accipiens
2409 5590 2676 5657 epistolam
2705 5590 2883 5658 ipsius.
2925 5588 3057 5643 Vide
3082 5585 3436 5653 Nicephorum
3469 5584 3564 5639 lib.
3598 5604 3712 5653 xu,

2125 5679 2242 5732 cap.
2280 5664 2362 5718 Itl.
2392 5662 2508 5716 Jac.
2540 5663 2859 5716 Sinueseus.
