4046 6188
379 362 492 419 975

372 550 472 630 pro
497 564 811 629 orthodoxis
843 569 1125 623 ostendere
1155 587 1250 626 nos
1278 573 1493 630 debere.
1534 574 1956 640 Chalcedonensi

368 641 620 725 concilio,
647 656 785 722 quod
816 656 1130 713 universalis
1155 665 1330 717 sanxit
1355 673 1409 718 et
1438 669 1669 723 custodit
1699 672 1953 738 Ecclesia,

373 745 642 815 Eutyche.-
674 755 727 800 ct
754 746 1039 803 Dioscorus
1073 766 1176 803 non
1219 754 1512 820 probantur
1530 772 1649 813 esse
1677 760 1956 817 damnati?

368 836 449 887 An
481 848 667 888 eorum
698 837 988 904 complices
1015 840 1325 896 Timotheus
1354 855 1512 912 atque
1542 849 1728 906 Petrus
1758 842 1955 908 inStru-

363 923 635 978 ctionibus
658 925 898 994 plurimis
918 929 1362 987 convenientibus
1386 950 1490 988 non
1516 936 1795 1001 ducentur,
1818 942 1953 996 sicut

365 1014 417 1068 hi
451 1031 664 1085 quoque
696 1032 829 1087 quos
874 1020 1015 1073 ﬂllril
1057 1031 1139 1074 tua
1176 1022 1395 1078 dilectio
1435 1014 1822 1094 perviderunt?
1868 1033 1947 1088 An

362 1122 549 1162 eorum
589 1110 1019 1164 communionem
1041 1154 1055 1177 ,
1099 1112 1406 1181 lrequentér
1435 1125 1490 1171 et
1519 1112 1835 1187 regulariter
1864 1110 1946 1177 in-

356 1197 746 1254 terdicentibus
782 1200 971 1269 nobis,
1007 1217 1112 1256 non
1143 1213 1227 1260 est
1254 1215 1468 1261 secutus
1499 1210 1763 1277 Aeacius,
1813 1214 1947 1282 quos

359 1289 479 1357 ipse
508 1290 621 1345 suis
648 1291 889 1357 epistolis
930 1293 1208 1351 lmretieos
1245 1297 1494 1364 dixerat,
1530 1290 1766 1372 olimque
1797 1306 1947 1362 dam-

355 1388 540 1446 natos,
570 1388 626 1434 et
651 1381 789 1435 male
815 1396 1001 1438 rursus
1027 1386 1319 1450 :edilicans,
1354 1393 1493 1458 quod
1524 1394 1658 1447 bene
1682 1396 1805 1451 ante
1831 1398 1944 1467 ipse

352 1467 736 1549 destruxerat,
790 1473 1083 1529 secundum
1131 1476 1442 1542 Apostolum
1497 1480 1701 1552 (Galat.
1739 1500 1807 1553 tt,
1847 1487 1968 1558 l8),

354 1560 741 1626 pravaricator
762 1563 1038 1630 apparuit?
1067 1564 1296 1635 Ideoque
1312 1569 1460 1637 juxta
1492 1573 1726 1640 praelata:
1748 1577 1937 1647 synodi

354 1644 649 1715 tramitem,
679 1655 871 1709 merito
901 1654 1007 1709 illic
1038 1656 1305 1713 damnata
1333 1662 1567 1729 perﬁdia:
1600 1644 1939 1732 parem'eun-

345 1740 428 1794 eti
456 1739 670 1825 subiere
696 1744 1003 1809 vindictam,
1036 1747 1124 1814 qui
1155 1747 1310 1817 hujus
1336 1752 1639 1809 maluerunt
1665 1769 1787 1811 esse
1816 1773 1937 1828 par-

354 1816 544 1901 ticipes
572 1851 587 1887 :
615 1835 1062 1903 quemadmodum
1092 1849 1274 1894 contra
1303 1857 1729 1915 unamquamque
1759 1847 1933 1907 hrcre-
1961 1838 2010 1910 Β

351 1922 454 1976 sint
479 1924 716 1994 synodus
746 1928 1055 1996 constituta,
1085 1942 1304 1989 cunctos
1343 1938 1501 1990 etiam
1532 1938 1751 2008 dejectze
1782 1944 1934 1999 sitni-

349 2012 431 2066 les
460 2015 732 2082 pravitatis
768 2018 1015 2088 astringit
1043 2038 1056 2073 :
1090 2037 1157 2077 ne
1185 2023 1238 2077 in
1280 2029 1681 2085 successoribus
1714 2035 1932 2089 omnino

350 2106 704 2171 reparandum
728 2118 898 2175 esset,
923 2112 1062 2180 quod
1094 2114 1144 2166 iu
1173 2117 1477 2172 auctoribus
1502 2119 1643 2187 juste
1666 2132 1931 2177 monstra-

350 2203 436 2249 tur
462 2212 584 2252 esse
620 2211 967 2268 prostratum.
996 2204 1213 2259 Absolvi
1244 2215 1419 2262 autem
1452 2210 1639 2265 Petrus
1670 2213 1814 2268 nulla
1845 2232 1931 2270 ra-

350 2288 688 2367 tionepOtuit
715 2292 830 2347 sine
854 2297 1161 2363 apostolica:
1183 2299 1329 2355 sedis
1352 2316 1593 2369 assensu,
1627 2322 1728 2376 qua
1758 2309 1929 2364 fuerat

344 2366 633 2445 niaudante
658 2384 920 2454 seclusus,
945 2388 1083 2442 sicut
1107 2389 1175 2444 de
1201 2392 1519 2461 recipiendis
1540 2366 1736 2451 talibus
1759 2399 1925 2455 l‘orma

345 2483 585 2529 veterum
619 2483 845 2532 testatur
872 2480 1192 2536 antistitum.
1227 2483 1326 2551 Qui
1355 2486 1515 2541 etiam
1548 2488 1757 2555 Petrus,
1789 2493 1834 2547 si
1858 2493 1927 2549 de

342 2563 576 2635 legitima
608 2566 795 2623 luisset
839 2571 1117 2627 curatione
1161 2585 1414 2641 sanatus,
1445 2576 1512 2631 ad
1543 2577 1923 2649 indulgentiam

341 2656 539 2725 suscipi
569 2658 808 2723 deberet,
839 2675 944 2713 non
971 2661 1037 2714 ad
1075 2663 1360 2719 sacerdotii
1389 2666 1700 2736 dignitatem
1731 2686 1746 2723 :
1774 2670 1861 2740 qui
1893 2686 1923 2725 a

339 2747 604 2803 damnatis
629 2759 788 2820 atque
819 2752 1085 2809 haereticis
1116 2754 1417 2822 institutus,
1448 2760 1725 2817 catholicis
1758 2763 1924 2832 plebi-

343 2842 441 2896 bus
468 2842 607 2895 nulia
640 2853 821 2912 posset
848 2848 1055 2900 ratione
1081 2850 1339 2918 praeponi.
1375 2850 1698 2922 Perspexisti
1727 2864 1779 2909 et
1809 2855 1921 2924 ipse

339 2933 618 2987 nobiscum
648 2935 900 2989 salutaria
931 2951 1050 2991 esse
1076 2954 1194 3006 qua:
1218 2939 1463 2996 dicimus.
1500 2943 1654 3000 Unde
1681 2945 1840 3001 etiam
1868 2947 1918 3002 in

339 3025 446 3077 tuis
476 3025 666 3079 litteris
690 3064 704 3089 ,
737 3041 855 3080 cum
895 3027 962 3082 de
993 3028 1129 3083 beati
1171 3031 1311 3086 Petri
1344 3033 1446 3088 lide
1473 3034 1707 3105 loqueris
1730 3078 1746 3101 ,
1777 3038 1918 3107 quod

341 3130 459 3167 cum
493 3124 599 3169 tota
627 3118 981 3185 gratulatione
1019 3120 1275 3188 legimus,
1316 3123 1577 3181 catholica
1610 3136 1785 3182 mente
1823 3144 1919 3199 po-

337 3208 490 3262 suis:i
528 3225 541 3260 :
583 3206 652 3261 Et
681 3211 766 3278 qui
803 3227 915 3263 cum
943 3228 999 3264 eo
1028 3213 1157 3266 sicut
1194 3230 1279 3267 vos
1320 3217 1533 3271 credunt
1558 3234 1780 3274 consona
1805 3236 1921 3277 voce
1948 3213 1993 3275 C

334 3296 614 3365 gloriantes
661 3300 891 3367 dispersa
933 3300 1172 3371 colligere
1220 3304 1493 3360 valeamus.
1542 3307 1735 3374 Quatro
1766 3310 1922 3381 igitur

338 3402 583 3458 quamam
613 3391 701 3445 illa
742 3393 883 3461 sint,
924 3395 1006 3447 vel
1044 3410 1146 3463 qua
1188 3411 1367 3451 rerum
1407 3402 1801 3465 perturbatione
1839 3404 1922 3457 di-

336 3472 545 3552 spersa.
595 3482 711 3537 Nec
750 3484 849 3539 alia
892 3500 1030 3540 nunc
1057 3501 1275 3555 prorsus
1304 3500 1628 3560 occurrunt,
1670 3494 1769 3547 nisi
1799 3511 1918 3561 quae

338 3586 435 3641 per
456 3571 799 3643 Eutychiana:
821 3575 985 3643 pestis
1007 3576 1244 3644 ejusdem
1277 3582 1580 3648 sequacium
1608 3592 1733 3637 sunt
1759 3598 1917 3639 exeo-

333 3664 496 3733 gitata
528 3666 817 3720 vesaniam.
842 3666 1064 3722 Dilectio
1091 3683 1218 3723 vero
1248 3678 1333 3723 tua
1364 3686 1582 3739 cperam
1614 3674 1704 3728 det
1733 3677 1916 3732 nobis-

334 3771 478 3822 cum,
508 3746 769 3826 quatenus
790 3759 957 3827 possit
980 3775 1098 3828 quae
1127 3768 1180 3815 te
1206 3776 1420 3831 quoque
1447 3763 1645 3821 fatente
1673 3767 1911 3837 dispersa

334 3860 458 3904 sunt
485 3851 681 3921 colligi.
728 3851 871 3906 Voce
902 3861 1021 3906 utor
1057 3854 1298 3922 Apostoli
1330 3873 1343 3908 :
1380 3855 1598 3911 Obsecro
1627 3875 1741 3921 vos,
1784 3859 1915 3913 nihil

332 3957 414 4009 me
443 3942 640 3995 ltrsislis
662 3941 858 4013 (Galut.
887 3959 957 4009 IV,
990 3945 1102 4015 12).
1134 3946 1247 3999 Non
1280 3947 1378 4000 hoc
1410 3948 1559 4001 velut
1596 3950 1925 4016 impcriosus'

333 4031 574 4101 impono,
597 4036 689 4086 sed
722 4042 777 4087 ut
803 4036 1182 4090 conscientiam
1211 4053 1382 4092 meam
1412 4041 1795 4095 convenienter
1819 4058 1912 4096 ex-

332 4124 564 4193 pediam.
615 4124 691 4179 Ne
734 4127 1035 4182 commissae
1081 4129 1232 4182 vobis
1277 4130 1531 4184 divinitus
1575 4134 1911 4189 rationabiles

328 4232 498 4283 ores,
527 4234 630 4272 non
662 4220 778 4273 sine
804 4228 983 4275 vestro
1011 4220 1342 4289 discrimine,
1372 4225 1512 4294 quod
1544 4228 1703 4293 absit,
1736 4229 1911 4296 perire

329 4311 595 4373 sinantnr,
626 4311 900 4367 exhortor.
952 4314 1188 4383 Cogitate
1218 4317 1371 4369 simul
1405 4331 1590 4372 omnes
1616 4319 1704 4387 qui
1732 4319 1908 4389 digni-

330 4410 440 4455 tate
467 4403 717 4470 pastorali
760 4405 1051 4459 censemini
1080 4420 1106 4469 ,λ
1136 4420 1231 4474 pro
1257 4406 1555 4461 Christiana
1596 4409 1698 4463 lide
1726 4453 1739 4474 ,
1793 4420 1908 4479 qua:

330 4500 457 4545 tunc
485 4500 567 4546 est
595 4492 792 4547 Christi
822 4494 865 4547 si
894 4510 1016 4548 vera
1040 4505 1141 4560 est,
1174 4505 1230 4551 ct
1269 4497 1549 4552 vivendum
1579 4501 1751 4565 nobis,
1783 4513 1835 4555 et
1863 4504 1906 4556 si

332 4581 629 4650 oportuerit
657 4593 1011 4639 sacrosancta:
1037 4587 1308 4656 religionis
1336 4604 1517 4644 amore
1548 4592 1904 4648 moriendum.
1935 4564 1986 4623 Π

328 4672 647 4741 Perpendite
688 4674 845 4742 igitur
880 4676 1045 4744 ipsius
1086 4678 1207 4731 vitae
1242 4694 1454 4745 semper
1486 4689 1692 4749 tempus
1736 4684 1905 4737 incer-

325 4771 439 4816 tum
472 4782 484 4816 :
514 4780 582 4820 ne
625 4777 844 4834 repente
882 4769 1021 4834 rapti
1071 4770 1136 4823 ad
1186 4771 1502 4840 cognitionis
1544 4774 1689 4827 illius
1723 4774 1904 4828 formi-

323 4856 513 4910 danda:
542 4857 818 4935 trahamur
846 4875 1093 4915 examen.
1126 4863 1277 4918 Unde
1308 4867 1625 4934 propensius
1649 4876 1897 4937 tanquam

326 4957 639 5013 prasentem
666 4950 1003 5006 dilectionem
1033 4962 1173 5007 tuam
1201 4956 1319 5023 jure
1345 4958 1581 5011 caritatis
1611 4960 1896 5015 tehcmen-

323 5046 404 5090 ter
439 5038 783 5107 astringimus
808 5080 823 5103 ,
862 5052 920 5096 ut
957 5052 1157 5098 sortem
1198 5046 1429 5100 infelicis
1456 5049 1635 5103 Acacii
1677 5053 1900 5119 perhor-

319 5141 556 5193 rescens,
580 5130 670 5198 qui
692 5131 828 5186 sicut
848 5134 1104 5202 scriptum
1127 5146 1228 5198 est,
1251 5146 1307 5189 ιιι
1327 5137 1425 5190 iret
1454 5140 1503 5191 in
1528 5140 1696 5194 locum
1720 5156 1895 5207 suum,

320 5217 482 5270 etiam
508 5220 665 5274 nobis
690 5223 1007 5277 conantibus
1035 5264 1050 5288 ,
1098 5240 1203 5278 non
1244 5234 1325 5279 est
1354 5228 1643 5293 permissus
1671 5233 1896 5297 absolvi,

317 5323 425 5378 quo
469 5311 615 5365 vales
662 5321 848 5368 tenore
893 5316 1219 5381 contendas,
1248 5325 1308 5371 ut
1343 5320 1728 5374 catholicorum
1758 5324 1907 5379 illius

319 5399 465 5455 urbis
497 5402 790 5457 antistitum
827 5406 996 5477 magis
1043 5410 1356 5462 monstreris
1384 5424 1505 5464 esse
1547 5410 1810 5477 imitator,
1841 5424 1895 5469 et

316 5476 592 5546 dominum
633 5493 798 5548 lilium
848 5476 1087 5551 nostrum
1125 5499 1564 5566 gloriosissimum
1600 5501 1889 5573 principem

391 5633 418 5662 ι
458 5625 709 5696 Sequenti
743 5630 1213 5702 epistolmhtitulus
1252 5620 1303 5684 in
1344 5632 1507 5685 veteri
1540 5633 1723 5687 cotliee
1754 5651 1890 5702 prte-

321 5698 457 5774 livus
486 5708 569 5774 est
597 5700 895 5774 huiusmodi
927 5700 1279 5774 :_Exeutplunr
1296 5703 1525 5774 cpistola}
1544 5720 1696 5772 quam
1725 5698 1898 5774 perm-

318 5766 484 5818 lerunt
510 5769 561 5819 in
595 5768 894 5837 legationem
930 5772 1107 5826 directi
1136 5766 1368 5825 ateriae/ti
1397 5774 1463 5825 ad
1495 5766 1757 5842 liti/muni,
1791 5776 1892 5831 lli-

1588 378 1939 434 EI’ISTULIE
1977 382 2063 437 ΕΤ
2102 380 2435 450 DECRETA.
3538 420 3603 452 οτ

375 473 500 526 dum
530 472 689 526 etiam
721 481 824 526 tua:
852 473 1149 531 dilectionis
1180 481 1362 548 pagina
1404 482 1705 552 designavit
1732 531 1745 552 ,
1796 480 1965 547 zeatin
1992 497 2040 555 Α
2069 484 2149 551 eoi

3540 444 3596 469 ﬁl

2156 499 2453 573 :jttgcmque
2483 502 2597 575 ejus
2618 548 2633 573 ,
2666 509 2910 593 adjuncta
2954 524 3124 571 tecum
3158 537 3273 576 mea
3313 541 3501 594 prece.
3535 549 3639 588 non

2063 580 2276 645 desinas
2305 589 2618 663 suppliciter
2645 590 2889 681 exorare,
2933 594 2988 659 ut
3016 608 3154 663 sicut
3182 611 3356 669 devoti
3388 617 3641 681 Ecclesiae

2061 674 2173 745 lilii,
2200 690 2253 735 et
2278 682 2676 773 obsecrationes
2704 678 2913 747 nostras
2939 696 3232 756 cle'nenter
3257 705 3557 778 admittant,
3585 724 3641 770 et
3708 762 3711 771 .

2059 787 2153 836 pro
2182 774 2264 827 sui
2295 768 2441 846 regni
2469 764 2759 852 salutisque
2809 799 3081 857 perpetua:
3114 796 3293 862 perlici
3322 804 3635 860 considera-

2057 856 2196 914 tio'rze
2218 863 2527 923 decernant.
2560 871 2670 926 Nec
2705 874 2885 930 dilata:
2913 884 3303 957 communionis
3330 878 3635 963 apostolica:

2055 954 2139 1001 tu‘a
2166 962 2417 1009 causetur
2445 954 2666 1014 dilectio
2696 958 3015 1022 tarditatem.
3050 954 3323 1031 Nollemus
3360 954 3634 1048 qualicun-

2051 1042 2507 1127 que‘dit‘ticultate
2556 1038 2848 1125 suspendi,
2901 1060 3000 1114 nisi
3042 1076 3317 1135 respectus
3353 1038 3632 1133 catholica:

2049 1136 2287 1213 veritatis
2336 1142 2660 1223 obsisteret,
2706 1136 2795 1205 cui
2840 1148 3184 1214 dilectionem
3228 1179 3439 1235 quoque
3487 1178 3628 1226 tuam

2047 1224 2268 1283 summis
2290 1232 2490 1287 viribus
2513 1226 2775 1295 inhaerere
2798 1244 2879 1297 vel
2908 1234 3055 1313 Oplo,
3078 1251 3162 1303 vel
3187 1268 3398 1310 moneo.
3420 1257 3624 1321 Nomen

2047 1316 2202 1385 igitur
2229 1319 2368 1399 Petri
2398 1333 2453 1377 et
2484 1328 2659 1382 Acacii
2689 1318 2906 1388 tollatur
2926 1350 2959 1390 e
2986 1322 3179 1404 medio,
3212 1359 3311 1399 nec
3336 1316 3628 1415 apocrisia-

2044 1412 2140 1466 riis
2166 1414 2401 1473 damnati
2436 1419 2575 1493 Petri
2605 1414 2923 1484 miseeantur
2948 1444 3037 1487 aut
3062 1435 3271 1493 litteris.
3306 1412 3529 1509 Et‘sicut
3549 1449 3626 1506 ait

2042 1501 2326 1567 Apostolus
2358 1524 2373 1560 :
2402 1509 2780 1569 Abscindantur
2820 1520 2908 1588 qui
2949 1508 3040 1576 nos
3080 1529 3382 1585 conturbant
3424 1501 3618 1605 (’Calat.‘

2041 1607 2096 1657 v,
2134 1594 2249 1685 te).
2279 1598 2582 1673 Iterumque
2605 1614 2663 1660 ut
2689 1606 2803 1677 ipse
2832 1616 3140 1695 pronuntiat
3172 1634 3185 1671 :
3214 1594 3515 1695 Expurgate
3540 1646 3624 1684 re-

2036 1692 2118 1739 tas
2153 1686 2450 1755 fermentum
2472 1735 2488 1760 ,
2518 1708 2574 1749 tu
2601 1697 2713 1752 sitis
2735 1716 2862 1756 nova
2886 1689 3173 1785 conspersio
3218 1710 3273 1780 (1
3301 1686 3424 1770 Cor:
3455 1733 3505 1785 v,
3539 1718 3616 1790 τ),

2035 1788 2155 1869 cum
2197 1782 2501 1839 nominibus
2531 1791 2883 1863 personisque
2909 1782 3023 1853 suis
3048 1806 3314 1869 prteterita
3341 1782 3499 1865 causa
3522 1782 3616 1867 de;

2036 1856 2223 1925 lea'tur.
2250 1872 2412 1929 Nobis
2439 1877 2546 1932 Deo
2574 1872 2865 1947 insiiirante
2891 1892 3182 1956 provisuris
3206 1898 3611 1967 rationabiliter,

2036 1954 2093 2010 u‘t
2121 1961 2463 2035 scripsimus,
2496 1971 2539 2023 si
2567 1982 2753 2028 cuncta
2782 1965 3152 2049 convenerint,
3182 1997 3239 2041 ut
3265 2004 3448 2046 eorum
3481 2011 3613 2063 quos

2032 2047 2294 2106 Ordinavit
2323 2057 2407 2108 vel
2440 2058 2726 2124 baptizavit
2757 2064 2982 2123 Aeacius
3008 2111 3023 2134 ,
3079 2076 3225 2127 salva
3277 2047 3613 2139 confessione

2030 2136 2292 2197 cmholiCa
2321 2190 2334 2213 ,
2370 2162 2464 2241 pro
2492 2152 2729 2209 caritatis
2762 2156 3017 2217 Ecclesia:
3065 2167 3508 2241 rediutegratione
3534 2182 3613 2231 ni-

2031 2227 2105 2283 hil
2148 2236 2330 2301 pereat
2359 2255 2372 2291 :
2405 2228 2668 2308 quatenus
2714 2262 2814 2315 pax
2863 2251 2954 2306 illa
2992 2227 3305 2330 proveniat”,
3339 2282 3456 2332 qua:
3487 2269 3610 2324 fecit

2030 2330 2251 2391 utraque
2278 2343 2438 2383 untnn
2490 2330 2721 2404 (Ep/tes.
2752 2341 2833 2409 ιι)
2866 2359 2878 2393 :
2912 2360 3016 2399 nou
3047 2349 3130 2401 illa
3160 2368 3315 2419 quam
3353 2330 3606 2428 propheta

2026 2417 2351 2474 condemnat
2383 2439 2395 2474 :
2424 2422 2562 2491 Pax,
2595 2444 2716 2495 pax,
2745 2442 2793 2485 et
2823 2450 2925 2488 non
2962 2448 3070 2492 erat
3100 2460 3201 2509 pcta:
3244 2446 3456 2514 (Iz'zcc/z.
3488 2467 3605 2513 xm,

2030 2505 2096 2559 10
2118 2505 2137 2574 )
2161 2548 2178 2573 ,
2220 2520 2275 2564 et
2300 2514 2495 2567 caritas
2519 2555 2534 2579 ,
2566 2532 2723 2586 quam
2755 2531 2841 2579 tua
2870 2505 3223 2589 dilectiovsni-
3249 2505 3390 2606 saepe
3418 2540 3544 2595 littei
3564 2562 3604 2596 IS

2027 2598 2334 2667 postulavit,
2366 2620 2494 2671 pura
2523 2612 2794 2679 suecedat,
2829 2615 2897 2670 de
2919 2633 3018 2687 qua
3047 2622 3242 2679 dicitur
3272 2644 3285 2679 :
3316 2598 3514 2685 Caritas
3541 2637 3604 2690 de

2024 2688 2175 2741 corde
2194 2708 2342 2759 puro,
2365 2704 2415 2748 et
2434 2704 2743 2756 conscientia
2766 2704 2917 2771 bona,
2940 2717 2987 2761 et
3006 2711 3108 2777 ﬁde
3128 2730 3226 2767 non
3245 2717 3364 2785 ﬁcta
3389 2720 3435 2787 (Ι
3466 2720 3600 2777 Tim.

2023 2794 2062 2847 ι,
2088 2782 2166 2851 5).
2197 2784 2336 2840 Nihil
2366 2790 2433 2842 sit
2459 2794 2742 2851 commune
2764 2798 3005 2854 lucicum
3037 2807 3271 2860 tenebris
3303 2827 3317 2865 :
3344 2814 3463 2879 quia
3495 2833 3525 2869 ιι
3569 2834 3599 2868 ιι

2021 2885 2306 2941 possumus
2336 2893 2435 2935 nec
2456 2880 2713 2941 debemus
2738 2904 2937 2946 mensa:
2966 2891 3173 2949 Domini
3208 2903 3525 2971 participare
3550 2890 3601 2962 ct

2021 2976 2224 3018 mensa!
2248 2965 2633 3028 dazmoniorum
2677 2975 2731 3047 (I
2757 2979 2873 3034 Cor.
2903 2981 2958 3051 ι)
2992 3000 3005 3037 :
3039 2993 3095 3038 ut
3122 2965 3216 3041 tibi
3244 2965 3460 3049 creditis
3490 2990 3602 3049 ovi~

2021 3052 2122 3107 bus
2151 3060 2540 3124 praeteritorum
2571 3052 2985 3140 congregatione
3024 3077 3183 3131 mund
3206 3080 3310 3141 .tis,
3346 3084 3434 3138 ﬁat
3467 3103 3602 3146 unus

2020 3160 2169 3213 grex,
2196 3157 2250 3204 et
2274 3167 2412 3206 unus
2441 3165 2622 3223 pastor
2648 3159 2841 3225 (Joan,
2862 3161 2940 3233 x).
2973 3164 3236 3236 Scriptum
3267 3187 3386 3228 esse
3416 3179 3602 3232 memi-

2024 3237 2150 3337 nisti
2183 3257 2196 3293 :
2227 3240 2289 3296 Si
2329 3256 2459 3311 recte
2488 3246 2705 3315 o/feras,
2746 3260 2792 3305 ct
2822 3266 2953 3309 recte
2982 3274 3081 3311 non
3118 3261 3351 3330 dividas,
3382 3274 3602 3337 peccasti

2022 3310 2173 3395 (Cen.
2196 3348 2281 3421 ιν,
2315 3334 2403 3403 7);
2450 3345 2505 3390 et
2540 3342 2803 3421 prOpheta
2836 3345 3030 3401 clamat
3063 3367 3076 3401 :
3109 3350 3255 3405 Inter
3282 3310 3525 3412 mundum
3553 3372 3602 3417 et

2017 3410 2335 3475 immundum
2375 3441 2477 3478 non
2507 3410 2862 3485 discernebatis
2895 3435 2914 3502 (
2938 3435 3119 3493 Επειδὴ.
3151 3457 3281 3506 xxii,
3310 3445 3378 3498 26
3400 3446 3439 3514 ).
3473 3450 3600 3516 Qute
3690 3437 3693 3440 ⁴

2018 3500 2262 3565 ύηῑνέῆεδ
2294 3502 2597 3608 summatim
2626 3519 2719 3605 illa
2757 3506 3238 3599 circumspectione
3283 3540 3596 3608 perstringio

2017 3613 2154 3661 mus,
2186 3611 2238 3655 ut
2265 3591 2512 3660 cordibus
2537 3594 2825 3665 salubriter
2840 3616 3088 3683 expiatis,
3112 3628 3215 3674 tam
3245 3622 3449 3680 firmam
3481 3591 3598 3685 sione

2015 3680 2345 3749 dubitatione
2375 3688 2541 3766 quam
2572 3716 2784 3764 veram,
2816 3714 2919 3758 tam
2951 3720 3259 3778 perpetuam
3291 3732 3447 3783 quam
3482 3723 3597 3774 uui-

2017 3788 2132 3837 t‘a‘m'
2167 3778 2437 3865 possimus
2470 3803 2651 3849 tenere
2697 3799 3057 3856 Concordiam.
3104 3804 3429 3870 Quantocius
3466 3826 3595 3882 ergo

2013 3868 2285 3959 superbis
2318 3882 2401 3933 tua
2434 3880 2529 3937 nos
2576 3872 2762 3939 reddat
2812 3889 3027 3944 dilectio
3058 3868 3339 3965 certiores,
3373 3913 3428 3955 ttt
3461 3868 3593 3969 Dee,

2014 3954 2534 4065 niistro'perlicietite
2561 3970 2700 4044 qUotl
2750 3983 2913 4050 cmpit
2937 4026 2951 4046 ,
2985 3986 3035 4037 iu
3066 4003 3319 4061 comnage
3350 4001 3592 4065 corporis

2514 4046 2519 4051 .
2836 4044 2849 4050 -
2941 4044 2945 4046 ~
3256 4044 3284 4061 υ
3305 4044 3313 4046 έ
3355 4044 3407 4047 -ν
3423 4044 3429 4046 ·
3448 4044 3509 4065 r“

2011 4050 2208 4112 Clt’risti
2242 4044 2399 4129 plena
2428 4056 2701 4122 valeamus
2731 4064 3162 4132 reconciliatione
3192 4089 3513 4143 consentire.

2507 4189 2532 4217 ⁸
2570 4180 2903 4238 EPlSTOLA
2946 4185 3078 4240 XIV.

2084 4280 2285 4321 FELICIS
2323 4254 2379 4321 Ill
2419 4285 2561 4324 PAPtE
2609 4288 2675 4326 Λῐ)
2712 4291 3005 4339 τιιΑιΑι-ιωι
3047 4292 3512 4340 ABCIHIIANDIUTAM

2453 4356 3134 4402 CONSTANTINOPOLITANUM.

2014 4424 2067 4477 Ν
2070 4443 2097 4507 e
2114 4440 2225 4479 cum
2251 4422 3047 4515 Ecclesia(Io-ustaptinopalitana
3073 4442 3147 4492 vel
3165 4442 3304 4515 illus
3329 4444 3584 4515 cpiscomi,

2080 4498 2188 4583 ipse
2232 4506 2322 4549 aut
2371 4504 2603 4583 monachi
2650 4498 2920 4583 ejtts‘dttle
2955 4506 3319 4564 cammwtt'ccnt
3356 4498 3511 4583 etiam,

2082 4567 2200 4619 sede
2228 4570 2507 4634 apostolica
2528 4567 2727 4641 jussunt
2752 4576 2925 4642 fuerit.

2084 4678 2230 4732 Felix
2261 4679 2512 4734 Tltalasio
2540 4680 2872 4758 [Thalassio].

2082 4778 2206 4841 Pest
2235 4788 2400 4843 factas
2430 4790 2630 4843 litteras
2655 4833 2669 4853 ,
2712 4809 2843 4862 quas
2893 4813 2986 4865 per
3034 4799 3175 4855 lilios
3218 4815 3431 4862 nostros
3461 4810 3584 4862 reli-

2006 4878 2137 4946 giosi
2169 4882 2423 4948 propositi
2458 4874 2599 4936 viros
2641 4885 2910 4941 dilectioni
2962 4902 3063 4946 tute
3093 4894 3336 4951 misimus
3372 4910 3584 4955 contra-

2006 4968 2225 5033 de'ldas,
2262 4984 2327 5025 ne
2370 4972 2492 5039 quid
2525 4966 2699 5025 minus
2731 4974 2825 5043 pro
2854 4980 3132 5051 catholica:
3173 4984 3295 5040 ﬁdei
3341 4989 3581 5043 custodia

2006 5055 2309 5125 diligentior
2333 5076 2459 5115 cura
2489 5064 2834 5132 prospiceret,
2860 5060 3133 5126 caritatem
3166 5084 3307 5129 tuam
3335 5077 3581 5134 duximus

2004 5140 2392 5204 admonentlam
2423 5163 2481 5206 ut
2508 5144 2752 5218 etiamsi,
2783 5154 3068 5223 praestante
3102 5164 3453 5239 Deonostro,
3488 5186 3581 5225 no—

2006 5242 2144 5294 mina
2177 5243 2567 5310 danmatornm,
2600 5245 2648 5299 id
2682 5256 2761 5299 est
2786 5248 3158 5320 A‘exandrini,
3193 5244 3331 5335 Petri
3364 5272 3415 5335 et
3448 5262 3579 5335 inle-

2002 5332 2116 5385 lidis
2146 5333 2323 5385 Acacii
2349 5372 2363 5393 ,
2399 5332 2597 5387 lneiint
2623 5335 2688 5389 de
2727 5340 3083 5397 ecclesiastica
3115 5330 3423 5421 reeitatinne
3454 5332 3578 5403 sub-

2002 5423 2142 5486 lata,
2184 5431 2240 5475 ut
2269 5422 2472 5477 similes
2520 5426 2831 5491 perditionis
2879 5434 3100 5498 eorum,
3149 5422 3429 5492 sacerdotii
3471 5456 3574 5495 non

2000 5512 2374 5578 per‘mittautur
2419 5516 2743 5583 praisumere
2780 5508 3086 5590 dignitatem
3113 5565 3129 5591 ,
3179 5510 3281 5581 non
3310 5530 3453 5597 prius
3486 5540 3575 5588 tua

1996 5644 2175 5735 (ιπηιιὲ
2200 5655 2242 5697 et
2277 5644 2574 5702 Tltalasium
2600 5690 2616 5715 ,
2658 5652 3083 5708 archimandritas
3116 5654 3573 5735 Conslantirwpoli.

1997 5714 2112 5768 .la’c.
2144 5716 2461 5771 Smnoxrus.
2604 5714 2607 5715 ⁷
2662 5728 2668 5735 ’
