4046 6188
404 274 504 330 975

1767 272 2027 329 FELICIS
2065 273 2264 332 ΡΑΡᾸΞ
2304 279 2366 334 lll

3589 299 3707 356 976

405 385 615 441 dileCtio
642 387 727 441 vel
750 387 1091 456 congregatio
1120 401 1277 456 quam
1315 387 1580 458 gubernas
1604 428 1619 452 ,
1669 386 1980 442 Constanti-
2012 389 2058 447 Α
2093 390 2388 483 prohibitus
2416 406 2497 451 est
2545 400 2654 468 (an.
2687 401 2818 472 483)
2872 406 3096 459 Atacins
3133 425 3144 460 :
3174 419 3334 479 atque
3358 412 3428 468 ob
3459 413 3561 470 hoc
3584 456 3600 483 ,
3629 432 3702 475 ex

406 478 725 549 nopolitana:
755 479 1005 534 Ecclesia:
1033 522 1046 544 ,
1084 481 1165 535 vel
1197 479 1498 549 quicunque
1527 479 1644 548 ejus
1676 481 1882 534 futurus
1914 492 1999 535 est

407 570 640 640 pontifex
668 615 682 638 ,
728 571 1236 626 communicandum
1261 588 1382 627 esse
1409 573 1670 627 decernat
1699 614 1714 638 ,
1743 589 1900 642 qnam
1934 573 2026 626 ad'

408 661 648 716 notitiam
673 662 819 716 sedis
841 663 1150 731 apostolicae
1172 672 1360 717 cuncta
1386 663 1702 729 referantur,
1723 664 1807 718 vel
1833 663 2000 732 ipsius

411 752 603 808 litteris
630 755 717 822 qui
751 754 910 807 fuerit
935 765 1144 809 creatus
1174 755 1474 823 episcopus,
1508 755 1585 809 vel
1619 763 1721 807 tua:
1750 754 1996 808 dilectio-

408 849 491 899 nis
518 845 788 915 alloquiis.
812 845 945 913 Quia
969 847 1104 899 sicut
1137 861 1231 912 per
1263 844 1649 912 professionem
1681 846 1891 899 οειιιι(›1ἱ‹
1911 861 1996 898 am

409 939 552 1004 sedis
590 939 898 1007 apostolica:
929 939 1150 991 formam
1183 951 1399 992 secutus
1435 953 1494 991 es
1523 947 1580 991 ttt
1609 950 1659 990 te
1691 953 1719 990 a
1750 939 1998 991 daumata

411 1031 788 1084 communione
819 1031 1196 1098 suspenderes,
1230 1030 1298 1082 itt
1346 1027 1490 1083 beati
1539 1028 1679 1083 Petri
1709 1028 1858 1097 sequi
1910 1027 2001 1081 de-

413 1123 548 1177 betis
575 1123 900 1189 exemplum,
927 1128 983 1174 ut
1009 1119 1222 1189 quando
1247 1121 1361 1188 ejus
1390 1121 1705 1174 auctoritate
1730 1117 1889 1172 fuerit
1913 1134 2000 1173 re-

415 1215 520 1268 lata
550 1213 876 1276 communio,
912 1220 1036 1266 tunc
1060 1212 1138 1265 eis
1168 1212 1327 1265 etiam
1355 1219 1499 1264 tuum
1528 1211 1740 1264 noveris
1773 1209 2002 1263 miscen-

417 1307 541 1362 dum
572 1320 694 1361 esse
732 1306 1083 1359 c02tsortium.
1133 1304 1241 1359 Nec
1286 1305 1564 1380 quisquam
1597 1303 1865 1357 dilectio-ti
1901 1312 2003 1356 tuac

417 1399 636 1453 omnino
681 1397 998 1465 persuadeat
1025 1397 1132 1464 jam
1166 1406 1401 1450 nostram
1430 1397 1864 1452 communionem
1899 1395 2004 1448 illis

419 1489 658 1559 partibus
691 1489 853 1543 fuisse
880 1489 1246 1554 commissam,
1271 1503 1390 1542 cum
1419 1488 1600 1543 videas
1629 1488 1802 1542 adhuc
1832 1503 1918 1541 res
1952 1489 2002 1540 in

418 1583 581 1638 dubio
617 1581 956 1646 constitutas,
989 1591 1039 1634 et
1069 1580 1210 1648 apud
1253 1595 1346 1633 nos
1377 1580 1445 1633 de
1475 1579 1582 1634 illic
1608 1593 1789 1633 crtato
1827 1579 2002 1646 ponti-

420 1673 518 1728 ﬁce
546 1673 724 1728 omnia
756 1671 940 1726 haberi
971 1685 1188 1741 prorsus
1216 1672 1439 1726 incerta.
1473 1671 1654 1738 Neque
1680 1678 1861 1740 posset
1885 1685 2005 1723 cum

2108 477 2273 535 forma
2297 485 2486 553 synodi
2518 502 2843 557 memoratw,
2878 495 3106 550 similem
3136 477 3378 569 cunctos,
3409 521 3528 572 qua:
3552 522 3700 577 pra:-

2107 566 2208 622 ﬁxa
2257 570 2422 624 fuerat
2476 576 2765 642 pravitati,
2799 579 3157 638 damnationis
3194 566 3448 645 incidisse
3477 566 3700 650 senten—

2105 658 2231 712 tiam
2258 703 2272 725 ,
2307 663 2459 730 cujus
2499 678 2556 717 se
2585 667 2862 734 elegerunt
2891 687 3012 726 esse
3050 688 3346 732 consortes.
3405 682 3552 740 Unde
3584 702 3703 743 me-

2105 748 2208 804 rito
2241 754 2525 819 praedictus
2572 759 2796 812 Aeacius
2847 765 3153 829 apostolica:
3192 770 3334 824 sedis
3359 812 3374 836 ,
3407 789 3526 842 qua:
3554 794 3699 834 nunc

2104 844 2406 897 exsecutriv
2456 846 2640 914 utique
2669 864 2813 917 saepe
2843 852 2966 906 dicti
2995 855 3450 918 Chalcedonensis
3478 868 3700 924 concilii

2107 949 2203 1003 pro
2255 937 2357 992 lide
2403 941 2664 994 catholica
2710 954 2834 998 tunc
2865 950 3073 1014 probati
3105 967 3208 1004 non
3261 952 3468 1023 defuit,
3504 959 3696 1016 iterata

2107 1024 2214 1097 [die
2260 1029 2384 1082 Julii
2413 1031 2482 1084 28
2513 1048 2602 1086 an.
2647 1033 2774 1104 484]
2825 1044 3387 1100 cxcommuuicatione
3438 1049 3700 1114 depulsus

2105 1126 2208 1185 est,
2242 1134 2309 1171 ne
2339 1133 2431 1186 ter
2459 1136 2580 1174 eum
2609 1163 2624 1185 ,
2655 1125 2797 1192 quod
2829 1127 2967 1180 absit
2990 1169 3004 1189 ,
3040 1145 3137 1184 nos
3168 1148 3380 1202 quoque
3412 1139 3701 1190 reddantur

2105 1209 2394 1278 complices
2418 1214 2764 1279 perditorum.
2799 1217 2975 1286 Nequi-
3007 1220 3219 1276 Petrnm
3250 1227 3530 1295 quisquam
3563 1229 3700 1298 legi-

2107 1299 2237 1352 time
2266 1301 2449 1355 credat
2477 1319 2598 1359 esse
2646 1314 2964 1376 purgatum,
3015 1313 3102 1380 qui
3152 1331 3256 1367 non
3295 1333 3323 1369 a
3366 1318 3502 1374 beati
3549 1320 3700 1376 Petri

2106 1394 2333 1459 apostoli
2362 1397 2490 1450 sede
2523 1408 2772 1468 receptus
2800 1414 2876 1455 est
2906 1444 2920 1465 ,
2963 1419 3066 1472 qua
3107 1407 3204 1460 luit
3235 1410 3520 1466 mandante
3547 1412 3701 1483 deje-

2106 1494 2244 1539 ctus.
2269 1487 2412 1542 Bene
2433 1489 2574 1543 enim
2603 1491 2942 1548 dilectionem
2969 1507 3110 1551 tuam
3143 1515 3300 1555 nosse
3327 1517 3430 1556 non
3455 1506 3696 1575 ambigo,

2107 1578 2248 1645 quod
2276 1593 2557 1647 personam
2593 1581 2897 1651 huiusmodi
2918 1629 2933 1651 ,
2964 1603 3084 1643 cum
3112 1590 3183 1644 ita
3215 1592 3351 1646 ratio
3377 1597 3697 1664 postularet,

2110 1686 2214 1725 non
2244 1671 2344 1726 nisi
2374 1674 2752 1730 ecclt-siastica:
2781 1679 2914 1746 legis
2953 1681 3141 1737 ordine
3167 1687 3525 1754 competenti,
3557 1690 3702 1745 sicut

420 1779 486 1820 eo
510 1764 705 1820 sociari
736 1763 1064 1831 communio,
1099 1761 1250 1832 cujus
1277 1763 1450 1817 adhuc
1475 1778 1504 1817 a
1532 1763 1684 1818 nobis
1714 1777 1812 1816 nec
1839 1764 2009 1816 honor
2039 1760 2085 1820 Β
2111 1762 2366 1818 divinitus
2402 1767 2748 1822 constitutum
2779 1780 2898 1836 est,
2945 1773 3027 1827 vel
3065 1775 3272 1842 possint
3295 1819 3310 1843 ,
3350 1777 3432 1833 vel
3465 1780 3704 1837 debeant

423 1855 679 1922 probatur
720 1868 840 1909 esse
881 1865 1201 1922 susceptus,
1251 1869 1348 1907 nec
1395 1855 1529 1908 ﬁdes
1579 1863 1738 1922 atque
1785 1853 2009 1908 intentio

420 1945 787 2014 comprobata.
842 1945 1134 2014 Exspectet
1175 1959 1304 2014 ergo
1341 1945 1560 1999 dilectio
1588 1955 1674 1998 tua
1705 1944 1849 1999 sedis
1876 1961 2008 2014 apo-

423 2036 622 2090 Stolica:
647 2034 966 2104 jussionem,
996 2045 1048 2090 et
1080 2035 1159 2090 sic
1188 2035 1439 2090 Εοοιθδίευ
1465 2034 2011 2106 Constantitwpolita-

429 2141 512 2181 nae
538 2141 690 2182 sacra
715 2140 774 2181 se
801 2127 1179 2181 communione
1209 2127 1500 2198 conjungat
1525 2168 1540 2194 ,
1573 2130 1616 2181 si
1645 2127 1698 2182 in
1730 2128 2011 2196 participa-

424 2219 567 2279 tione
596 2219 734 2273 beati
765 2216 911 2272 Petri
939 2227 996 2272 et
1018 2217 1296 2272 catholica:
1327 2219 1564 2273 veritatis
1589 2219 1858 2274 desidera.
1886 2234 2007 2289 per-

422 2325 660 2363 manere.
693 2309 821 2362 Data
852 2309 1102 2363 calendas
1130 2310 1313 2373 Maias,
1338 2319 1362 2345 ⁸·
1389 2310 1562 2366 Probo
1587 2322 1638 2364 et
1668 2310 1866 2365 Fausto
1898 2311 2006 2368 νγ.

421 2400 526 2455 CC.
588 2400 880 2456 indictione
911 2415 1024 2453 xttt.

977 2553 1299 2609 EPISTULA
1346 2554 1458 2608 XV.

532 2703 730 2743 FELICIS
781 2703 834 2742 III
878 2704 1023 2743 ΡΑΡῶ
1065 2706 1132 2743 AD
1172 2706 1540 2744 VETRANI'DNEM
1597 2707 1901 2744 εριδευιιωι.

423 2820 639 2894 Dissidii
667 2820 908 2894 Ecclesia;
924 2822 1505 2894 Constantinopolitanm
1527 2841 1706 2877 causas
1728 2841 2009 2892 exponens,

492 2893 728 2945 hortatur
755 2904 809 2946 ut
843 2893 1098 2947 Zenonem
1131 2897 1198 2946 ad
1237 2900 1471 2950 unionem
1513 2911 1627 2948 cum
1671 2894 1905 2948 Romana
1934 2899 2014 2948 in-

493 2964 828 3015 staurandum
861 2975 1167 3032 permoveat.

493 3094 639 3149 Felix
672 3095 977 3150 Vetrattioni
1007 3098 1279 3167 episcopo.

500 3204 654 3270 Quod
684 3205 902 3260 unitatis
936 3209 1188 3263 Ecclesia:
1229 3211 1381 3279 plena
1411 3214 1654 3282 cupimus
1683 3216 2010 3294 redintegrao

427 3295 572 3353 tione
603 3299 804 3352 ﬁrmari
830 3338 844 3364 ,
880 3301 1167 3356 tnultorum
1199 3305 1455 3360 relatione
1493 3309 1855 3377 comperimus
1880 3312 2012 3366 dile-

422 3391 652 3446 ctionem
685 3401 859 3462 tuam,
897 3403 952 3449 et
993 3397 1219 3467 egregiis
1249 3399 1486 3454 moribus
1513 3402 1690 3455 divina
1721 3405 1888 3471 gratia
1917 3406 2012 3459 tri-

423 3481 618 3536 buente
666 3483 893 3551 pollere,
938 3497 990 3538 et
1018 3487 1218 3541 domini
1248 3489 1338 3543 ﬁlii
1381 3493 1545 3544 nostri
1573 3492 2010 3551 Cltristianissimi

424 3574 683 3644 principis
713 3575 1072 3631 familiaritate
1101 3581 1412 3646 subnixam;
1447 3597 1793 3654 paratamque
1822 3586 2011 3640 frater-

423 3667 646 3722 nitatem
689 3677 832 3721 tuam
861 3671 1141 3725 catholica:
1170 3671 1290 3726 fidei
1324 3688 1562 3738 causam,
1593 3678 1634 3730 si
1681 3680 2011 3734 manifestius

421 3759 765 3828 panderetur,
798 3762 966 3816 libere
995 3774 1044 3818 et
1078 3764 1369 3832 pruden'er
1415 3777 1677 3822 astruere.
1711 3770 1914 3835 Quibus
1941 3773 2011 3826 de

422 3863 510 3906 tua
543 3864 725 3907 mente
755 3854 981 3923 sumptis
1013 3856 1244 3918 indiciis,
1277 3860 1436 3913 talem
1471 3869 1520 3914 te
1551 3862 1790 3916 veritatis
1821 3874 2009 3918 aucto-

421 3958 535 3997 rem
568 3943 724 4016 [Lege
754 3944 1012 4015 attorcm]
1040 3960 1161 4001 esse
1193 3949 1568 4016 perpendimus
1594 3996 1609 4020 ,
1659 3954 1866 4022 qualent
1903 3955 2010 4010 illic

421 4034 841 4090 desideravimtts
877 4036 1133 4092 invenire.
1187 4039 1472 4095 Gratamttr
1519 4044 1683 4112 igitur
1729 4047 1868 4114 quod
1901 4047 2010 4100 hac-

421 4126 712 4181 reditatem
753 4143 902 4181 suam
937 4145 1040 4182 non
1091 4146 1470 4202 usquequaque
1504 4137 1759 4190 Dominus
1787 4141 2010 4207 repulis-

421 4227 545 4284 set,
578 4218 672 4272 sed
705 4219 756 4273 in
783 4235 966 4273 eorum
999 4222 1251 4275 cttrdiltus
1294 4224 1570 4287 ﬂammant
1612 4240 1769 4282 rectm
1800 4231 2012 4287 confes-

422 4310 590 4364 si0nis
637 4324 874 4365 servaret
904 4313 1309 4380 absconditam,
1361 4315 1447 4383 qui
1481 4320 1594 4373 sive
1617 4337 1675 4376 se
1705 4339 1734 4375 a
1764 4337 2007 4379 commu-

422 4400 582 4454 nione
611 4391 830 4455 confusa
875 4407 1082 4471 penitus
1110 4406 1478 4477 abstinerent,
1524 4411 1639 4466 sive
1686 4412 1737 4466 in
1765 4428 1881 4468 eam
1915 4433 2008 4485 per

2111 1856 2496 1912 convenienter
2537 1858 2836 1916 absolvere.
2891 1862 3044 1930 Quod
3092 1882 3212 1920 cum
3246 1868 3440 1924 factum
3471 1887 3574 1926 non
3605 1873 3702 1938 sit,

2109 1948 2451 2003 manifestum
2483 1959 2567 2005 est
2593 1953 2811 2008 Petrum
2843 1955 2894 2008 in
2921 1969 2984 2009 ea
3012 1971 3114 2024 qua
3147 1959 3350 2026 pridem
3381 1960 3554 2018 fuerat
3575 1979 3704 2033 per-

2112 2041 2364 2094 versitate
2392 2056 2454 2096 ac
2481 2043 2827 2100 damnatione
2855 2046 3104 2102 detineri.
3152 2051 3252 2116 Qui
3280 2053 3489 2109 etiamsi
3519 2055 3703 2125 legiti-

2113 2145 2199 2185 me
2227 2131 2420 2202 corrigi
2448 2135 2746 2198 voluisset,
2788 2137 3170 2207 indulgentiam
3210 2145 3464 2214 consequi
3491 2146 3702 2210 debuit,

2113 2237 2218 2278 non
2262 2225 2679 2281 ecclesiasticam
2729 2227 3042 2298 dignitatem
3081 2248 3095 2284 :
3133 2236 3256 2301 quia
3311 2236 3378 2289 ab
3431 2237 3705 2294 haereticis

2113 2315 2484 2383 damnatisque
2535 2316 2652 2372 falsi
2701 2321 2984 2376 sacerdotii
3032 2339 3226 2380 nomen
3267 2341 3566 2396 assumens,
3603 2329 3706 2384 Ec-

2113 2407 2293 2459 clesia:
2312 2405 2594 2462 catholica:
2624 2411 2783 2465 nullis
2809 2414 3006 2480 regulis
3037 2417 3206 2484 potuit
3233 2418 3538 2485 praesidere.
3576 2421 3706 2476 ιιωα
3779 2431 3782 2433 ’

2114 2508 2290 2549 autem
2341 2513 2460 2564 qua:
2502 2499 2568 2554 de
2615 2503 2883 2569 przrdictis
2929 2517 3078 2574 gesta
3122 2509 3497 2575 narravimus,
3537 2510 3705 2565 docu-

2116 2591 2310 2642 mentis
2343 2591 2462 2644 itule
2493 2595 2823 2649 venientibue
2852 2598 3237 2663 approbantur,
3267 2600 3408 2655 sicut
3434 2601 3705 2657 Constan-

2118 2680 2449 2745 tinnpolitaui
2501 2683 2680 2737 clerici
2731 2687 2816 2753 qui
2866 2688 3053 2742 directi
3108 2698 3272 2756 sunt,
3319 2704 3700 2761 agnoverunt;

2117 2775 2394 2842 palamque
2441 2785 2792 2832 monstratum
2821 2791 2903 2834 est
2933 2781 3180 2836 Aeacittnt
3209 2799 3268 2838 se
3297 2799 3484 2838 eorum
3513 2786 3705 2841 iecisse

2117 2867 2434 2934 participem
2464 2885 2597 2935 quos
2629 2874 2737 2923 suis
2777 2872 2968 2926 litteris
3010 2875 3072 2924 lt-t
3095 2875 3320 2937 reticos,
3351 2884 3406 2929 et
3441 2876 3705 2932 retulerat

2117 2962 2230 3028 ipse
2251 2962 2548 3015 damnatos.
2577 2963 2845 3032 Perceptis
2870 2981 2996 3031 ergo
3026 2967 3333 3019 sitmmatim
3365 2967 3585 3023 dilectio
3614 2977 3703 3022 tua

2117 3071 2234 3123 quae
2264 3055 2509 3109 videntur
2542 3057 2897 3110 Et'clesiarttm
2930 3059 3118 3112 fecisse
3147 3060 3428 3115 dissidittm
3449 3104 3463 3124 ,
3495 3078 3702 3128 nosque

2117 3148 2452 3214 perpendens
2477 3166 2580 3202 non
2605 3149 2870 3205 immerito
2894 3167 2987 3218 pro
3011 3151 3114 3206 ﬁde
3135 3154 3400 3208 catholica
3427 3155 3703 3210 exstitisse

2115 3236 2416 3300 sollicitos,
2460 3255 2564 3291 non
2611 3241 2782 3293 solum
2835 3241 3092 3310 deinceps
3138 3259 3197 3298 se
3245 3260 3272 3296 a
3321 3248 3704 3301 communione

2115 3329 2484 3384 damnatorum
2529 3333 2738 3385 studeat
2783 3336 3053 3389 cusmtlire
3083 3353 3095 3387 :
3126 3339 3219 3390 sed
3259 3335 3455 3392 Christi
3485 3354 3702 3409 gregem

2115 3437 2214 3488 qtta
2240 3422 2380 3476 valet
2413 3423 2670 3476 industria
2703 3429 2974 3480 retrahere
3003 3413 3106 3482 non
3131 3429 3390 3497 quiescit,
3422 3441 3474 3484 ct
3502 3431 3702 3485 domno

2115 3513 2224 3567 ﬁlio
2256 3525 2441 3567 nostro
2470 3514 2786 3569 Christianae
2816 3517 3008 3571 mentis
3038 3523 3277 3588 Angusto
3316 3520 3702 3577 incessabiliter

2114 3619 2402 3671 suggerere
2437 3621 2541 3659 non
2573 3608 2821 3673 omittat,
2867 3619 2923 3662 ttt
2959 3611 3137 3678 operis
3174 3614 3253 3664 sui
3287 3628 3524 3679 memor,
3554 3615 3699 3683 quod

2115 3693 2216 3747 fide
2245 3694 2537 3761 catholica,
2570 3697 2862 3766 inspirante
2903 3701 3129 3756 Domino
3160 3713 3372 3769 nostro,
3407 3707 3703 3760 clementer

2113 3784 2308 3838 dicitur
2333 3798 2640 3851 exsecutus,
2670 3790 2882 3858 plenam
2917 3794 3244 3855 temporibus
3272 3798 3380 3848 suis
3412 3813 3614 3865 pacem,
3645 3809 3702 3853 et

2113 3875 2311 3929 Christi
2343 3879 2616 3932 veritatem
2649 3879 2933 3947 sinceram,
2965 3894 3020 3936 ut
3053 3886 3351 3953 praecipuus
3379 3901 3546 3942 sacrte
3573 3891 3702 3942 reli-

2112 3969 2284 4033 gionis
2328 3968 2485 4035 ﬁlius,
2520 3980 2573 4024 ct
2605 3971 2686 4038 pia
2736 3971 3019 4029 devotione
3049 3980 3384 4044 consrticuus,
3421 3983 3700 4049 tranquilla

2113 4058 2462 4124 dispositione
2508 4071 2808 4128 restauret,
2851 4074 2905 4117 et
2941 4066 3009 4120 de
3049 4067 3280 4120 Ecclesia
3324 4069 3701 4125 Constantino-

2114 4149 2346 4214 politana
2399 4149 2538 4204 Petri
2593 4155 2935 4208 Alexandrini
2984 4158 3199 4211 nomine
3243 4161 3530 4230 Acaciique
3573 4165 3701 4217 sub-

2114 4239 2221 4293 lato
2247 4281 2260 4306 ,
2309 4254 2402 4306 pro
2445 4259 2551 4308 quo
2579 4253 2867 4314 tempestas
2913 4249 3085 4302 omnis
3115 4260 3300 4303 exorta
3340 4261 3443 4311 est.
3476 4253 3700 4307 inteme-

2112 4340 2278 4383 ratam
2312 4342 2546 4400 paterna:
2577 4336 2878 4390 traditionis
2921 4339 3041 4392 ﬁdei
3077 4350 3194 4408 post
3226 4341 3510 4396 Dominum
3545 4345 3700 4397 beni-

2114 4437 2248 4487 gttus
2273 4422 2468 4478 efficiat
2499 4427 2775 4481 unitatem.
2820 4427 2950 4494 Qua:
2997 4446 3264 4500 nunquam
3300 4433 3487 4487 luisset
3519 4435 3700 4504 utique

424 4493 774 4561 ignorantiam
809 4496 1127 4551 recidissent
1150 4537 1162 4557 .
1198 4499 1418 4553 mallent
1448 4511 1626 4557 tamen
1657 4511 1712 4559 et
1749 4504 2005 4562 declarari
2037 4493 2090 4555 Ῐ)
2118 4524 2394 4580 temerata,
2436 4520 2477 4570 si
2505 4520 2642 4572 hanc
2673 4519 2977 4588 imperatori
3013 4521 3471 4578 Christianissimo
3523 4525 3701 4581 ﬁdeli.

421 4596 710 4652 qnterecta
741 4598 906 4654 sunt,
952 4601 1005 4643 et
1053 4591 1344 4645 secundum
1398 4594 1738 4650 traditionem
1767 4607 2004 4656 veterum

421 4678 766 4744 comprobata
815 4681 1032 4733 sectari.
1092 4683 1267 4751 Atque
1315 4683 1433 4738 ideo
1479 4687 1676 4756 alloqui
1733 4689 2004 4746 caritatem

423 4778 567 4822 tuam
603 4778 784 4824 nostro
829 4772 1000 4825 modis
1041 4775 1289 4828 omnibus
1318 4791 1566 4833 sermone
1592 4783 1925 4848 curavimus,
1953 4795 2008 4839 et

422 4860 490 4914 de
519 4861 599 4915 bis
628 4875 748 4930 quae
777 4862 1067 4916 Ecclesiam
1101 4862 1301 4920 Christi
1330 4866 1551 4925 fecerint
1577 4873 1837 4930 dissidere
1862 4891 2009 4932 com-

425 4962 666 5021 petenter
697 4953 985 5010 instruere.
1019 4957 1072 5010 ltt
1103 4957 1523 5016 Cbalcedouensi
1570 4964 1747 5032 itaque
1774 4969 2001 5038 synodo,

422 5060 542 5113 quae
572 5045 640 5098 de
681 5046 891 5101 concilii
940 5047 1136 5104 Nicaani
1170 5060 1356 5106 tenore
1384 5057 1699 5126 procedens,
1730 5075 1825 5128 pro
1852 5061 2008 5118 Chri-

421 5137 611 5192 stiana:
640 5138 994 5196 confessionis
1041 5143 1344 5214 integritate
1377 5149 1658 5214 servanda,
1689 5161 1794 5206 tam
1823 5165 2008 5210 aucto-

421 5230 582 5284 ritate
607 5230 752 5285 sedis
778 5233 1085 5300 apostolicae
1110 5250 1266 5303 quam
1299 5239 1614 5294 universalis
1649 5241 1900 5299 Ecclesia:
1926 5256 2008 5302 est

421 5318 686 5373 celebrata
710 5333 996 5386 consensu,
1030 5323 1320 5395 Eutycltem
1352 5338 1512 5398 atque
1538 5331 1844 5388 ltioscorum
1877 5351 2008 5393 con-

389 5417 526 5484 Γειειι
557 5409 722 5464 fuisse
750 5411 1050 5466 damnatos.
1101 5414 1336 5480 Quorum
1377 5419 1690 5475 Timotheus
1735 5434 1786 5477 et
1817 5425 2004 5483 Petrus

393 5497 397 5505 ’
422 5498 688 5554 exstitisse
709 5500 973 5556 docentur
996 5505 1175 5572 procul
1193 5505 1353 5558 dubio
1375 5522 1686 5577 seetatores,
1710 5529 2002 5586 eorumque

421 5601 481 5643 se
505 5592 868 5647 communioni
894 5595 1111 5649 nefariae
1137 5598 1434 5664 miscuiSse,
1460 5602 1620 5655 etiam
1647 5620 1767 5661 cum
1797 5624 1824 5661 a
1849 5611 2003 5666 nobis

493 5691 522 5720 ⁸
558 5681 911 5742 Scribendum
938 5688 1170 5757 Longino
1192 5701 1237 5748 et
1268 5691 1483 5764 Fausto,
1517 5715 1603 5752 an.
1637 5700 1760 5758 490.

2117 4614 2199 4662 ter
2218 4607 2444 4663 Aeacius
2471 4610 2740 4665 insinuare
2765 4613 3041 4668 voluisset.
3066 4614 3168 4669 Sed
3195 4618 3319 4670 dum
3345 4615 3566 4671 Patrum
3593 4630 3702 4674 ter-

2115 4699 2290 4754 minos
2330 4699 2619 4755 transferre
2650 4703 2885 4768 molitur,
2931 4715 2987 4758 et
3015 4705 3392 4760 ambitionibus
3421 4709 3534 4762 suis
3566 4724 3703 4778 pra:-

2113 4790 2453 4844 varicatiouis
2497 4792 2698 4846 aditum
2740 4795 3077 4864 impudenter
3105 4796 3355 4866 exquirit,
3407 4814 3507 4853 nec
3538 4815 3703 4854 vene-

2116 4879 2301 4935 rabilia
2352 4881 2612 4936 dubitavit
2668 4884 2881 4940 decreta
2938 4888 3180 4954 calcare,
3235 4898 3291 4943 et
3351 4889 3497 4945 inter
3540 4905 3702 4945 curas

2113 4971 2354 5041 publicas
2390 4987 2650 5044 occupato
2707 4976 2935 5048 principi
2989 4981 3296 5036 venerando
3343 4981 3704 5038 dissimulavit

2111 5080 2228 5135 qua:
2258 5079 2477 5121 noverat
2503 5083 2625 5123 vera
2669 5085 2954 5140 suggerere
2983 5091 2996 5126 :
3031 5074 3192 5130 talem
3221 5091 3281 5130 se
3309 5077 3696 5133 conscientiam

2110 5156 2250 5210 circa
2277 5156 2504 5211 salutem
2543 5159 2743 5224 regiam
2778 5172 3204 5235 potestatemque
3229 5177 3444 5236 gestare
3472 5170 3703 5224 demon-

2110 5257 2306 5315 strans,
2340 5251 2550 5319 qualem
2582 5251 2634 5304 in
2668 5255 2878 5322 ttvgotio
2918 5255 3085 5322 ipsius
3121 5258 3396 5328 religionis
3431 5260 3704 5315 exhibuit.

2114 5340 2283 5407 Unde,
2315 5343 2455 5411 quod
2479 5358 2583 5397 non
2613 5345 2732 5400 sine
2754 5346 2917 5401 divini
2957 5347 3146 5418 judicii
3177 5357 3382 5406 terrore
3410 5351 3703 5408 dicendum

2113 5445 2224 5501 est,
2263 5435 2424 5489 etiam
2453 5437 2610 5490 nobis
2651 5437 2694 5490 si
2732 5440 3047 5508 requisisset
3073 5442 3413 5511 optantibus,
3469 5459 3576 5498 non
3620 5455 3705 5501 est

2115 5525 2410 5593 permissus
2453 5527 2674 5582 absolvi.
2723 5529 3002 5596 Quomodo
3045 5543 3223 5589 autem
3275 5535 3507 5591 domnus
3538 5538 3707 5591 ﬁlius

2116 5629 2297 5673 noster
2327 5619 2642 5676 venerabilis
2683 5621 2974 5691 imperator
3015 5639 3120 5680 non
3164 5624 3267 5681 hoc
3311 5627 3412 5682 sibi
3456 5627 3708 5697 judicare
