4046 6188
383 375 486 434 977

376 594 507 635 cere
534 583 616 636 vel
665 583 900 642 docere?
939 589 1278 661 Quapropter
1325 594 1573 664 adjuncta
1629 612 1810 651 secum
1850 614 1967 652 mea

378 683 572 739 prece,
612 672 830 730 dilectio
867 686 954 731 tua
983 693 1128 750 saepe
1157 683 1354 738 dictum
1382 685 1634 740 domnnm
1673 688 1838 740 lilium
1871 701 1969 758 no-_-

377 770 553 817 strum
582 767 972 836 supplicatione
1000 788 1104 840 qua
1135 784 1335 843 potest.
1368 788 1423 831 et
1458 779 1812 850 lacrymarnm
1842 796 1970 849 pro-

379 853 620 909 fessione
655 857 975 926 deprecetur
1024 874 1081 918 ut
1134 867 1397 935 patienter
1441 872 1712 938 permittat
1768 873 1968 928 abscidi

378 947 471 1010 qui
520 961 618 1001 nos
646 952 1012 1023 conturbant,
1064 973 1130 1011 ne
1160 959 1212 1012 in
1255 963 1654 1016 successoribus
1694 965 1973 1019 literetico-

377 1049 500 1090 rum
532 1052 812 1106 reparasse
846 1043 1122 1101 videamur
1163 1050 1302 1118 quod
1345 1052 1397 1104 in
1439 1055 1748 1108 auctoribus
1781 1071 1968 1110 eorum

376 1135 587 1182 certum
614 1140 696 1184 est
727 1130 892 1188 fuisse
917 1133 1223 1192 damnatum
1246 1157 1260 1204 ;
1299 1143 1638 1212 priornmqne
1661 1146 1972 1201 consimiles

374 1221 686 1289 opprimere
717 1239 823 1279 non
865 1227 1004 1281 sinat
1033 1232 1447 1287 ecclesiasticam
1477 1235 1810 1303 dignitatem,
1837 1256 1973 1304 qua-

374 1320 538 1367 tenus
567 1317 856 1382 apostolica
884 1333 1016 1373 voce
1045 1320 1316 1376 dicamus:
1352 1324 1412 1378 Si
1438 1343 1536 1394 qua
1560 1329 1714 1397 igitur
1745 1330 1796 1382 in
1825 1329 1973 1384 Citri-

375 1412 455 1455 sto
487 1421 617 1458 nova
657 1419 929 1473 creatura,
972 1421 1137 1466 vetera
1178 1417 1519 1482 transierunt,
1557 1435 1667 1474 ecce
1691 1421 1828 1490 facta
1856 1415 1972 1477 sunt

375 1499 550 1549 omnia
574 1515 702 1552 nova
728 1499 782 1570 (Ι
812 1501 934 1557 Cor.
963 1521 1012 1569 v,
1050 1506 1157 1576 l7).
1193 1508 1487 1564 Ecclesiam
1516 1512 1970 1585 Constantinopo-

375 1587 600 1643 liL-tnatn
633 1594 808 1657 nobis,
830 1596 969 1650 sicut
1010 1614 1242 1667 semper,
1278 1601 1478 1656 unitam
1513 1619 1606 1657 sua
1653 1617 1770 1674 post
1799 1608 1968 1663 Deum

373 1683 687 1750 placiditate
725 1689 1003 1742 concedat.
1038 1691 1300 1757 Quoniam
1328 1705 1381 1749 et
1411 1695 1514 1749 hoc
1543 1702 1820 1765 praesentis
1856 1700 1972 1756 feli-

373 1774 552 1828 citatis
574 1777 692 1845 ejus
733 1778 1064 1834 incrementa
1112 1783 1441 1852 desiderant,
1485 1798 1539 1843 et
1583 1793 1970 1860 consequendzc

1582 392 1934 452 EPISTOUE
1973 391 2061 448 ΕΤ
2101 391 2432 449 DECRETA

381 497 566 556 posset
590 490 892 551 faciendum
913 537 929 564 ,
954 500 1102 568 quod
1129 512 1376 560 cerneret
1404 507 1730 562 sacerdotem
1772 509 1856 562 vel
1893 508 1968 562 ιι-
2000 511 2045 566 Δ

3554 404 3660 460 978

2700 507 3029 567 LIBELLUS

2099 615 2129 652 Δ
2168 614 2354 654 FELICE
2392 614 2522 653 ΡΑΡΔ
2565 615 2805 654 DECRETO
2843 614 3065 655 CONCILII
3097 618 3162 659 AD.
3201 619 3442 660 ZENONEI
3481 622 3632 663 IIPE-

2563 685 2813 724 RATOBEM
2850 685 3218 727 TRANSMISSUS.

2142 761 2274 814 Cum
2301 761 2400 816 sibi
2427 761 2687 817 redditam
2716 778 2897 831 pacem
2915 803 2930 827 ,
2962 767 3285 834 compressis
3314 782 3412 836 per
3430 785 3526 825 vos
3540 771 3659 827 lia:-

2071 851 2280 913 reticis,
2311 853 2398 921 qni
2427 854 2794 908 sentiebantnr
2815 856 3020 919 attolli,
3053 857 3373 914 universalis
3404 864 3661 930 gauderet

2073 942 2342 1007 Ecclesia,
2376 954 2429 998 et
2455 956 2648 1000 vestrae
2678 948 2887 1015 pietatis
2920 949 3203 1018 imperium
3247 953 3408 1007 etiam
3454 955 3520 1010 de
3563 957 3665 1009 ini-

2074 1033 2223 1085 micis
2252 1034 2362 1086 suis
2394 1035 2670 1088 victoriam
2722 1049 3086 1106 reportasset,
3135 1054 3187 1095 et
3229 1059 3322 1111 per
3353 1045 3658 1099 universum

2073 1125 2256 1180 orbem
2281 1141 2377 1194 pro
2407 1127 2578 1182 salute
2607 1139 2801 1183 vestra:
2825 1133 3126 1198 serenitatis
3152 1137 3323 1188 oratio
3343 1147 3659 1191 cunctorum

2073 1226 2251 1271 oraret
2275 1218 2340 1270 ad
2375 1219 2652 1273 Dominum
2678 1223 3050 1289 sacerdotum;
3076 1235 3130 1278 et
3151 1235 3323 1280 vestra
3349 1229 3516 1295 pietas
3541 1231 3659 1284 lidci

2073 1318 2252 1361 custos
2306 1319 2359 1363 et
2407 1310 2662 1365 defenSor
2711 1314 3080 1380 ort‘hodoxite,
3132 1318 3232 1371 sub
3267 1321 3452 1372 aeterni
3502 1320 3661 1390 Regis

2075 1401 2449 1470 propitiatione
2476 1415 2727 1473 regnaret
2761 1424 2772 1459 :
2804 1407 3020 1475 quando
3051 1411 3338 1464 venerandi
3369 1412 3548 1479 apices
3575 1430 3660 1465 ve.-

2074 1493 2203 1561 stri,
2238 1501 2292 1546 et
2346 1493 2459 1547 Deo
2501 1496 2742 1563 proxima
2775 1511 2998 1551 currens
3036 1498 3104 1552 de
3135 1514 3286 1554 sacro
3317 1513 3528 1567 pectore
3561 1502 3661 1556 fre-

2072 1594 2298 1652 quenter
2315 1587 2631 1649 auctoritas,
2661 1587 2798 1642 inter
2823 1589 3012 1657 gaudia
3045 1593 3244 1660 recepti
3281 1593 3526 1662 imperii,
3564 1596 3662 1648 Pe-

2076 1684 2214 1729 trum
2245 1688 2624 1732 conversatum
2665 1694 2787 1733 cum
2837 1681 3130 1744 haereticis,
3169 1693 3221 1737 et
3267 1686 3542 1751 parricidas
3588 1687 3662 1744 illi

2073 1765 2354 1821 Timotheo
2383 1768 2778 1834 cohaerentem,
2803 1786 2843 1823 'a
2872 1772 3115 1838 profanis
3133 1776 3275 1842 (qttia
3309 1792 3407 1830 nec
3446 1780 3512 1830 ab
3543 1777 3662 1832 aliis

373 1867 578 1922 fructus
608 1872 925 1927 aeternitatis
973 1877 1234 1942 exposcit.
1284 1879 1636 1937 Dilectionem
1663 1854 1789 1937 vero
1821 1895 1964 1938 tuam
1999 1876 2044 1933 Β
2075 1854 2185 1909 ﬁeri
2207 1858 2439 1925 potem!)
2461 1860 2838 1914 Alexandrina}
2863 1862 3118 1917 Eculesm
3137 1865 3468 1935 cpisc'mum’
3494 1885 3661 1936 qua"-

373 1960 685 2027 Specialiter
725 1979 1042 2020 commoneo
1079 1979 1237 2038 atque
1278 1982 1556 2028 contestor
1597 1977 1648 2029 in
1682 1978 1773 2030 illo
1805 1979 1969 2033 nostri

373 2050 675 2108 Salvatoris
700 2057 947 2111 examine
980 2058 1315 2115 formidanda
1346 2065 1605 2120 rationem
1638 2069 1764 2121 tnihi
1799 2070 1970 2124 modis

374 2144 626 2198 omnibus
656 2148 1003 2214 reddituram,
1031 2154 1073 2206 si
1125 2169 1244 2223 qute
1292 2172 1385 2224 pro
1434 2160 1737 2227 integritate
1781 2163 1970 2216 salutis

375 2231 655 2305 humanae,
687 2255 782 2307 pro
806 2241 1099 2297 orthodoxa
1134 2255 1295 2316 atque
1327 2251 1558 2316 regulari
1582 2255 1969 2311 constitutione

375 2327 678 2397 majorum,
713 2341 767 2386 et
806 2336 984 2388 veraci
1033 2347 1194 2406 atque
1243 2341 1452 2395 sincera
1506 2346 1664 2398 totius
1719 2347 1969 2401 Ecclesia:

375 2433 509 2488 pace
539 2427 836 2493 reparanda
875 2428 1152 2498 delegavi,
1197 2434 1337 2499 quod
1388 2412 1575 2490 de.tna
1635 2449 1813 2493 mente
1864 2455 1967 2494 non

375 2515 644 2570 credimus
678 2521 896 2590 segnius
925 2528 1263 2592 exsequaris.

797 2654 899 2725 (Ex
938 2657 1123 2713 codice
1164 2658 1539 2732 Virdnnensi.)

446 2763 597 2819 Felix
637 2766 868 2822 Andreae
905 2770 1160 2840 episcopo
1191 2773 1683 2833 Thessalonicensi.

445 2856 599 2921 Quod
625 2858 781 2926 plene
800 2861 1078 2915 catholicae
1105 2864 1224 2918 ﬁdei
1251 2868 1494 2936 cupimus
1515 2871 1967 2942 redintegratione

374 2947 610 3011 ﬁrmari,
636 2949 1052 3007 sollicitudinem
1099 2954 1402 3012 dilectionis
1434 2967 1568 3025 tute,
1597 2977 1699 3031 qna
1732 2965 1796 3017 ad
1825 2965 1967 3020 sedis

374 3043 521 3098 beati
548 3043 692 3098 Petri
723 3048 1155 3103 communionem
1185 3051 1366 3106 venire
1393 3053 1668 3110 desideras
1688 3099 1702 3121 ,
1737 3058 1966 3114 libenter

373 3133 790 3201 amplectimur;
847 3138 939 3202 sed
966 3153 1082 3192 eam
1135 3141 1430 3211 vellemus,
1472 3145 1608 3200 sicut
1649 3148 1964 3205 orthodoxze

373 3224 616 3278 veritatis
645 3226 850 3281 cautela
882 3227 1154 3298 deposcit,
1187 3247 1249 3286 ex
1297 3235 1440 3289 omni
1473 3237 1587 3293 fieri
1637 3250 1787 3308 parte
1827 3258 1963 3300 con-
1992 3243 2038 3306 C

373 3319 626 3371 stantem.

975 3433 1346 3493 DECRETUM

912 3560 1110 3600 ιρι-ξιιοη
1151 3564 1298 3604 PAPE
1340 3566 1421 3606 111.

796 3649 894 3722 (Ex
930 3655 1163 3706 Gratiano
1194 3657 1524 3742 desumptum,
1541 3666 1558 3728 )

377 3772 448 3828 In
475 3777 828 3833 ecclesiasticis
868 3781 1034 3834 causis
1063 3784 1204 3852 regia
1243 3787 1475 3844 uoluntas
1503 3792 1850 3852 sacerdotibus
1893 3809 1969 3852 est

978 3857 1347 3922 postponenda.

449 3996 669 4053 Certum
701 4009 783 4054 est
807 3999 909 4056 hoc
931 4003 1091 4057 rebus
1120 4007 1313 4061 vestris
1335 4023 1454 4066 esse
1479 4013 1742 4083 salutare,
1763 4027 1823 4073 ut
1845 4035 1967 4077 cum

379 4089 451 4146 de
477 4093 654 4146 causis
677 4093 773 4147 Dei
800 4095 994 4163 agitur,
1030 4097 1180 4163 juxta
1203 4099 1368 4165 ipsius
1394 4107 1852 4176 constitutionem,
1883 4129 1969 4169 re-

380 4182 522 4251 giam
549 4185 877 4239 voluntatem
917 4188 1284 4244 sacerdotibus
1315 4192 1512 4250 Christi
1557 4200 1814 4256 studeatis
1839 4204 1970 4258 sub-

381 4275 512 4331 dere
540 4291 644 4330 non
669 4278 956 4346 praeferre;
989 4291 1044 4335 et
1071 4299 1411 4343 sacrosancta
1437 4307 1531 4360 per
1551 4309 1737 4351 eorum
1766 4315 1970 4365 praesu-

378 4366 463 4421 les
495 4369 672 4436 potius
703 4370 911 4427 discere
950 4389 1106 4443 quam
1151 4377 1379 4443 docere;
1407 4383 1821 4443 ecclesiasticam
1856 4391 1966 4446 for-

352 4441 525 4514 ~mam
555 4464 735 4531 sequi,
769 4480 872 4518 non
906 4465 1058 4529 huic,
1104 4470 1411 4526 humanitus
1437 4478 1818 4549 obsequendo,
1848 4483 1964 4551 jura

379 4551 694 4620 preligere;
739 4569 910 4623 neque
940 4558 991 4608 in
1023 4558 1137 4626 ejus
1165 4562 1528 4618 sanctionibus
1559 4569 1697 4623 velle
1726 4570 1966 4627 domina~
1992 4603 2046 4662 Β

378 4639 462 4703 ri,
489 4651 515 4678 ⁸
541 4645 693 4711 cujus
722 4645 1020 4700 clementiae
1047 4652 1181 4704 lleus
1215 4654 1377 4706 volttit
1402 4667 1502 4709 tuae
1534 4659 1633 4726 piae
1662 4661 1965 4720 devotionis

379 4733 516 4787 colla
546 4735 860 4792 submittere
886 4756 898 4793 :
929 4756 1023 4807 ne,
1060 4741 1185 4795 dum
1217 4760 1461 4800 mensura
1493 4751 1726 4804 cmlesti~
1750 4754 1965 4825 dispen-

381 4825 608 4880 sationis
636 4829 931 4894 exceditur,
952 4842 1104 4886 eatur
1134 4837 1186 4887 in
1218 4842 1962 4913 contumeliamdisponentis.

454 4974 480 5050 ς
519 4967 616 5049 cui
640 4969 788 5050 Deus
817 4970 975 5050 voluit
1006 4973 1314 5050 clementiam
1356 4988 1493 5033 luant
1537 4983 1636 5050 pile
1663 4985 1939 5044 devotionis

377 5045 407 5084 a
439 5035 695 5096 Gratiano
719 5040 893 5096 aliove
921 5042 1252 5110 decerptum.
1287 5046 1448 5102 Lana.

2075 1956 2185 1999 tum
2230 1948 2328 2001 sibi
2397 1950 2832 2016 existimaverat,
2894 1953 3239 2020 ordinatum,
3289 1961 3663 2028 acceptissima

2074 2037 2183 2091 Deo
2209 2042 2566 2109 praceptiune
2590 2042 2860 2107 dejccerat
2885 2061 2899 2109 ;
2929 2055 2980 2098 et
3006 2049 3216 2117 tyranni
3259 2050 3501 2118 litteras,
3530 2069 3664 2120 quas

2074 2128 2125 2181 in
2155 2132 2491 2184 eversionem
2521 2142 2706 2186 contra
2733 2134 2810 2187 fas
2836 2141 3233 2193 etsacrosancti
3262 2140 3664 2201 Chalcedonen-

2073 2221 2148 2274 sis
2185 2221 2397 2276 concilii
2430 2223 2772 2280 tlelmitioncs
2811 2242 2962 2282 mens
3003 2229 3187 2284 insana
3221 2231 3542 2300 dictaverat,
3570 2253 3664 2305 pro

2073 2312 2222 2379 regni
2245 2312 2322 2365 sui
2348 2315 2845 2382 commendatione,
2888 2323 3184 2375 cvacnavit.
3218 2322 3289 2375 lta
3339 2324 3533 2380 deinde
3565 2328 3662 2381 illi-

2071 2400 2205 2452 citas
2233 2401 2598 2457 ordinationes
2627 2407 2771 2472 ejus,
2807 2407 2886 2461 vel
2927 2409 3086 2462 etiam
3128 2412 3425 2478 Timothei,
3455 2425 3510 2468 ut
3541 2428 3663 2483 pcte.

2073 2489 2469 2558 haereticorum,
2498 2494 2674 2548 irritas
2708 2495 2861 2564 fecit;
2895 2507 3054 2567 atque
3084 2517 3197 2563 eos,
3226 2512 3480 2570 quantutn
3511 2517 3661 2560 extra

2073 2579 2364 2636 Ecclesium
2391 2583 2609 2649 fuerint,
2637 2587 2894 2654 judicavit
2926 2589 3082 2661 [Lege
3108 2592 3399 2666 indicavit].

2144 2672 2251 2726 Sed
2282 2689 2421 2728 nunc
2469 2693 2624 2740 eum,
2677 2682 2894 2733 mutatis
2922 2684 3157 2736 omnium
3197 2688 3405 2754 gaudiis
3445 2690 3498 2744 in
3529 2706 3662 2747 mte-

2073 2775 2246 2816 rorem
2262 2804 2277 2828 ,
2303 2763 2556 2820 Ecclesiae
2579 2767 2962 2824 Alexandriam
2985 2777 3330 2840 cognovimus
3349 2780 3657 2847 prtesidere.

2073 2849 2225 2916 Quod
2254 2852 2298 2905 si
2327 2867 2512 2908 verum
2540 2865 2624 2909 est
2651 2855 2729 2930 (ut
2754 2856 3214 2918 Christianissimo
3237 2867 3460 2937 principi
3479 2884 3659 2926 coram

2069 2941 2180 2998 Deo
2223 2944 2544 3001 fiducialiter
2569 2956 2653 3002 est
2697 2948 3046 3024 faciendum),
3092 2957 3276 3012 divino
3300 2959 3502 3029 judicio
3539 2979 3661 3036 sug-

2067 3035 2302 3103 gerimus
2359 3053 2465 3092 non
2517 3038 2707 3096 leviter
2767 3058 2887 3098 esse
2938 3048 3306 3116 pensandum,
3357 3054 3458 3108 n'si
3499 3035 3662 3112 certis

2067 3127 2352 3196 remediis,
2398 3132 2541 3200 quod
2570 3133 2623 3187 in
2664 3137 3042 3191 contumeliam
3073 3137 3168 3194 Dei
3205 3141 3399 3198 factum
3444 3146 3662 3213 dicitur,

2069 3216 2231 3272 fuerit
2271 3221 2566 3298 expiatum.
2603 3224 2668 3279 Et
2705 3227 2830 3295 quia
2862 3226 3023 3296 (sicut
3059 3233 3315 3301 scriptmn
3365 3235 3469 3307 est)
3511 3240 3664 3312 unius

2067 3309 2279 3362 membri
2305 3319 2464 3364 totum
2511 3329 2693 3384 corpus
2731 3319 2928 3386 patitur
2956 3323 3215 3389 passiones
3262 3325 3346 3395 (ll
3385 3309 3518 3384 Cor,
3546 3329 3662 3401 ut),

2066 3397 2119 3452 in
2143 3413 2366 3467 persona
2397 3401 2514 3470 ejus
2534 3403 2768 3460 Orientis
2791 3410 3172 3465 concutiuntur
3203 3415 3480 3472 Ecclesite.
3507 3397 3661 3486 Quod

2068 3487 2288 3543 fratrem
2317 3497 2375 3543 et
2401 3492 2778 3564 coepiscopum
2806 3511 2983 3551 meum
3009 3500 3660 3575 ConstantinOpolitanum

2066 3582 2286 3651 respicit
2344 3585 2712 3652 sacerdotem,
2763 3589 3022 3647 adversus
3073 3609 3232 3662 quem
3291 3599 3344 3652 in
3391 3610 3658 3659 conventu

2067 3669 2199 3731 mihi
2222 3671 2289 3727 ab
2305 3687 2403 3740 eo,
2425 3673 2578 3744 cujus
2598 3675 2778 3732 sedem
2803 3680 3053 3747 praefatus
3081 3683 3248 3738 fertur
3273 3695 3478 3754 tenere,
3510 3691 3660 3748 libel-

2073 3759 2158 3814 lus
2183 3761 2396 3818 oblatus
2424 3773 2542 3829 est,
2588 3781 2747 3833 quem
2775 3770 3236 3838 deploratiooibus
3280 3793 3413 3833 mete
3444 3780 3661 3837 humili-

2070 3852 2195 3906 tatis
2225 3855 2490 3921 annexui;
2525 3865 2584 3912 ut
2625 3857 2764 3913 idem
2810 3859 2974 3916 frater
3010 3874 3063 3918 et
3108 3869 3460 3940 CﬂepiSr‘Opus
3508 3890 3660 3929 meus

2070 3945 2297 4001 Aeacius
2333 3949 2494 4016 (sicut
2539 3951 2917 4010 ecclesiasticis
2963 3973 3185 4014 necesse
3211 3972 3324 4028 est,
3377 3974 3431 4019 et
3471 3969 3663 4023 vestris

2071 4034 2277 4106 legibus
2319 4037 2436 4092 fleri
2465 4039 2644 4110 decet)
2673 4041 2739 4096 ad
2775 4043 2889 4100 haec
2915 4061 3034 4114 quze
3064 4049 3130 4103 de
3176 4065 3236 4104 se
3268 4055 3505 4120 pervidet
3537 4059 3660 4111 inti-

2073 4127 2240 4191 mari,
2270 4127 2408 4194 apud
2440 4128 2808 4186 beatissimum
2840 4134 3056 4188 Petrum
3101 4144 3402 4207 apostolum
3450 4145 3664 4202 diluere

2070 4218 2389 4275 obedienter
2415 4231 2694 4288 procuret,
2726 4239 2824 4280 nec
2851 4226 2962 4280 ullo
3003 4229 3166 4281 modo
3207 4232 3478 4288 existimet
3505 4239 3660 4293 ἀειγε-

2072 4309 2319 4366 rendum.
2365 4311 2465 4379 Qui
2513 4315 2558 4366 sl
2608 4310 3077 4384 (quemadmodum
3131 4322 3476 4394 confidimus)
3524 4327 3662 4384 bene

2072 4402 2320 4456 conscius
2364 4413 2475 4468 est,
2520 4408 2870 4474 apostolicum
2902 4426 3006 4464 non
3037 4411 3193 4467 debet
3233 4414 3489 4484 judicium
3535 4436 3655 4476 cum

2073 4494 2547 4550 consacerdotibus
2578 4499 2691 4551 suis
2731 4510 2784 4554 et
2832 4504 3250 4559 moderationem
3307 4511 3573 4577 abjicere;
3603 4527 3660 4570 ut

2072 4583 2492 4639 sacerdotalibus
2527 4589 2730 4642 actibus
2771 4600 2823 4645 et
2852 4596 3288 4661 comprobatione
3341 4602 3481 4657 fideli
3513 4621 3662 4659 cutu-

2071 4675 2325 4740 probatns
2355 4677 2580 4743 primum
2614 4678 2808 4734 Christi
2855 4682 3062 4738 Domini
3108 4690 3304 4755 nostri,
3353 4701 3512 4762 atque
3543 4711 3659 4750 om-

2073 4767 2218 4822 nium
2267 4771 2632 4838 sacerdotum,
2669 4787 2730 4828 ac
2768 4774 2963 4833 deinde
3012 4780 3223 4848 pietatis
3262 4795 3452 4841 vestrae
3488 4793 3658 4858 gratia

2073 4858 2337 4926 gloriosus
2372 4859 2694 4929 perfruatur.

1971 4992 2104 5048 colla
2132 4995 2441 5050 submittere.
2468 4997 2599 5054 Vide
2623 5014 2783 5071 supra
2809 5003 2964 5074 epist.
2991 5007 3043 5073 9,
3072 5010 3211 5067 unde
3235 5011 3337 5069 hoc
3377 5016 3651 5076 decretum

1582 5272 2378 5451 seseese

1741 5393 2218 5656 se
