4046 6188
377 342 478 397 981

1321 340 1405 393 DE
1447 336 1987 403 ECCLESIASTlClS
2028 336 2458 401 DOGMATIBUS
2499 340 2699 393 LIBER

3539 342 3640 399 932

376 452 503 519 quia
536 465 643 505 non
687 460 769 506 est
798 451 961 513 ﬁlius,
992 464 1166 519 netue
1215 449 1513 516 ingenitus;
1565 449 1687 516 quia
1725 463 1827 501 non
1874 456 1953 501 est
1984 449 2261 512 Asua,et
2290 466 2417 505 caro
2464 468 2585 505 cum
2640 452 2886 507 sensibus
2935 454 3044 508 suis
3077 472 3087 508 :
3126 469 3219 522 per
3267 471 3402 524 quos
3449 472 3639 513 sensus

382 544 575 607 Pater,
624 558 797 611 neque
840 544 1028 607 fartus,
1060 545 1178 610 quia
1206 560 1308 598 non
1332 554 1413 598 est
1442 559 1505 599 ex
1551 543 1742 609 nihilo,
1768 544 1863 597 sed
1894 557 1958 595 ex

377 633 489 687 Deo
520 634 676 688 Patre
702 645 755 686 et
788 633 894 686 Deo
929 633 1063 686 Filio
1094 635 1231 687 Deus
1260 633 1574 701 procedens.
1612 633 1765 685 Pater
1795 640 1959 685 atter-

378 738 497 787 nus,
532 738 598 775 eo
627 722 769 790 quod
800 733 1056 775 a-ternutn
1088 722 1277 776 habeat
1311 722 1523 785 Filium,
1551 723 1701 790 cujus
1726 730 1959 776 a~tcrttus

375 812 446 864 sit
477 811 656 865 Pater.
696 813 747 885 2
799 810 966 864 Filius
996 819 1254 875 a'terntts,
1304 826 1370 865 eo
1401 812 1539 880 quod
1586 821 1655 863 sn
1698 811 1838 865 l'atri
1869 827 1957 864 co-

375 912 495 954 a-ter
514 916 634 953 nus.
664 899 895 968 Spiritus
916 910 1133 954 sanctus
1163 911 1415 964 alternus,
1448 916 1513 954 eo
1542 901 1681 971 quod
1720 901 1785 953 sit
1818 901 1957 953 Patri

374 1000 431 1044 et
462 990 602 1044 Filio
629 1001 952 1043 cmeternus.
987 990 1100 1043 Non
1128 990 1347 1043 confusa
1380 991 1432 1043 in
1463 1006 1563 1043 una
1594 1006 1819 1057 persona
1841 992 1957 1044 'l‘ri-

374 1083 539 1145 nitas,
572 1090 629 1135 ut
660 1081 921 1136 Sabellius
944 1081 1100 1145 dicit;
1132 1097 1304 1150 neque
1326 1090 1564 1150 separata
1592 1091 1682 1135 aut
1706 1082 1873 1135 divisa
1904 1083 1955 1136 itt

375 1184 567 1226 natura
605 1173 901 1236 Divinitas,
933 1182 989 1226 ut
1033 1175 1189 1227 Arius
1219 1175 1581 1243 ltlaspltemat;
1612 1176 1704 1228 sed
1736 1176 1872 1230 alter
1902 1178 1953 1230 in

376 1280 607 1337 persona
636 1265 821 1329 Pater,
854 1265 987 1319 alter
1019 1267 1069 1319 in
1105 1281 1331 1333 persona
1364 1266 1559 1332 Filius,
1590 1267 1725 1321 alter
1754 1269 1804 1321 in
1839 1283 1957 1335 per-
2000 1274 2003 1279 ’

371 1372 505 1410 snna
538 1357 769 1425 Spiritus
818 1367 1054 1411 sanctus.
1090 1358 1235 1412 Unus
1268 1367 1451 1412 natura
1480 1358 1533 1412 in
1564 1370 1744 1413 sancta
1776 1360 1946 1416 Trini-

373 1457 482 1502 tate
509 1447 649 1503 Deus
674 1456 845 1518 pater,
870 1462 923 1503 et
953 1449 1141 1515 Filius,
1167 1460 1218 1505 et
1240 1450 1470 1520 Spiritus
1500 1461 1738 1507 sanctus.

994 1540 1221 1594 CAPUT
1262 1542 1322 1595 ll.

444 1628 559 1683 Non
590 1637 739 1698 pater
767 1646 981 1685 carnem
1029 1635 1336 1702 assumpsit,
1369 1650 1541 1705 neque
1569 1636 1795 1705 Spiritus
1828 1652 1952 1693 san-

369 1728 511 1783 ctus,
544 1719 637 1773 sed
669 1719 833 1774 Filius
864 1732 1071 1777 tantum
1098 1742 1109 1773 :
1144 1732 1199 1778 ut
1224 1726 1312 1794 qui
1336 1736 1450 1780 erat
1477 1728 1527 1781 itt
1552 1728 1827 1783 divinitate
1860 1729 1949 1784 Dei

372 1809 546 1863 Patris
579 1809 767 1875 Filius,
803 1813 914 1880 ipse
954 1812 1106 1867 ﬁeret
1136 1816 1186 1868 in
1239 1814 1451 1871 homine
1494 1817 1724 1873 hominis
1767 1820 1951 1874 matris

372 1900 553 1965 ﬁlius;
588 1916 653 1955 ne
684 1901 778 1955 ﬁlii
822 1918 1014 1958 nomen
1044 1905 1107 1959 ad
1153 1906 1378 1961 alterum
1414 1908 1683 1972 transiret,
1713 1911 1803 1981 qui
1847 1927 1950 1965 non

368 2001 513 2045 esset
541 2002 736 2045 (eterna
782 1996 1055 2051 nativitate
1097 1997 1253 2052 ﬁlius.
1284 2000 1377 2054 Dei
1424 2016 1551 2071 ergo
1584 2001 1749 2057 Filius
1780 2002 1951 2057 factus

366 2095 450 2136 est
482 2083 711 2138 hominis
740 2086 897 2154 ﬁlius,
925 2098 1080 2143 natus
1109 2091 1400 2145 secundum
1433 2094 1709 2149 veritatem
1746 2105 1950 2148 natura:

366 2190 432 2228 ex
459 2174 572 2228 Deo
599 2176 687 2230 Dei
723 2176 907 2242 Filius,
935 2191 988 2234 et
1016 2183 1307 2236 secundum
1334 2185 1610 2239 veritatem
1646 2196 1847 2241 natura:
1877 2202 1944 2242 ex

367 2265 586 2322 homine
627 2269 856 2324 hominis
888 2271 1051 2326 Filius
1083 2292 1095 2326 ε
1130 2285 1184 2329 ιιι
1216 2277 1410 2331 veritas
1456 2278 1622 2347 geniti
1672 2294 1776 2333 non
1820 2280 1948 2333 ado-

371 2359 590 2425 ptione,
637 2375 738 2414 non
768 2364 1149 2431 appellatione,
1191 2367 1282 2421 sed
1317 2368 1369 2421 in
1419 2378 1644 2438 utraque
1662 2372 1948 2428 lnativitate

366 2450 461 2504 filii
504 2464 699 2505 nomen
732 2456 1001 2509 nascendo
1056 2458 1303 2521 haberet,
1336 2468 1390 2513 et
1435 2472 1578 2516 esset
1607 2479 1763 2516 verus
1810 2464 1947 2518 Deus

365 2550 422 2597 et
449 2557 609 2598 verus
652 2546 811 2599 homo
856 2563 991 2601 unus
1024 2548 1181 2603 ﬁlitts.
1215 2551 1329 2605 Non
1358 2567 1486 2621 ergo
1511 2554 1645 2608 duos
1669 2555 1907 2608 Chrisms
1927 2597 1943 2621 ,

366 2647 543 2702 neque
589 2633 723 2689 duos
773 2636 912 2691 ﬁlios
958 2638 1205 2702 fatemur,
1254 2642 1346 2694 sed
1380 2642 1543 2696 Deum
1590 2653 1643 2696 et
1674 2643 1942 2697 hominem

365 2739 532 2777 unum
562 2724 749 2778 ﬁlium.
774 2726 939 2792 Quem
966 2739 1245 2797 propterea
1270 2741 1323 2785 et
1346 2733 1672 2802 unigenitum
1697 2734 1943 2800 dicimus,

364 2825 672 2869 manentem
722 2816 770 2870 in
821 2818 1027 2873 duabus
1072 2821 1422 2885 subsantiis,
1464 2824 1599 2878 sicut
1642 2825 1690 2878 ei
1743 2835 1945 2879 naturte

364 2906 564 2959 veritas
592 2910 834 2973 contulit,
878 2913 927 2981 3
959 2928 1061 2965 non
1089 2913 1328 2969 confusis
1371 2915 1606 2978 naturis,
1638 2933 1809 2985 neque
1848 2918 1943 2970 im-

363 3000 568 3067 mixtis,
596 3000 734 3054 sicut
758 3001 1081 3057 Timothiani
1106 3006 1307 3071 volunt,
1340 3006 1431 3060 sed
1475 3009 1731 3061 societate
1758 3009 1939 3063 uttitis.

366 3086 509 3143 Deus
531 3104 659 3158 ergo
681 3090 948 3147 homitem
978 3097 1287 3165 assumpsit,
1316 3096 1477 3152 homo
1502 3098 1553 3151 in
1580 3099 1741 3153 Deum
1770 3108 1942 3153 trans-

364 3174 483 3244 ivit,
518 3193 624 3233 non
665 3192 866 3236 natura:
909 3185 1285 3250 versibilitate,
1322 3189 1462 3241 sicut
1491 3198 1515 3224 ⁸
1546 3190 1939 3258 Apollinaristte

364 3268 569 3336 dicunt,
604 3271 695 3325 sed
729 3272 817 3326 Dei
846 3272 1153 3341 dignatione
1184 3291 1199 3327 :
1244 3286 1302 3330 ιιι
1331 3293 1427 3331 nec
1464 3278 1603 3332 Deus
1649 3288 1942 3334 mutaretur

368 3358 419 3413 in
466 3360 749 3415 humanam
801 3362 827 3401 ι)
861 3365 1214 3420 substantiam
1243 3408 1257 3431 ,
1286 3370 1607 3422 assumendo
1636 3370 1904 3423 hominem
1926 3410 1940 3433 ,

368 3467 468 3506 nec
506 3455 665 3507 homo
707 3454 759 3508 in
810 3455 1045 3510 divinam
1092 3458 1417 3528 gloriﬁcatus
1466 3463 1516 3513 in
1577 3462 1740 3515 Deum
1778 3480 1789 3513 :
1823 3461 1943 3529 quia

366 3545 591 3598 mutatio
620 3545 701 3598 vel
752 3545 1073 3602 versihilitas
1119 3557 1326 3604 natura:
1356 3558 1411 3605 et
1454 3550 1864 3605 diminutionem
1894 3560 1947 3603 et

365 3635 707 3691 abolitionem
749 3635 1063 3694 substantiae
1108 3638 1254 3695 facit.
1292 3641 1544 3697 Creditur
1583 3658 1612 3695 a
1644 3643 1799 3699 nobis
1829 3645 1947 3699 sine

363 3725 683 3781 confusione
722 3728 1008 3795 conjuncta
1039 3738 1221 3784 sancta
1270 3730 1534 3798 Trinitas,
1566 3732 1685 3787 sine
1724 3748 1945 3803 separa-

366 3818 517 3871 tione
547 3815 822 3871 dlstincta.
848 3816 1014 3874 Natus
1039 3828 1123 3875 est
1146 3834 1276 3891 ergo
1302 3820 1398 3877 Dei
1424 3822 1587 3877 Filius
1608 3838 1672 3879 ex
1703 3822 1942 3891 homine,

363 3916 422 3960 et
451 3922 554 3959 non
584 3921 677 3975 per
706 3906 973 3964 hominem
1008 3927 1023 3965 :
1047 3909 1101 3966 id
1127 3921 1229 3970 est.
1260 3927 1364 3967 non
1391 3928 1457 3970 ex
1483 3914 1582 3969 viri
1611 3914 1781 3980 coitu,
1810 3916 1947 3970 sicut

367 3997 539 4052 Ebion
562 3998 719 4063 dicit;
744 3999 838 4054 sed
866 4013 1083 4056 carnem
1106 4016 1172 4056 ex
1202 4002 1421 4073 virginis
1446 4019 1675 4074 corpore
1700 4006 1944 4070 trahens,

366 4098 421 4144 et
446 4104 552 4144 non
579 4092 646 4146 de
672 4094 809 4147 cmlo
835 4108 1015 4149 secum
1037 4094 1289 4164 aﬂerens,
1313 4097 1451 4152 sicut
1476 4097 1733 4159 Marcion,
1762 4096 1947 4165 Orige-

367 4194 467 4233 nes
513 4189 570 4235 et
623 4181 891 4253 Eutyches
934 4183 1224 4239 affirmant.
1255 4187 1434 4257 Neque
1487 4188 1538 4242 in
1563 4190 1861 4258 phantasia,
1894 4188 1943 4241 itl

300 4320 309 4330 .
366 4281 474 4339 est,
502 4273 927 4341 absquecarne,
972 4276 1111 4330 sicut
1138 4277 1446 4331 Valentinus
1470 4280 1683 4343 asserit,
1720 4290 1741 4316 ο
1772 4294 1947 4349 neque

367 4362 436 4417 de
467 4362 625 4427 thesi,
659 4363 709 4417 id
759 4375 861 4434 est,
910 4366 1147 4435 putative
1196 4368 1563 4435 imaginatum,
1612 4372 1705 4423 sed
1751 4385 1945 4440 corpus

368 4468 576 4507 verum.
610 4451 637 4491 ἀ
668 4455 781 4509 Non
812 4464 1015 4510 tantum
1044 4472 1260 4512 carnem
1301 4446 1365 4513 ex
1401 4474 1591 4527 carne,
1642 4463 1778 4514 sicut
1805 4461 1946 4514 Mar-

369 4544 575 4610 cianus,
606 4545 700 4599 sed
724 4561 884 4600 verus
917 4546 1056 4601 Deus
1086 4562 1148 4601 ex
1179 4547 1477 4614 dixinitate,
1509 4558 1563 4603 et
1582 4565 1740 4604 verus
1786 4551 1945 4605 homo

369 4650 433 4689 ex
464 4650 644 4700 carne,
672 4644 696 4673 ο
745 4652 880 4689 unus
913 4636 1008 4691 Dei
1060 4636 1255 4703 Filius,
1290 4638 1343 4691 in
1382 4637 1659 4693 divinitate
1712 4640 1943 4694 Verbum

371 4726 547 4781 Patris
572 4740 622 4781 et
660 4728 823 4792 Deus,
852 4730 903 4783 in
924 4716 1153 4785 homine
1183 4730 1357 4785 anima
1379 4740 1431 4786 et
1452 4747 1597 4787 caro.
1631 4733 1815 4789 Anima
1842 4750 1946 4789 non

369 4815 573 4885 absque
621 4832 779 4872 sensu
809 4828 863 4872 et
885 4820 1108 4883 ratione,
1158 4830 1216 4873 ut
1244 4822 1593 4891 Apollinaris,
1625 4838 1797 4891 neque
1822 4840 1949 4879 caro

372 4905 575 4976 absque
599 4908 795 4976 anima,
821 4918 878 4962 ut
908 4910 1233 4977 Eunomius;
1257 4912 1351 4967 sed
1380 4913 1554 4966 anima
1586 4929 1706 4967 cum
1738 4914 1948 4969 ratione

448 5111 476 5140 ι
502 5101 600 5157 Ms.
624 5102 743 5157 cod.
770 5102 1032 5170 Florent.,
1050 5102 1385 5159 Tertullianus
1406 5113 1454 5159 et
1472 5105 1854 5176 Apollinarium
1871 5107 1953 5161 di-

375 5180 496 5228 cunt
508 5212 519 5225 .

455 5241 482 5279 δ
516 5242 636 5309 Ms.,
668 5243 1032 5311 su/ﬁcientiam.

454 5322 477 5351 ε
509 5312 580 5365 Ita
608 5326 710 5366 ms.
737 5314 856 5366 cod.
884 5312 1221 5367 Florentinus
1252 5311 1495 5367 hihlioth.
1527 5314 1591 5368 D.
1622 5314 1803 5368 Marci.

451 5380 478 5419 δ
510 5382 633 5445 ΜΒ..
662 5399 765 5435 non
808 5384 1054 5449 ina'quale
1074 5424 1089 5449 ,
1124 5394 1177 5435 ut
1204 5382 1488 5437 Eunomia:
1508 5423 1524 5443 .
1557 5383 1686 5437 nihil
1717 5402 1803 5451 per
1828 5400 1943 5453 gra-

378 5454 525 5517 tiam,
554 5468 641 5505 cor
666 5461 833 5505 tamen
860 5467 1096 5518 carnem;
1128 5466 1288 5508 sensu
1320 5454 1487 5509 nullo.

455 5532 481 5560 ο
507 5522 619 5575 Vox
650 5521 743 5575 Dei
767 5538 835 5577 ex
862 5538 961 5576 ms.
993 5533 1095 5578 est.

462 5590 479 5629 ί
512 5593 611 5646 Ms.
639 5592 781 5648 delet
806 5608 870 5645 ea:
895 5593 1103 5661 virgine.

458 5675 479 5707 κ
514 5664 625 5715 Vox
664 5662 935 5715 Marcellus
957 5669 1105 5717 deest
1130 5664 1179 5716 in
1210 5677 1309 5716 ms.

461 5738 481 5767 ιι
518 5735 636 5790 .\ls..
665 5735 752 5787 sed
778 5746 993 5786 a’tcrnus
1024 5744 1140 5785 ante
1169 5733 1355 5789 arcula
1379 5730 1533 5791 Deus.
1566 5732 1732 5793 homo.
1770 5744 1870 5785 ctc.

1972 4511 2024 4571 D

2068 555 2221 594 veros
2264 543 2314 594 in
2345 543 2611 609 passione,
2640 552 2693 597 et
2712 551 2836 599 ante
2868 546 3165 614 passionem
3195 563 3305 602 sua:
3335 549 3510 603 carnis
3536 550 3632 603 do.

2065 629 2205 685 lores
2231 617 2499 686 sustinuit:

2647 723 2943 794 [ιεριιιυτ
2984 727 3068 781 ιιι.

2133 812 2314 881 Neque
2336 815 2413 867 sic.
2441 825 2521 868 est
2550 828 2701 868 natus
2735 814 2752 852 ί
2783 832 2847 869 ex
2889 816 3128 885 virgine,
3165 828 3219 870 ut
3265 828 3319 872 et
3346 818 3637 873 divimtttis

2060 899 2266 954 initium
2299 902 2459 956 homo
2492 904 2762 959 nascendo
2810 906 3098 973 acceperit,
3148 909 3297 975 quasi
3351 916 3634 977 antequam

2060 1006 2370 1047 nasceretur
2415 1009 2480 1048 ex
2510 995 2713 1063 virgine
2760 996 2897 1051 Deus
2928 1011 3029 1050 non
3077 997 3433 1064 fuerit,sicut
3476 1001 3633 1052 Arte-

2059 1100 2202 1148 mon,
2231 1095 2283 1139 et
2324 1085 2579 1155 Berilltts,
2614 1095 2667 1139 et
2700 1096 2724 1133 Β
2769 1086 3066 1152 Marcellus,
3114 1088 3448 1142 docuerunt:
3482 1085 3509 1124 δ
3540 1089 3633 1141 sed

2056 1182 2287 1229 :eternus
2315 1185 2369 1231 et
2398 1176 2535 1231 Deus
2566 1188 2619 1230 et
2642 1176 2802 1232 homo
2831 1194 2895 1232 ex
2924 1179 3125 1249 virgine
3155 1190 3308 1233 natus
3337 1188 3438 1244 est,
3476 1175 3493 1216 ί
3526 1196 3631 1234 nun

2056 1268 2303 1323 amittens
2334 1268 2476 1339 quod
2505 1278 2639 1334 erat,
2672 1270 2919 1338 dignatus
2953 1284 3072 1326 esse
3114 1271 3253 1341 quod
3287 1286 3331 1325 n~
3360 1287 3392 1324 ιι
3423 1279 3557 1325 erat.

2665 1406 2893 1462 CAPUT
2934 1406 3023 1462 IV.

2122 1519 2263 1574 Nihil
2289 1533 2523 1576 creatum
2546 1530 2638 1577 aut
2657 1503 2895 1578 serviens
2918 1522 2970 1577 in
2992 1522 3254 1578 Trinitate
3282 1535 3295 1574 ι
3326 1523 3626 1589 credamus,

2052 1617 2109 1661 ut
2134 1609 2245 1663 vult
2276 1611 2555 1683 Dionysius
2584 1614 2700 1668 fons
2722 1613 2871 1678 Arii;
2902 1611 2924 1648 ι
2959 1612 3088 1667 nihil
3123 1613 3409 1683 inaequale,
3433 1626 3487 1667 ut
3514 1616 3627 1670 vult

2054 1699 2378 1767 Eunomius;
2411 1703 2539 1756 nihil
2571 1704 2830 1772 inmquale
2853 1704 3131 1771 gratite,ut
3159 1706 3270 1760 vult
3293 1707 3507 1771 Actius;
3538 1708 3619 1760 tti-

1984 1801 2028 1862 Β
2055 1790 2126 1846 hil
2164 1796 2402 1848 anterius
2447 1797 2777 1862 posteriusve
2823 1807 2913 1849 aut
2940 1796 3134 1856 minus,
3167 1805 3223 1848 ut
3264 1794 3450 1861 Arius;
3494 1796 3625 1850 nihil

2056 1892 2365 1938 extraneum
2391 1896 2480 1938 aut
2506 1883 2521 1921 ι
2547 1885 2774 1940 ofﬁriale
2796 1885 2972 1947 alteri,
3001 1896 3058 1939 ut
3093 1884 3459 1951 Macedonius;
3488 1886 3620 1940 nihil

2054 1982 2093 2009 ω
2142 1976 2455 2043 pervasione
2498 1987 2590 2029 aut
2636 1977 2971 2044 surreptione
3012 1977 3265 2030 insertum
3292 2018 3307 2040 ,
3350 1987 3407 2030 ut
3460 1977 3626 2032 Mani-

2050 2064 2264 2129 chmus;
2291 2066 2419 2119 nihil
2466 2082 2804 2135 corporeum,
2845 2076 2901 2121 ut
2946 2066 3123 2121 Melito
3148 2076 3202 2121 et
3229 2066 3623 2132 Tertullianus,

2052 2155 2185 2209 nihil
2229 2156 2579 2224 corporaliter
2622 2156 2937 2226 efﬁgiatum,
2978 2166 3037 2211 ut
3090 2157 3625 2226 Anthmpomorphus

2050 2258 2104 2303 et
2130 2256 2158 2283 ιι
2188 2247 2489 2311 Vadianus;
2522 2247 2657 2301 nihil
2687 2248 2789 2302 sibi
2836 2247 3100 2303 invisibile
3141 2262 3170 2300 a
3218 2246 3478 2302 creaturis
3503 2287 3518 2311 ,
3570 2256 3623 2301 ut

2048 2337 2335 2408 Origenes;
2388 2338 2520 2392 nihil
2566 2339 2825 2395 creaturis
2874 2338 3113 2403 visibile,
3164 2347 3220 2391 ut
3266 2338 3619 2403 Fortunatus;

2049 2430 2179 2484 nihil
2231 2430 2468 2485 moribus
2496 2430 2577 2485 vel
2626 2432 2895 2485 voluntate
2935 2431 3226 2497 diversum,
3260 2439 3315 2484 ut
3342 2430 3611 2495 Marcion;

2049 2523 2265 2577 nihilex
2296 2522 2570 2576 Trinitatis
2599 2523 2829 2577 essentia
2859 2523 2924 2576 ad
2976 2530 3339 2577 creaturarum
3373 2532 3617 2575 naturam

2048 2616 2355 2679 deductum,
2390 2624 2445 2669 ιιι
2476 2613 2627 2669 Plato
2648 2624 2701 2668 et
2729 2614 3120 2679 Tertullianus;
3155 2613 3283 2667 nihil
3311 2612 3486 2667 ofﬁcio
3513 2612 3620 2666 sin-

2046 2708 2233 2778 gulare
2260 2723 2358 2763 nec
2383 2708 2533 2761 alteri
2563 2707 3026 2771 communicabile,
3060 2716 3118 2761 ιιι
3169 2705 3455 2775 Origenes;
3486 2705 3617 2760 nihil

2045 2797 2357 2863 confusum,
2390 2807 2447 2851 ut
2473 2798 2769 2863 Sabellius;
2800 2798 2893 2852 sed
2938 2808 3104 2852 totum
3158 2797 3470 2867 perfectum,
3499 2802 3619 2867 quia

2047 2889 2098 2958 5
2127 2897 2296 2941 totum
2328 2904 2390 2941 ex
2424 2903 2552 2952 uno,
2585 2896 2638 2942 et
2668 2904 2832 2941 ttnum
2863 2904 2929 2942 ex
2961 2899 3072 2941 toto
3104 2905 3116 2941 :
3152 2904 3257 2941 non
3290 2896 3463 2942 t.-.nten
3494 2888 3619 2941 soli-

2048 2980 2257 3041 tarium,
2293 2990 2348 3034 nt
2399 2989 2726 3047 prmsumuttt
2758 2978 2991 3033 Praxcas
3020 2989 3071 3033 et
3101 2979 3361 3051 Sylvantts
3381 3019 3395 3043 ,
3427 2978 3619 3034 Penta-

2046 3071 2274 3139 politana
2302 3069 2620 3124 damnabilis
2648 3068 2735 3123 illa
2756 3069 3019 3125 doctrina.

2661 3180 2886 3236 CAPUT
2926 3182 2989 3236 V.

2115 3275 2412 3343 Ὀμοούσιος
2434 3286 2581 3341 ergo,
2615 3271 2665 3326 id
2694 3281 2797 3337 est,
2827 3270 3197 3326 coesseutialis
3239 3271 3291 3325 in
3344 3270 3621 3325 divinitate.

2044 3363 2187 3417 Patri
2238 3362 2430 3425 Filius;
2476 3362 2741 3435 ὁμοούσιος
2792 3360 2933 3414 Patri
2979 3368 3035 3414 et
3062 3360 3201 3413 Filio
3231 3358 3461 3428 Spiritus
3503 3374 3622 3415 san-

2045 3464 2200 3519 ctus;
2233 3455 2497 3520 ὁμοηύσιος
2544 3453 2652 3505 Ι)εο
2680 3460 2735 3506 et
2766 3451 2964 3505 homini
2995 3464 3133 3505 unus
3165 3450 3352 3516 Filius,
3401 3467 3622 3506 manens

2049 3545 2189 3598 Deus
2218 3544 2270 3599 in
2319 3544 2536 3597 homine
2565 3556 2663 3595 suo
2694 3542 2746 3595 in
2792 3541 2962 3610 gloria
3008 3541 3212 3605 Patris,
3252 3542 3623 3597 desiderabilis

2047 3634 2215 3690 videri
2262 3635 2330 3689 ab
2367 3633 2569 3704 angelis
2610 3630 2787 3686 :sicut
2834 3630 2991 3685 Pater
3032 3640 3088 3686 et
3132 3630 3366 3700 Spiritus
3408 3644 3623 3687 sanctus

2047 3725 2302 3780 aduratur
2341 3723 2411 3779 ab
2437 3721 2642 3793 angelis
2669 3729 2724 3776 et
2752 3720 2821 3776 ab
2847 3720 2992 3775 omni
3022 3730 3298 3787 creatura;
3331 3736 3435 3777 non
3462 3721 3623 3777 homo

2047 3817 2221 3872 factus
2265 3826 2459 3887 pratter
2486 3814 2678 3882 Deum,
2724 3821 2751 3850 °
2782 3813 2867 3868 vel
2895 3811 3137 3869 Christus
3166 3828 3288 3869 cum
3319 3813 3449 3877 Deo.
3480 3812 3621 3869 sicut

2050 3906 2382 3978 blaspltemat
2402 3904 2705 3970 Nestorius,
2732 3903 2826 3959 sed
2859 3902 3019 3959 homo
3049 3903 3105 3958 in
3151 3902 3284 3971 Deo,
3315 3913 3369 3959 et
3403 3903 3543 3959 Deus
3570 3904 3622 3956 in

2050 3999 2289 4055 homine.

2648 4086 2873 4145 CAPUT
2915 4087 2999 4141 VI.

2120 4185 2238 4240 Erit
2283 4182 2605 4239 resurrectio
2653 4190 2985 4236 mortuorum
3032 4180 3267 4234 omnium
3327 4180 3618 4241 hcminum,

2048 4278 2140 4334 sed
2171 4294 2270 4331 unt
2299 4283 2353 4330 et
2380 4274 2592 4330 insimul
2617 4284 2670 4329 et
2695 4274 2884 4328 semel.
2919 4272 3033 4327 Non
3061 4272 3227 4341 prima
3254 4272 3540 4337 justnrum,
3568 4282 3619 4325 et

2045 4369 2277 4426 secunda
2309 4378 2669 4437 peccatorum,
2695 4375 2750 4419 ut
2778 4365 2957 4419 fabula
2983 4374 3063 4418 est
3082 4363 3496 4428 somniatorum;
3529 4364 3621 4416 sed

2046 4477 2151 4515 una
2186 4460 2444 4513 omnium.
2481 4459 2544 4511 Et
2573 4458 2616 4510 si
2660 4457 2710 4510 id
2739 4470 3017 4523 resurgere
3043 4454 3255 4516 dicitur,
3282 4452 3422 4520 quod
3455 4451 3618 4517 cadit,

2050 4567 2174 4605 caro
2195 4566 2321 4617 ergo
2350 4557 2528 4601 nostra
2560 4548 2610 4600 in
2642 4547 2864 4601 veritate
2887 4545 3133 4613 resurgit,
3159 4546 3294 4598 sicut
3320 4543 3370 4596 in
3400 4543 3623 4597 veritate

2049 4644 2205 4697 cadit.
2245 4644 2304 4695 Et
2333 4655 2436 4694 non
2467 4638 2756 4694 secundum
2792 4640 3075 4707 Origenem
3109 4636 3403 4690 immutatio
3430 4652 3622 4705 corpo-

2052 4750 2167 4788 rum
2198 4733 2316 4795 crit,
2342 4730 2391 4785 id
2415 4739 2515 4793 est,
2540 4728 2679 4782 aliud
2712 4743 2907 4782 novum
2940 4742 3133 4794 corpus
3163 4742 3258 4796 pro
3284 4741 3446 4781 carne
3480 4744 3495 4785 ;
3528 4726 3623 4804 sed

2052 4824 2239 4877 eadem
2280 4834 2406 4871 caro
2452 4817 2816 4884 corruptibilis
2861 4831 2976 4884 qua:
3023 4817 3164 4870 cadit
3212 4825 3315 4869 tam
3359 4816 3622 4885 justorum

2052 4930 2209 4985 quam
2252 4912 2565 4979 injuStorutn
2616 4908 3030 4978 ittcorruptibilis
3077 4918 3340 4978 resurget,
3373 4920 3491 4976 quas
3533 4909 3615 4961 vel

2136 5116 2150 5143 ι
2185 5102 2305 5158 Non
2333 5104 2569 5156 amittens
2594 5102 2728 5173 quod
2762 5109 2899 5167 erat,
2931 5102 3168 5173 dignatus
3213 5117 3320 5155 esse
3357 5118 3489 5171 quoa
3522 5118 3621 5155 non

2058 5185 2189 5241 erat,
2223 5174 2333 5228 haec
2356 5175 2473 5227 loco
2500 5190 2596 5226 suo
2628 5187 2767 5226 mota
2795 5187 2860 5225 ex
2891 5188 2991 5226 ms.
3026 5174 3259 5241 reposui.

2128 5245 2143 5295 ἱ
2182 5245 2275 5298 Ms.
2287 5287 2301 5309 ,
2325 5245 2649 5296 credentium.

2126 5314 2152 5352 κ
2188 5314 2331 5367 Nihil
2353 5316 2601 5379 ianuale
2630 5313 2830 5381 gratim,
2862 5312 2976 5367 haec
3005 5326 3104 5365 ms.
3138 5310 3355 5364 inducit.

2130 5382 2147 5422 ι
2180 5384 2300 5447 Ms.,
2330 5384 2546 5450 cii/iteite.

2127 5463 2166 5491 ω
2195 5454 2267 5507 Ita
2297 5449 2441 5507 recte
2467 5469 2601 5515 ms.;
2633 5452 2721 5506 alii
2749 5454 3094 5522 persuasione,
3115 5449 3309 5522 inepte.

2127 5531 2153 5558 υ
2204 5523 2301 5577 Ms.
2353 5522 2671 5584 Nadicinus,
2716 5515 2871 5575 male.
2924 5522 3145 5573 Damt-us
3195 5519 3258 5569 ad
3305 5517 3526 5585 August.
3557 5515 3621 5570 de

2060 5594 2259 5650 lla‘res.
2284 5607 2399 5657 cap.
2435 5594 2504 5646 50
2535 5593 2659 5661 legit
2685 5592 2971 5646 Audianos.

2129 5672 2152 5699 ο
2179 5663 2299 5728 Ms.,
2332 5662 2436 5716 scd.
