4046 6188
398 338 493 395 3S5

393 560 824 605 mteruamauere
851 562 943 615 pro
976 547 1196 600 meritis.
1294 584 1295 587 η

945 640 1000 708 6
1036 638 1257 693 CAPUT
1301 638 1404 691 νη.

462 731 707 785 Omnium
769 731 908 783 enim
963 730 1233 782 hominum
1279 730 1382 782 erit
1430 729 1775 785 resurrectio.
1832 737 1856 764 ³
1911 728 1965 782 Si

393 825 629 876 omnium
672 823 790 882 erit,
823 837 949 890 ergo
997 837 1182 875 oumes
1225 822 1523 875 moriuntur
1555 861 1568 884 ,
1614 831 1667 874 ut
1717 835 1861 873 mors
1902 819 1968 873 al)

395 916 561 969 Adam
594 912 620 951 δ
648 914 801 966 ducta
841 914 1087 966 omnibus
1112 912 1232 964 ﬁliis
1262 916 1376 977 ejus
1404 912 1737 973 dominetur;
1772 918 1825 964 et
1851 925 1967 963 ma-

396 1012 524 1059 neat
547 1002 676 1057 illud
705 1002 1035 1071 privilegium
1059 1002 1108 1053 in
1141 1001 1385 1064 Domino,
1414 1000 1556 1070 quod
1578 1001 1646 1055 de
1670 1014 1735 1055 eo
1760 1002 1970 1069 specia-

394 1094 517 1149 liter
537 1093 751 1149 dicitur.
792 1093 911 1148 Non
956 1094 1099 1145 dabis
1142 1103 1375 1146 sanctum
1418 1102 1558 1146 tuum
1594 1094 1761 1147 videre
1791 1109 1968 1146 corru-

398 1188 617 1254 ptionem
660 1184 831 1256 (Psal.
874 1200 993 1252 xvr,
1040 1182 1130 1254 10)
1162 1196 1207 1237 ο.
1244 1185 1389 1237 Hanc
1430 1185 1691 1238 rationem
1740 1184 1969 1237 maxima

399 1275 612 1329 Patrum
637 1274 786 1327 turba
817 1273 1061 1328 tradente
1088 1273 1439 1341 suscepimus.
1479 1273 1671 1327 Verum
1701 1272 1818 1341 quia
1848 1280 1974 1326 sunt

399 1376 456 1424 et
494 1367 582 1421 alii
620 1382 769 1435 aeque
810 1365 1054 1420 catholici
1108 1373 1175 1418 et.
1201 1363 1393 1419 eruditi
1439 1365 1537 1417 viri
1577 1365 1667 1433 qui
1708 1365 1971 1428 credunt,

400 1463 574 1515 anima
608 1460 658 1513 in
687 1472 911 1527 corpore
940 1467 1207 1519 manente,
1242 1456 1601 1510 immutandos
1631 1455 1696 1509 ad
1734 1458 1975 1509 incorru—

399 1552 635 1622 ptionem
659 1561 710 1604 et
732 1548 1183 1603 immortalitatem
1205 1562 1298 1601 eos
1316 1550 1403 1617 qui
1436 1548 1488 1601 iu
1513 1547 1743 1603 adventu
1767 1546 1975 1599 Domini

400 1644 506 1699 vivi
537 1640 840 1695 inveniendi
888 1649 1033 1704 sunt,
1064 1648 1115 1693 et
1143 1639 1243 1694 hoc
1287 1640 1365 1693 eis
1392 1640 1627 1707 reputari
1664 1656 1761 1710 pro
1802 1654 1980 1692 resur-

401 1736 641 1792 rectione
663 1748 727 1788 ex
759 1734 1005 1798 mortuis,
1054 1732 1192 1801 quod
1228 1730 1601 1786 mortalitatem
1635 1728 1660 1766 ἀ
1697 1729 1979 1800 praesentis

401 1828 525 1882 vita:
571 1827 943 1881 immutatione
973 1826 1266 1894 deponant,
1315 1841 1419 1877 non
1472 1835 1643 1879 morte

402 1917 523 1988 quis
568 1915 869 1986 acquiescat
905 1915 1094 1981 modo,
1144 1930 1247 1969 non
1274 1923 1357 1969 est
1386 1915 1703 1980 haereticus,
1764 1914 1863 1967 uisi
1912 1928 1975 1968 ex

404 2009 745 2063 contentione
773 2006 1055 2060 luere-licus
1080 2007 1187 2057 fiat.
1234 2006 1439 2058 Suflit'it
1467 2008 1607 2061 enim
1643 2007 1690 2058 in
1724 2005 1977 2057 Ecclesiae

405 2102 519 2168 lege
579 2099 755 2152 carnis
820 2097 1268 2151 resurrecdoncm
1344 2096 1569 2150 crede:e
1626 2095 1854 2147 futuram
1912 2097 1978 2146 de

406 2202 599 2245 morte.

992 2257 1214 2313 CAPUT
1260 2256 1390 2313 VIII.

476 2374 626 2441 Quod
659 2382 835 2427 autem
881 2373 1108 2427 dicimus
1138 2374 1186 2424 in
1229 2372 1492 2443 symbolo,
1529 2372 1579 2425 in
1611 2371 1843 2425 adventu
1877 2372 1980 2425 Du-

406 2464 536 2518 ntini
563 2462 714 2517 vivos
738 2477 800 2517 ac
823 2473 1059 2515 mortuos
1083 2461 1423 2530 judicaudos,
1456 2476 1557 2515 nou
1604 2461 1774 2514 Stlum
1807 2462 1981 2529 justus

404 2566 457 2612 ct
501 2564 812 2627 peccatores
860 2555 1168 2625 signiﬁcari,
1200 2556 1337 2608 sicut
1389 2555 1648 2607 Diodorus
1680 2564 1846 2621 t-tltal,
1889 2552 1979 2608 sed

404 2659 457 2704 et
488 2650 636 2703 vivo;
665 2664 759 2703 eos
807 2646 893 2717 qui
927 2649 978 2701 iu
1011 2662 1172 2702 carne
1215 2646 1513 2700 inveniendi
1547 2658 1668 2699 sunt
1690 2646 1978 2712 ctcditnus,

404 2741 491 2808 qui
549 2740 721 2793 adhuc
774 2740 1015 2793 tnorituri
1067 2740 1115 2808 7
1180 2739 1500 2803 creduntur;
1550 2738 1627 2791 vel
1670 2737 1981 2791 immutandi

403 2839 550 2895 sunt,
577 2842 634 2885 ut
660 2832 747 2884 alii
794 2834 997 2895 Volunt,
1040 2840 1097 2883 ut
1126 2830 1363 2884 suscitati
1412 2830 1668 2883 continuo
1697 2829 1779 2883 vel
1809 2828 1979 2882 refor-

404 2924 531 2977 mati
562 2938 680 2977 cum
714 2931 839 2977 ante
871 2921 1097 2975 mortuis
1128 2920 1457 2989 iudicentur.

1013 3012 1239 3067 CAPUT
1279 3012 1369 3065 ΙΧ.

476 3104 603 3157 Post
653 3104 1101 3157 resurrectionem
1133 3110 1182 3154 et
1225 3102 1482 3169 judicium
1535 3117 1639 3154 non
1698 3100 1979 3156 credamus

407 3196 802 3251 restitutionem
855 3195 1107 3257 futuram,
1139 3208 1294 3262 quam
1343 3194 1601 3261 Origenes
1644 3193 1874 3256 delirat;
1926 3201 1982 3247 ut

406 3289 680 3343 drcmones
710 3288 788 3341 vel
811 3286 955 3357 impii
986 3286 1228 3339 homines
1256 3294 1374 3354 post
1398 3293 1659 3340 tormenta
1684 3287 1835 3355 quasi
1857 3301 1983 3353 sup.

405 3380 578 3450 pliciis
608 3380 905 3449 cxpurgati,
935 3378 1019 3433 vel
1039 3377 1120 3431 illi
1146 3377 1196 3430 in
1226 3378 1518 3445 angelicam
1543 3392 1645 3446 qua
1673 3380 1837 3431 creati
1859 3386 1983 3431 sunt

406 3472 630 3527 redeant
660 3472 968 3541 dignitatem
990 3514 1005 3537 ,
1049 3469 1131 3523 vel
1163 3479 1187 3506 ο
1221 3470 1400 3535 injusti
1428 3469 1694 3538 justorum
1739 3471 1981 3524 societati

406 3566 706 3621 donentur:
738 3579 803 3620 eo
833 3565 973 3634 quod
1004 3562 1104 3618 hoc
1132 3563 1329 3618 divinas
1357 3564 1641 3618 conveniat
1669 3563 1883 3633 pietati,
1917 3579 1984 3619 ne

406 3657 529 3727 quid
562 3673 627 3713 ex
656 3656 1009 3711 rationalibus
1038 3664 1221 3725 pereat
1269 3656 1549 3720 creaturis,
1598 3656 1693 3710 sed
1743 3656 1984 3726 quolibet

405 3749 567 3804 modo
591 3748 849 3803 salvetur.
876 3748 982 3803 Sed
1002 3762 1098 3802 nos
1119 3747 1402 3801 credamus
1430 3747 1529 3815 ipsi
1556 3747 1719 3816 judici
1744 3748 1981 3802 omnium

410 3840 432 3877 ί
467 3839 773 3893 rctributori
800 3838 1068 3907 justorum
1099 3839 1186 3906 qui
1218 3838 1353 3893 dixit
1379 3855 1391 3891 :
1417 3836 1571 3891 Ibunt
1601 3839 1746 3908 impii
1775 3841 1827 3892 in
1862 3856 1985 3907 sup-

407 3932 619 4003 plicium
645 3940 908 3996 trtcrnum,
942 3933 1064 3998 fusti
1093 3941 1259 3984 autem
1309 3933 1361 3984 in
1406 3934 1562 3985 vitam
1610 3942 1875 3998 (uernam,
1929 3940 1985 3984 ut

408 4023 689 4091 percipiant
720 4023 941 4093 fructum
964 4037 1174 4087 aperum
1201 4039 1407 4076 suorum
1450 4022 1662 4094 (Matth.
1706 4040 1833 4089 xxv,
1867 4022 1978 4093 46).

411 4123 438 4163 s
474 4112 540 4169 Et
571 4113 766 4168 iterum
794 4130 807 4164 :
838 4112 919 4166 Ite
962 4112 1014 4166 in
1046 4114 1214 4185 ignem
1259 4125 1523 4180 a’ternum,
1557 4115 1646 4184 qui
1686 4126 1893 4185 paratus
1912 4128 1985 4171 est

409 4204 612 4259 diabolo
643 4213 688 4258 et
716 4203 908 4273 angelis
938 4208 1048 4276 ejus
1078 4203 1265 4275 (Ibid.,
1289 4205 1402 4274 41).

1032 4295 1256 4349 CAPUT
1295 4295 1363 4348 Χ.

481 4390 535 4442 In
586 4389 846 4458 principio
873 4386 1076 4442 creavit
1106 4387 1245 4441 Deus
1293 4385 1521 4449 cwlum,
1569 4395 1621 4440 et
1663 4394 1857 4442 terram
1884 4428 1899 4454 ,
1931 4398 1986 4443 et

409 4497 599 4552 aquam
651 4497 716 4536 ex
772 4482 959 4535 nihilo.
1024 4481 1088 4533 Et
1140 4494 1261 4534 cum
1310 4478 1482 4533 adhuc
1523 4479 1755 4534 tenebrze
1807 4484 1977 4551 ipsam

410 4588 602 4639 aquam
627 4573 979 4638 occultarent,
1004 4583 1057 4626 et
1079 4586 1212 4640 aqua
1238 4580 1433 4624 terram
1458 4562 1835 4636 absconderet,
1858 4572 1981 4627 faeti

408 4672 535 4718 sunt
561 4663 731 4731 angeli
763 4673 816 4716 et
853 4678 1040 4717 omnes
1067 4664 1313 4717 etelestes
1345 4663 1591 4726 virtutes,
1620 4670 1679 4715 ut
1707 4678 1813 4717 non
1839 4674 1983 4719 esset

410 4753 580 4805 otiosa
608 4752 703 4804 Dei
730 4752 960 4816 bonitas,
987 4755 1044 4822 8
1072 4753 1166 4806 sed
1190 4753 1409 4808 haberet
1439 4755 1489 4806 in
1516 4755 1703 4821 quibus
1730 4770 1824 4823 per
1847 4756 1986 4809 mul-

412 4856 462 4897 ta
488 4852 612 4897 ante
637 4844 806 4912 spatia
834 4844 1126 4897 bonitatem
1156 4861 1303 4899 suam
1336 4848 1643 4901 ostenderet
1669 4867 1680 4900 :
1710 4861 1763 4905 et
1795 4850 1867 4903 ita
1897 4850 1984 4905 hic

409 4934 636 4988 visibilis
664 4935 893 4988 mundus
917 4949 980 4989 ex
1024 4937 1243 4991 materia
1274 4953 1391 5006 qua:
1416 4953 1443 4992 a
1473 4939 1580 4994 Deo
1608 4940 1744 4995 facta
1785 4942 1979 5009 fuerat,

411 5028 585 5082 factus
608 5037 691 5083 est
710 5035 765 5082 et
790 5038 1027 5084 ornatus.

483 5280 509 5308 λ
537 5269 658 5331 Μεη
691 5262 803 5319 Ima
831 5268 967 5337 quod
997 5270 1220 5322 omnium
1249 5272 1364 5325 erit.

481 5339 508 5377 δ
534 5341 651 5399 315.,
683 5338 826 5390 data.

484 5422 505 5448 ο
538 5410 591 5463 lu
622 5408 775 5461 editis
801 5406 1041 5476 sequitur
1071 5411 1180 5477 ejus
1203 5411 1333 5463 enim
1371 5428 1489 5465 caro
1521 5430 1619 5467 non
1648 5413 1776 5468 vidit
1801 5429 1982 5468 eorru—

412 5483 654 5550 ption_mn,
687 5493 804 5550 qua:
835 5494 897 5550 ex
931 5493 1031 5550 ms.
1058 5478 1246 5532 delevi.

478 5550 503 5587 d
532 5547 966 5621 Prmsentiseiue,
995 5548 1117 5621 hmc
1141 5562 1202 5621 ex
1234 5564 1331 5603 ms.
1365 5548 1552 5621 adjeci.

483 5631 506 5656 ο
541 5618 613 5669 ltt
638 5631 737 5670 ms.
769 5616 893 5682 Alii,
922 5619 1047 5680 isti;
1079 5619 1237 5672 male.

486 5688 506 5724 τ
538 5687 735 5762 1-1έιμιιε.
762 5686 1133 5762 Alii,_om_ninm
1168 5700 1212 5739 et
1244 5689 1536 5743 retributori
1557 5694 1727 5762 justo.

484 5767 505 5802 ε
539 5754 602 5805 Et
622 5754 801 5805 iterum
830 5770 846 5806 :
883 5755 961 5807 Ite
987 5759 1035 5809 in
1058 5760 1220 5826 ignm
1251 5770 1512 5829 retentum,
1545 5754 1630 5829 qui
1662 5771 1874 5828 paratus
1907 5775 1977 5817 est

1597 335 1913 393 GENNADII
1954 334 2417 395 MASSILIENSIS

395 472 603 527 poenam
651 457 873 510 διαπατιό
906 457 1067 521 ιωςςὶῑ
1117 471 1210 524 pro
1244 466 1509 525 peccatis,
1559 455 1639 509 vel
1691 454 1741 507 in
1794 453 1962 523 gloria
1994 456 2043 511 Α

3540 348 3643 403 981»

2675 459 2898 516 CAPUT
2946 462 3036 516 XI.

2141 547 2279 600 Nihil
2310 549 2679 618 incorporeum
2705 563 2757 607 et
2787 553 3054 609 invisibile
3076 551 3101 591 ¹³
3131 554 3182 609 ἰη
3208 562 3395 609 natura
3416 556 3646 611 creden-

2071 638 2216 703 dum,
2250 641 2347 693 nisi
2376 642 2545 695 solum
2578 643 2763 708 Deum,
2795 642 2846 697 id
2877 653 2959 699 est
2997 644 3231 707 Patrem,
3264 655 3319 700 et
3346 646 3561 711 Filium,
3590 656 3646 702 et

2072 722 2328 801 Sp’ritum
2359 744 2622 787 sant-tum.
2658 736 2759 801 Qui
2793 736 2912 790 ideo
2944 746 3088 792 recte
3134 738 3484 807 incorporeus
3510 752 3644 793 cre-

2070 824 2233 887 ditur,
2267 824 2387 891 quia
2418 824 2613 891 ubique
2656 834 2767 888 est,
2797 835 2850 879 et
2877 827 3057 881 omnia
3088 827 3276 897 implet
3317 837 3479 897 atque
3506 843 3645 883 con-

2071 919 2304 986 stringit.
2361 918 2481 971 ldeo
2510 928 2561 971 et
2594 902 2873 973 invisibilis
2902 920 3153 976 omnibus
3196 921 3483 985 creaturis,
3511 921 3639 989 quia

2073 1008 2418 1077 incorporeus
2447 1020 2547 1065 est.
2940 1060 2949 1067 .

2670 1102 2895 1158 CAPUT
2934 1101 3044 1157 ΧΠ.

2143 1191 2396 1246 Creatura
2418 1193 2592 1246 omnis
2627 1207 2886 1261 corporea
2912 1203 3012 1260 est,
3046 1194 3220 1263 angeli
3250 1203 3305 1249 et
3331 1208 3517 1249 omnes
3536 1208 3649 1249 ete-

2077 1282 2241 1337 lestes
2270 1283 2491 1336 virtutes
2519 1298 2816 1352 corporea},
2859 1286 2981 1340 licet
3013 1301 3117 1340 non
3142 1301 3306 1341 carne
3331 1285 3644 1341 subsiSIant.

2079 1374 2155 1427 Ex
2187 1389 2251 1427 eo
2277 1386 2452 1429 autem
2488 1390 2775 1445 corporeas
2804 1391 2923 1430 esse
2953 1378 3223 1432 credimus
3264 1378 3651 1432 intellectuales

2077 1476 2369 1531 creaturas,
2399 1467 2540 1534 quod
2576 1467 2814 1521 localiter
2856 1468 3370 1522 circumscribuntur
3390 1511 3403 1533 ,
3435 1470 3572 1523 sicut
3596 1478 3651 1523 et

2079 1555 2255 1608 anima
2283 1570 2399 1622 qui!)
2424 1572 2584 1610 carne
2611 1557 2894 1625 clauditur,
2914 1568 2968 1613 et
2989 1560 3259 1614 dmmones
3281 1561 3368 1629 qui
3400 1575 3491 1629 per
3516 1560 3648 1613 sub-

2081 1648 2329 1699 stantiam
2363 1648 2617 1715 angelicae
2648 1659 2850 1703 natura:
2867 1650 3015 1703 sunt.

2669 1741 2892 1797 CAPUT
2931 1742 3067 1795 XIII.

1687 1842 1696 1875 :
1740 1823 1975 1892 quolibet

2152 1831 2484 1888 lmtnortales
2514 1848 2631 1887 esse
2680 1834 2949 1887 credimus
2988 1833 3381 1908 intellectuales
3410 1842 3648 1899 naturas,

2081 1928 2203 1995 quia
2231 1941 2391 1979 rat-ne
2413 1936 2616 1993 carent,
2651 1940 2747 1981 nec
2774 1927 2969 1980 habent
3008 1942 3113 1995 quo
3140 1926 3355 1991 cadant,
3384 1935 3439 1980 ut
3474 1941 3648 1981 resur-

2081 2019 2318 2072 rectione
2349 2028 2539 2087 egeant
2565 2028 2682 2085 post
2709 2018 2915 2070 ruinam
2952 2015 2967 2054 ί
3005 2018 3329 2071 necessaria.

2614 2112 2668 2179 9
2706 2109 2927 2164 CAPUT
2981 2109 3117 2163 xw.

2155 2204 2374 2258 Animas
2404 2204 2674 2255 hominum
2706 2217 2811 2256 non
2854 2215 2972 2256 esse
3003 2201 3070 2255 ab
3100 2202 3247 2255 initio
3280 2204 3416 2256 inter
3435 2211 3652 2256 Cteteras

2084 2296 2469 2350 intellectuales
2523 2305 2783 2359 naturas,
2842 2307 2939 2346 nec
2988 2292 3143 2345 simul
3210 2304 3458 2357 creatas,
3519 2293 3651 2345 sicut

2082 2389 2340 2456 Origenes
2373 2388 2557 2455 tingit;
2601 2402 2772 2453 neque
2815 2400 2934 2438 cum
2967 2385 3279 2451 corpmihus
3330 2399 3421 2452 per
3450 2385 3649 2437 coitum

2088 2484 2101 2532 i
2139 2481 2450 2546 seminatas,
2482 2481 2621 2534 sicut
2653 2478 2993 2544 Luciferiani,
3028 2477 3255 2546 Cyrillus
3282 2489 3334 2529 et
3363 2476 3521 2544 aliqui
3558 2476 3657 2529 La-

2085 2576 2313 2629 tinorum
2347 2582 2760 2642 prmsumptores
2788 2569 3057 2622 afﬁrmant
3080 2611 3093 2633 ,
3126 2568 3274 2636 quasi
3307 2577 3508 2621 natura
3530 2582 3656 2621 con-

2084 2667 2417 2736 sequentiam
2448 2673 2744 2717 servantes.
2778 2661 2881 2717 Sed
2913 2659 3138 2716 dicimus
3179 2658 3503 2714 creationem
3548 2658 3656 2709 ani-

2086 2776 2187 2814 mae
2214 2759 2384 2813 solum
2412 2755 2724 2811 Creatorem
2756 2755 2995 2821 omnium
3028 2766 3206 2817 nosse,
3236 2760 3291 2805 et
3317 2762 3512 2817 corpus
3540 2757 3659 2801 tan-

2086 2861 2195 2905 tum
2229 2866 2323 2917 per
2350 2849 2580 2918 conjugii
2611 2848 2856 2916 copulam
2886 2843 3162 2908 seminari,
3194 2842 3286 2896 Dei
3313 2858 3439 2896 vero
3458 2839 3659 2910 judicio

2084 2940 2353 3009 coagulari
2377 2940 2428 2993 iu
2458 2940 2611 2991 vulva
2645 2947 2699 2991 ct
2723 2935 2986 3005 compingi
3011 2944 3167 3004 atque
3194 2932 3433 2997 formari,
3466 2945 3528 2985 ac
3551 2929 3660 2983 for-

2086 3041 2227 3086 mato
2249 3032 2357 3101 jam
2389 3046 2611 3100 corpore
2642 3028 2873 3082 animam
2901 3027 3068 3081 creari
3100 3034 3153 3079 et
3182 3023 3407 3088 infundi,
3434 3029 3491 3075 ut
3517 3021 3658 3075 vivat

2087 3123 2137 3176 in
2163 3134 2311 3177 utero
2338 3123 2495 3175 homo
2518 3136 2582 3175 ex
2606 3120 2778 3173 anima
2809 3126 3061 3173 constans
3089 3125 3141 3170 et
3164 3130 3413 3183 corpore.
3436 3122 3489 3168 et
3509 3127 3659 3181 egre-

2086 3214 2260 3267 diatur
2291 3212 2440 3266 vivus
2466 3228 2528 3265 ex
2562 3222 2712 3264 utero
2735 3206 2922 3276 plenus
2944 3208 3174 3261 humana
3198 3203 3514 3259 substantia.

2691 3301 2918 3355 CAPLT
2963 3298 3073 3353 XV.

2160 3394 2338 3464 Neque
2369 3394 2499 3449 duas
2529 3394 2731 3446 animas
2762 3407 2882 3446 esse
2929 3391 3157 3446 dicimus
3185 3389 3238 3442 in
3267 3403 3375 3442 uno
3405 3387 3618 3442 homine
3643 3428 3659 3451 ,

2085 3487 2222 3543 sicut
2250 3488 2475 3542 Jacohns
2503 3494 2555 3542 et
2579 3486 2667 3540 alii
2695 3483 2717 3521 ¹ί
2739 3485 2996 3555 Syrorum
3020 3484 3376 3552 disputatores
3395 3480 3659 3544 scribunt,

2088 3594 2243 3634 unam
2274 3577 2558 3631 animalem
2583 3590 2681 3645 qua
2708 3576 2976 3628 animetur
3002 3588 3217 3643 corpus,
3248 3581 3302 3625 et
3332 3571 3565 3624 immixta
3588 3570 3659 3622 sit

2086 3669 2349 3738 sanguini,
2376 3677 2428 3721 et
2458 3666 2679 3720 alteram
2712 3664 3005 3734 spiritalem
3045 3678 3166 3733 quas
3203 3662 3464 3717 rationem
3498 3661 3657 3713 mini-

2085 3772 2250 3825 stret;
2285 3759 2378 3815 sed
2409 3758 2631 3812 dicimus
2662 3770 2820 3810 unam
2871 3770 2987 3810 esse
3026 3754 3375 3819 eamdemque
3427 3754 3659 3806 animam

2086 3854 2138 3908 in
2164 3853 2396 3917 homine,
2429 3866 2545 3920 qua:
2589 3858 2643 3904 et
2672 3863 2863 3917 corpus
2893 3862 2987 3901 sua
3011 3847 3266 3901 societate
3292 3844 3523 3897 viviﬁcet
3545 3885 3558 3907 ,
3602 3851 3657 3895 et

2086 3949 2425 4016 semetipsum
2453 3959 2545 3998 sua
2570 3942 2775 3997 ratione
2797 3940 3066 4009 disponat,
3103 3937 3305 3992 habens
3327 3938 3381 3990 in
3406 3951 3465 3991 se
3494 3934 3658 3989 liber-

2087 4049 2246 4095 tatem
2277 4038 2506 4105 arbitrii,
2538 4047 2593 4090 ut
2622 4037 2675 4090 in
2698 4049 2808 4090 sua:
2825 4032 3134 4088 substantia:
3158 4030 3320 4100 eligat
3340 4026 3659 4097 cogitatione

2085 4130 2226 4202 quod
2260 4131 2392 4183 vult.

2604 4217 2706 4286 ιθ
2741 4211 2964 4270 CAPUT
3002 4210 3142 4266 xvr.

2155 4308 2336 4365 Solum
2387 4306 2658 4360 hominem
2713 4303 2979 4359 credimus
3026 4290 3225 4355 habere
3253 4298 3484 4352 animam
3525 4296 3657 4350 sub-

2086 4402 2393 4465 stantivam,
2421 4413 2538 4468 qua:
2565 4404 2722 4451 exuta
2764 4408 2993 4464 corpore
3036 4392 3184 4455 vivit,
3209 4401 3263 4446 et
3289 4404 3478 4444 sensus
3526 4402 3656 4442 suos

2087 4500 2245 4562 atque
2277 4489 2483 4559 ingenia
2512 4488 2765 4542 vivaciter
2805 4495 2970 4539 tenet.
3002 4483 3116 4538 Non
3140 4497 3260 4538 cum
3291 4494 3517 4548 corpore
3545 4494 3659 4532 mo-

2091 4585 2245 4647 ritur,
2277 4583 2415 4637 sicut
2446 4583 2639 4634 Aratus
2668 4578 2687 4615 1
2737 4586 2828 4631 aut
2878 4576 3137 4643 Epicurea
3189 4573 3397 4627 vanitas
3428 4570 3661 4634 asserit;

2093 4690 2265 4743 neque
2294 4682 2413 4743 post
2432 4673 2697 4727 modicum
2740 4670 3098 4733 intervallum,
3127 4668 3260 4722 sicut
3290 4666 3472 4721 Zenon
3500 4664 3660 4729 dicit,

2092 4767 2212 4834 quia
2241 4775 2279 4802 ω
2311 4763 2731 4819 substantialiter
2764 4761 2913 4825 vivit,
2944 4770 2997 4813 et
3022 4761 3281 4814 rationem
3310 4771 3459 4813 suam
3488 4764 3662 4811 tenet.

2654 4852 2881 4908 CAPUT
2922 4851 3085 4906 XVII.

2161 4945 2486 5001 Auimalium
2519 4958 2649 4998 vero
2679 4943 2871 4996 anima:
2896 4956 3002 4996 non
3032 4950 3154 4997 sunt
3178 4937 3545 5005 substantive,
3566 4938 3663 4994 sed

2088 5053 2209 5094 cum
2240 5051 2401 5092 carne
2431 5036 2541 5105 ipsa
2583 5043 2609 5071 ιι
2637 5033 2814 5089 carnis
2846 5035 2899 5087 in
2941 5031 3219 5087 nativitate
3266 5039 3579 5097 nascuntur,
3611 5042 3665 5086 et

2095 5274 2301 5327 diabolo
2324 5285 2370 5327 et
2390 5275 2582 5343 angelis
2600 5276 2731 5345 ejus.
2756 5275 2829 5329 Ita
2860 5288 2963 5330 ms.
2985 5273 3107 5330 cod.
3136 5272 3497 5331 Florentinus.

2163 5345 2187 5381 υ
2222 5345 2317 5397 Ms.
2350 5359 2453 5397 non
2487 5345 2641 5398 habet
2672 5346 2744 5399 in.

2168 5414 2184 5450 ί
2214 5414 2309 5466 Ms.
2344 5414 2486 5467 delet
2511 5416 2809 5478 necessaria.

2164 5483 2180 5534 1'
2223 5484 2447 5552 Vulgati,
2472 5485 2805 5537 seminantur.

2162 5552 2186 5590 ι
2225 5553 2476 5621 Syrorum
2502 5554 2873 5621 dispula’ores;
2901 5554 2970 5608 ita
3000 5568 3100 5609 ms.
3133 5554 3253 5610 cod.
3293 5552 3664 5611 Florentinus.

2167 5621 2182 5660 ι
2219 5624 2341 5677 Hzec
2370 5634 2458 5677 aut
2490 5623 2739 5691 Epicurea
2768 5626 2963 5678 vanitas
2991 5639 3054 5680 ex
3087 5641 3189 5680 ms.
3216 5624 3414 5682 addidi.

2161 5703 2198 5729 η’
2232 5695 2302 5747 lta
2332 5710 2430 5747 ms.
2460 5694 2582 5745 cod.
2614 5693 2970 5748 Florentinus.

2163 5773 2186 5799 ι’
2215 5764 2284 5818 lta
2307 5777 2404 5817 ms.
2439 5763 2563 5819 Alii.
2596 5765 2761 5818 carnis
2790 5765 3065 5819 vivacitate.
