4046 6188
425 339 527 395 985

1336 336 1418 390 DE
1457 331 2009 392 ECCLESIASTICIS
2051 331 2483 393 DOGMATIBUS
2526 339 2745 394 LIBER.

3568 348 3673 406 986

422 464 541 503 cum
572 441 745 501 carnis
773 450 943 499 morte
973 442 1223 497 finiuntur
1243 454 1297 498 et
1326 446 1648 507 moriuntur,
1673 456 1727 500 et
1747 446 1866 499 ideo
1895 460 1992 498 nuc
2021 445 2071 501 Α
2099 450 2293 517 adepto
2340 453 2527 507 salutis
2558 469 2800 515 munere,
2842 456 3216 514 sollicitudinis
3257 468 3453 513 nostra:
3500 471 3581 515 est
3616 472 3674 517 αι

423 539 630 592 ratione
659 545 945 603 reguntur,
1033 549 1130 587 nec
1167 536 1381 602 vivunt,
1433 537 1573 590 sicut
1601 536 1751 590 Plato
1790 546 1844 589 et
1873 536 1995 588 Ale-

425 630 625 685 sander
651 628 679 666 δ
709 638 913 698 putant,
943 627 1038 682 sed
1084 627 1149 681 ad
1191 629 1367 683 omnia
1413 639 1616 683 naturae
1652 630 1990 683 incitamenta

420 724 707 777 ducuntur.

976 810 1149 867 CAPU
1168 811 1198 864 '1'
1240 810 1423 864 XVIII.

492 906 682 961 Anima
731 909 958 959 humana
1015 920 1119 958 non
1168 919 1290 958 cum
1319 918 1481 959 carne
1532 903 1779 967 moritur,
1822 914 1841 939 ε
1874 904 1991 972 quia

420 1014 527 1053 non
558 1013 677 1053 cum
719 1012 910 1064 carne,
956 1005 1013 1050 ut
1044 998 1289 1065 superius
1330 996 1581 1058 diximus,
1609 992 1637 1031 ἀ
1670 996 1990 1059 seminatur;

418 1090 512 1145 sed
546 1089 773 1143 formato
823 1087 875 1141 in
923 1095 1107 1141 ventre
1148 1087 1332 1140 matris
1370 1101 1617 1154 corpore,
1664 1085 1754 1139 Dei
1792 1086 1993 1154 judicio

417 1188 631 1234 creatur
658 1188 710 1233 et
741 1176 1056 1240 infunditur,
1104 1184 1162 1230 ut
1191 1177 1333 1230 vivat
1375 1175 1535 1230 homo
1563 1176 1705 1230 intus
1737 1177 1786 1229 in
1820 1185 1990 1238 utero,

418 1284 472 1331 et
492 1275 571 1329 sic
602 1271 851 1342 procedat
883 1270 1162 1325 nativitate
1189 1271 1240 1323 in
1273 1268 1546 1323 mundum.

993 1358 1218 1414 CAPUT
1268 1358 1405 1411 XIX.

487 1452 705 1509 Duabus
731 1450 1044 1506 substantiis
1072 1458 1273 1502 tantum
1300 1457 1506 1501 constat
1531 1447 1710 1513 homo,
1734 1447 1910 1501 anima
1938 1457 1992 1502 et

420 1559 444 1582 ο
472 1557 722 1612 corpore.
765 1543 953 1596 Anima
987 1555 1106 1593 cum
1155 1540 1360 1593 ratione
1387 1542 1483 1609 ιι
1509 1553 1601 1591 sua
1624 1580 1638 1603 ,
1672 1547 1726 1592 et
1764 1553 1990 1607 corpore
2030 1603 2037 1609 .

415 1649 535 1689 cum
564 1631 810 1687 sensibus
833 1631 944 1684 suis
979 1628 1021 1682 ί.
1050 1630 1193 1696 Quos
1225 1639 1398 1681 tamen
1431 1644 1617 1682 sensus
1648 1628 1846 1697 absque
1869 1629 1988 1681 ani-

416 1739 518 1777 mze
559 1723 817 1777 societate
869 1736 974 1773 non
1011 1729 1187 1773 movet
1218 1730 1242 1767 ε
1285 1736 1516 1789 εονριιευ
1554 1720 1744 1774 Anima
1779 1736 1903 1774 vero
1936 1730 1990 1774 et

414 1811 444 1852 δ
474 1815 591 1889 sine
617 1828 840 1882 corpore
859 1812 1119 1866 rationale
1146 1827 1298 1863 suum
1325 1821 1488 1866 tenet.

1007 1904 1230 1957 CAPUT
1274 1904 1389 1957 XX.

486 2002 600 2054 Non
624 2009 705 2053 est
741 1996 756 2036 ί
788 1998 974 2053 tertius
1003 1998 1052 2050 in
1084 1997 1377 2051 substantia
1414 1996 1642 2050 hominis
1677 1997 1690 2047 i
1732 1998 1949 2066 spiritus
1970 2042 1984 2065 ,

411 2090 555 2146 sicut
579 2091 833 2161 Didymus
854 2089 1146 2152 contendit,
1178 2089 1269 2142 sed
1310 2088 1531 2157 spiritus
1563 2090 1673 2157 ipsa
1704 2097 1783 2141 est
1812 2089 1986 2142 anima

412 2195 511 2249 pro
536 2178 761 2248 spiritali
803 2187 1013 2241 natura,
1046 2178 1126 2230 vel
1170 2192 1263 2244 pro
1294 2191 1360 2230 eo
1390 2177 1530 2243 quod
1577 2179 1742 2243 spiret
1774 2178 1823 2230 in
1869 2192 1987 2231 cor-

413 2287 543 2341 pore
574 2272 791 2339 spiritus
822 2272 1137 2338 appellatur.
1171 2270 1357 2323 Anima
1398 2288 1525 2324 vero
1554 2288 1619 2324 ex
1648 2287 1714 2327 eo
1742 2282 1981 2339 vocatur,

412 2363 551 2433 quod
575 2364 638 2417 ad
665 2363 945 2416 vivendum
972 2362 1051 2415 vel
1075 2361 1137 2415 ad
1157 2363 1528 2425 viviﬁcandum
1552 2366 1751 2417 animet
1769 2379 1982 2432 corpus.

410 2455 625 2510 Tertius
656 2470 781 2508 vero
832 2454 921 2522 qui
952 2454 1017 2506 ab
1064 2457 1318 2523 Apostolo
1349 2454 1398 2525 (Ι
1437 2454 1611 2508 Thess.
1645 2472 1681 2521 ι,
1725 2455 1815 2521 22)
1864 2470 1983 2508 cum

410 2548 587 2600 anima
619 2556 674 2600 et
695 2560 919 2614 corp0re
948 2544 1213 2599 iuducitnr
1238 2547 1477 2614 spiritus,
1508 2546 1731 2615 gratiam
1758 2547 1985 2614 Spiritus

411 2639 580 2693 sancti
605 2654 723 2695 e~se
750 2638 1129 2707 intelligamus,
1162 2652 1318 2702 quam
1351 2647 1468 2691 orat
1508 2638 1791 2705 Apostolus
1820 2648 1876 2691 ut
1904 2639 1986 2691 in-

409 2739 554 2799 tegra
588 2737 892 2796 perseveret
919 2730 967 2780 in
999 2728 1171 2791 nobis,
1206 2742 1273 2781 ne
1301 2738 1483 2780 nostro
1505 2729 1632 2781 vitio
1661 2737 1751 2781 aut
1782 2729 1987 2781 minua-

411 2833 520 2884 tur,
551 2834 641 2875 aut
688 2820 895 2888 fugetur
924 2836 952 2873 a
997 2820 1170 2886 nobis,
1203 2820 1322 2889 quia
1354 2819 1585 2887 Spiritus
1610 2830 1825 2876 sanctus
1852 2821 1987 2876 ell‘u-

411 2916 519 2984 gfet
545 2912 721 2967 ﬁctum
758 2911 911 2980 (Sap-
938 2926 974 2976 ι,
1004 2911 1079 2978 5)-

995 3000 1221 3057 CAPUT
1263 3001 1401 3055 XXI.

482 3096 628 3149 Libet
645 3094 735 3149 tati
768 3094 971 3148 arbitrii
1014 3095 1094 3147 sui
1147 3093 1467 3146 commissus
1496 3101 1579 3147 est
1610 3092 1769 3146 homo
1807 3091 1981 3146 statim

2100 539 2334 593 caelesds
2362 542 2559 608 pariter
2583 543 2866 610 adjutorii;
2891 558 2942 599 ut
2979 548 3238 613 labimur,
3270 552 3548 615 pote5tatis
3580 567 3674 603 no-

2098 638 2223 682 stra:
2248 639 2324 682 est
2348 641 2397 683 et
2429 633 2647 696 ignavim
2676 644 2729 685 P:
2765 652 2867 687 non
2902 646 3076 690 tamen
3100 640 3163 691 ad
3187 641 3527 693 obtinendam
3559 644 3675 697 sine

2101 721 2212 781 illo,
2243 724 2328 788 qui
2382 735 2683 791 quaerentes
2733 726 2852 779 facit
2902 729 3174 793 invenire,
3224 732 3310 798 qui
3343 733 3675 799 pulsantibus

2097 813 2297 875 aperit,
2344 816 2431 878 qui
2485 815 2783 880 petentibus
2814 815 2977 869 donat
3022 816 3235 886 (Matth.
3279 835 3384 883 vn,
3416 822 3491 887 7).
3525 812 3674 875 Sicut

2096 916 2223 969 ergo
2269 902 2476 955 initiunt
2509 905 2695 957 Salutis
2730 917 2924 959 nostra:
2958 907 3065 960 Deo
3096 909 3385 963 miserante
3414 919 3464 963 et
3510 911 3672 979 inspi-

2096 1001 2247 1045 rante
2295 992 2490 1046 habere
2543 1009 2639 1047 nos
2685 996 2987 1063 credimus,
3040 998 3108 1051 i'a
3147 998 3421 1051 arbitrium
3474 1012 3671 1055 nostrae

2095 1092 2300 1136 natura:
2326 1099 2524 1153 sequax
2555 1100 2674 1140 esse
2696 1087 2891 1141 divina:
2924 1088 3286 1157 inspirationis
3316 1089 3478 1145 libere
3498 1092 3669 1156 conti-

2097 1181 2275 1228 IleII'
3498 1188 3501 1189 ⁷

2169 1276 2195 1315 ς
2226 1266 2387 1335 Igitur
2418 1276 2475 1320 ut
2505 1283 2609 1322 non
2638 1269 2877 1323 labamur
2906 1285 2936 1323 a
2980 1271 3121 1325 bono
3166 1270 3248 1325 vel
3299 1278 3536 1336 naturae,
3582 1272 3665 1326 vel

2093 1358 2291 1420 meriti,
2340 1358 2714 1414 sollicitudinis
2742 1370 2940 1415 nostra;
2981 1371 3062 1415 est
3099 1370 3157 1416 et
3191 1362 3425 1417 cmlestis
3468 1362 3665 1431 pariter

2094 1447 2340 1517 adjutorii
2366 1465 2380 1515 ;
2416 1459 2472 1504 ut
2501 1452 2759 1512 labamur.
2790 1454 3067 1520 potestatis
3089 1464 3283 1508 nostrae
3312 1464 3366 1509 et
3395 1456 3637 1524 ignavia}.

2598 1545 2695 1613 13
2733 1543 2957 1600 CAPUT
3006 1546 3169 1600 xxn.

2164 1630 2496 1685 Firmissime
2520 1635 2843 1689 credendum
2874 1645 2956 1689 est
2992 1637 3041 1687 in
3073 1636 3509 1702 prmvaricatione
3536 1634 3664 1690 Ada:

2093 1738 2279 1776 omnes
2304 1723 2549 1779 homines
2579 1728 2872 1779 naturalem
2904 1728 3304 1797 possibilitatem
3328 1737 3381 1782 et
3408 1729 3662 1781 innocen-

2021 1810 2065 1868 B
2097 1814 2220 1867 tiam
2254 1815 2550 1882 perdidisse
2578 1833 2588 1867 :
2620 1826 2672 1870 et
2700 1818 2964 1872 neminem
2997 1818 3064 1872 de
3095 1818 3356 1886 profundo
3388 1819 3527 1873 illius
3556 1819 3662 1872 rui-

2092 1922 2173 1959 nte
2203 1922 2296 1974 per
2336 1908 2560 1960 liberum
2614 1909 2889 1963 arbitrium
2954 1926 3110 1978 posse
3152 1928 3517 1981 consurgere,
3562 1912 3663 1967 nisi

2094 2012 2213 2050 eum
2264 1998 2433 2064 gratia
2471 1998 2558 2051 Dei
2609 2001 2916 2054 miserantis
2967 2003 3235 2055 erexerit:
3267 2003 3488 2055 liberum
3519 2001 3662 2056 enim

2089 2088 2363 2141 arbitrium
2396 2088 2485 2142 ille
2519 2104 2801 2157 perpessus
2824 2135 2837 2159 ,
2889 2092 3015 2144 dum
3047 2094 3159 2146 suis
3185 2094 3534 2146 inconsultius
3558 2095 3663 2145 uti-

2090 2190 2172 2231 tur
2204 2189 2225 2216 τ
2256 2180 2429 2240 bonis,
2462 2181 2661 2235 cadens
2694 2183 2743 2235 in
2779 2185 3240 2251 praevaricationis
3264 2186 3544 2254 profunda,
3570 2186 3665 2240 de-

2088 2284 2295 2324 mersus
2323 2279 2432 2335 est;
2462 2281 2514 2325 et
2544 2272 2671 2325 nihil
2722 2274 3171 2340 quemadmodum
3221 2276 3412 2329 exinde
3443 2291 3664 2344 surgere

2091 2373 2267 2428 posset
2296 2363 2520 2427 invenit,
2542 2380 2741 2432 suaque
2765 2364 2819 2418 in
2838 2376 3096 2420 arternum
3119 2367 3361 2421 libertate
3382 2368 3659 2434 deceptus,

2089 2453 2245 2520 hujus
2276 2456 2428 2507 ruina
2454 2454 2698 2510 latuisset
2718 2472 3024 2522 oppressus,
3053 2458 3154 2511 nisi
3183 2474 3303 2511 eum
3326 2468 3442 2526 post
3463 2458 3660 2513 Christi

2089 2559 2186 2612 pro
2210 2538 2303 2596 sua
2324 2547 2491 2611 gratia
2524 2546 2813 2599 relevasset
2842 2547 3123 2612 adventus,
3156 2550 3242 2615 qui
3273 2562 3370 2615 per
3400 2564 3549 2602 norm
3575 2564 3661 2602 re-

2086 2637 2441 2704 generationis
2487 2638 2907 2705 purilicationem
2932 2655 3088 2693 omne
3123 2642 3447 2708 prtetcritum
3471 2642 3658 2697 vitium

2088 2729 2167 2779 sui
2200 2727 2531 2797 baptismatis
2555 2727 2767 2782 lavacro
2795 2732 3058 2796 purgavit.

2641 2818 2868 2874 CAPUT
2921 2819 3109 2874 XXIII.

2158 2905 2435 2960 Neminem
2464 2921 2584 2960 esse
2616 2923 2709 2975 per
2741 2911 3084 2978 semetipsum
3113 2911 3337 2978 bonum,
3370 2912 3466 2969 nisi
3500 2914 3660 2981 parti-

2087 2997 2407 3067 cipationem
2436 2998 2515 3053 sui
2549 2998 2635 3051 ille
2664 3006 2684 3033 ⁵
2720 3001 3017 3063 donavetit,
3052 3002 3138 3069 qui
3169 3003 3316 3057 solus
3345 3012 3427 3058 est
3467 3003 3658 3059 bonus.

2646 3090 2871 3145 CAPUT
2911 3092 3101 3147 XXIV.

409 3188 463 3241 in
504 3188 672 3257 prima
698 3183 723 3223 ιι
754 3184 933 3238 mundi
986 3184 1318 3248 conditione,
1353 3194 1410 3239 ut
1448 3182 1463 3221 ¹
1516 3186 1663 3239 salva
1717 3185 1983 3253 vigilantia
2011 3171 2056 3231 Ο
2160 3180 2437 3236 Neminem
2469 3182 2627 3235 etiam
2657 3182 2989 3249 baptismatis
3018 3185 3182 3252 gratia
3211 3195 3520 3239 renovatum
3549 3186 3663 3241 ἰάσ-

412 3280 605 3335 mentis
628 3288 664 3313 η’
691 3278 962 3331 adnitente
990 3276 1149 3329 etiam
1173 3283 1199 3310 υ
1231 3277 1283 3327 in
1317 3275 1566 3341 prmeepti
1599 3276 1833 3328 custodia
1869 3290 1983 3343 per-

411 3379 704 3434 severaret,
730 3370 773 3422 si
814 3369 993 3433 vellet,
1019 3368 1070 3420 in
1095 3381 1158 3421 eo
1181 3365 1320 3435 quod
1345 3377 1555 3419 creatus
1583 3366 1755 3420 fuerat
1779 3381 1988 3433 perma-

411 3475 558 3515 nere.
596 3461 880 3529 Postquam
914 3472 1039 3511 vero
1068 3456 1383 3511 seductione
1411 3458 1678 3524 serpentis
1700 3470 1792 3524 per
1820 3457 1984 3509 Evam
2028 3460 2036 3469 '

411 3555 602 3610 Cecidit
633 3553 786 3624 (Gen.
816 3567 893 3616 ut,
924 3551 1000 3618 6),
1045 3557 1248 3603 natura:
1279 3549 1474 3602 bonum
1508 3549 1757 3618 perdidit,
1789 3552 1987 3617 pariter

413 3655 465 3701 et
495 3646 732 3715 vigorem
760 3643 964 3697 arbitrii
992 3659 1005 3705 ;
1038 3656 1143 3695 non
1176 3651 1349 3694 tamen
1379 3641 1694 3695 electionem
1723 3681 1738 3703 ,
1785 3656 1852 3696 ne
1878 3656 1986 3697 non

414 3745 559 3792 esset
602 3750 755 3791 suum
787 3733 927 3803 quod
958 3741 984 3769 ο
1012 3733 1239 3788 evitaret
1276 3734 1375 3803 12
1411 3742 1711 3801 peccatum,
1745 3747 1843 3786 nec
1874 3749 1989 3788 me—

413 3832 517 3887 rito
547 3829 910 3899 indulgeretur
959 3826 1099 3895 quod
1128 3840 1232 3879 non
1260 3825 1481 3881 arbitrio
1501 3826 1764 3880 diluisset.
1812 3826 1990 3881 Manet

412 3922 593 3991 itaque
613 3920 679 3974 ad
702 3917 1037 3989 quairendam
1065 3917 1288 3972 salutem
1312 3916 1518 3970 arbitrii
1544 3916 1779 3987 libertas,
1806 3916 1857 3970 id
1884 3926 1985 3979 est,

414 4010 691 4067 rationalis
714 4009 981 4075 voluntas,
1013 4007 1107 4063 sed
1134 4006 1458 4063 admonente
1484 4008 1629 4077 prius
1659 4008 1789 4073 Deo,
1821 4016 1878 4063 et
1907 4009 1990 4063 in-

414 4104 616 4158 vitante
643 4101 709 4157 ad
736 4102 962 4158 salutem
985 4143 1001 4167 ,
1032 4110 1089 4154 ut
1116 4100 1198 4154 vel
1228 4100 1386 4169 eligat
1404 4141 1421 4166 ,
1448 4100 1532 4154 vel
1580 4109 1864 4169 sequatur,
1904 4100 1987 4155 vel

415 4205 537 4265 agat
564 4194 847 4251 occasione
886 4194 1097 4257 salutis,
1143 4193 1242 4247 hoc
1264 4202 1366 4259 est,
1402 4193 1751 4263 inspiratione
1775 4194 1887 4247 Dei.
1922 4193 1991 4249 Ut

415 4297 593 4343 autem
641 4295 999 4357 consequatur
1027 4285 1167 4355 quod
1219 4286 1395 4355 eligit,
1443 4289 1521 4340 vel
1555 4288 1693 4356 quod
1725 4289 1984 4357 sequitur,

414 4380 498 4434 vel
530 4377 669 4448 quod
699 4378 979 4431 occasione
1008 4378 1134 4444 agit,
1171 4375 1261 4429 Dei
1293 4390 1413 4429 esse
1441 4376 1607 4431 libere
1646 4379 1987 4434 conﬁtemur.

416 4470 628 4524 Initium
659 4483 786 4538 ergo
811 4461 994 4522 salutis
1018 4477 1212 4520 nostra:
1244 4467 1351 4521 Deu
1382 4467 1666 4520 miserante
1690 4468 1982 4533 habemus;

414 4569 473 4614 ut
494 4559 893 4629 acquiescamus
915 4558 1199 4611 salutifera:
1223 4557 1552 4625 inspirationi
1572 4602 1585 4623 ,
1615 4567 1810 4613 nostra
1839 4570 1988 4628 pote-
2020 4538 2068 4596 υ

412 4652 565 4704 statis
586 4659 697 4713 est;
721 4649 1148 4717 utadipiscatnur
1168 4647 1309 4717 quod
1336 4648 1723 4716 acquiescendo
1756 4652 1995 4707 admoni-

416 4740 547 4796 tioni
573 4743 839 4810 cupimus,
866 4740 1029 4793 divini
1053 4750 1132 4794 est
1162 4740 1429 4805 muneris;
1457 4749 1634 4795 utnon
1667 4743 1905 4799 labamur
1932 4749 1985 4804 in

485 4927 509 4954 ⁸·
543 4918 716 4973 Voces
739 4933 828 4971 nec
855 4917 1020 4969 vivunt
1041 4930 1108 4970 ex
1140 4930 1240 4969 ms.
1274 4915 1591 4985 desumptte.

481 4988 510 5028 δ
535 4990 656 5057 Ms.,
684 4990 966 5056 disputant.

488 5070 510 5098 ε
536 5056 659 5124 Ms.,
690 5060 811 5127 quia
842 5074 929 5109 nec
957 5056 1144 5110 carnis.

482 5128 509 5167 ἀ
540 5130 663 5193 Ms.,
694 5144 862 5180 semen
906 5139 996 5179 est.

486 5209 510 5237 ο
538 5200 634 5253 llic
659 5208 711 5253 et
737 5199 871 5251 intra
904 5212 1003 5252 ms.
1038 5195 1195 5249 habet.
1216 5210 1364 5247 carne
1386 5210 1480 5262 pro
1510 5213 1741 5264 corpore.

488 5267 508 5307 τ
536 5270 637 5323 Ms.
680 5268 866 5322 addit:
902 5267 954 5319 id
1000 5283 1071 5320 est
1105 5268 1241 5333 visu,
1274 5267 1453 5319 auditu
1475 5308 1489 5333 ,
1541 5283 1715 5339 gustu,
1750 5274 1989 5341 odoratu,

414 5350 575 5398 tactu.

486 5422 512 5456 κ
539 5410 659 5474 Ms.,
690 5423 830 5461 caro.

483 5479 514 5519 ιι
545 5482 668 5545 Ms.,
688 5483 796 5533 sine
819 5494 966 5533 carne
988 5478 1234 5532 rationem
1252 5496 1397 5533 suam
1424 5480 1670 5551 integrant
1697 5490 1849 5537 tenet.

490 5551 506 5588 ί
534 5551 659 5618 Ms.,
688 5551 911 5603 tertium.

489 5621 503 5671 i
539 5620 612 5674 Ita
642 5636 741 5674 ms.
767 5620 892 5682 Alii,
922 5618 1173 5690 spiritum.

487 5692 509 5729 ιι
539 5691 648 5744 Vox
680 5691 857 5743 mundi
883 5690 1096 5743 additur
1119 5706 1180 5745 ex
1208 5704 1307 5747 ms.

492 5761 509 5799 1
542 5761 615 5814 Ita
646 5776 743 5815 tus.
779 5763 902 5819 Alii.
929 5762 1088 5813 salva.

2090 3290 2243 3328 neum
2262 3290 2381 3329 esse
2397 3275 2460 3327 ad
2489 3275 2819 3344 superandas
2841 3275 3035 3328 diaboli
3064 3275 3281 3329 insidias
3302 3287 3354 3328 et
3379 3276 3444 3329 ad
3488 3278 3505 3313 ι
3546 3280 3663 3330 vin-

2088 3369 2286 3423 cendas
2312 3369 2488 3422 carnis
2517 3368 3003 3436 concupiscentias,
3037 3366 3139 3421 nisi
3171 3383 3264 3435 per
3293 3368 3661 3436 quotidianum

2086 3458 2408 3526 adjutorium
2444 3458 2536 3511 Dei
2568 3458 3015 3526 perseverantiam
3060 3457 3212 3511 bonae
3237 3459 3662 3514 conversationis

2088 3549 2379 3617 acceperit.

2595 3640 2697 3711 ιιι
2732 3639 2958 3695 CAPUT
3003 3640 3168 3695 xxv.

2159 3730 2311 3800 Quod
2346 3746 2505 3788 nemo
2526 3732 2625 3786 nisi
2651 3740 2676 3768 ιι
2708 3746 2803 3802 per
2831 3731 3104 3786 Christum
3130 3732 3299 3786 libero
3320 3731 3457 3786 bene
3489 3741 3665 3785 utatur

2089 3827 2333 3891 arbitrio,
2367 3827 2505 3880 idem
2544 3824 2797 3895 magister
2851 3825 2901 3878 in
2941 3825 3165 3892 epistola
3197 3825 3261 3879 ad
3302 3825 3664 3879 Milevitanum

2088 3919 2374 3975 concilium
2407 3918 2530 3971 data
2580 3916 2854 3985 prtedicat,
2888 3916 3113 3972 dicens:
3156 3916 3387 3970 Adverte
3428 3915 3665 3981 tandem,

2089 4025 2123 4067 ο
2150 4010 2586 4079 pravissimarum
2612 4010 2871 4063 mentium
2903 4019 2932 4046 ν
2961 4023 3209 4078 perversa
3235 4008 3496 4076 doctrina,
3524 4007 3667 4077 quod

2091 4102 2320 4173 primum
2350 4099 2622 4155 hominem
2653 4100 2722 4153 ita
2751 4099 2970 4153 libertas
3019 4100 3131 4167 ipsa
3164 4099 3405 4166 decepit,
3437 4107 3493 4150 ut
3538 4098 3666 4152 dum

2090 4192 2451 4263 indulgentius
2480 4190 2646 4245 frenis
2685 4189 2802 4260 ejus
2854 4188 3040 4253 utitur,
3087 4188 3140 4241 in
3176 4188 3666 4256 prmvaricationem

2092 4289 2511 4357 prtrsumptione
2538 4284 2817 4339 incideret.
2848 4282 2956 4336 Nec
2981 4297 3046 4337 ex
3076 4282 3174 4336 hac
3198 4281 3367 4349 potuit
3388 4281 3531 4341 erui,
3558 4282 3661 4334 nisi

2090 4382 2139 4437 ei
2167 4379 2496 4449 providentia
2524 4375 2946 4446 regenerationis
2983 4381 3177 4428 statum
3215 4373 3453 4441 pristinie
3489 4372 3656 4427 liber-

2095 4474 2218 4528 tatis
2249 4469 2450 4525 Christi
2477 4468 2682 4522 Domini
2708 4467 3054 4521 reformasset
3082 4466 3364 4521 adventus.

2659 4555 2883 4610 CAPUT
2920 4552 3106 4607 XXVI.

2169 4652 2319 4722 Quod
2349 4649 2525 4705 omnia
2554 4646 2726 4700 studia
2756 4656 2807 4699 ct
2837 4644 3012 4698 omnia
3041 4658 3202 4714 opera
3230 4657 3292 4699 ac
3317 4643 3509 4699 merita
3548 4657 3665 4699 satis

2099 4758 2305 4804 ctorum
2337 4742 2402 4796 ad
2438 4741 2526 4795 Dei
2575 4740 2797 4809 gloriam
2831 4737 3150 4807 laudemque
3178 4735 3461 4793 referenda
3483 4739 3667 4805 tsint,

2164 4932 2201 4959 πη
2230 4922 2303 4975 Ita
2332 4936 2434 4975 ms.
2470 4919 2592 4983 Alii,
2616 4918 2933 4986 admittente,
2967 4916 3127 4972 male.

2162 5002 2190 5029 ¹²
2212 4993 2336 5057 Alii,
2368 4992 2624 5059 prwceptt'.
2674 5045 2681 5051 ,

2170 5071 2192 5098 ο
2228 5064 2346 5126 M5,,
2376 5064 2683 5122 emendaret,

2168 5143 2194 5182 Ρ
2227 5134 2324 5187 Ms.
2354 5132 2501 5185 addit
2528 5133 2579 5182 id
2605 5148 2670 5182 es
2708 5128 3025 5182 rationabilis
3058 5128 3352 5183 voluntatis.

2168 5213 2196 5252 ιι
2230 5205 2363 5284 ἢπερ
2414 5202 2663 5255 videntur
2724 5198 2997 5253 abundare
3049 5209 3104 5253 et
3157 5210 3281 5254 sunt
3330 5197 3561 5255 tollenda
3612 5209 3668 5256 ut

2097 5288 2297 5345 spuria.
3454 5314 3460 5320 .

2179 5354 2199 5381 τ
2239 5345 2291 5397 In
2318 5342 2526 5395 collect.
2549 5338 2910 5394 Conciliorum
2938 5339 3124 5395 Isidori
3148 5339 3476 5408 Mercatoris,
3500 5339 3667 5393 donis.

2178 5424 2198 5450 ε
2234 5413 2491 5474 Isidorus,
2520 5411 2692 5462 donet.

2179 5485 2195 5519 ί
2233 5483 2396 5544 Idem,
2432 5481 2750 5533 evincendas.

2169 5561 2197 5589 υ
2229 5554 2396 5616 Idem,
2424 5569 2512 5621 per
2540 5552 2757 5621 gratiam
2789 5551 2998 5606 Christi.
3077 5585 3082 5589 -

2170 5634 2195 5661 ν
2231 5624 2302 5677 Ita
2332 5631 2477 5676 recte
2504 5622 2756 5675 Isidorus.

2177 5704 2196 5729 ι
2226 5693 2475 5756 Isidorus,
2506 5700 2642 5745 sunt.
