4046 6188
451 245 555 303 987

1653 233 1976 292 GENNADII
2016 232 2480 301 MASSILIENSIS

3592 252 3688 309 983

444 359 571 427 quia
598 370 757 412 nemo
795 352 1007 410 aliunde
1046 353 1098 410 ei
1128 352 1353 423 placeat,
1390 351 1490 407 nisi
1534 367 1598 406 ex
1628 366 1692 409 eo
1717 351 1858 419 quod
1908 350 2023 417 ipse
2052 352 2099 417 Α
2132 355 2228 407 bus
2256 357 2485 411 donetur
2513 356 2665 420 fides,
2710 366 2761 413 ut
2813 359 3106 417 ἰιιυιοιιιιτω
3143 360 3217 416 ab
3256 361 3513 434 iutpietati
3587 383 3693 423 sum

446 450 759 515 donaverit:
788 448 839 501 in
870 462 1028 516 quam
1058 461 1153 500 nos
1174 447 1497 503 sententiam
1527 444 1709 511 dirigit
1747 444 1913 499 beata:
1945 459 2022 496 re-

446 541 769 601 coidationis
810 552 956 609 papae
1003 537 1486 605 Zosimiregularis
1536 546 1823 603 auctoritas
1849 576 1863 600 ,
1897 550 2017 589 cum

447 634 688 691 scribens
724 632 789 695 ad
840 632 1001 685 totius
1034 630 1179 683 orbis
1218 629 1501 697 episcopos
1542 628 1652 685 ait:
1687 628 1793 681 Nos
1842 638 2019 681 autem

448 727 698 795 instinctu
728 723 819 776 Dei
849 721 1048 794 (omnia
1075 721 1217 781 enim
1247 721 1383 773 bona
1429 721 1497 772 ad
1543 728 1816 775 auctorem
1859 736 2014 777 suum

446 816 726 877 referenda
749 825 873 879 sunt
902 812 1040 867 unde
1068 810 1401 879 nascuntur).
1431 813 1493 864 ad
1518 810 1738 867 fratrum
1757 823 1811 866 et
1831 817 2016 882 cut-pi.

446 922 728 977 scaporum
769 916 1069 967 nostrorum
1110 903 1490 971 conscientiam
1534 905 1779 957 universa
1829 906 2022 960 retuli,

445 978 585 1057 inus.
616 997 765 1053 Hunc
790 1007 967 1063 autem
1002 1010 1303 1059 sermonem
1354 995 1731 1053 sincerissima:
1777 998 2020 1055 veritatis

447 1094 567 1149 luce
608 1092 907 1146 radiantem
941 1097 1087 1142 tanto
1118 1089 1228 1142 Afri
1258 1088 1490 1156 episcopi
1526 1089 1731 1143 honore
1779 1091 2017 1145 venerati

447 1195 592 1263 sunt,
614 1192 673 1239 ut
694 1187 764 1238 ita
792 1183 856 1235 ad
881 1182 1125 1236 eumdem
1152 1181 1320 1241 virum
1345 1189 1369 1229 tt
1390 1182 1686 1240 scriberent
1710 1198 1721 1233 :
1757 1185 1855 1253 l5
1888 1181 2016 1235 Illud

449 1291 581 1341 vero
608 1273 751 1345 quod
782 1274 837 1337 in
866 1271 1057 1333 litteris
1106 1285 1240 1339 quas
1286 1271 1351 1333 ad
1398 1272 1669 1334 universas
1720 1276 2018 1339 provioeias

448 1365 646 1429 curasti
689 1378 807 1429 esse
856 1361 1143 1427 mittendas
1184 1362 1423 1428 posuisti,
1454 1363 1674 1416 dicens:
1705 1362 1813 1429 Nos
1841 1375 2017 1421 tamen

449 1455 704 1510 instinctu
728 1453 841 1516 Dei,
860 1462 991 1519 etc,,
1021 1451 1097 1519 sic
1119 1452 1410 1519 accipimus
1436 1451 1662 1515 dit'tum,
1701 1467 1749 1505 ιιι
1785 1455 1902 1507 illos
1927 1457 2017 1522 qui

448 1554 637 1615 contra
667 1545 758 1600 Dei
784 1544 1105 1612 adiutorium
1151 1543 1413 1597 extollunt
1459 1544 1673 1597 humani
1698 1546 1902 1600 arbitrii
1951 1548 2016 1599 li-

450 1641 751 1705 bertatem,
803 1636 1046 1695 districto
1096 1636 1273 1704 gladio
1329 1635 1566 1697 veritatis
1619 1638 1766 1692 velut
1815 1641 2011 1693 cursim

2126 445 2420 503 liberentur
2442 451 2734 515 erroribus,
2760 454 2857 523 l7
2882 462 2938 507 ut
2958 454 3177 522 Iuda-is,
3205 458 3382 511 ablato
3403 459 3576 513 cordis
3601 477 3694 513 vu-

2124 538 2343 602 Iamine,
2370 541 2454 595 lux
2482 543 2720 597 veritatis
2750 555 3024 613 appareat,
3070 556 3126 600 ut
3159 547 3397 603 haeretici
3424 553 3692 609 catholtcm

2126 629 2246 684 fidei
2275 634 2616 700 perceptione
2649 636 2985 703 resipiscam,
3012 647 3062 688 ut
3091 639 3415 694 schismatici
3443 642 3689 708 Spiritum

2123 722 2372 775 rediviva;
2400 725 2637 777 caritatis
2675 726 2957 794 accipiant,
2988 735 3043 780 ut
3072 728 3235 793 lat-sis
3259 731 3582 797 paenitentia:
3612 751 3691 790 re-

2125 812 2297 865 media
2339 813 2703 881 conferantur,
2736 825 2793 869 ut
2820 817 3051 886 denique
3084 820 3480 877 catechumeuis
3514 827 3579 879 ad
3611 844 3690 881 re-

2121 907 2481 973 generationis
2509 920 2841 965 sacramenta
2874 911 3162 976 perductis,
3209 914 3443 969 caelestis
3486 919 3685 973 miseri—

2121 996 2319 1053 θυι-ἀίω
2347 997 2464 1053 aula
2502 995 2521 1034 ί
2557 1011 2842 1053 reseretur.
2878 1000 3002 1055 Huic
3029 1011 3208 1057 autem
3254 1020 3360 1058 non
3393 1008 3688 1074 perfuncto.

2123 1087 2199 1147 rte
2243 1102 2413 1156 neque
2459 1087 2687 1145 inaniter
2726 1106 2753 1143 a
2787 1090 3011 1146 Domino
3051 1096 3176 1161 peti,
3230 1111 3409 1150 rerum
3457 1100 3686 1167 ipsarum

2122 1185 2380 1230 monstrat
2410 1178 2652 1246 effectus,
2699 1180 3124 1250 quandoquidem
3167 1199 3231 1237 ex
3262 1187 3406 1241 omni
3448 1203 3687 1243 errorum

2119 1282 2315 1336 genere
2347 1270 2604 1335 plurimos
2649 1271 2788 1327 Deus
2813 1273 3061 1340 dignatur
3086 1276 3377 1344 attrahere,
3409 1295 3545 1349 quos
3572 1297 3690 1335 eru-

2122 1367 2204 1418 tus
2252 1361 2319 1414 de
2370 1369 2630 1429 potestate
2677 1364 3013 1418 tenebrarum
3048 1368 3335 1423 transferat
3380 1370 3430 1423 in
3471 1386 3686 1440 regnum

2121 1448 2237 1507 Filii
2268 1452 2503 1507 caritatis
2532 1468 2661 1519 sure,
2687 1465 2739 1509 et
2769 1470 2833 1508 ex
2859 1457 2996 1509 rasis
3020 1458 3112 1511 ira:
3143 1459 3299 1527 faciat
3331 1475 3451 1514 vasa
3486 1463 3689 1517 miseri-

2120 1544 2336 1597 cordiae.
2371 1546 2519 1611 Quod
2547 1546 2681 1600 adeo
2712 1556 2879 1601 totum
2909 1549 3072 1605 divini
3104 1554 3278 1621 operis
3301 1569 3421 1608 esse
3443 1557 3687 1620 sentitur,

2123 1642 2177 1685 ut
2221 1634 2334 1687 hinc
2377 1636 2640 1689 efficiente
2685 1636 2793 1690 Deo
2822 1643 3110 1706 gratiarum
3160 1658 3376 1709 semper
3412 1646 3559 1699 actio
3584 1649 3691 1701 lau-

450 1731 717 1795 transiens
747 1737 1069 1799 amputat-es.
1103 1727 1238 1793 Quid
1269 1728 1409 1780 enim
1454 1738 1558 1785 tam
1589 1729 1755 1784 libero
1786 1728 1811 1767 ιι
1847 1730 2015 1786 fecisti
2049 1707 2094 1777 β
2123 1724 2309 1793 disque
2358 1725 2628 1781 confessio
2655 1744 2753 1797 pro
2782 1730 3170 1789 illttmiuatinne
3202 1707 3382 1789 talium
3416 1739 3496 1792 vel
3525 1753 3694 1803 coac-

449 1825 691 1891 arbitrio,
725 1838 882 1891 quam
927 1820 1067 1890 quod
1116 1820 1363 1881 universa
1395 1820 1445 1875 in
1479 1830 1673 1879 nostrae
1708 1822 2018 1887 humilitatis

449 1915 828 1979 conscientiam
861 1924 883 1952 α
918 1912 1190 1975 retulisti?
1221 1922 1272 1967 ct
1304 1921 1478 1973 tamen
1523 1911 1773 1970 instinctu
1822 1915 1912 1968 Dei
1943 1915 2021 1968 fa-

450 2018 595 2067 ctum
624 2018 742 2068 esse
772 2004 999 2065 fideliter
1024 2002 1399 2071 sapienterque
1425 2005 1623 2067 vidmti,
1664 2014 1930 2060 veraciter
1955 2009 2013 2059 ιι,

450 2101 743 2167 denterque
771 2096 970 2160 dixisti.
1022 2094 1145 2155 Ideo
1173 2095 1376 2163 utique,
1408 2098 1528 2165 quia
1563 2108 1889 2165 praeparatur
1924 2114 2021 2153 vo-

450 2195 626 2251 luntas
654 2204 683 2243 a
709 2189 951 2242 Domino.
986 2187 1049 2240 Et
1089 2195 1145 2239 ut
1195 2187 1316 2241 boni
1362 2187 1559 2255 aliquid
1590 2199 1750 2257 agant
1788 2194 2021 2257 paternis

451 2284 885 2354 inspirationibus
910 2297 1126 2339 suorum
1151 2282 1265 2349 ipse
1313 2290 1491 2350 ιειηετιι
1520 2284 1680 2335 “om”
1709 2280 1735 2319 d
1771 2284 2017 2342 ("imm"-

452 2378 707 2443 Quotquot
721 2378 851 2429 enim
863 2375 1041 2444 spiritu
1056 2371 1150 2425 Dei
1164 2391 1299 2442 agun
1310 2385 1403 2437 νυν,
1428 2375 1477 2426 hi
1496 2374 1589 2438 ﬁlii
1608 2374 1697 2426 Dei
1709 2389 1825 2428 sunt
1841 2377 2016 2446 (Rom.

452 2483 570 2531 \‘Ill,
588 2468 707 2534 15);
728 2476 784 2520 ut
806 2482 903 2519 nec
925 2474 1166 2518 nostrum
1190 2464 1380 2517 deesse
1401 2465 1692 2519 sentiamus
1714 2468 2018 2533 arbitrium,

450 2558 589 2614 etin
625 2557 778 2611 bonis
821 2557 1116 2625 quibusque
1165 2556 1449 2610 voluntatis
1500 2557 1746 2611 humanas
1794 2559 2023 2629 singulis

451 2652 707 2717 motibus,
734 2651 901 2720 magis
918 2650 1058 2704 illius
1082 2651 1258 2704 valere
1274 2665 1382 2703 non
1407 2651 1711 2705 dubitemus
1741 2654 2018 2707 auxilium.

1006 2742 1232 2797 CAPUT
1270 2742 1478 2796 XXVII.

479 2904 489 2911 ι
523 2833 599 2887 Ita
625 2832 763 2889 Deus
792 2848 859 2887 ex
887 2832 1138 2887 cordibus
1168 2834 1461 2899 hominum,
1493 2841 1653 2899 atque
1677 2844 1699 2872 ε
1730 2834 1783 2889 in
1821 2836 1933 2902 ipso
1963 2835 2025 2889 li-

453 2925 584 2985 bero
631 2936 883 2995 Operatur
928 2925 1169 2991 arbitrio,
1221 2936 1277 2981 ut
1320 2938 1501 2981 sanc'n
1550 2928 1831 2996 cogitatio,
1882 2930 2021 2996 pium

452 3019 756 3083 ronsilium,
787 3018 1065 3086 omnisque
1094 3027 1267 3071 mutus
1300 3019 1451 3073 boum
1482 3020 1768 3075 voluntatis
1808 3036 1874 3076 ex
1916 3022 2024 3077 Deo

453 3112 526 3166 sit
553 3128 565 3163 :
594 3110 713 3178 quia
748 3124 840 3178 per
878 3110 1023 3163 ilium
1066 3108 1263 3178 aliquid
1295 3111 1417 3164 boni
1450 3126 1749 3181 possumus,
1775 3113 1892 3167 sine
1919 3130 2025 3184 quo

454 3199 584 3256 nihil
612 3212 911 3270 possumus.

990 3292 1216 3347 CAPUT
1255 3291 1484 3347 XXVIII.

525 3382 831 3451 Quicunque
872 3381 1062 3437 dixerit
1107 3384 1331 3452 gratiam
1366 3384 1481 3450 Dei,
1528 3398 1630 3454 qua
1674 3384 2031 3452 justiﬂcamun

454 3487 551 3543 per
576 3473 755 3527 Iesum
786 3472 1054 3528 Christum
1087 3473 1369 3528 Dominum
1414 3484 1677 3541 nostrum,
1711 3476 1813 3546 16
1841 3476 1905 3530 ad
1936 3491 2027 3530 so-

456 3564 561 3617 lam
592 3562 965 3617 remissionem
989 3571 1325 3631 peccatorum
1368 3565 1546 3618 valere
1574 3580 1692 3632 quae
1718 3564 1826 3633 jam
1875 3580 2023 3619 com-

454 3654 617 3709 missa
644 3662 789 3719 sunt,
820 3668 926 3708 non
954 3654 1116 3709 etiam
1141 3653 1209 3708 ad
1251 3654 1575 3725 adjutorium
1603 3654 1787 3725 gratia
1833 3664 1892 3711 ut
1919 3670 2025 3711 non

454 3743 875 3811 committantur,
901 3744 1181 3799 anathema
1204 3745 1294 3799 sit.

1007 3834 1234 3893 CAPUT
1276 3834 1467 3891 XXIX.

523 3924 773 3993 Quisquis
798 3923 995 3981 dixerit
1018 3926 1242 3995 gratiam
1269 3926 1359 3982 Dei
1392 3943 1489 3995 per
1529 3927 1709 3983 Iesum
1755 3926 2026 3989 Christum

457 4023 672 4085 propter
703 4016 805 4075 huc
828 4024 1030 4070 tantum
1055 4029 1152 4070 nos
1171 4016 1425 4085 adjuvare
1448 4016 1519 4073 ad
1545 4033 1651 4072 non
1677 4017 2031 4087 peccandum,

454 4110 577 4176 quia
609 4123 704 4177 per
730 4108 899 4177 ipsum
931 4109 1084 4164 nobis
1104 4109 1371 4165 reveletur
1399 4118 1454 4164 et
1472 4112 1709 4180 aperitur
1729 4112 2033 4181 intelligen-.

456 4202 527 4255 tia
554 4201 946 4266 mandatorum,
980 4210 1038 4256 ut
1080 4202 1312 4256 sciamus
1340 4203 1467 4272 quid
1498 4213 1770 4271 appetere,
1802 4211 1856 4257 et
1898 4204 2026 4274 quid

454 4294 625 4348 vitare
667 4292 976 4356 debeamus,
1007 4307 1114 4347 non
1151 4302 1329 4347 autem
1377 4308 1472 4360 per
1509 4293 1654 4348 illam
1694 4295 1848 4348 nobis
1891 4312 2026 4363 prae-

374 4382 383 4391 ‘
455 4382 583 4437 stari
630 4390 687 4437 ut
732 4382 871 4453 quod
918 4382 1217 4438 faciendum
1262 4383 1607 4453 cognovimus
1650 4385 1814 4441 etiam
1851 4385 2025 4441 fat-ere

453 4475 735 4543 diligamus
761 4483 921 4546 atque
943 4475 1234 4539 valeamus,
1266 4476 1547 4530 anathema
1576 4479 1667 4531 sit.

1025 4565 1250 4622 CAPUT
1290 4566 1460 4621 XXX.

528 4653 963 4715 Obsecrationum
990 4670 1205 4726 quoque
1245 4658 1654 4713 sacerdotalium
1692 4670 2030 4714 sacramenta

459 4744 825 4816 respiciamus,
845 4760 964 4813 quae
985 4745 1051 4799 ab
1085 4746 1342 4814 apostolis
1368 4748 1557 4802 tradita
1580 4748 1633 4801 in
1664 4758 1776 4802 toto
1807 4747 2023 4811 mundo,

454 4848 617 4908 atque
655 4837 708 4891 in
746 4835 893 4889 omni
937 4836 1198 4891 catholica
1243 4836 1479 4893 Ecclesia
1523 4840 1856 4893 uniformiter
1882 4842 2026 4893 cele-

455 4929 699 4992 brantur,
730 4937 791 4980 ut
819 4927 988 4995 legem
1016 4927 1293 4993 credendi,
1327 4928 1409 4982 lex
1438 4937 1637 4982 statuat
1675 4929 2026 4997 supplicandi.

456 5017 589 5073 Cum
612 5016 757 5072 enim
787 5027 1088 5071 sanctarum
1116 5017 1348 5086 plebium
1383 5018 1636 5086 praesules
1676 5018 1920 5072 mandata
1952 5018 2027 5072 si-

457 5108 624 5179 bitnet
650 5107 913 5178 legatione
933 5107 1218 5178 fungantur
1240 5108 1381 5177 apud
1411 5108 1642 5164 divinam
1664 5110 2026 5178 clementiam,

460 5198 673 5253 humani
702 5199 911 5268 generis
941 5208 1104 5268 agunt
1142 5215 1378 5268 causam,
1411 5210 1466 5255 et
1497 5209 1605 5256 tota
1635 5216 1814 5257 secum
1844 5201 2029 5258 Eccle-

459 5293 536 5347 sia
559 5292 986 5363 congemiscente
1015 5292 1285 5360 postulant
1312 5302 1364 5348 et
1406 5302 1687 5363 precantur
1715 5302 1771 5349 ut
1797 5294 2027 5352 infideli-

532 5462 557 5487 ⁸·
586 5450 837 5516 Isidorus,
864 5450 1211 5506 rescriberent.

535 5520 556 5556 υ
588 5521 835 5582 Isidorus,
870 5522 1079 5589 fecistis.

539 5601 559 5626 ε
595 5591 843 5655 Isidorus,
874 5592 1130 5647 relulistis.

536 5660 557 5694 α
588 5659 635 5712 Is
659 5661 724 5714 do
760 5677 835 5714 us.
874 5662 1115 5725 ﬁtlrliuttt.

2121 1820 2296 1873 ctione
2326 1820 2640 1879 referantur.

2684 1913 2912 1970 CAPUT
2954 1916 3143 1970 XXXI.

2193 1999 2324 2055 Illud
2366 2003 2529 2057 etiam
2575 2006 2715 2072 quod
2761 2008 2903 2062 circa
2948 2008 3296 2076 baptizandos
3343 2012 3397 2067 in
3445 2015 3698 2068 universo

2122 2091 2320 2146 mundo
2350 2104 2531 2149 sancta
2572 2095 2808 2153 Ecclesia
2858 2100 3192 2156 uniformiter
3234 2104 3344 2171 agit
3389 2118 3496 2157 non
3529 2106 3694 2159 otiosa

2121 2184 2546 2252 contemplemur
2576 2188 2784 2244 iutuitn.
2839 2190 2970 2246 Cum
3002 2194 3115 2248 sive
3145 2197 3371 2263 parvuli,
3404 2197 3520 2251 sivo
3544 2198 3693 2266 juve-

2122 2288 2216 2331 nes
2260 2274 2327 2328 ad
2376 2272 2800 2344 regeneratiOnis
2851 2286 3067 2339 veniunt
3112 2297 3506 2342 sacramentum
3533 2332 3548 2354 ,
3592 2306 3690 2346 non

2123 2371 2268 2434 prius
2295 2368 2493 2424 fontem
2522 2374 2642 2426 vita:
2672 2376 2884 2441 adeant,
2914 2392 3071 2445 quam
3103 2381 3419 2435 exorcismis
3448 2391 3503 2436 et
3526 2384 3694 2437 exsuf-

2123 2454 2430 2513 ίιςιιιοιιὶιιιιε
2458 2462 2772 2518 clerieorum
2805 2467 3022 2536 spiritus
3048 2469 3117 2525 ab
3146 2470 3225 2524 eis
3256 2472 3565 2526 immundus
3590 2474 3695 2527 abii

2121 2558 2315 2617 gatur;
2376 2563 2428 2607 ut
2479 2563 2603 2608 tunc
2649 2572 2777 2612 rere
2823 2570 3077 2627 appareat
3123 2570 3148 2608 ε
3192 2562 3407 2630 quando
3453 2566 3695 2632 princeps

2123 2644 2303 2697 mundi
2337 2647 2439 2716 18
2482 2646 2638 2715 hujus
2678 2650 2918 2704 mittatur
2960 2651 3100 2706 foras
3139 2651 3319 2719 (Joan.
3368 2668 3464 2716 ιιι,
3502 2654 3617 2723 51),
3646 2668 3696 2708 et

2123 2737 2389 2801 quomodo
2420 2739 2566 2804 prius
2590 2740 2837 2810 alligetur
2866 2740 3039 2808 fortis,
3068 2751 3124 2797 et
3143 2743 3397 2811 deinceps
3429 2760 3556 2798 vasa
3587 2746 3695 2814 ejus

2123 2825 2436 2895 diripiantur
2464 2828 2678 2897 (Matth.
2708 2846 2801 2895 xu,
2832 2831 2951 2903 29),
2985 2833 3034 2886 in
3075 2835 3469 2903 possessionem
3532 2846 3697 2890 trans-

2125 2918 2229 2972 lata
2261 2920 2495 2982 victuris,
2541 2922 2627 2991 qui
2655 2924 2909 2991 captivam
2944 2924 3084 2978 ducit
3125 2926 3503 2993 captivitatem,
3538 2937 3583 2981 et
3610 2931 3695 2980 dat

2127 3013 2264 3065 dona
2293 3011 2581 3067 hominibus
2614 3014 2829 3085 (Eplter.
2859 3032 2932 3082 tv,
2966 3016 3044 3086 8).

2671 3106 2895 3163 CAPUT
2935 3108 3149 3163 XXXII.

2197 3197 2444 3253 Omnium
2488 3199 2745 3255 bonorum
2803 3202 3087 3257 affectuum
3132 3212 3289 3272 atque
3331 3218 3559 3274 operum
3585 3248 3599 3271 ,
3648 3219 3697 3260 rt

2129 3289 2364 3341 omnium
2396 3284 3070 3363 studiorumomniumque
3118 3294 3370 3347 virtutum
3412 3298 3607 3365 quibus
3634 3297 3698 3349 ab

2128 3379 2279 3435 initio
2311 3380 2423 3436 fidei
2445 3382 2511 3435 ad
2531 3383 2694 3437 Deum
2719 3384 2971 3449 tenditur,
2996 3384 3158 3439 Deum
3184 3384 3498 3454 profitemur
3525 3398 3697 3442 aucto-

2130 3488 2264 3527 rem.
2296 3474 2360 3528 Et
2388 3488 2490 3528 non
2518 3474 2822 3531 dubitamus
2848 3476 2916 3530 ab
2944 3476 3109 3547 ipsius
3128 3481 3295 3547 gratia
3324 3480 3503 3533 omnia
3536 3480 3698 3533 humi-

2127 3565 2215 3619 nis
2240 3564 2426 3620 merita
2471 3567 2771 3634 praeveniri,
2800 3582 2896 3636 per
2920 3582 3076 3637 quem
3109 3568 3164 3621 fit
3192 3577 3248 3622 ut
3268 3568 3462 3638 aliquid
3498 3570 3622 3623 boni
3650 3584 3697 3624 et

2129 3655 2268 3711 velle
2297 3655 2611 3727 incipiamus
2636 3666 2690 3712 et
2714 3658 2908 3713 facere.
2931 3658 3048 3725 Quo
3070 3658 3252 3727 utique
3276 3660 3477 3715 auxilio
3509 3670 3564 3716 et
3585 3676 3697 3714 mu-

2129 3760 2260 3801 nere
2283 3746 2374 3801 Dei
2404 3762 2509 3801 non
2535 3748 2774 3802 aufertur
2795 3748 3022 3803 liberum
3053 3750 3355 3818 arbitrium,
3384 3748 3481 3805 sed
3513 3751 3701 3805 libera.

2129 3848 2238 3900 tur.
2265 3849 2320 3893 ιιι
2349 3838 2417 3893 de
2446 3842 2733 3897 tenebroso
2762 3841 3020 3908 lucidum,
3051 3841 3122 3897 de
3168 3856 3337 3910 pravo
3377 3849 3606 3906 rectum,
3636 3842 3699 3895 de

2129 3928 2378 3996 languido
2406 3943 2617 3996 sanum,
2647 3930 2716 3985 de
2741 3932 3078 3999 imprudente
3101 3932 3173 3986 sit
3204 3931 3506 3999 providum.
3537 3932 3698 3986 Tanta

2128 4018 2274 4079 enim
2298 4030 2375 4072 est
2406 4035 2526 4088 erga
2553 4035 2742 4075 omnes
2774 4022 3019 4077 homines
3045 4021 3255 4077 bonitas
3292 4021 3408 4087 Dei,
3438 4031 3495 4076 ut
3527 4032 3698 4076 nostra

2130 4109 2256 4163 velit
2281 4123 2401 4163 esse
2427 4125 2495 4162 mi
2514 4111 2614 4164 rita
2644 4127 2763 4180 qua:
2806 4122 2931 4165 sunt
2960 4114 3125 4182 ipsius
3167 4112 3330 4181 dona,
3377 4122 3432 4167 et
3475 4128 3577 4182 pro
3621 4113 3701 4166 his

2127 4215 2247 4269 quae
2285 4200 2502 4269 largitus
2530 4211 2613 4256 est
2638 4212 2837 4260 aeterna
2867 4206 3083 4273 praemia
3120 4205 3190 4260 sit
3216 4205 3536 4260 donaturns.
3582 4206 3699 4274 Ag't

2128 4293 2325 4362 quippe
2355 4293 2406 4346 in
2437 4294 2591 4348 nobis
2623 4302 2681 4349 ut
2716 4298 2857 4364 quod
2888 4297 2999 4352 vult
3024 4306 3079 4353 et
3103 4299 3330 4353 velimus
3359 4309 3413 4354 et
3440 4313 3693 4369 agamus;

2130 4399 2230 4438 nec
2257 4385 2427 4439 otiosa
2457 4399 2575 4440 esse
2606 4386 2658 4440 in
2691 4387 2844 4441 nobis
2889 4388 3084 4457 patitur
3119 4404 3237 4457 quae
3262 4390 3565 4444 exercenda
3597 4403 3701 4443 non.

2068 4478 2103 4499 "
2131 4478 2440 4546 negligenda
2470 4480 2687 4534 donavit
2719 4496 2733 4533 :
2767 4488 2826 4533 ut
2867 4491 2922 4535 et
2963 4497 3063 4535 nos
3108 4491 3485 4550 cooperatores
3538 4483 3700 4537 simus

2127 4571 2311 4642 gratize
2343 4572 2454 4637 Dei,
2483 4588 2545 4626 ac
2570 4573 2613 4624 si
2655 4573 2781 4641 quid
2826 4574 2879 4627 in
2911 4573 3061 4628 nobis
3088 4590 3150 4628 ex
3183 4583 3364 4628 nostra
3412 4574 3700 4628 viderimus

2129 4662 2444 4718 remissione
2471 4662 2834 4732 languescere,
2885 4663 2951 4716 ad
2997 4664 3144 4718 illum
3188 4664 3415 4719 sollicite
3460 4678 3693 4718 recurra-

2130 4768 2268 4818 mns,
2292 4755 2378 4821 qui
2403 4766 2549 4808 sanat
2576 4771 2744 4809 omnes
2767 4756 3036 4823 languore:
3076 4765 3296 4821 nostros,
3327 4764 3374 4809 et
3401 4755 3603 4824 redimit
3643 4756 3699 4805 de

2128 4846 2335 4899 interitu
2366 4846 2466 4915 19
2509 4845 2659 4898 vitam
2691 4854 2919 4898 nostram
2961 4843 3132 4913 (Paul.
3177 4859 3289 4909 cm,
3321 4846 3372 4907 5,
3404 4844 3491 4913 4);
3522 4854 3578 4898 et
3616 4844 3698 4898 cui

2128 4934 2363 5006 quotidie
2390 4936 2618 4988 dicimus
2646 4951 2659 4987 :
2688 4933 2739 4986 Ν
2746 4954 2768 4985 ε
2793 4951 2884 4988 nos
2911 4936 3124 4988 inducas
3148 4936 3202 4989 in
3229 4937 3579 5002 mutationem,
3616 4934 3699 4989 sed

2128 5028 2287 5082 libera
2316 5044 2406 5080 nos
2429 5044 2459 5079 a
2481 5027 2613 5079 malo
2636 5026 2847 5096 (.Ilattlt.
2883 5040 2951 5091 vt,
2984 5026 3062 5095 2).

2671 5117 2899 5172 CAPUT
2933 5116 3169 5173 χχχιιι.
3310 5182 3317 5189 ,

2198 5208 2515 5278 Quicunque
2535 5210 2661 5263 dicit
2683 5210 2849 5264 Adam
2874 5211 3101 5278 primum
3127 5209 3393 5264 hominem
3420 5206 3699 5261 mortalem

2129 5301 2350 5367 factum,
2383 5301 2453 5354 ita
2485 5310 2541 5353 ut
2567 5300 2677 5355 sive
2708 5309 2970 5370 peccaret,
3002 5300 3113 5357 sive
3145 5315 3251 5356 non
3295 5306 3560 5369 peccaret,
3590 5313 3696 5353 meo

2158 5472 2171 5483 °
2216 5469 2239 5497 θ
2271 5459 2521 5525 Isidorus,
2547 5460 2619 5513 in.

2213 5531 2231 5567 ί
2266 5530 2518 5595 Isidorus,
2545 5535 2810 5599 referatur.

2211 5610 2233 5647 ε
2268 5600 2519 5664 Isidorus,
2548 5605 2813 5670 quantulo.
