4046 6188
384 328 487 384 98!)

1311 320 1399 376 DE
1438 319 1982 387 ECCLESIASTICIS
2020 322 2462 383 DOGNATIBUS
2502 324 2725 381 LIBER.

3545 334 3650 389 990

385 453 612 503 rurclut‘,
656 440 711 492 in
748 450 971 506 corpore
1002 435 1123 505 hoc,
1168 434 1222 503 id
1260 424 1361 501 est,
1391 435 1459 489 de
1488 449 1715 505 corpore
1761 436 1954 499 exiret,
1985 436 2035 495 Α
2060 434 2256 504 justus,
2283 452 2403 491 cum
2434 437 2487 491 in
2530 438 2771 491 oratione
2814 438 3088 505 pluraliter
3116 440 3320 495 diceret
3352 461 3364 494 :
3402 441 3647 501 Peccavi—

384 550 490 607 non
542 531 743 599 peccati
789 529 1001 599 merito.
1056 526 1153 597 sed
1198 528 1519 593 necessitate
1565 540 1790 593 naturae,
1836 541 1964 579 ana-

382 628 563 706 iiipma
590 625 682 679 sit.

941 713 1163 769 CAPUT
1205 714 1442 775 XXXIV.

452 808 767 879 Quisunque
816 805 1066 877 parvulos
1110 816 1352 871 recentes
1400 804 1469 867 ah
1527 804 1690 861 uteris
1732 812 1961 866 matrum

381 899 729 970 baptizandus
757 906 932 965 negat,
960 909 1049 953 aut
1090 896 1215 973 dicit
1254 897 1303 949 in
1347 897 1721 967 remissionem
1751 898 1961 965 quidem

384 1000 720 1061 peccatorum
753 1004 847 1043 eos
878 987 1153 1055 baptizari,
1185 987 1277 1045 sed
1310 989 1436 1049 nihil
1469 1003 1535 1043 ex
1562 988 1726 1041 Adam
1751 990 1965 1043 trahere

381 1080 657 1163 prigipalis
703 1079 928 1151 peccati,
974 1079 1113 1149 quod
1166 1079 1377 1145 lavacro
1426 1080 1849 1148 regeneratloiiis
1872 1096 1965 1133 es-

380 1172 581 1245 piciur,
610 1170 749 1247 unde
769 1171 839 1241 sit
864 1184 1198 1244 t'ppseqtieps
1220 1181 1275 1245 ut
1294 1172 1343 1233 in
1366 1172 1446 1229 eis
1473 1170 1643 1237 forma
1675 1171 1965 1239 baptisma-

383 1264 452 1341 iis
498 1262 553 1329 in
602 1262 973 1339 remissionem
1008 1269 1345 1331 peccatorum
1380 1277 1487 1329 non
1528 1278 1677 1332 Vera,
1710 1264 1800 1325 scd
1834 1263 1964 1318 falsa

381 1351 727 1433 intelligatur,
753 1351 1033 1427 anathema
1078 1351 1166 1423 sit.
1197 1351 1457 1419 Quoniam
1491 1368 1596 1406 non
1623 1355 1781 1417 aliter
1810 1355 1967 1417 intel-

382 1443 653 1523 ligendum
677 1452 759 1517 est
785 1443 927 1515 quod
957 1442 1332 1517 aitApostolus
1355 1460 1369 1496 :
1400 1442 1503 1511 Per
1529 1462 1686 1511 uicum
1713 1445 1965 1500 hominem

383 1546 647 1601 peccatum
672 1535 878 1587 intravit
915 1534 967 1589 in
996 1534 1261 1605 mundum,
1306 1544 1354 1603 et
1387 1551 1474 1605 per
1502 1549 1760 1605 peccatum
1794 1554 1965 1602 mors;

382 1635 430 1703 ei
455 1626 531 1703 iga
557 1625 609 1693 in
639 1640 810 1699 omnes
846 1622 1071 1697 homines
1112 1625 1401 1699 pertransiit
1430 1626 1483 1679 in
1514 1642 1613 1695 quo
1643 1643 1812 1681 omnes
1846 1643 1965 1697 pec-

382 1726 620 1795 rumpunt
652 1714 828 1793 (liam.
861 1729 911 1789 γ,
948 1712 1068 1789 li);
1116 1715 1214 1769 nisi
1244 1717 1693 1787 quemadmodum
1729 1717 1962 1772 Etclesia

2069 544 2202 591 mus,
2233 528 2545 597 iniquitatem
2578 530 2785 597 fecimus
2806 528 2966 597 (Dan.
2999 547 3070 595 ιι,
3092 532 3170 601 5).
3205 544 3255 586 et
3286 546 3499 603 caetera,
3530 553 3649 606 qua:

2067 618 2137 671 ibi
2181 621 2445 673 veraciter
2496 630 2549 674 et
2590 621 2862 675 humiliter
2910 624 3196 679 conﬁtetur
3239 641 3304 681 ne
3348 640 3645 697 putaretur,

2064 710 2516 777 quemadmodum
2563 712 2775 779 quidam
2827 714 3083 777 sentiunt,
3133 717 3233 770 hoc
3276 722 3474 775 nonde
3514 724 3645 787 suis,

2064 799 2159 852 sed
2185 800 2253 854 de
2276 803 2452 869 populi
2480 804 2569 855 sui
2592 802 2790 857 dixisse
2814 808 3040 872 peccatis
3066 824 3079 869 ;
3113 821 3291 875 postea
3321 813 3491 867 dixit:
3516 812 3645 867 Cum

2065 906 2262 943 orarem
2291 903 2337 944 et
2365 894 2631 961 conﬁterer
2661 906 2867 960 peccata
2893 914 3003 950 mea
3032 911 3076 950 et
3104 913 3310 969 peccata
3343 905 3521 974 pepuli
3550 909 3646 960 mei

2067 982 2236 1035 Domi:
2259 999 2289 1036 ο
2321 981 2428 1036 Deo
2452 1000 2560 1036 meo
2590 984 2777 1055 (lbid.,
2803 986 2894 1055 20)
2920 1005 2935 1042 :
2987 991 3154 1042 noluit
3201 991 3380 1046 dicere
3431 1005 3645 1062 peccata

2066 1084 2283 1136 nostra,
2314 1074 2405 1127 sed
2436 1077 2612 1143 populi
2644 1077 2724 1129 sui
2754 1077 2891 1131 dixit
2916 1090 2968 1132 et
2997 1095 3088 1131 sua
3110 1120 3125 1143 ,
3157 1084 3407 1149 quoniam
3442 1086 3645 1140 iuturus

2066 1163 2197 1225 istos
2218 1164 2306 1232 qui
2341 1175 2444 1217 tam
2475 1166 2612 1222 male
2642 1165 2668 1206 ιθ
2692 1167 3051 1237 intelligerent
3089 1183 3335 1242 tanqunn
3388 1176 3643 1246 propheta

2067 1253 2331 1323 przevidit.

2516 1352 2622 1420 22
2660 1349 2888 1406 CAPUT
2930 1352 3193 1407 xxxvu.

2137 1437 2449 1506 Quicunque
2481 1439 2592 1507 ipsa
2624 1442 2779 1494 verba
2821 1443 3102 1497 dominica:
3140 1446 3399 1501 orationis
3445 1448 3532 1502 ubi
3563 1447 3643 1504 di.

2068 1528 2239 1587 cimus
2270 1547 2282 1581 :
2316 1528 2526 1585 Dimitte
2554 1532 2697 1585 nobis
2724 1533 2891 1586 debita
2938 1545 3131 1600 nostra,
3166 1537 3234 1590 ita
3262 1540 3443 1592 volunt
3468 1555 3495 1592 a
3518 1554 3642 1594 sau-

2067 1622 2169 1677 CliS
2198 1622 2324 1687 dici,
2352 1637 2405 1678 ut
2426 1624 2699 1679 humiliter
2722 1642 2825 1679 non
2849 1629 3109 1682 veraciter
3137 1628 3236 1683 hoc
3257 1630 3483 1694 dicatur,
3508 1648 3640 1686 ana-

2070 1713 2247 1767 thetua
2276 1714 2363 1767 sit.
2398 1714 2526 1781 Quis
2553 1716 2693 1769 enim
2740 1716 2877 1771 lerat
2904 1727 3167 1783 orantem,
3196 1736 3300 1772 non
3336 1722 3639 1776 hominibus

384 1806 643 1885 eitiiolicq
689 1806 883 1883 ubique
927 1805 1116 1881 ditiusa
1147 1820 1360 1881 semper
1403 1808 1681 1863 intellexit.
1736 1808 1959 1876 Propter
1992 1805 2154 1870 Bsed
2206 1806 2305 1873 ipsi
2357 1806 2583 1861 Domino
2633 1808 3006 1870 mentientem,
3036 1810 3122 1877 qui
3177 1810 3330 1863 labiis
3370 1812 3469 1865 sibi
3517 1814 3643 1867 dicit

385 1896 525 1973 hanc
554 1896 696 1973 enirn
746 1888 867 1969 ﬁdei
898 1898 1132 1971 regulam
1165 1898 1324 1973 ptiam
1371 1900 1594 1971 parvuli,
1629 1900 1737 1969 20
1764 1902 1849 1969 qui
1884 1901 1963 1953 ni-

386 1988 460 2047 hil
489 1997 827 2083 peccatorum
851 1987 905 2042 in
932 1998 957 2023 α
984 1989 1178 2057 scipsis
1206 1988 1378 2064 adhuc
1401 1992 1737 2049 committere
1770 2001 1960 2059 potue-

386 2077 533 2155 πυρῇ,
559 2077 680 2131 ideo
708 2078 760 2155 in
793 2087 1135 2149 peccatorum
1174 2078 1545 2139 remissionem
1578 2083 1839 2136 veraciter
1872 2081 1965 2137 ba-

388 2170 675 2263 !»tiaantur,
722 2180 779 2239 ut
824 2171 877 2223 in
914 2170 991 2245 eis
1030 2170 1434 2249 regenerationc
1469 2173 1787 2239 mundetur,
1823 2174 1964 2245 quod

387 2260 734 2338 generatione
762 2270 1059 2329 traxerunt.

932 2351 1159 2423 CAPUT
1201 2353 1415 2411 xxxv.

459 2446 611 2523 Quod
636 2447 711 2501 ait
734 2454 951 2501 sanctus
981 2446 1215 2523 Joannes
1244 2446 1518 2516 apostolus
1543 2464 1557 2501 :
1588 2447 1648 2502 Si
1688 2447 1970 2507 dixerimus

387 2537 512 2609 quiq
558 2520 816 2611 peccatum
850 2554 950 2591 non
990 2520 1258 2604 habemus,
1300 2553 1392 2592 nos
1422 2538 1559 2605 ipsos
1588 2538 1894 2602 seducimus,
1926 2547 1971 2595 et

389 2631 575 2684 veritas
599 2630 653 2683 in
680 2630 821 2683 nobis
850 2645 951 2684 non
978 2638 1050 2693 est
1096 2629 1144 2701 (l
1171 2628 1329 2689 Joan.
1353 2644 1394 2693 t,
1416 2630 1495 2698 8),
1524 2630 1767 2699 quisquis
1786 2630 1863 2683 sic
1882 2644 1971 2683 ac-

389 2719 695 2793 cipiendum
736 2719 1020 2795 putaverit,
1073 2729 1131 2795 ut
1176 2718 1320 2773 dicat
1359 2728 1576 2788 propter
1618 2718 1971 2773 humilitatem

392 2826 500 2864 non
524 2821 775 2879 Oportere
804 2810 929 2872 dici.
964 2794 1077 2867 [nos
1122 2825 1225 2883 nun
1277 2810 1476 2881 habere
1516 2818 1815 2877 peccatum,
1866 2824 1972 2862 non

392 2903 519 2971 quia
558 2903 753 2971 veritas
782 2910 884 2965 est,
934 2903 1215 2974 anathema
1246 2902 1333 2957 sit.
1364 2901 1615 2969 Sequitur
1665 2902 1807 2956 enim
1840 2916 1973 2969 apo-

394 2978 565 3069 stolus
591 3003 644 3047 et
673 2992 912 3062 adiungit
937 3010 950 3067 ;
986 2992 1047 3067 Si
1068 3006 1234 3047 autem
1254 2993 1476 3065 confessi
1504 2993 1753 3060 fuerimus
1771 3002 1975 3063 peccata

395 3066 591 3163 nostra,
622 3084 787 3150 ﬁdelis
816 3094 887 3137 est
915 3066 966 3137 et
996 3066 1170 3153 justus
1207 3084 1295 3155 qui
1330 3084 1552 3136 remittat
1598 3084 1741 3139 nobis
1768 3092 1975 3152 peccata

2065 1898 2258 1951 dimitti
2304 1899 2478 1963 velle,
2525 1909 2580 1954 et
2618 1902 2779 1957 corde
2819 1901 2948 1957 dicit
2998 1918 3115 1971 qua:
3164 1904 3262 1956 sibi
3312 1905 3643 1959 dimittantur

2065 1989 2239 2045 debita
2271 2004 2377 2044 non
2413 1990 2635 2047 habere.

2592 2080 2821 2137 CAPUT
2863 2082 3152 2137 XXXVI”.

2138 2169 2193 2225 Si
2220 2170 2337 2238 quis
2375 2186 2470 2239 per
2494 2170 2750 2227 oliensam
2785 2173 3237 2239 prmvaricationis
3267 2175 3394 2229 Ada:
3422 2191 3527 2229 non
3558 2186 3645 2230 to-

2069 2268 2201 2327 tum,
2228 2261 2277 2315 id
2305 2271 2406 2329 est,
2430 2260 2725 2316 secundum
2756 2257 2951 2327 corpus
2980 2273 3033 2317 et
3062 2264 3295 2317 animam
3327 2266 3376 2318 in
3409 2268 3647 2322 deterius

2068 2350 2197 2403 dicit
2244 2352 2514 2406 hominem
2567 2362 2950 2407 commutatum
2977 2393 2992 2416 ,
3052 2356 3145 2408 sed
3186 2356 3378 2409 animai
3406 2356 3650 2413 libertate

2070 2439 2233 2494 illmsa
2260 2441 2518 2507 durante,
2556 2457 2751 2510 corpus
2784 2445 3154 2499 tantummodo
3177 2448 3505 2515 corruptioni
3533 2462 3651 2501 cre-

2070 2530 2147 2585 dit
2202 2531 2515 2598 obnoxium,
2560 2532 2757 2601 Pelagii
2810 2548 2997 2589 errore
3045 2535 3299 2603 deceptus
3337 2537 3651 2592 adversatur

2075 2622 2367 2690 Scriptura:
2391 2623 2588 2691 dicenti
2620 2640 2631 2674 :
2663 2625 2844 2677 Anima
2875 2640 2987 2691 qua:
3008 2626 3306 2692 peccaverit,
3338 2626 3451 2695 ipsa
3472 2628 3651 2681 morie-

2072 2724 2154 2768 tur
2188 2712 2397 2783 (Ezech.
2430 2729 2573 2780 svnt,
2607 2714 2689 2782 4),
2711 2724 2765 2767 et
2793 2732 2807 2767 :
2851 2714 3073 2771 Nescitis
3103 2717 3343 2786 quoniam
3371 2720 3454 2771 cui
3482 2719 3652 2772 obedi~

2072 2805 2134 2859 tis
2160 2845 2174 2870 ,
2225 2814 2270 2858 et
2306 2820 2339 2858 a
2381 2820 2482 2874 quo
2526 2807 2640 2875 quis
2692 2815 2983 2874 superatur,
3038 2808 3147 2876 ejus
3188 2824 3362 2867 servus
3413 2810 3653 2881 adjicitur

2073 2893 2250 2965 (Rom.
2282 2910 2332 2948 Vt
2356 2936 2371 2960 ,
2400 2895 2528 2964 16)?

2612 2985 2839 3042 CAPUT
2878 2988 3122 3049 XXXIX.

2146 3075 2203 3130 Si
2224 3076 2343 3145 quis
2361 3075 2459 3130 soli
2481 3075 2610 3130 Adae
2642 3080 3131 3146 prmvariratinnetn
3164 3096 3337 3147 suam,
3369 3095 3472 3136 non
3495 3081 3655 3139 etiam

469 3157 672 3251 inundet
700 3193 790 3245 ηοε
810 3176 872 3229 ab
896 3176 1031 3251 omni
1050 3175 1336 3247 iniquitate.
1365 3174 1459 3230 Ubi
1481 3176 1609 3229 satis
1630 3184 1848 3243 apparet
1872 3174 1971 3231 hoc
1997 3157 2043 3218 Ο
2074 3166 2190 3235 ejus
2222 3167 2498 3237 propagini
2543 3172 2736 3222 asserit
2784 3170 2996 3224 nocuiss
3016 3188 3053 3235 ⁸,
3095 3180 3187 3227 aut
3232 3182 3380 3226 certe
3427 3181 3654 3228 mortem

398 3281 508 3341 non
534 3275 734 3341 tantum
762 3267 1054 3341 humiliter,
1090 3266 1183 3321 sed
1217 3267 1379 3320 etiam
1427 3269 1694 3321 veraciter
1718 3266 1844 3321 dici.
1877 3267 1977 3321 Po-

398 3342 537 3435 terat
564 3338 704 3433 enim
736 3338 1008 3433 apostolus
1038 3346 1217 3425 dicere
1243 3373 1253 3407 :
1281 3355 1340 3410 Si
1371 3355 1661 3410 dixerimus
1695 3373 1707 3408 :
1742 3356 1856 3411 Non
1884 3357 1977 3411 ba-

401 3449 590 3523 liemus
613 3456 907 3525 peccatum,
940 3461 1037 3525 nus
1074 3447 1221 3515 ipsos
1250 3447 1578 3511 extollimus,
1620 3456 1674 3501 et
1707 3447 1977 3509 humilitas

400 3537 456 3615 in
484 3522 637 3616 nobis
680 3522 795 3615 nop
814 3522 915 3591 est.
944 3522 1049 3607 Sed
1080 3553 1200 3615 cum
1225 3536 1337 3611 ait:
1368 3536 1480 3590 Nos
1508 3537 1643 3605 ipsos
1672 3538 1975 3604 decipimus,

400 3636 449 3707 et
475 3630 655 3705 peritas
682 3630 734 3683 in
763 3629 906 3707 nobis
936 3644 1038 3695 non
1065 3638 1158 3705 est,
1200 3631 1333 3697 satis
1358 3629 1595 3685 ostendit
1623 3644 1745 3683 eum
1771 3630 1863 3698 qui
1892 3628 1978 3683 di-

401 3719 541 3799 xerit
569 3732 635 3793 se,
659 3734 767 3799 non
796 3718 997 3797 habere
1023 3728 1322 3799 peccatum,
1353 3733 1459 3783 non
1489 3733 1674 3783 verum
1695 3719 1863 3799 loqui,
1884 3719 1980 3778 sed

402 3811 618 3893 falsum.
1040 3794 1043 3803 ’

938 3901 1164 3959 CAPUT
1205 3901 1446 3959 XXXVI.

478 3996 793 4077 Quicunque
818 3996 1016 4075 dixerit
1036 3996 1090 4051 in
1110 3997 1354 4063 oratione
1372 3994 1640 4053 dominica
1660 3994 1782 4052 ideo
1801 3994 1984 4063 dicere

397 4096 619 4163 (sanctos
643 4105 661 4163 :A
685 4086 889 4163 Dimitte
912 4086 1052 4159 nobis
1076 4085 1243 4161 debita
1259 4088 1359 4157 21
1382 4092 1555 4149 nostra
1574 4082 1789 4156 (Matth.
1808 4100 1879 4150 VI,
1898 4085 1981 4156 ελ,

402 4160 598 4255 utnon
637 4160 732 4249 pro
762 4160 955 4255 seip'sis
987 4178 1088 4253 hoc
1115 4160 1312 4240 dicant,
1343 4176 1462 4242 quia
1495 4191 1602 4231 non
1630 4185 1713 4232 est
1752 4176 1832 4232 eis
1871 4176 1982 4251 jam

402 4270 712 4343 necessaria
742 4254 839 4323 ista
873 4267 1079 4337 petitio,
1109 4266 1203 4323 sed
1233 4281 1329 4336 pro
1362 4266 1482 4321 aliis
1511 4267 1600 4336 qui
1639 4275 1766 4322 sunt
1808 4268 1861 4321 in
1887 4282 1985 4339 suo

402 4340 936 4429 populopeccator'es
958 4342 979 4423 ;Δ
998 4366 1051 4433 et
1074 4357 1192 4431 ideo
1214 4370 1319 4409 non
1349 4356 1531 4412 dicere
1553 4371 1986 4431 unumquemque

401 4434 734 4527 sanctorum,
766 4449 973 4525 dimitte
1003 4448 1130 4501 mihi
1161 4447 1338 4521 debita
1367 4462 1509 4511 mea,
1538 4448 1630 4501 sed
1658 4448 1866 4515 dimitte
1892 4463 1986 4519 so,-

405 4539 492 4594 lzis
518 4518 737 4617 peccata
765 4520 968 4616 nostra,
1002 4548 1059 4611 ut
1092 4538 1191 4591 hoc
1222 4518 1316 4605 pro
1342 4537 1460 4615 aliis
1492 4538 1668 4606 potius
1696 4553 1854 4607 quam
1887 4552 1983 4607 pro

401 4616 666 4698 se‘justus
695 4638 878 4705 petere
924 4616 1270 4705 intelligatur,
1304 4631 1587 4683 anathema
1618 4632 1707 4693 sit.
1756 4628 1985 4697 Sanctus

403 4704 549 4796 enim
578 4726 634 4781 et
656 4704 832 4796 justus
861 4726 975 4791 erat
1018 4704 1289 4793 apostolus
1315 4717 1546 4781 Iacobus
1587 4732 1707 4772 cum
1733 4718 1949 4793 dicebat
1966 4734 1980 4772 :

404 4792 481 4862 In
505 4799 681 4863 multis.
710 4792 847 4863 enim
886 4792 1187 4875 offendimus
1242 4825 1411 4863 omnes
1459 4807 1596 4879 (Jac.
1631 4825 1708 4875 tu,
1739 4810 1821 4878 2).
1855 4810 1985 4883 Nam

402 4915 573 4975 quare
600 4899 835 4953 additum
864 4890 965 4977 est,
992 4914 1197 4973 omnes,
1230 4901 1329 4977 nisi
1359 4908 1417 4953 nt
1449 4901 1545 4953 ista
1575 4901 1837 4954 sententia
1858 4916 1987 4957 con-

404 4974 617 5046 veniret
664 4990 868 5060 psalmo
902 4974 991 5045 ubi
1042 4974 1276 5063 legitur:
1312 4990 1394 5043 Ne
1434 4992 1589 5044 intres
1638 4992 1693 5063 in
1728 4992 1989 5062 judicium

403 5097 527 5155 eum
556 5064 696 5133 servo
727 5064 835 5155 tuo,
856 5080 1098 5149 quoniam
1124 5097 1223 5151 non
1242 5082 1614 5152 justiﬁcabitur
1637 5083 1689 5134 in
1718 5093 1990 5149 conspectu

405 5183 498 5224 tuo
537 5172 700 5247 omnis
728 5169 1087 5243 vit'ens(Psal.
1116 5186 1297 5236 chuI,
1331 5172 1430 5240 3)?
1464 5172 1528 5225 Et
1558 5173 1609 5225 in
1640 5173 1880 5227 oratione
1906 5189 1992 5246 sa-

407 5264 732 5331 pientissimi
762 5264 1065 5339 salomonis
1090 5279 1105 5317 :
1137 5261 1259 5316 Non
1288 5272 1361 5316 est
1392 5264 1539 5317 homo
1566 5264 1651 5333 qui
1680 5281 1786 5317 non
1822 5274 1991 5333 peccet

408 5351 608 5423 (Eccle.
640 5369 730 5417 vu,
753 5354 873 5429 2i).
897 5355 963 5409 Et
997 5354 1048 5408 in
1079 5354 1213 5408 libro
1238 5354 1409 5417 sancti
1435 5352 1536 5409 Job
1564 5371 1577 5406 :
1610 5351 1675 5407 In
1702 5372 1859 5423 manu
1883 5371 1992 5408 om-

407 5445 491 5496 nis
512 5444 731 5500 hominis
757 5446 943 5515 signat,
988 5454 1043 5499 ut
1079 5448 1207 5499 sciat
1241 5446 1401 5498 omnis
1448 5444 1598 5497 homo
1638 5445 1990 5512 inﬁrmitatem

412 5548 567 5609 suam,
586 5533 721 5597 (Job.
752 5551 954 5605 sum,
985 5536 1061 5606 7).
1089 5534 1241 5592 Unde
1270 5534 1433 5591 etiam
1464 5533 1659 5611 Daniel
1678 5548 1897 5611 sanctus
1935 5547 1991 5596 et

486 5718 512 5745 ιι
545 5708 796 5778 Isidorus,
827 5710 1129 5779 semetipsis.

2079 3266 2285 3312 tantum
2311 3260 2551 3328 corporis
2571 3276 2688 3329 qum
2716 3276 2870 3327 ptena
2907 3264 3105 3329 peccati
3128 3272 3229 3327 est,
3267 3281 3375 3321 non
3396 3275 3572 3321 autem
3602 3276 3657 3321 et

2079 3361 2355 3421 peccatum
2382 3394 2397 3418 ,
2427 3352 2569 3421 quod
2603 3368 2746 3421 mors
2779 3364 2860 3415 est
2891 3355 3082 3425 animae
3106 3400 3119 3421 ,
3151 3370 3245 3421 per
3274 3372 3436 3411 unum
3482 3357 3657 3413 homi—

2081 3456 2202 3497 nem
2236 3443 2285 3494 in
2312 3456 2471 3496 omne
2496 3457 2665 3509 genus
2682 3445 2788 3512 23
2815 3444 3105 3511 humanum
3131 3447 3388 3503 transisse
3409 3454 3653 3508 testatur,

2080 3530 2392 3600 iniustitiam
2411 3531 2519 3599 Deo
2538 3530 2703 3603 dabit,
2726 3533 3102 3591 contradicens
3134 3536 3393 3602 Apostulo
3420 3536 3654 3593 dicenti:

2082 3621 2186 3676 Per
2206 3638 2363 3675 unum
2391 3621 2645 3681 hominem
2680 3635 2939 3689 peccatum
2971 3626 3176 3687 intravit
3207 3626 3261 3677 in
3288 3627 3573 3693 mundum,
3601 3637 3653 3685 et

2081 3732 2172 3785 per
2198 3725 2457 3786 peccatum
2486 3732 2643 3783 mors,
2675 3727 2723 3769 et
2753 3716 2827 3771 ita
2855 3717 2909 3783 in
2944 3732 3118 3783 omnes
3144 3718 3371 3773 homines
3398 3729 3657 3788 pertrans-

2079 3806 2170 3873 iit,
2191 3806 2247 3861 in
2273 3822 2372 3877 quo
2405 3822 2578 3877 omnes
2612 3808 2840 3877 homines
2879 3816 3207 3877 peccaverunt
3234 3807 3407 3880 (Rom.
3452 3823 3506 3877 ν,
3544 3808 3655 3875 12).

2683 3900 2909 3971 CAPUT
2948 3900 3061 3969 st.

2152 3988 2208 4044 Si
2229 3989 2350 4061 quis
2379 3989 2714 4049 invocatione
2740 3991 2971 4061 humana
2988 3992 3215 4063 gratiam
3239 3992 3477 4050 Deidicit
3502 4007 3660 4063 posse

2082 4078 2336 4144 conferri,
2369 4094 2475 4145 non
2503 4090 2679 4135 autem
2703 4081 2873 4153 ipsam
2893 4083 3119 4151 gratiam
3148 4083 3326 4147 facere
3354 4093 3413 4151 ut
3442 4084 3659 4139 invoco-

2085 4180 2171 4226 tur
2196 4186 2226 4225 a
2258 4170 2441 4237 nobis,
2484 4171 2805 4225 contradicit
2852 4171 3023 4241 Esaiae
3052 4171 3325 4240 propheta:
3352 4212 3367 4235 ,
3400 4171 3484 4226 vel
3510 4172 3660 4242 Apo-

2084 4263 2229 4333 stolo
2268 4264 2407 4318 idem
2436 4262 2637 4319 dicenti
2667 4279 2681 4315 :
2724 4261 2964 4331 Inventus
2993 4280 3108 4319 sum
3135 4280 3167 4317 a
3195 4279 3297 4321 non
3323 4264 3661 4332 quarentibus

2084 4373 2186 4425 me,
2218 4358 2391 4428 palam
2412 4357 2631 4428 apparui
2652 4357 2735 4417 his
2757 4357 2843 4427 qui
2864 4372 2943 4427 me
2970 4372 3071 4415 non
3094 4358 3468 4427 interrogabant
3492 4354 3659 4427 (Esai.

2085 4463 2209 4521 va,
2243 4450 2265 4502 I
2289 4463 2305 4513 ;
2337 4448 2487 4515 llam.
2515 4464 2565 4515 ξ,
2588 4446 2702 4517 20).

2676 4538 2903 4611 CAPUT
2944 4538 3055 4607 th

2158 4629 2214 4683 Si
2242 4629 2362 4701 quis
2388 4640 2442 4683 ut
2466 4646 2493 4683 a
2529 4638 2748 4699 peccato
2777 4644 3062 4697 purgeinur
3081 4629 3412 4687 voluntatem
3428 4638 3665 4689 nostram

2089 4719 2255 4789 Deum
2284 4730 2595 4786 exspectare
2616 4719 2912 4786 contendit,
2942 4735 3044 4789 non
3068 4730 3245 4775 autem
3274 4729 3331 4775 ut
3353 4721 3513 4789 etiam
3541 4735 3668 4790 pur.

2089 4810 2200 4881 gari
2226 4811 2468 4876 velimus,
2499 4826 2590 4877 per
2612 4812 2778 4883 sancti
2803 4810 3033 4878 Spiritus
3060 4810 3377 4883 iuiusionem
3400 4824 3453 4867 et
3477 4827 3669 4881 opera-

2093 4900 2289 4953 tionem
2335 4898 2389 4952 in
2419 4898 2571 4954 nobis
2594 4900 2713 4969 ﬁeri
2732 4900 3050 4965 conﬁtetur,
3086 4902 3289 4959 resistit
3317 4903 3419 4969 ipsi
3438 4902 3669 4970 Spiritui

2091 5001 2297 5057 sancto,
2334 5007 2425 5065 per
2451 4991 2789 5053 Salomonem
2816 4992 3014 5055 dicenti
3038 5011 3051 5045 :
3081 4992 3413 5065 Prwparatur
3437 4993 3669 5065 voluntas

2090 5100 2125 5159 α,
2152 5082 2406 5149 Domino;
2444 5094 2499 5153 et
2531 5084 2791 5153 Apostolo
2834 5085 3119 5153 salubriter
3150 5084 3456 5154 praedicanti
3486 5102 3499 5138 :
3537 5084 3671 5147 Deus

2090 5187 2165 5231 est
2193 5178 2283 5248 qui
2306 5188 2547 5247 operatur
2575 5179 2631 5249 in
2673 5177 2816 5231 nobis
2846 5188 2892 5231 et
2918 5176 3045 5235 velle
3074 5187 3122 5231 et
3147 5179 3389 5249 perﬁcere
3416 5193 3511 5250 pro
3538 5177 3672 5247 bona

2093 5270 2349 5345 voluntate
2373 5267 2598 5340 (Philip.
2630 5284 2669 5324 tt
2696 5311 2711 5332 ,
2747 5270 2859 5337 15).

2610 5362 2615 5365 “
2676 5359 2903 5417 CAPUT
2943 5359 3100 5417 XLII.

2106 5467 2113 5474 ·
2167 5451 2224 5506 Si
2263 5452 2383 5521 quis
2404 5451 2546 5506 sicut
2575 5461 2916 5521 augmentum
2945 5494 2961 5518 ,
2995 5454 3066 5505 ita
3092 5451 3250 5507 etiam
3278 5447 3488 5503 initium
3511 5446 3633 5505 ﬁdei
3652 5487 3673 5517 ,

2097 5540 2378 5621 ipsumque
2423 5542 2756 5597 credulitatis
2794 5543 3044 5597 ati'cctum
3070 5581 3086 5610 ,
3124 5538 3313 5621 quoin
3341 5553 3473 5607 eum,
3496 5540 3672 5595 credi-

2180 5716 2207 5756 b
2232 5718 2480 5781 lsidorus,
2515 5720 2823 5786 intelligant.
