4046 6188
424 319 515 377 99I
1637 306 1953 366 GENNADII
1992 306 2457 365 MASSILIENSIS

424 446 540 485 Inus
562 430 647 499 qtti
676 428 923 498 jttstiﬂcat
947 425 1166 493 impittm
1190 423 1364 494 (llam.
1392 437 1463 485 tv,
1497 420 1573 483 5),
1599 430 1651 477 ct
1678 421 1741 474 ad
1772 435 1996 491 regenc-
2022 420 2070 478 Α

424 522 684 575 rationem
740 518 877 571 sacri
926 516 1259 585 baptismatis
1310 514 1415 583 2'3.
1472 514 1840 576 perveniunts,
1898 527 2001 564 non

424 610 607 677 gratiae
645 610 868 671 donum,
922 607 973 661 id
1023 616 1124 666 est.
1180 621 1274 672 per
1318 604 1721 671 inspirationcm
1772 602 2001 669 Spiritus

424 704 593 756 sancti
634 701 986 769 corrigentem
1021 700 1350 752 voluntatem
1397 707 1634 749 nostram
1679 696 1745 747 ab
1778 695 2000 748 inlideli-

424 803 533 848 tate
556 793 619 847 ad
651 793 828 857 Iidem,
863 792 929 844 ab
956 792 1229 858 impietate
1259 788 1322 841 ad
1356 790 1630 856 pietatem.
1661 789 1753 841 sed
1789 798 2003 840 natura-

424 886 548 939 liter
577 884 729 937 nobis
781 885 958 937 inesse
994 882 1156 945 dicit,
1187 881 1492 949 apostolicis
1541 880 1880 947 dogmatibus
1910 879 2005 932 ad-

422 977 697 1033 versarius
724 976 1070 1044 approbatur,
1104 974 1260 1027 beato
1280 974 1526 1041 apos'Iolo
1561 971 1722 1024 Paulo
1749 972 1959 1026 dicente
1986 984 1999 997 '

422 1068 740 1137 Conﬁditnus
769 1068 887 1134 quia
916 1067 1002 1133 qui
1041 1066 1189 1131 coepit
1235 1065 1288 1116 in
1330 1064 1465 1116 vobis
1491 1063 1676 1115 bonum
1699 1079 1827 1130 Optts
1853 1062 2006 1132 perii.

422 1162 516 1213 ciet
544 1175 701 1229 usque
729 1160 779 1210 in
804 1160 938 1210 diem
964 1157 1149 1210 Christi
1167 1156 1289 1208 Jesu
1314 1155 1540 1222 (I’Iutip.
1574 1156 1697 1222 t,G).
1728 1156 1791 1207 Et
1823 1155 1949 1207 illud
1987 1171 1999 1205 :

430 1250 588 1304 Vobis
632 1252 806 1302 datum
833 1261 906 1302 est
941 1267 1030 1316 pro
1078 1248 1297 1309 Clu-ista,
1350 1264 1448 1298 non
1494 1248 1679 1309 solum,
1724 1256 1775 1297 ut
1804 1248 1855 1299 in
1891 1263 2005 1299 eum

426 1341 665 1401 credatis,
693 1358 861 1392 rerum
886 1342 1035 1391 etiaot
1083 1349 1132 1390 ut
1179 1356 1272 1405 pro
1314 1339 1404 1390 illo
1433 1340 1701 1407 patiamini
1732 1336 2001 1409 (Ibidem).

425 1431 493 1483 Et
524 1450 533 1482 :
569 1430 752 1484 Gratia
784 1430 915 1483 salvi
954 1432 1076 1499 farti
1119 1432 1236 1484 estis
1265 1447 1351 1497 per
1390 1432 1572 1494 fidem,
1606 1440 1653 1482 et
1690 1429 1784 1481 hoc
1818 1446 1918 1481 non
1946 1445 2007 1481 ea:

423 1525 593 1579 vobis:
628 1523 719 1576 Dei
748 1526 884 1576 enim
929 1525 1119 1575 donum
1176 1532 1247 1575 est
1294 1522 1507 1590 (Ep/tes.
1536 1537 1590 1584 tt,
1623 1520 1697 1588 5).
1731 1521 1828 1585 Qui
1862 1523 2003 1573 enim

427 1615 585 1669 ﬁdem
618 1630 719 1684 qua
753 1615 803 1667 in
841 1616 1001 1667 Deutn
1032 1614 1299 1666 credimus
1328 1614 1511 1665 diettnt
1538 1628 1657 1665 esse
1686 1614 2000 1676 naturalem,

424 1720 611 1759 omnes
648 1721 740 1759 cos
770 1709 855 1771 qtti
889 1706 955 1757 ab
989 1705 1222 1757 Ecclesia
1274 1703 1469 1757 ChriSti
1506 1703 1662 1756 alieni
1696 1711 1837 1768 sunt,
1872 1718 2000 1771 quo-

423 1798 708 1853 dummodo
740 1798 925 1852 ﬁdeles
954 1812 1075 1852 esse
1099 1798 1379 1849 delinittnt.

988 1889 1213 1942 CAPUT
1258 1889 1441 1943 XLIII.

492 1980 551 2035 Si
593 1982 713 2049 quis
761 1982 875 2035 sine
905 1982 1070 2050 gratia
1102 1980 1195 2033 Dei
1237 1980 1579 2034 credentibus
1608 2024 1620 2047 ,
1666 1981 2004 2046 volentibus,

423 2072 871 2131 desiderantibus,
901 2072 1241 2135 tonantibus,
1273 2072 1614 2123 studentibus
1635 2116 1645 2128 .
1670 2074 2004 2141 petentibus,

424 2164 817 2231 quaarentihus,
843 2162 1176 2231 pulsantibus
1196 2204 1210 2226 ,
1239 2163 1393 2214 nobis
1426 2164 1846 2216 misericordiam
1882 2165 2009 2217 dicit

424 2253 654 2308 conferri
686 2254 972 2316 divinitus,
996 2269 1099 2305 non
1130 2263 1305 2305 autem
1343 2264 1399 2306 ut
1424 2254 1722 2318 credamus,
1759 2258 2004 2319 velimus,

424 2343 511 2397 vel
546 2343 659 2397 haec
702 2346 878 2395 omnia
912 2345 1049 2395 sicut
1076 2354 1286 2408 oportet
1316 2359 1470 2411 agerc
1502 2345 1772 2397 valeamus
1808 2362 1897 2412 per
1932 2348 2007 2396 in-

425 2434 689 2488 l'nsionem
722 2444 774 2488 et
822 2435 1225 2504 inspirationcm
1269 2436 1439 2488 sancti
1493 2435 1723 2501 Spiritus
1758 2438 1807 2487 in
1859 2440 2010 2490 nobis

425 2529 540 2581 ﬁeri
564 2528 878 2590 conlitetttr;
906 2537 959 2578 et
987 2537 1075 2579 aut
1113 2526 1396 2580 Itumilitati
1432 2538 1521 2579 ant
1555 2528 1877 2581 obedientize
1911 2530 2008 2580 hu-

425 2633 597 2672 mana:
624 2618 897 2686 snbjungit
924 2620 1109 2685 gratiae
1147 2618 1470 2685 adjutorintn
1494 2658 1507 2681 ,
1543 2635 1639 2671 nec
1670 2629 1725 2670 ut
1758 2621 2010 2673 (ιιιράινιι-

427 2718 508 2762 tes
530 2717 583 2762 ct
613 2708 839 2762 IllllliIIt'S
867 2710 1035 2761 simus
1061 2750 1074 2771 ,
1122 2711 1287 2777 ip-ius
1314 2711 1496 2777 gratia:
1530 2712 1633 2781 25
1660 2710 1859 2763 donum
1894 2727 2012 2763 esse

426 2800 717 2866 consentit,
776 2801 975 2854 resistit
1004 2802 1262 2869 Aposmlo
1310 2801 1506 2855 dicenti
1536 2820 1547 2854 :
1579 2804 1715 2866 Quid
1741 2803 1872 2854 enim
1914 2804 2010 2855 Im-

428 2894 513 2947 bes
534 2894 671 2963 quod
706 2910 805 2945 non
838 2894 1078 2960 accepisti
1114 2891 1166 2963 (Ι
1197 2892 1314 2946 Cor.
1347 2909 1417 2957 tv,
1443 2894 1538 2963 7)?
1569 2904 1622 2949 et
1656 2910 1669 2945 ε
1701 2892 1885 2947 Gratia
1920 2894 2014 2948 Dri

427 3002 539 3041 sunt
572 2989 626 3040 id
650 2990 785 3056 quod
805 3004 917 3040 sum
946 2984 999 3055 (I
1029 2989 1147 3040 Cor.
1181 3003 1268 3051 xv,
1304 2988 1414 3054 10).

1000 3078 1224 3132 CAPUT
1254 3078 1441 3133 XLIV.

3582 315 3687 372 aes

2667 418 2895 475 CAPUT
2936 417 3120 474 XLVI.

2181 512 2473 564 Arbitrium
2496 511 2787 566 voluntatis
2810 512 2861 565 in
2896 510 3069 580 primo
3092 513 3310 570 homine
3341 516 3690 589 intirtnatum,

2110 604 2206 655 nisi
2244 618 2336 666 per
2364 604 2586 671 gratiam
2618 603 2866 673 baptismi
2896 620 3003 658 nou
3045 614 3219 671 potest
3246 611 3506 676 reparari.
3539 612 3689 678 Quod

2110 692 2362 747 amissum
2396 694 2493 747 nisi
2524 710 2552 747 a
2605 710 2714 765 quo
2759 696 2927 763 potuit
2973 695 3089 749 dari
3141 712 3244 751 non
3291 709 3468 766 potest
3521 704 3691 760 reddi.

2116 785 2265 841 Unde
2299 786 2507 841 Veritas
2556 788 2729 844 dicit:
2777 788 2837 842 Si
2882 804 2971 842 vos
3005 788 3175 843 Filius
3224 790 3527 861 liberaverit,
3577 806 3695 852 tunc

2106 895 2219 934 vere
2248 880 2393 933 liberi
2421 881 2561 936 eritis
2588 881 2766 952 (Joan.
2806 896 2919 945 vttt,
2952 882 3063 950 30).

2666 974 2894 1029 CAPUT
2934 973 3137 1029 XLVII.

2179 1062 2373 1117 Natura
2407 1062 2639 1118 humana
2682 1066 2889 1119 etiamsi
2943 1066 2995 1119 in
3046 1066 3133 1120 illa
3174 1066 3478 1138 integritate
3509 1072 3561 1127 in
3594 1090 3697 1143 qua

2109 1164 2191 1209 est
2211 1156 2426 1209 condita
2452 1158 2971 1225 permaneret,nullo
2998 1158 3156 1211 modo
3187 1161 3419 1229 seipsant
3451 1175 3697 1223 creatore

2109 1262 2207 1299 suo
2232 1263 2334 1300 non
2364 1248 2649 1312 adiuvante
2678 1259 2941 1302 servaret.
2981 1248 3132 1305 Unde
3162 1268 3283 1307 cum
3310 1255 3427 1308 sine
3453 1257 3543 1311 Dei
3575 1274 3700 1328 gra-

2111 1340 2178 1392 tia
2209 1340 2431 1393 salutem
2466 1356 2569 1395 non
2602 1352 2782 1409 posset
2808 1334 3081 1397 custodire
3112 1360 3268 1413 quam
3293 1351 3524 1417 accepit,
3558 1368 3698 1419 quo-

2111 1431 2268 1485 tnodo
2293 1432 2407 1485 sine
2431 1432 2524 1486 Dei
2555 1433 2720 1503 gratia
2750 1433 2946 1499 poterit
2975 1451 3228 1504 reparare
3257 1439 3397 1506 quod
3423 1442 3696 1509 perdidit?

2642 1523 2865 1578 CAPUT
2905 1526 3136 1580 XLVIII.

2180 1615 2328 1667 Sicut
2358 1616 2436 1668 eis
2478 1615 2567 1685 qni
2594 1616 2835 1671 volentes
2875 1618 2927 1671 in
2960 1619 3075 1688 lege
3116 1620 3397 1684 jnstiticari
3446 1638 3475 1675 a
3526 1628 3697 1692 gratia

2106 1706 2419 1760 exciderunt
2451 1710 2729 1763 verissime
2768 1710 2897 1763 dicit
2928 1712 3251 1779 Apostolus:
3287 1714 3347 1767 Si
3378 1716 3431 1767 in
3461 1718 3562 1785 27
3591 1719 3699 1788 lege

2038 1788 2309 1870 Bjustitia
2339 1810 2410 1853 est
2426 1840 2443 1865 .,
2464 1818 2581 1871 ergo
2610 1801 2847 1856 Christus
2868 1805 3027 1872 gratis
3058 1817 3285 1859 mortuus
3315 1818 3387 1860 est
3412 1809 3607 1878 (Galat.
3636 1828 3699 1875 ll,

2108 1892 2204 1955 9t)
2238 1910 2247 1942 ε
2279 1892 2354 1943 sic
2380 1893 2457 1944 eis
2489 1894 2576 1959 qui
2605 1894 2827 1958 gratiam
2860 1911 3020 1964 quam
3058 1899 3405 1951 commendat
3447 1912 3500 1952 et
3523 1903 3701 1967 perci-

2111 1983 2189 2049 pit
2221 1982 2351 2035 lides
2378 1982 2573 2035 Christi
2624 1992 2810 2049 putant
2852 2000 2971 2039 esse
3020 1997 3264 2040 naturam
3312 1991 3589 2046 verissime
3615 1995 3702 2046 tli-

2111 2074 2248 2125 citur
2275 2092 2287 2128 :
2312 2076 2364 2128 Si
2402 2091 2494 2139 per
2525 2086 2765 2129 naturam
2792 2077 2997 2141 iustitia
3034 2090 3137 2139 est.
3186 2096 3314 2147 ergo
3354 2087 3519 2150 gratis
3547 2085 3702 2139 Chri-

2112 2177 2225 2219 stus
2255 2175 2496 2219 tnmtous
2528 2178 2630 2221 est.
2659 2168 2774 2221 Jam
2804 2170 2889 2223 hic
2929 2170 3068 2223 enim
3102 2184 3217 2225 erat
3248 2173 3366 2237 lex,
3402 2185 3456 2229 et
3488 2193 3588 2228 non
3609 2178 3699 2245 jn-

2112 2261 2404 2324 Stilicahat;
2434 2260 2543 2327 jam
2577 2262 2661 2314 hic
2689 2273 2803 2316 erat
2828 2274 2880 2317 et
2905 2274 3110 2329 natura,
3139 2278 3187 2319 et
3217 2284 3319 2320 non
3342 2269 3696 2334 justiﬁcabat:

2114 2350 2231 2402 idco
2263 2352 2499 2403 "hristns
2534 2369 2636 2405 non
2687 2357 2853 2421 gratis
2879 2367 3117 2410 mortuus
3148 2368 3269 2420 est;
3305 2372 3358 2411 nt
3401 2369 3454 2413 et
3485 2362 3567 2414 lex
3601 2378 3697 2427 per

2112 2440 2257 2492 illum
2308 2441 2617 2508 impleretur
2660 2444 2747 2511 qui
2784 2444 2918 2498 dixit
2950 2464 2960 2497 :
2997 2445 3116 2499 Non
3136 2450 3252 2499 reni
3284 2450 3478 2503 solvere
3510 2451 3689 2520 legent,

2113 2532 2201 2583 sed
2250 2533 2460 2601 implere
2506 2534 2718 2602 (.llatth.
2775 2551 2804 2587 v
2831 2580 2845 2597 ,
2882 2538 3015 2602 l7):
3069 2550 3123 2592 et
3166 2549 3354 2592 natura
3407 2558 3504 2608 per
3535 2544 3699 2599 Adam

2117 2624 2340 2689 perdita,
2391 2641 2483 2691 per
2517 2626 2665 2677 illum
2708 2638 3048 2695 repararetnr
3091 2630 3180 2699 qui
3211 2631 3365 2695 dixit,
3400 2634 3609 2688 venisse
3637 2651 3699 2689 sc

2115 2730 2354 2779 l;llil‘l‘ClC
2385 2726 2434 2768 et
2465 2716 2675 2771 salvare
2701 2718 2840 2781 quod
2877 2721 3110 2786 perierat
3139 2722 3293 2793 (Luc.
3325 2739 3437 2786 xu,
3473 2726 3549 2793 7).

2674 2806 2902 2864 CAPUT
2942 2810 3129 2865 XLIX.

2189 2897 2492 2950 Secondnm
2545 2900 2878 2967 supradictas
2944 2912 3246 2956 sanctarum
3303 2905 3700 2972 Scripturarnm

2116 2990 2429 3050 sententias,
2459 2990 2538 3041 vel
2568 2991 2906 3059 antiquorum
2939 2992 3151 3047 Patrum
3184 2994 3545 3061 deﬁnitiones,
3573 2998 3695 3064 hoc,

2122 3080 2229 3131 Deo
2272 3080 2594 3147 propitiante
2622 3120 2636 3143 ,
2672 3091 2725 3134 et
2760 3081 3055 3149 prtedicare
3082 3084 3342 3138 debemus
3365 3097 3419 3138 et
3457 3087 3700 3155 credere,

501 3168 557 3223 Si
588 3168 706 3235 quis
738 3183 830 3236 per
879 3178 1081 3222 natura:
1113 3168 1347 3236 vigorem
1392 3169 1587 3221 bonum
1627 3169 1837 3238 aliquod
1871 3172 2008 3239 quod
2040 3159 2085 3220 C
2119 3170 2256 3236 quod
2289 3186 2384 3239 per
2413 3182 2685 3239 peceatum
2719 3171 2876 3238 primi
2910 3173 3141 3226 hominis
3182 3175 3250 3227 ita
3298 3170 3466 3244 genus
3516 3177 3701 3231 huma-

426 3261 493 3315 ad
521 3261 744 3314 salutem
769 3263 997 3329 pertinet
1029 3261 1148 3314 vitae
1169 3270 1406 3324 :eternte,
1431 3264 1664 3329 cogitare
1697 3272 1751 3316 ut
1770 3265 2009 3331 expedit,

426 3362 519 3407 aut
543 3354 763 3422 eligere,
795 3354 913 3407 sive
941 3354 1181 3419 salutari,
1203 3352 1254 3405 id
1284 3363 1385 3418 est,
1412 3356 1731 3421 evangelica:
1756 3357 2013 3422 praedica-

426 3444 557 3498 tioni
590 3445 897 3498 consentire
928 3460 1087 3514 posse
1138 3446 1422 3499 conﬁrmat
1445 3488 1458 3506 .
1492 3446 1696 3516 absque
1746 3448 2013 3502 illumina-

425 3535 572 3590 tione
598 3544 652 3589 et
679 3536 1026 3604 inspiratione
1048 3536 1279 3605 Spiritus
1303 3537 1496 3601 sancti,
1528 3540 1616 3607 qui
1646 3538 1737 3593 dat
1765 3540 2013 3593 omnibus

424 3632 742 3685 suavitatem
767 3630 819 3682 in
838 3630 1228 3684 conscntiendo
1249 3640 1301 3685 et
1332 3631 1383 3683 in
1408 3631 1677 3685 credendo
1706 3634 2007 3700 veritatem,

425 3723 682 3778 htcretico
712 3722 910 3776 fallitur
948 3724 1174 3794 spiritu,
1205 3739 1312 3777 non
1339 3722 1639 3791 intelligens
1678 3740 1864 3779 vocem
1917 3726 2007 3778 Dei

334 3882 349 3891 ο
422 3816 480 3870 in
526 3814 815 3882 EVangelio
845 3813 1118 3868 dicentis:
1165 3814 1291 3869 Sine
1326 3830 1405 3867 me
1434 3814 1562 3866 nihil
1602 3817 1815 3884 potestis
1844 3816 2013 3885 facere

425 3906 605 3978 (Joan.
636 3921 724 3971 xv,
776 3906 853 3974 6).
909 3906 977 3959 Et
1004 3906 1130 3960 illttd
1164 3906 1404 3976 Apostoli
1435 3924 1450 3959 :
1482 3905 1601 3960 Non
1652 3908 1791 3978 quod
1838 3908 2013 3962 idonei

425 4017 602 4055 sumus
644 4000 867 4071 cegitare
915 4000 1111 4068 aliquid
1160 4016 1193 4051 a
1237 4000 1380 4053 nobis
1428 4002 1572 4069 quasi
1604 4016 1666 4053 ea:
1708 4002 1873 4068 nobis,
1918 4002 2009 4056 sed

423 4088 722 4163 stt/ﬁdentia
750 4102 925 4145 nostra
951 4108 1014 4145 ea:
1038 4090 1145 4145 Deo
1174 4102 1246 4146 est
1279 4090 1363 4164 (11
1393 4092 1510 4147 Cor.
1536 4110 1611 4157 ut,
1642 4095 1720 4163 5).

996 4183 1221 4240 CAPUT
1262 4185 1423 4239 XLV.

495 4273 552 4329 Si
601 4274 721 4344 quis
769 4271 904 4329 alio's
946 4290 1043 4343 per
1086 4275 1510 4329 misericordiam
1539 4319 1552 4341 ,
1587 4275 1724 4330 alios
1754 4291 1883 4330 vero
1915 4292 2010 4341 per

424 4365 652 4421 liberum
677 4368 957 4422 arbitrium
979 4407 994 4432 ,
1019 4366 1158 4436 quod
1193 4368 1243 4421 in
1274 4368 1521 4421 omnibus
1543 4369 1629 4435 qui
1662 4369 1727 4422 de
1757 4371 2006 4437 praevari-

422 4462 633 4516 catione
672 4460 830 4530 primi
873 4460 1105 4514 hominis
1138 4460 1245 4513 uati
1285 4468 1411 4512 sunt
1456 4468 1667 4513 constat
1707 4476 1827 4514 esse
1855 4462 2007 4515 vitia-

2120 3276 2245 3313 unm
2297 3262 2368 3314 sit
2410 3261 2753 3327 inclinatum,
2808 3273 2865 3316 ut
2896 3263 3073 3318 nullus
3124 3274 3305 3333 postea
3346 3276 3439 3321 aut
3477 3267 3704 3338 diligere

2118 3352 2285 3406 Deum
2320 3354 2453 3407 sicut
2481 3353 2737 3422 oportuit.
2772 3364 2863 3408 aut
2889 3356 3112 3410 credere
3142 3356 3195 3411 in
3226 3358 3392 3412 Deum
3421 3402 3435 3422 ,
3459 3369 3552 3414 aut
3571 3375 3705 3429 ope-

2118 3447 2220 3498 riri
2250 3457 2467 3514 propter
2498 3447 2662 3501 Deum
2704 3448 2847 3516 quod
2880 3448 3079 3502 bonum
3106 3458 3189 3503 est
3218 3451 3425 3519 possit,
3454 3453 3555 3507 nisi
3575 3468 3701 3508 eum

2114 3537 2280 3605 gratia
2307 3537 2687 3591 misericordia!
2709 3538 2903 3592 divinte
2934 3542 3270 3606 praevencrit.
3300 3541 3455 3598 Unde
3480 3553 3535 3597 et
3556 3544 3695 3600 Abel

2110 3628 2255 3696 justo
2286 3636 2339 3682 et
2369 3628 2497 3692 Noe,
2525 3638 2579 3682 et
2608 3629 2917 3695 Abrahze,et
2936 3630 3103 3699 Isaac,
3133 3641 3187 3688 et
3211 3633 3405 3701 Jacob,
3446 3636 3704 3706 omnique

2114 3724 2451 3793 antiquorum
2482 3733 2787 3779 sanctorum
2817 3725 3139 3779 multitudini
3189 3726 3333 3780 illam
3383 3729 3701 3795 praeclaram

2117 3814 2295 3880 (idem,
2345 3829 2503 3882 quam
2559 3815 2612 3868 in
2664 3815 2900 3883 ipsorum
2932 3815 3089 3871 laude
3134 3817 3389 3886 praedicat
3426 3822 3702 3887 apostolus

2116 3904 2313 3959 Paulus
2346 3904 2531 3973 (Hebr.
2569 3920 2623 3958 st
2646 3944 2662 3970 ,
2695 3906 2747 3970 ι,
2778 3906 2834 3970 7,
2863 3906 2969 3975 8),!
2990 3922 3096 3961 non
3122 3922 3218 3975 per
3245 3907 3445 3963 bonum
3473 3918 3698 3977 natura,

2112 3997 2253 4066 quod
2284 3998 2390 4067 28
2418 3996 2565 4064 prius
2593 3997 2645 4049 in
2676 3996 2844 4051 Adam
2877 3996 3052 4051 fuerat
3084 3998 3297 4063 datum.
3322 4000 3417 4054 sed
3450 4014 3546 4070 per
3568 4015 3698 4071 gra-

2116 4090 2242 4142 tiam
2299 4089 2390 4143 Dei
2431 4088 2701 4142 credimus
2751 4089 2913 4145 luisse
2958 4089 3230 4144 collatam.
3261 4090 3429 4157 Quam
3471 4094 3697 4158 gratiam

2110 4182 2273 4234 etiam
2320 4191 2438 4249 post
2485 4180 2772 4234 adventum
2805 4181 3011 4236 Domini
3039 4183 3286 4237 omnibus
3315 4184 3407 4253 qui
3439 4184 3696 4253 baptizari

2109 4272 2451 4342 desiderant,
2486 4289 2589 4327 non
2614 4276 2667 4328 in
2694 4273 2866 4328 libero
2887 4275 3112 4329 arbitrio
3142 4276 3344 4341 haberi,
3380 4278 3473 4331 sed
3498 4277 3698 4333 Christi

2111 4367 2354 4419 notimus
2384 4366 2541 4418 simul
2574 4376 2623 4419 et
2654 4365 2922 4420 credimus
2954 4366 3198 4436 largitate
3217 4368 3472 4433 conferri,
3506 4382 3699 4423 secun-

2116 4456 2242 4509 dum
2294 4456 2420 4509 illttd
2461 4457 2601 4524 quod
2641 4456 2750 4525 jam
2800 4471 2943 4521 sazpe
2996 4458 3195 4511 dictum
3227 4467 3310 4512 est
3364 4467 3419 4512 et
3449 4460 3701 4526 praedicat

423 4558 535 4605 tum
558 4592 572 4615 ,
596 4523 925 4619 ad-gratiam
960 4551 1207 4620 baptismi
1239 4566 1395 4619 posse
1426 4552 1611 4604 venire
1640 4552 1947 4618 contendit,
1980 4570 2007 4606 a
2044 4523 2092 4582 D
2118 4547 2310 4601 Paulus
2333 4523 2605 4616 apostolus
2625 4523 2813 4600 :VVobis
2840 4548 3089 4601 donatum
3116 4558 3189 4602 est
3216 4564 3309 4618 pro
3339 4523 3566 4613 Christo,
3596 4568 3698 4604 nou

416 4652 569 4711 .rccta
618 4642 721 4695 [ide
753 4644 1008 4710 probatur
1039 4644 1267 4697 alienus.
1317 4644 1409 4697 Ille
1438 4644 1578 4696 enim
1615 4658 1719 4698 non
1768 4646 2006 4699 omnium

420 4734 649 4789 liberum
675 4733 949 4787 arbitrium
986 4750 1079 4800 per
1110 4744 1385 4802 peccatum
1413 4733 1566 4803 primi
1604 4734 1833 4789 hominis
1864 4750 2009 4790 asse-

423 4825 494 4879 rit
526 4824 887 4888 inﬁrmatum;
918 4834 1009 4878 aut
1041 4834 1186 4879 certe
1216 4826 1289 4878 ita
1317 4825 1499 4879 laesum
1525 4835 1695 4894 putat,
1740 4836 1795 4880 ut
1830 4838 2005 4882 tamen

420 4914 636 4984 quidam
665 4915 999 4985 valeantzs
1021 4915 1137 4968 sine
1162 4915 1490 4970 rev-elatione
1525 4916 1615 4971 Dei
1647 4919 2002 4973 minis:erinm

420 5007 610 5060 salutis
654 5016 869 5060 reterns:
929 5022 1024 5075 per
1081 5007 1403 5076 semetipsos
1455 5023 1612 5076 posse
1664 5014 2003 5078 conqtt‘rere.

419 5099 575 5168 Quod
631 5114 787 5167 quam
836 5101 905 5154 sit
959 5100 1286 5153 contrarium
1338 5100 1452 5168 ipse
1510 5100 1766 5154 Dominus
1815 5104 2005 5171 prohat

421 5190 598 5259 (Joan.
631 5205 677 5243 vt
711 5232 726 5253 ,
750 5189 875 5258 Μ),
903 5190 990 5258 qui
1035 5205 1138 5243 non
1171 5191 1396 5259 aliquos,
1428 5190 1519 5244 sed
1554 5191 1819 5246 neminem
1852 5192 1917 5246 ad
1946 5206 2004 5246 se

421 5297 581 5352 posse
604 5279 785 5335 venire
816 5290 1060 5345 testatur,
1080 5279 1179 5335 nisi
1212 5296 1370 5350 quem
1410 5282 1566 5336 Pater
1592 5285 1890 5336 attraxerit.
1918 5282 2004 5337 Si-

421 5382 513 5427 cut
536 5384 589 5426 et
619 5374 775 5427 Petro
803 5373 931 5426 dicit
964 5390 977 5425 :
1010 5371 1203 5425 Beatus
1246 5390 1317 5435 es,
1363 5372 1543 5426 Simon
1574 5373 1676 5426 Bar
1698 5374 1857 5441 Iona,
1884 5377 2004 5446 quia

423 5481 541 5518 caro
572 5474 618 5518 et
648 5466 860 5536 sanguis
900 5482 1001 5517 non
1029 5465 1265 5518 reuelauit
1291 5465 1380 5517 tibi
1397 5507 1410 5526 ,
1435 5467 1521 5518 sed
1548 5464 1700 5519 Pater
1722 5483 1883 5530 meus,
1918 5468 2005 5535 qui

422 5556 476 5607 in
496 5558 631 5623 cetlis
653 5565 721 5608 est
746 5555 957 5625 (.ilatth.
986 5572 1069 5609 nt
1089 5596 1103 5619 ,
1137 5556 1249 5622 l7).
1283 5556 1346 5608 Et
1378 5558 1665 5624 Apostolus
1692 5576 1703 5611 :
1728 5558 1892 5613 Nemo
1916 5576 2005 5627 po-

426 5655 518 5697 test
553 5648 717 5697 dicere
773 5645 1021 5700 Dominus
1076 5646 1226 5700 Jcsus
1259 5686 1273 5709 ,
1328 5648 1426 5700 nisi
1476 5648 1525 5700 in
1585 5648 1784 5713 Spiritu
1831 5661 2005 5705 sancto

431 5737 470 5790 II
495 5735 610 5787 Cor.
648 5753 737 5791 xu,
768 5735 839 5793 7i).

2113 4640 2282 4691 solum
2312 4647 2364 4691 ut
2394 4639 2447 4691 in
2473 4654 2584 4690 eum
2616 4639 2836 4692 credatis
2856 4680 2870 4702 ,
2913 4640 3004 4693 sed
3048 4640 3204 4693 etiam
3233 4649 3291 4693 ut
3327 4657 3422 4709 pro
3447 4657 3505 4695 ea
3534 4644 3702 4713 patia-

2113 4732 2239 4782 mini
2263 4729 2488 4801 (Philip.
2524 4745 2563 4794 l,
2594 4729 2707 4798 29).
2737 4730 2799 4783 Et
2821 4730 2948 4783 illud
2985 4750 2996 4783 :
3029 4729 3169 4784 Deus
3196 4732 3284 4797 qui
3308 4732 3458 4800 coepit
3483 4733 3537 4784 in
3561 4732 3702 4786 vobis

2114 4823 2297 4875 bonum
2329 4838 2458 4891 apus
2483 4863 2496 4886 ,
2530 4823 2755 4887 perﬁciet
2793 4838 2952 4891 usque
2997 4824 3051 4875 in
3098 4823 3231 4876 diem
3283 4822 3495 4877 Domini
3536 4828 3701 4878 nostri

2112 4914 2297 4985 (lbid.,
2328 4914 2402 4982 6).
2432 4914 2493 4966 Et
2527 4913 2651 4966 illud
2678 4932 2689 4966 :
2723 4912 2905 4967 Gratia
2936 4914 3065 4968 salvi
3095 4916 3219 4984 facti
3248 4916 3365 4969 estis
3398 4933 3487 4982 per
3518 4917 3697 4984 ﬁdem,

2110 5016 2153 5060 et
2183 5006 2278 5059 hoc
2304 5022 2403 5058 non
2432 5021 2495 5059 ex
2536 5006 2673 5059 vobis
2695 5046 2709 5068 ,
2761 5005 2855 5058 Dei
2884 5007 3016 5059 enim
3055 5008 3247 5060 donum
3275 5017 3348 5061 est
3382 5007 3603 5078 (Ephes.
3638 5023 3697 5071 tt,

2110 5099 2189 5165 8).
2228 5099 2292 5152 Et
2334 5098 2476 5166 quod
2518 5098 2584 5152 de
2608 5100 2787 5165 seipso
2818 5102 2891 5153 ait
2920 5099 3207 5167 Apostolus
3240 5118 3251 5152 :
3290 5100 3699 5154 Misericordiam

2108 5202 2407 5245 consecutus
2437 5208 2579 5255 sum,
2609 5200 2663 5244 ut
2690 5191 2857 5257 ﬁdelis
2886 5208 3043 5245 essem
3072 5190 3128 5259 (1
3158 5192 3278 5247 Cor.
3313 5207 3406 5257 vn,
3435 5192 3551 5259 25).
3580 5192 3699 5246 Non

2108 5282 2241 5335 dixit
2263 5284 2385 5350 quia
2417 5296 2562 5335 eram
2592 5323 2606 5347 ,
2632 5281 2724 5335 sed
2751 5290 2807 5334 ut
2833 5296 3025 5335 essem.
3062 5283 3123 5336 Et
3153 5282 3282 5336 illud
3320 5300 3331 5335 :
3374 5283 3511 5347 Quid
3534 5282 3690 5337 habes

2109 5374 2244 5445 quod
2291 5391 2390 5427 non
2442 5374 2680 5442 accepisti
2732 5371 2787 5443 (I
2824 5371 2946 5427 Cor.
2982 5390 3051 5437 tv,
3095 5374 3172 5443 7).
3214 5374 3278 5428 Et
3325 5374 3499 5429 illud:
3534 5374 3700 5427 Omne

2112 5468 2289 5520 datum
2334 5466 2552 5529 bonum,
2585 5475 2633 5518 et
2681 5480 2831 5519 omne
2872 5466 3061 5519 donum
3102 5468 3380 5536 perfectum
3427 5466 3697 5519 desursum

2112 5568 2206 5625 est,
2230 5556 2537 5610 descendens
2555 5572 2584 5605 α
2610 5553 2762 5608 Patre
2787 5555 3035 5609 luminum
3062 5556 3202 5626 (Jac.
3232 5572 3269 5621 ι,
3298 5556 3407 5625 16).
3438 5556 3503 5609 Et
3527 5555 3656 5609 illud
3676 5574 3693 5609 :

2116 5648 2281 5702 Nemo
2311 5648 2456 5700 habet
2496 5645 2769 5714 quidquam
2801 5648 2899 5700 ηἱςί
2944 5648 3025 5701 illi
3056 5649 3235 5702 datum
3276 5648 3429 5717 fuerit
3477 5647 3692 5716 desuper

2138 5742 2292 5797 Joan.
2324 5757 2409 5803 ιιι,
2442 5740 2554 5807 ‘27).
