4046 6188
317 349 420 405 993

935 465 1159 522 CAPUT
1198 468 1261 521 L.

388 556 500 609 lluc
530 558 689 611 ctiam
719 558 1008 612 secundum
1052 559 1209 612 tidem
1239 559 1555 613 catholicam
1595 558 1896 622 credimus,

317 648 454 715 quod
488 659 607 713 post
640 659 910 717 acceptam
944 650 1194 720 baptismi
1224 655 1471 719 gratiam,
1504 668 1693 707 omnes
1722 653 1898 720 bapti-

318 740 443 803 zati,
472 739 685 794 Christo
714 741 1001 797 auxiliante
1030 753 1083 798 et
1117 753 1469 812 c00perante,
1499 759 1621 813 quae
1651 744 1717 797 ad
1750 743 1894 797 salu-

320 840 428 885 tem
462 832 651 885 animie
675 834 972 900 pertinent,
1004 836 1211 902 possint
1238 844 1295 891 et
1316 837 1572 901 debeant,
1604 836 1648 890 si
1674 835 1902 889 ﬁdeliter

321 927 565 977 laborare
597 928 892 990 voluerint,
927 926 1034 995 29
1058 927 1377 994 adimplere.
1413 927 1637 997 Aliquos
1668 939 1796 980 vero
1835 925 1902 979 ad

322 1013 522 1067 malum
562 1015 738 1068 divina
772 1024 1035 1085 potestate
1078 1019 1490 1086 prmdestinatos
1521 1033 1643 1072 esse
1676 1033 1781 1071 non
1816 1031 1904 1070 so-

322 1106 431 1159 lum
486 1121 591 1160 non
622 1108 889 1163 credimus
920 1154 935 1179 ,
980 1110 1074 1165 sed
1123 1112 1282 1165 etiam
1324 1112 1367 1165 si
1413 1118 1537 1165 sunt
1575 1110 1666 1181 qui
1698 1119 1903 1165 tantum

324 1195 452 1250 tuali
478 1197 697 1252 credere
726 1200 909 1266 vefint,
940 1215 1058 1255 cum
1083 1203 1229 1256 omni
1261 1202 1614 1257 detestatione
1645 1202 1753 1257 illis
1778 1217 1907 1256 ana-

325 1289 504 1345 thema
532 1292 776 1348 dicimus.

939 1382 1164 1439 CAPUT
1203 1384 1287 1440 LI.

401 1472 454 1523 ln
486 1472 633 1525 omni
662 1487 824 1541 opere
849 1472 989 1527 bono
1020 1489 1124 1528 non
1156 1490 1255 1530 nos
1282 1476 1597 1543 incipimus,
1630 1484 1685 1530 et
1720 1484 1907 1545 postea

326 1575 423 1629 per
454 1561 547 1616 Dei
598 1564 1015 1618 misericordiam
1053 1565 1397 1634 adjuvamur;
1432 1566 1525 1622 sed
1567 1568 1682 1635 ipse
1722 1568 1907 1635 nobis,

328 1653 494 1708 nullis
525 1654 949 1723 praecedentibus
972 1656 1123 1709 bonis
1152 1658 1388 1721 meritis,
1420 1666 1473 1711 et
1496 1657 1653 1711 ﬁdem
1683 1666 1736 1711 et
1757 1672 1907 1712 amo-

326 1757 444 1797 rem
473 1746 555 1799 sui
592 1746 739 1814 prius
777 1744 1001 1815 inspirat
1040 1763 1053 1799 :
1100 1754 1160 1801 ut
1189 1757 1240 1801 et
1285 1747 1533 1816 baptismi
1574 1760 1910 1802 sacramenta

1232 352 1316 406 DE
1359 350 1904 407 ECCLESIASTICIS
1946 348 2387 407 DOGMATIBUS
2425 350 2646 405 LIBER.

3462 351 3566 410 994

1922 469 1972 525 Α
1998 462 2102 517 don
2133 472 2187 517 et
2214 447 2480 527 Marcion;
2512 463 2591 516 vel
2633 461 2895 515 contraria
2918 502 2932 526 ,
2982 468 3039 513 ut
3085 460 3437 525 Mauiclueus;
3486 461 3573 518 vel

2005 568 2027 595 ο
2057 557 2155 610 tria
2186 566 2239 611 et
2275 556 2502 611 barbara
2530 597 2544 620 ,
2588 564 2644 609 ut
2675 555 2918 609 Setiauns
2952 565 3006 610 et
3035 558 3059 591 ιι
3090 556 3448 620 Theudosius;
3491 556 3579 611 vel

2004 654 2027 682 θ
2059 648 2249 713 multa,
2282 656 2338 699 ut
2361 646 2704 711 Valentinus;
2734 646 2815 700 vel
2843 644 3112 699 Christum
3166 648 3436 701 hominem
3474 648 3578 719 31

2003 736 2165 791 fuisse
2194 737 2395 805 absque
2421 737 2549 804 Deo,
2580 747 2632 790 ut
2656 736 2967 803 Cerinthus,
2998 738 3187 805 Ebion,
3216 738 3497 803 Artemoii,
3528 746 3581 792 et

2001 826 2281 882 Photinus.
2313 829 2389 881 Ex
2417 828 2570 895 istis,
2604 830 2852 897 inquam,
2905 829 3060 897 siqui
3091 828 3156 881 ad
3188 844 3284 882 nos
3315 828 3581 895 venerint,

2004 936 2108 974 non
2140 920 2518 990 requirendum
2550 922 2616 975 ab
2647 922 2709 974 iis
2735 930 2911 974 utrum
2944 920 3197 990 baptizati
3227 921 3331 974 sint
3354 936 3421 973 an
3453 935 3591 984 non,

2002 1011 2096 1065 sed
2128 1011 2228 1066 hoc
2257 1019 2485 1077 tantum,
2518 1013 2563 1066 si
2607 1012 2831 1066 credant
2878 1012 3132 1066 Ecclesia:
3163 1011 3345 1079 ﬁdem,
3396 1021 3453 1066 et
3493 1011 3586 1066 ba-

2006 1107 2276 1176 ptizcntur
2312 1108 2678 1163 ecclesiastico
2712 1105 2730 1144 ί
2767 1107 3104 1175 baptismate.

2599 1198 2824 1256 CAPUT
2865 1200 2997 1253 LIII.

2082 1288 2331 1356 Quotidie
2378 1300 2404 1338 ε
2443 1290 2784 1345 eucharistiaa
2831 1288 3263 1345 communionem
3312 1288 3591 1357 percipere

2007 1398 2107 1436 nec
2154 1380 2341 1447 laudo,
2396 1397 2494 1436 nec
2524 1379 2550 1417 ¹ι
2581 1385 2846 1451 vitupero.
2878 1381 3135 1435 Omnibus
3188 1391 3365 1434 tamen
3420 1379 3589 1433 domi-

2010 1474 2146 1529 nicis
2189 1475 2378 1530 diebus
2410 1474 2914 1529 communicandum
2955 1475 3155 1529 suadeo
3184 1482 3236 1527 et
3284 1475 3496 1535 hortor,
3546 1471 3592 1525 si

2014 1575 2192 1621 tamen
2238 1582 2389 1621 mens
2434 1566 2594 1621 lsine
2632 1566 2821 1621 allecto
2862 1565 3113 1635 peccandi
3148 1564 3160 1613 i
3199 1564 3289 1617 sit.
3342 1562 3472 1616 Nam
3502 1562 3595 1614 ba-

2013 1659 2227 1714 bentem
2272 1658 2449 1713 adhuc
2472 1659 2799 1713 voluntatem
2836 1657 3126 1726 peccandi,
3173 1654 3384 1725 gravari
3425 1654 3596 1721 magis

2014 1751 2135 1807 dico
2165 1752 2508 1808 eucharistiaa
2547 1753 2892 1821 perceptione
2941 1767 3101 1821 quam
3129 1749 3156 1788 ιι
3198 1749 3488 1819 puriﬁcari.
3532 1748 3599 1802 Et

325 1830 565 1887 ﬁdeliter
596 1833 961 1901 realliramus.
997 1844 1051 1888 el
1079 1845 1199 1903 post
1227 1835 1549 1904 baptismum
1590 1851 1711 1897 cum
1749 1837 1915 1906 ipsius
1948 1829 1995 1889 Β
2022 1842 2144 1898 ideo
2167 1844 2411 1914 quamvis
2442 1843 2562 1913 quis
2596 1853 2818 1911 peccato
2847 1843 3173 1906 mordeatur,
3206 1839 3460 1910 peccandi
3490 1852 3598 1892 non

302 1924 602 1991 'adjutorio
630 1939 691 1978 ea
722 1940 842 1995 qua:
869 1925 969 1980 sibi
999 1934 1128 1979 sunt
1153 1927 1347 1995 placita
1376 1927 1599 1996 implere
1623 1929 1910 1997 possimus.

322 2014 488 2070 Unde
532 2015 965 2072 manifestissime
1016 2018 1340 2073 credendum
1377 2030 1458 2074 est
1505 2021 1645 2089 quod
1680 2033 1733 2075 et
1776 2022 1915 2075 illius

327 2108 557 2163 latronis
594 2124 752 2177 quem
794 2109 1050 2163 Dominus
1080 2110 1145 2164 ad
1180 2111 1407 2179 paradisi
1440 2111 1666 2180 patriam
1700 2127 1917 2166 revoca-

334 2198 413 2251 vit
440 2195 595 2263 (Luc.
632 2212 780 2259 χχιιι,
808 2197 925 2266 45),
954 2208 1006 2252 et
1028 2198 1260 2254 Cornelii
1286 2202 1631 2263 centurionis,
1664 2202 1729 2254 ad
1757 2217 1915 2271 quem

332 2288 556 2357 angelus
586 2287 800 2341 Domini
832 2289 1026 2344 missus
1063 2301 1147 2345 eSt
1178 2290 1315 2362 (Act.
1369 2308 1397 2345 ι
1418 2333 1434 2356 ,
1469 2291 1547 2361 5),
1600 2292 1918 2361 Zaclizcique

332 2380 421 2446 qui
452 2379 622 2446 ipsum
656 2378 935 2433 Dominum
964 2382 1237 2451 suscipere
1269 2384 1465 2437 meruit
1502 2382 1656 2452 (Luc.
1683 2400 1797 2450 xix,
1829 2384 1915 2453 2),

334 2471 429 2525 illa
460 2479 564 2525 tam
597 2472 926 2528 admirabilis
968 2474 1102 2529 ﬁdes
1145 2490 1250 2529 non
1282 2473 1441 2530 fuerit
1464 2474 1537 2530 de
1572 2487 1789 2541 natura,
1824 2477 1917 2532 sed

335 2564 533 2618 divinae
559 2564 745 2633 gratia:
775 2565 1018 2635 largitate
1042 2568 1255 2621 donata.

941 2658 1167 2714 CAPUT
1208 2660 1315 2715 LII.

416 2746 683 2816 Baptisma
712 2763 874 2802 unum
905 2759 1008 2813 est,
1038 2750 1129 2802 sed
1154 2750 1203 2803 iu
1243 2752 1477 2806 Ecclesia
1498 2794 1512 2819 ,
1538 2752 1627 2806 ubi
1657 2766 1760 2805 una
1795 2750 1923 2807 ﬁdes

341 2846 456 2902 est,
498 2836 588 2892 ubi
620 2839 671 2892 in
714 2839 931 2915 n_omine
968 2839 1141 2894 Patris
1174 2851 1223 2895 et
1256 2841 1377 2895 Filii
1409 2852 1461 2896 et
1488 2842 1717 2909 Spiritus
1753 2843 1920 2895 sam-ti

343 2927 523 2980 datur.
577 2927 641 2981 Et
674 2928 793 2981 ideo
824 2930 868 2982 si
907 2930 994 2999 qui
1026 2929 1163 2997 apud
1203 2931 1320 2984 illos
1352 2931 1636 2985 haereticos
1674 2933 1921 2999 bapt‘zati

342 3027 468 3071 sunt
495 3019 585 3087 qui
624 3018 676 3071 in
705 3031 903 3074 sancta:
934 3021 1209 3074 Trinitatis
1242 3022 1349 3090 3o
1377 3022 1719 3077 confessione
1749 3023 1920 3091 baptio

343 3119 497 3175 zant,
520 3119 574 3164 et
594 3111 818 3180 veniunt
837 3112 903 3164 ad
930 3126 1049 3177 nos,
1072 3114 1397 3182 recipiantur
1424 3115 1636 3182 quidem
1670 3125 1724 3167 ut
1754 3115 1924 3181 bapti-

2019 1933 2215 1988 habeat
2238 1933 2307 1988 de
2326 1942 2525 1988 cancro
2548 1934 2900 1999 voluntatem,
2923 1943 2977 1986 et
3002 1936 3489 1986 communicaturus
3508 1943 3599 1982 sa-
3656 1998 3661 2007 .

2021 2023 2251 2077 tisfaciat
2301 2024 2550 2092 Iacrymis
2591 2031 2646 2077 et
2695 2022 3063 2085 orationibus;
3114 2033 3165 2074 et
3211 2020 3487 2074 conﬁdens
3533 2017 3603 2072 de

2022 2114 2229 2168 Domini
2285 2113 2629 2167 miseratione
2662 2153 2677 2178 ,
2734 2113 2823 2180 qui
2874 2120 3088 2180 peccata
3137 2110 3237 2180 pitu
3278 2110 3604 2164 confessioni

2018 2204 2221 2260 donare
2261 2206 2569 2267 consuevit,
2602 2204 2822 2258 accedat
2853 2203 2917 2256 ad
2950 2201 3332 2258 eucharistiam
3381 2201 3607 2269 intrepi—

2021 2294 2120 2349 dus
2151 2302 2205 2349 et
2241 2308 2483 2349 securus.
2516 2294 2622 2348 Sed
2654 2294 2755 2347 hoc
2779 2293 2846 2347 de
2878 2294 2971 2347 illo
3012 2293 3131 2347 dico
3170 2308 3329 2362 quem
3359 2291 3605 2360 capitalia

2028 2383 2115 2439 let
2136 2386 2381 2439 mortalia
2406 2395 2621 2454 peccata
2646 2400 2749 2439 non
2766 2393 3017 2454 gravant;
3044 2398 3162 2436 nam
3186 2398 3342 2451 quem
3363 2381 3606 2436 mortalia

2022 2478 2246 2533 crimina
2284 2487 2407 2545 post
2445 2477 2766 2545 baptismum
2790 2477 3076 2531 commissa
3111 2484 3384 2544 premunt,
3418 2474 3604 2527 hortor

2026 2568 2171 2636 prius
2196 2566 2407 2635 publica
2436 2567 2751 2636 pmnitentia
2778 2564 3110 2632 satisfacere,
3130 2572 3183 2618 et
3212 2565 3282 2618 ita
3308 2562 3605 2618 sacerdOtis

2020 2659 2222 2729 judicio
2268 2661 2670 2714 reconciliatum
2724 2660 3088 2714 communioni
3148 2658 3373 2721 sociari,
3423 2657 3468 2711 si
3499 2657 3608 2712 vult

2025 2767 2130 2805 nou
2155 2751 2221 2805 ad
2248 2751 2507 2821 judicium
2531 2762 2583 2806 et
2610 2751 3109 2806 condemnationem
3132 2753 3212 2804 sui
3234 2748 3609 2804 eucharistiam

2024 2842 2131 2912 32
2185 2843 2483 2910 percipere.
2537 2842 2645 2898 Sed
2694 2852 2749 2895 et
2794 2852 3003 2897 secreta
3055 2840 3419 2895 satisfactione
3474 2840 3611 2895 solvi

2028 2937 2271 2989 mortalia
2300 2936 2524 2989 crimina
2570 2950 2676 2990 non
2708 2948 2990 3004 negamus,
3020 2945 3058 2971 ιη
3092 2933 3199 2994 δρᾶ,
3228 2942 3430 2986 mutato
3465 2932 3613 3001 prius

2027 3028 2270 3085 sn'cttlslri
2296 3026 2497 3090 habitu,
2522 3036 2575 3080 et
2598 3025 2845 3080 confesso
2873 3024 3148 3094 religionis
3171 3025 3346 3076 studio
3373 3039 3470 3091 per
3490 3022 3613 3076 vita:
3680 3036 3686 3044 '

2027 3122 2439 3181 correctionem,
2467 3129 2519 3171 et
2540 3119 2649 3187 jugi
2681 3127 2708 3153 ιι
2738 3119 2847 3171 imo
2873 3129 3128 3184 perpetuo
3156 3116 3299 3168 luctu
3327 3114 3615 3167 miserante

344 3202 553 3265 sati,ue
573 3212 767 3255 sanctae
784 3200 1343 3256 Trinitatisinvucatio
1357 3203 1435 3257 vel
1454 3202 1717 3258 confessio
1739 3203 1919 3255 auuul-
1961 3191 2007 3254 C
2044 3212 2149 3265 Deo
2181 3219 2204 3245 ο
2232 3212 2439 3265 veniam
2463 3220 2825 3279 consequatur
2854 3226 2865 3261 :
2897 3209 2969 3262 ita
2994 3210 3250 3261 duntaxat
3270 3217 3328 3259 ut
3349 3204 3614 3259 contraria

344 3293 504 3358 letur;
539 3294 631 3347 sed
657 3294 947 3349 doceantur
977 3297 1180 3365 integre
1206 3306 1257 3350 et
1286 3298 1615 3350 instruantur
1638 3311 1743 3364 quo
1767 3312 1928 3350 sensu

346 3395 551 3439 sancta:
568 3384 844 3441 Trinitatis
861 3383 1167 3457 mysterium
1185 3389 1237 3440 in
1254 3388 1489 3441 Ecclesia
1507 3398 1745 3441 teneatur
1772 3404 1787 3441 :
1812 3398 1867 3442 et
1884 3388 1926 3439 si

346 3477 694 3531 consentiunt
715 3478 958 3542 credere,
975 3479 1059 3532 vel
1074 3478 1416 3544 acquiescunt
1438 3478 1698 3543 conﬁteri,
1725 3478 1928 3545 purgati

345 3570 455 3637 jam
482 3569 603 3624 ﬁdei
631 3570 933 3635 integritate
955 3572 1336 3624 coulirmcntur
1360 3585 1546 3623 manus
1568 3570 1925 3639 impositione.

347 3662 405 3716 Si
437 3677 565 3715 vero
594 3663 795 3731 parvuli
827 3674 949 3716 sunt
980 3666 1059 3717 vel
1093 3664 1345 3726 hebetes,
1376 3663 1463 3732 qui
1490 3663 1783 3715 doctrinam
1828 3680 1928 3716 non

348 3757 584 3824 capiant,
610 3757 969 3824 respondeant
1011 3774 1106 3827 pro
1130 3759 1231 3811 illis
1261 3760 1347 3826 qui
1391 3773 1481 3811 eos
1510 3757 1737 3810 oﬁ'erunt
1775 3758 1930 3826 juxta

349 3856 604 3900 llmorem
647 3847 993 3915 baptizandi;
1049 3860 1101 3902 et
1151 3851 1227 3902 sic
1259 3863 1444 3901 manus
1494 3849 1832 3916 impositiune
1878 3864 1932 3903 et

347 3938 639 3993 chrismate
667 3941 979 3993 communiti
1001 3982 1016 4004 ,
1068 3939 1409 3995 eucharisﬁm
1439 3941 1706 4010 mysteriis
1744 3942 1932 3994 admit-

349 4039 549 4084 tantur.
583 4030 706 4085 Ilius
736 4039 913 4084 autem
944 4031 1031 4100 qui
1074 4047 1178 4084 non
1221 4040 1425 4085 sancta:
1466 4031 1743 4085 Trinitatis
1779 4036 1934 4085 invo-

348 4126 561 4176 catione
601 4121 740 4191 apud
790 4122 1071 4176 bmreticos
1110 4123 1361 4193 baptizati
1411 4134 1564 4189 sunt,
1616 4132 1670 4176 ct
1717 4125 1935 4177 veniunt

349 4213 421 4267 ad
448 4228 566 4280 nos,
600 4212 856 4283 baptizari
886 4214 1081 4269 debere
1104 4215 1531 4283 pronuntiamus,
1562 4230 1664 4268 non
1694 4215 1930 4283 rebapti-

349 4304 486 4359 tari.
518 4304 699 4372 Neque
729 4304 875 4358 enim
907 4305 1231 4359 credendum
1263 4314 1345 4361 est
1369 4321 1462 4361 eos
1496 4306 1662 4360 fuisse
1697 4307 1937 4375 baptiza-

354 4405 476 4461 tus,
511 4398 600 4466 qui
634 4413 738 4451 non
782 4398 835 4451 in
886 4400 1100 4451 nomine
1146 4398 1320 4452 Patris
1360 4407 1414 4452 et
1443 4399 1563 4452 Filii
1609 4410 1662 4453 et
1702 4398 1936 4468 Spiritus

350 4490 525 4542 sancti
559 4489 709 4558 juxta
739 4490 982 4558 regulam
1014 4504 1044 4543 a
1073 4490 1298 4543 Domino
1327 4492 1553 4559 positam
1588 4491 1737 4545 tincti
1766 4503 1890 4547 sunt
1919 4512 1929 4545 :

352 4587 412 4633 ut
438 4590 562 4633 sunt
586 4579 845 4647 Pauliani,
874 4581 1159 4644 Procliani,
1190 4580 1511 4647 Borboritze,
1536 4581 1561 4619 δ
1586 4578 1821 4651 Siphori,
1845 4587 1932 4655 qui

2033 3320 2127 3373 pro
2152 3315 2176 3353 ιτ
2201 3304 2278 3356 ιιίη
2306 3320 2424 3373 quae
2454 3304 2669 3368 pmnitet
2695 3313 2837 3370 agat,
2870 3311 2926 3356 et
2952 3302 3333 3355 eucharistiam
3364 3297 3615 3352 omnibus

2032 3396 2315 3450 dominicis
2337 3396 2525 3449 diebus
2549 3394 2775 3464 supplex
2798 3407 2846 3446 et
2871 3393 3169 3448 submissus
3192 3406 3360 3459 usque
3384 3390 3451 3444 ad
3475 3404 3616 3443 mor~

2035 3502 2140 3543 tem
2174 3490 2452 3557 percipiat.

2626 3575 2708 3631 CA
2721 3576 2851 3631 PUT
2894 3575 3025 3629 LIV.

2104 3670 2420 3726 Poenitentia
2452 3684 2574 3723 vera
2605 3677 2707 3734 est,
2743 3650 3053 3735 pmnitenda
3082 3679 3187 3717 non
3218 3661 3529 3726 admittere,
3562 3669 3615 3714 et

2033 3766 2264 3817 admissa
2307 3762 2528 3816 deﬂere.
2570 3760 2875 3814 Satisfactio
2922 3756 3248 3827 poenitentia:
3273 3765 3388 3819 est,
3427 3764 3616 3805 causas

2034 3865 2372 3924 peccatorum
2420 3862 2446 3899 (ι
2488 3850 2775 3915 excidere,
2820 3863 2917 3903 nec
2962 3861 3147 3902 earum
3190 3840 3616 3914 suggestionibus

2033 3948 2230 4000 aditum
2265 3944 2563 4014 indulgere.

2629 4032 2855 4088 CAPUT
2895 4032 3003 4086 LV.

2106 4129 2163 4182 In
2190 4127 2387 4181 divinis
2419 4123 2866 4194 promissionihus
2891 4120 3019 4175 nihil
3052 4129 3320 4173 terrenum
3351 4115 3436 4170 Vel
3466 4126 3618 4169 tran-

2036 4222 2279 4274 sitorium
2319 4229 2726 4288 exspemenius,
2758 4214 2896 4270 sicut
2936 4212 3172 4267 Melitani
3212 4218 3450 4278 sperant.
3497 4208 3615 4261 Non

2041 4311 2343 4380 nuptiarum
2385 4308 2629 4379 cupulam
2649 4350 2662 4373 ,
2695 4306 2834 4360 sicut
2861 4302 3150 4357 Cerinthus
3180 4310 3234 4354 et
3262 4298 3491 4353 Marcion
3521 4296 3617 4351 de-

2038 4407 2218 4458 lirant.
2256 4403 2373 4457 Non
2406 4402 2544 4471 quod
2577 4400 2642 4453 ad
2684 4398 2861 4453 cibum
2895 4397 2977 4451 vel
3018 4394 3082 4447 ad
3113 4402 3291 4463 potum
3348 4390 3612 4458 pertinet,

2040 4496 2176 4549 sicut
2206 4503 2250 4556 ν,
2283 4492 2443 4561 Papia
2472 4503 2723 4554 auctore,
2760 4490 3016 4552 Irenrcus,
3056 4495 3109 4539 et
3137 4483 3494 4537 Tertullianus
3516 4521 3530 4546 ,
3563 4490 3618 4534 et

2042 4584 2346 4639 Lactantius
2369 4582 2733 4652 acquiescunt.
2757 4580 2939 4649 Neque
2969 4587 3086 4647 post
3122 4576 3268 4631 mille
3297 4590 3463 4628 annos
3497 4584 3618 4643 post

351 4683 500 4723 nunc
520 4679 775 4725 vocantur
794 4670 1111 4736 Bounsiani;
1136 4670 1463 4737 Pbotiniani,
1491 4672 1946 4749 Montanistaa,qui
2040 4677 2491 4732 resurrectionem
2524 4688 2742 4742 regnum
2767 4671 2964 4725 Christi
2996 4674 3047 4724 in
3080 4680 3217 4723 terra
3258 4667 3489 4720 l‘uturum
3518 4705 3535 4732 ,
3565 4674 3621 4720 et

350 4771 409 4816 et
434 4760 772 4827 Priscilliani,
807 4770 862 4816 et
886 4761 1186 4831 Manichaei,
1208 4764 1465 4834 variaque
1504 4766 1792 4835 impietatis
1820 4785 1940 4837 ger-

351 4851 501 4905 mina
522 4867 538 4916 ;
560 4852 647 4906 vel
664 4860 873 4907 caetera:
899 4854 1123 4908 istorum
1146 4855 1370 4925 originis
1387 4856 1501 4911 sive
1518 4857 1723 4911 ordinis
1740 4870 1940 4928 pestes,

351 4959 479 5012 qua:
504 4944 609 4999 duo
638 4944 895 5014 principia
938 4947 1041 5001 sibi
1072 4947 1252 5018 ignota
1282 4949 1663 5017 introducunt,
1700 4960 1759 5007 ut
1814 4954 1943 5009 Cer-

431 5084 458 5110 η
482 5074 553 5127 Ita
580 5089 682 5129 ms.
716 5076 840 5139 Alii,
870 5093 1072 5131 nomen.

430 5142 611 5226 sua,
656 5145 965 5226 Symp/tori,
1006 5147 1719 5226 aituniani,__dlout_anitw,
1769 5158 1858 5226 qui
1890 5166 1938 5213 et

358 5213 788 5291 Prisciltiani'vrl
822 5213 1126 5291 Maximiani
1155 5232 1305 5291 atque
1338 5220 1631 5277 Manichwi.

434 5294 458 5361 ξ
488 5285 607 5361 bis“
639 5296 765 5361 ριν-η
789 5296 842 5340 ut
868 5287 1051 5355 Buidu,
1081 5285 1278 5361 int-pte.

430 5350 456 5389 ⁸³
485 5355 609 5422 Ms.,
639 5355 951 5413 Theodotus.

433 5431 458 5460 ⁸
490 5424 613 5491 Ms.,
645 5427 833 5491 hiulca,
858 5431 1015 5485 male.

437 5492 457 5530 τ
489 5495 613 5571 Ms,
643 5499 696 5550 id
724 5508 797 5551 est
826 5500 1072 5571 catholico
1100 5502 1417 5571 baptismate.

350 5567 588 5689 ’.ἀλωὴ
620 5582 715 5637 pro
743 5570 1060 5626 eucharistiw
1088 5567 1491 5630 communionem
1522 5572 1720 5631 habent
1744 5575 1937 5630 eucha-

392 5651 408 5689 ί
459 5652 576 5687 tam.

392 5651 576 5690 tutam.

434 5702 463 5776 lt
488 5705 615 5772 Alii,
645 5709 979 5776 reprehendo.

441 5774 457 5812 ί
490 5776 586 5830 Ms.
618 5774 714 5846 pro
738 5780 846 5834 sine
873 5782 1032 5839 habet
1054 5799 1173 5839 non.

2043 4776 2255 4822 sanctos
2304 4780 2423 4817 cum
2463 4763 2555 4817 illo
2605 4764 2654 4815 in
2684 4762 2892 4816 deliciis
2938 4769 3255 4830 regnaturus
3304 4772 3619 4826 speremus,

2044 4858 2183 4912 sicut
2215 4857 2388 4923 Nepos
2414 4854 2625 4914 docuit,
2670 4853 2760 4921 qui
2803 4854 3028 4920 primum
3061 4850 3324 4919 jusmrum
3375 4863 3618 4902 resurre-

2045 4950 2275 5005 ctiunem
2299 4989 2314 5012 ,
2346 4957 2399 5001 et
2428 4945 2531 5015 33
2556 4945 2846 4999 secundam
2898 4943 3184 5013 impiorum
3232 4940 3511 4995 conﬁnxit.
3552 4937 3620 4993 Et

2119 5088 2133 5135 ι
2166 5084 2287 5144 Ms.,
2316 5080 2453 5133 insit.

2115 5153 2137 5191 ¹ί
2173 5155 2264 5206 Ms.
2278 5195 2291 5218 ,
2325 5149 2551 5218 purgari.

2004 5238 2029 5259 θ’
2119 5223 2135 5262 ι
2173 5224 2267 5276 Ms.
2300 5236 2402 5273 non
2438 5222 2593 5274 habet
2614 5230 2659 5273 et
2686 5221 2943 5275 mortalia.

2114 5304 2153 5332 ιη
2183 5295 2304 5357 Ms.,
2334 5292 2543 5343 scilicet.

2112 5374 2139 5402 ιι
2171 5364 2293 5429 Ms.,
2316 5362 2537 5431 jejunio.

2116 5446 2140 5472 ο
2169 5428 2295 5489 Haec
2317 5428 2482 5487 verba
2502 5470 2518 5498 ,
2546 5432 2743 5486 veniam
2788 5440 3122 5499 consequatur
3148 5441 3215 5483 ex
3255 5439 3358 5482 ms.
3383 5428 3617 5497 reposita

2042 5514 2186 5563 sunt.

2113 5586 2142 5626 P
2170 5576 2292 5641 Ms.,
2320 5574 2383 5626 iis
2407 5588 2503 5642 pro
2529 5573 2625 5625 Ιιῖδ.

2113 5657 2139 5695 ιι
2168 5647 2287 5705 Μδ..
2316 5647 2541 5698 eradere.

2116 5727 2138 5754 τ
2174 5716 2247 5769 Ita
2274 5715 2413 5839 llilllic
2437 5717 2608 5771 locum
2632 5708 2928 5771 emendavi.
2961 5707 3084 5779 Ms.,
3109 5705 3336 5782 Papias;
3364 5709 3470 5782 alii,
3505 5707 3615 5767 Pa-

2116 5801 2176 5839 B.’
2198 5801 2279 5839 ma
2304 5799 2357 5839 ϐο

2046 5790 2176 5857 piae;
2198 5790 2357 5840 male.
