4046 6188
456 348 559 404 995

1688 342 2009 397 GENNADII
2051 343 2508 401 MASSILIENSIS

3608 345 3705 399 995

457 455 595 510 inter
645 456 740 510 bas
779 455 913 509 duas
958 461 1286 508 mortuorum
1330 452 1752 507 resurrectiones
1779 493 1796 519 ,
1844 464 2032 522 gentes
2060 459 2112 517 Α
2138 454 2419 521 stitcrunt,
2456 455 2618 524 lapsis
2650 452 3086 520 superbientibus
3113 457 3339 523 angelis.
3372 457 3469 509 hoc
3502 476 3529 505 ιι
3554 474 3713 514 "nere

459 550 762 618 ignorantes
793 545 959 599 Deum
1006 545 1059 599 in
1086 544 1295 612 angulis
1323 554 1586 599 terrarum
1619 543 1671 597 in
1710 559 1873 598 carne
1914 556 2033 599 ser-

463 640 650 692 vanda.
699 638 829 704 Qure
875 645 995 705 post
1041 636 1184 690 mille
1209 650 1378 689 annos
1415 636 1561 703 regni
1604 636 1654 687 in
1685 645 1823 689 terra
1851 635 2038 704 justo-

464 744 611 797 rum,
657 730 937 798 instigante
979 728 1191 781 diabolo
1233 726 1511 781 movenda:
1543 735 1669 780 sunt
1709 727 1775 780 ad
1807 743 2034 795 pugnam

463 830 645 874 contra
698 820 871 887 justos
910 826 935 854 ι
987 826 1303 886 regnantes;
1355 827 1410 871 et
1460 817 1688 872 Domino
1741 833 1837 885 pro
1880 818 2037 887 iustis

466 920 732 981 pugnante
758 911 926 964 imbre
956 912 1111 979 igneo
1137 908 1574 977 compescendas,
1598 920 1757 978 atque
1779 908 1850 962 ita
1895 924 2034 961 mor-

465 1012 603 1067 tuas,
618 1018 736 1056 cum
751 1001 958 1055 caeteris
971 1000 1023 1055 in
1042 997 1310 1066 impietate
1324 996 1349 1034 ι)
1363 1007 1485 1052 ante
1501 999 1747 1062 mortuis,
1760 996 1823 1051 ad
1838 1006 2030 1052 aeterna

464 1094 721 1164 supplicia
762 1094 815 1147 in
847 1090 1234 1156 incorruptibili
1260 1104 1422 1143 carne
1450 1089 1851 1145 resu~zcitandas
1884 1097 1930 1139 ο.

1045 1181 1270 1235 CAPUT
1311 1180 1443 1235 LVI.‘

490 1320 493 1325 ‹
531 1279 746 1335 Nullum
795 1277 1065 1333 credimus
1111 1276 1175 1330 ad
1220 1276 1447 1329 Salutem
1479 1276 1578 1329 nisi
1627 1275 1738 1329 Deo
1780 1274 2039 1330 invitante

464 1372 676 1435 venire;
733 1370 935 1423 nullum
985 1367 1265 1422 invitatum
1309 1368 1537 1420 salutem
1586 1381 1738 1419 suam
1784 1368 1884 1421 nisi
1933 1367 2040 1422 Deo

462 1463 754 1516 auxiliante
790 1461 1037 1529 operari;
1089 1460 1293 1512 nullum
1354 1458 1456 1512 nisi
1488 1469 1730 1512 orantem
1782 1458 2039 1511 auxilium

464 1552 799 1623 promereri;
844 1552 1049 1605 nullum
1079 1550 1174 1605 Dei
1223 1550 1499 1605 voluntate
1548 1550 1763 1621 perire,
1811 1550 1904 1603 sed
1947 1561 2042 1617 per

460 1642 697 1714 seipsum
722 1658 815 1711 pro
831 1642 1093 1697 electione
1111 1641 1337 1706 arbitrii,
1366 1657 1433 1696 ne
1460 1640 1803 1711 ingenuitatis
1821 1640 2041 1695 libertas

464 1745 625 1805 atque
671 1744 906 1804 potestas
932 1734 1099 1789 semel
1130 1733 1330 1788 bomini
1356 1732 1651 1800 attributa,
1681 1734 1750 1787 ad
1790 1732 2044 1788 servilem

461 1834 681 1895 cogatur
707 1824 1103 1878 necessitatem.

1037 1914 1263 1970 CAPUT
1303 1913 1459 1969 LVII.
1545 1942 1549 1946 -
2039 1964 2045 1969 .

484 2054 489 2057 Α
536 2008 726 2063 Malum
783 2007 866 2061 vel
898 2006 1101 2060 malitia
1148 2022 1253 2060 non
1283 2015 1366 2059 est
1393 2022 1422 2060 a
1466 2006 1575 2060 Deo
1603 2013 1782 2060 creata
1808 2048 1824 2074 ,
1873 2002 1971 2059 sed
2010 2018 2041 2057 a

463 2097 679 2152 diabolo
731 2100 978 2165 inventa,
1012 2098 1131 2164 quia
1172 2106 1227 2149 et
1267 2097 1380 2164 ipse
1407 2097 1576 2150 bonus
1613 2109 1643 2148 a
1676 2096 1786 2150 Deo
1830 2104 2044 2150 creatus

464 2201 567 2245 est.
595 2190 697 2245 Sed
725 2190 843 2259 quia
875 2190 1043 2243 libero
1072 2189 1313 2254 arbitrio,
1346 2200 1399 2241 ut
1428 2198 1552 2257 pote
1583 2188 1860 2242 rationalis
1885 2202 2039 2242 crea-

466 2292 582 2335 tura
623 2298 650 2333 a
700 2282 808 2334 Deo
857 2282 1177 2334 Commissus
1204 2290 1317 2342 est,
1348 2287 1403 2332 ct
1447 2280 1712 2343 cogitandi
1761 2287 2040 2347 acceperat

465 2371 768 2425 facultatem
793 2413 807 2434 ,
837 2372 1113 2423 srientiam
1147 2369 1269 2422 boni
1302 2367 1409 2439 34
1434 2370 1591 2422 vertit
1616 2370 1680 2421 ad
1715 2369 1913 2422 malum
1939 2410 1953 2431 ,
1984 2377 2047 2421 ειν

467 2463 625 2515 multa
657 2463 937 2531 cogitando
970 2462 1139 2515 Iactus
1167 2469 1249 2515 est
1279 2460 1525 2514 inventor
1553 2461 1705 2523 mali;
1738 2468 1791 2513 et
1818 2458 1955 2529 quod
1986 2460 2035 2511 in

463 2568 521 2607 se
550 2553 854 2621 perdiderat
896 2551 1081 2604 invidit
1120 2552 1171 2603 in
1213 2550 1331 2603 aliis
1356 2588 1373 2614 ,
1420 2563 1520 2602 nec
1560 2559 1844 2602 cootentus
1892 2548 2037 2601 slus

464 2645 640 2711 perire
671 2645 841 2696 suasit
859 2632 1008 2705 aliis;
1034 2652 1090 2694 ut
1111 2640 1201 2711 qui
1222 2650 1367 2694 esset
1386 2654 1497 2693 sua:
1521 2640 1737 2693 malitiae
1768 2640 2033 2703 inventor,

464 2736 615 2789 Iieret
637 2743 691 2788 et
719 2735 942 2787 aliorum
974 2742 1159 2786 auctor
1185 2749 1198 2783 :
1230 2741 1284 2787 et
1314 2746 1377 2784 ex
1403 2746 1469 2784 eo
1491 2731 1687 2784 malum
1717 2730 1798 2785 vel
1838 2730 2035 2785 malitia

464 2827 728 2893 percurrit
764 2826 815 2878 in
852 2832 953 2877 eset
975 2838 1076 2876 -ras
1105 2822 1396 2876 rationales
1424 2831 1715 2876 creaturas.

1028 2912 1251 2967 CAPUT
1293 2912 1469 2968 LVIII.

530 2986 680 3060 U‘nde
704 2994 1074 3081 cognouimus
1116 3005 1244 3057 nihil
1285 3019 1405 3057 esse
1445 3014 1630 3057 natura
1667 3003 2032 3067 immutabile,

462 3097 563 3150 nisi
612 3098 783 3150 solum
816 3096 983 3149 Deum
1014 3093 1039 3131 ἀ
1074 3096 1279 3148 Patrem
1310 3106 1364 3148 et
1403 3095 1633 3158 Filium,
1679 3104 1733 3147 et
1778 3095 2032 3163 Spiritum

2140 544 2508 600 retributionis
2534 555 2879 614 acceperunt,
2904 552 2962 599 ut
2985 546 3131 599 nulla
3155 546 3265 614 jam
3290 547 3531 615 rubigine
3553 551 3715 600 surri-

2139 635 2331 704 pientis
2368 636 2539 704 culpae
2584 634 2935 689 mordeantur
2963 651 2976 688 :
3007 645 3065 689 ut
3093 645 3146 689 et
3178 637 3230 689 in
3269 637 3715 706 contemplatione

2138 727 2443 782 Conditoris
2473 726 2589 781 sine
2622 725 2892 781 felicitatis
2923 726 3028 781 line
3060 736 3430 794 permaneant,
3453 738 3509 783 et
3538 730 3591 782 in‘
3621 729 3717 783 huc

2138 820 2216 872 sic
2242 818 2470 871 conditae
2497 826 2697 871 aeterna
2728 817 3020 872 stabilitate
3046 818 3363 873 subsistant.

2710 922 2939 985 caper
2980 916 3142 985 LXII.

2212 1019 2375 1073 Tales
2399 1020 2562 1073 creati
2598 1028 2722 1073 sunt
2749 1022 2951 1091 angeli,
2971 1024 3029 1075 ιιι
3058 1024 3125 1084 si,
3159 1024 3377 1086 vellent,
3413 1018 3463 1076 in
3495 1023 3719 1077 beatita—

2143 1111 2282 1163 d‘mis
2312 1106 2428 1164 luce
2470 1110 2839 1179 persisteren‘t,
2886 1112 2929 1165 si
2966 1123 3143 1165 autem
3175 1113 3393 1176 Vellent,
3424 1110 3585 1167 etia'iu'
3615 1114 3713 1167 labi

2141 1200 2462 1271 potuissem.
2502 1202 2653 1257 Unde
2688 1208 2743 1256 et
2768 1200 2931 1257 Satau
2958 1212 3079 1257 cum
3111 1200 3459 1274 sequentibus
3502 1205 3721 1274 legioni-

2140 1293 2241 1348 bus
2261 1293 2599 1350 cecidit.Sed
2631 1303 2752 1364 post
2782 1296 2899 1363 ejus
2933 1295 3137 1361 lapsum
3168 1298 3237 1350 ita
3266 1298 3564 1352 conﬁrmati
3596 1308 3718 1352 sunt

2140 1384 2311 1447 angeli
2342 1384 2431 1453 qui
2464 1388 2830 1453 perstiterunt,
2868 1395 2922 1439 ut
2961 1380 3155 1441 cadere
3198 1387 3421 1441 omnino
3454 1406 3558 1441 non
3588 1405 3720 1457 ,pos-

2141 1484 2281 1539 sent,
2311 1476 2439 1545 quia
2460 1491 2527 1531 ne
2552 1476 2772 1531 omnino
2798 1477 2911 1546 jam’
2936 1478 3483 1545 caderer't‘t,virtm'em
3523 1480 3722 1536 incoro-

2142 1568 2513 1623 mutabilitatis
2542 1562 2885 1637 acceperunt.

2630 1660 2741 1731 33
2777 1646 3004 1717 CAPUT
3045 1661 3229 1718 Lxm.

2221 1750 2389 1805 Bonas
2420 1758 2546 1806 sunt
2574 1750 2796 1820 nuptiae,
2833 1750 2931 1807 sed
2956 1754 3115 1808 eausa
3149 1749 3382 1810 aliorum
3417 1767 3473 1811 et
3509 1758 3723 1828 compe-

2064 1823 2122 1885 Β
2141 1841 2355 1898 scenda:
2382 1840 2757 1897 fornicationis
2781 1844 3025 1898 obtentu.

2258 2026 2261 2029 _
2708 1954 2937 2010 CAPUT
2972 1944 3135 2009 LXIV

2214 2038 2401 2100 Melior
2427 2036 2513 2101 δεῖ
2540 2038 2867 2101 continentia
2890 2087 2905 2109 ,
2934 2047 3026 2101 sed
3057 2064 3161 2101 non
3195 2058 3219 2085 ε
3251 2046 3351 2103 sibi
3383 2049 3497 2104 sola
3533 2046 3724 2109 sufficit

2142 2136 2207 2190 a'd
2236 2134 2697 2201 beatittidinem,Si
2728 2138 2964 2208 pro‘solo
2983 2154 3168 2194 amore
3191 2138 3459 2209 pudicitia:
3490 2141 3509 2180 τ
3542 2160 3723 2198 recen-

2141 2239 2343 2292 sentur,
2375 2228 2467 2282 Sed
2505 2230 2550 2282 si
2589 2239 2643 2283 et
2682 2242 2802 2283 eum
2845 2236 2871 2275 ε
2917 2230 3004 2283 ta'i
3046 2229 3232 2284 cIIeCtu
3285 2234 3447 2286 Causa
3500 2234 3721 2289 vacandi

2144 2318 2368 2373 Domino
2406 2306 2650 2390 cli‘ga‘t’ur,
2692 2322 2926 2390 alioquin
2970 2316 3253 2375 divortium
3289 2326 3457 2393 magis
3489 2325 3721 2397 conjugii

2142 2408 2413 2464 videbitur
2441 2416 2559 2466 esse
2587 2406 2743 2481 qua'm
2771 2408 2797 2446 δ
2832 2404 3088 2481 appetitio
3117 2408 3395 2468 castitatis.

2713 2500 2941 2577 CAI‘U'I‘
2980 2522 3138 2576 va.

2204 2612 2487 2682 Virginitas
2510 2621 2735 2682 utroque
2766 2613 2905 2668 bono
2932 2596 3243 2699 prmce'sior
3272 2628 3376 2680 εει,
3406 2618 3532 2686 quia
3562 2627 3616 2673 et
3637 2635 3721 2675 na-

2140 2710 2309 2757 turam
2342 2703 2503 2757 vincit
2544 2712 2597 2757 et
2631 2718 2881 2773 pugnam.
2918 2702 3195 2769 Naturam,
3223 2708 3471 2775 corporis
3503 2710 3721 2777 integri-

2140 2784 2280 2857 tate;
2311 2789 2563 2862 pugnam,
2590 2786 2720 2861 pace
2746 2784 3101 2859 castimoniae,
3128 2812 3247 2863 qua:
3274 2812 3373 2865 pro
3399 2798 3520 2851 solo
3544 2815 3721 2855 amore

2138 2878 2409 2949 pudicitia:
2441 2880 2497 2935 in'
2522 2898 2651 2952 pace
2681 2892 2782 2937 est.
2876 2952 2879 2955 _
2928 2952 2931 2963 ι
2982 2954 2985 2957 _
3096 2952 3100 2959 ν

2696 2970 2922 3031 CAPUT
2958 2975 3043 3030 LX
3058 2976 3143 3031 VI.

2213 3065 2414 3118 Bonum
2445 3054 2531 3119 est
2563 3065 2739 3119 cibum
2774 3082 2892 3119 cum
2921 3056 3210 3135 gratiarum
3241 3070 3452 3124 actione
3484 3064 3715 3140 sumere,

460 3198 702 3241 sanctum
722 3228 736 3252 ,
761 3188 848 3255 qui
877 3189 1068 3238 mutari
1098 3180 1202 3238 non
1228 3194 1407 3253 potest
1445 3201 1472 3237 a
1503 3156 1661 3246 bono,
1693 3156 2032 3252 quia-natura
2061 3185 2104 3247 C
2138 3166 2188 3209 ⁸⁸
2232 3156 2659 3255 ‘1"“"!"‘d__"°_'_'.s
2700 3158 2953 3227 prwcep“
2980 3160 3246 3255 69¢"de
3282 3172 3385 3255 es‘f
3434 3163 3717 3220 Abs'ine’e

462 3260 699 3349 possidet
742 3279 974 3344 bonum,
1016 3293 1117 3332 nec
1155 3284 1331 3347 potest
1373 3277 1515 3329 aliud
1558 3275 1683 3345 quid
1722 3290 1844 3329 esse
1871 3292 2031 3345 quam

460 3372 677 3425 bonum.
1067 3438 1095 3447 Π
1160 3440 1181 3447 Η
1372 3440 1377 3443 _

1046 3458 1271 3513 CAPUT
1314 3458 1446 3512 LIX.

532 3552 719 3621 Angeli
746 3564 897 3616 vero,
926 3549 1017 3618 qui
1048 3553 1097 3603 in
1132 3551 1219 3603 illa
1242 3564 1343 3618 qua
1370 3550 1535 3603 creati
1561 3560 1684 3603 sunt
1708 3548 2032 3604 beatitudine

460 3651 805 3711 perseverant
832 3683 846 3707 ,
882 3656 985 3693 non
1032 3653 1218 3692 natura
1267 3630 1540 3708 pos.~ident
1578 3640 1774 3694 bonum
1796 3681 1811 3707 ,
1843 3653 1896 3694 ut
1925 3657 2029 3695 non

461 3744 795 3787 mutarentur
825 3748 943 3783 cum
970 3734 1196 3794 εει-ιειιε,
1247 3724 1345 3784 sed
1370 3724 1591 3784 arbitrio
1629 3744 1902 3787 servantes
1938 3734 2033 3787 bo-

458 3839 579 3877 nam
609 3823 957 3885 voluntatem,
981 3833 1036 3875 et
1063 3823 1259 3875 bonmn
1287 3823 1629 3887 conditionis,
1661 3835 1716 3878 et
1745 3825 1899 3879 Iidem
1932 3841 2029 3879 suo

460 3915 684 3966 ltomino
716 3900 1076 3978 rependendo.
1108 3908 1332 3980 Propter
1358 3914 1499 3981 quod
1523 3925 1576 3968 ct
1606 3918 1793 3969 merit.»
1820 3919 1887 3968 ab
1918 3919 2030 3986 ipso

461 4004 693 4057 Domino
741 4002 910 4054 sancti
943 4004 1116 4071 angeli
1143 4016 1418 4070 vocantur,
1451 4007 1589 4075 quod
1619 4004 1900 4061 tenuerunt
1939 4027 2028 4061 ar-

456 4098 618 4151 bitrio
664 4100 999 4151 sanctitatem
1024 4136 1041 4163 ,
1073 4114 1171 4154 nec
1200 4080 1465 4153 sociorum
1509 4101 1755 4169 exemplo
1783 4102 2028 4154 deviave-

454 4189 823 4243 runtabono.
1102 4260 1105 4263 γ
1210 4260 1283 4268 _
1406 4258 1413 4268 '

546 4352 567 4357 _‘
1061 4262 1283 4357 capt}?
1323 4262 1432 4335 Lx'.

522 4371 682 4427 Fides
699 4387 843 4437 vera,
861 4386 977 4441 qum
999 4380 1079 4424 cst
1097 4371 1380 4431 catholica,
1399 4366 1639 4449 omnium
1657 4382 2023 4425 creaturarum

451 4466 566 4518 sive
596 4465 947 4534 spiritualium
968 4504 981 4526 ,
1007 4466 1119 4516 sive
1150 4462 1507 4530 corporalium
1533 4446 1637 4533 35
1678 4466 1869 4517 bonam
1897 4481 2027 4519 con-

453 4538 630 4607 litetm-
672 4557 1021 4607 Stillslnntlatll
1050 4594 1065 4616 ,
1108 4564 1163 4606 et
1194 4555 1317 4607 mali
1349 4555 1545 4607 nullam
1573 4570 1693 4609 esse
1723 4566 1964 4609 naturam
1998 4573 2011 4614 :
2049 4546 2103 4605 D

353 4680 358 4686 -
449 4647 570 4715 quia
601 4630 736 4713 Deus
757 4689 771 4713 ,
801 4647 891 4714 qui
938 4644 1295 4699 universitatis
1325 4654 1406 4700 est
1434 4646 1697 4711 conditor,
1739 4646 1870 4700 nihil
1912 4665 2016 4701 non

451 4740 645 4793 bonum
687 4737 828 4790 fecit.
857 4734 1008 4791 Unde
1035 4746 1090 4791 et
1121 4738 1365 4792 diabolus
1384 4739 1566 4795 ,bonus
1595 4752 1771 4805 esset,
1801 4742 1845 4794 si
1876 4743 1924 4795 in
1952 4756 2019 4796 eo

447 4828 586 4897 quod
633 4827 799 4879 factus
847 4835 929 4879 est
960 4826 1313 4894 permaneret.
1348 4830 1451 4884 Sed
1475 4831 1598 4899 quia
1644 4834 1870 4886 naturali
1925 4850 2018 4886 ex-

443 4922 688 4976 cellentia
716 4921 852 4972 male
882 4932 1007 4971 usus
1035 4930 1138 4983 est,
1164 4930 1216 4973 et
1242 4923 1293 4973 in
1321 4923 1541 4977 veritate
1573 4939 1677 4977 non
1708 4925 1874 4991 stetit,
1910 4942 2012 4979 non

443 5015 492 5067 in
546 5012 867 5067 contrariam
912 5014 1263 5067 substantiam
1304 5014 1545 5079 transiit,
1602 5016 1696 5070 sed
1735 5032 1765 5068 a
1807 5032 2016 5071 summo

442 5108 604 5171 bono,
635 5106 718 5159 cui
742 5105 922 5159 debuit
949 5099 1248 5167 adhaerere,
1280 5106 1547 5160 discessit.

1025 5196 1248 5253 CAPUT
1292 5198 1427 5252 LXI.

514 5287 747 5343 Virtutes
786 5288 1038 5358 angelica:
1067 5305 1184 5359 qua;
1212 5291 1264 5344 in
1294 5291 1476 5345 divino
1509 5304 1694 5347 amore
1720 5292 1838 5348 lixa:
1877 5310 2012 5363 pra:-

510 5462 535 5505 ά
567 5464 686 5530 “si,
709 5464 1072 5539 ιγ’ριιῂηιϋυᾎε.

511 5545 536 5575 ιι
567 5541 687 5603 Ms.,
720 5545 949 5601 mortuis,
984 5556 1079 5608 pro
1106 5549 1224 5593 ante
1257 5541 1494 5594 mortuis.

514 5620 537 5680 ς
568 5609 663 5680 διε.
687 5608 909 5660 additde
928 5613 1076 5662 istam
1100 5614 1502 5680 superstitionem
1532 5613 1678 5668 valde
1708 5616 2013 5674 dcvilamus.

507 5676 535 5749 (ξ
566 5677 687 5749 Msa,
718 5694 1136 5749 essepper‘qmtem.

500 5745 536 5783 ’ὀ
577 5740 1046 5806 διθὶκςοῑιὼιὲῆῖέτ.
1078 5752 1147 5803 ita
1178 5764 1278 5805 ms.
1304 5749 1667 5808 Florentinus.

2137 3256 2313 3300 autem
2345 3248 2411 3300 ab
2442 3248 2708 3316 aliquibus
2751 3264 2856 3301 non
2888 3252 3035 3317 quasi
3069 3252 3247 3331 malis,
3286 3252 3379 3305 sed
3420 3254 3576 3322 quasi
3616 3271 3718 3310 non

2144 3344 2462 3396 necessariis
2506 3358 2609 3396 non
2655 3350 2738 3396 est
2786 3344 3005 3397 malum.
3055 3345 3317 3401 Moderari
3361 3361 3497 3401 vero
3536 3364 3715 3403 eorum

2134 3451 2288 3489 nsum
2326 3452 2420 3501 pro
2452 3426 2767 3489 necessitate
2795 3446 2851 3489 ct
2891 3447 3164 3506 tempore,
3208 3438 3423 3508 proprie
3452 3439 3715 3495 Christia-

2135 3541 2322 3579 norum
2349 3518 2451 3580 est.
2924 3594 2927 3599 Α

2612 3604 2715 3688 37
2764 3617 2989 3673 CAPUT
3028 3618 3231 3673 van.

2202 3702 2373 3762 Malas
2395 3723 2521 3761 vero
2546 3704 2725 3761 dicere
2754 3694 2985 3777 nuptias,
3013 3692 3101 3763 vel.
3127 3710 3461 3765 fm-nicati-ini
3493 3728 3712 3781 compa-

2138 3799 2333 3850 randas
2362 3806 2453 3851 aut
2478 3812 2663 3867 stupro
2690 3814 2703 3861 ;
2729 3798 2880 3852 cibos
2904 3815 3112 3867 quoque
3145 3784 3366 3855 credere
3398 3803 3597 3868 malos,
3631 3804 3709 3858 vel

2138 3889 2151 3926 ί
2183 3888 2413 3943 malitias
2434 3905 2656 3943 causave
2686 3889 2956 3965 percipien
2986 3886 3123 3952 ibus,
3148 3908 3249 3945 non
3275 3906 3357 3947 est
3383 3894 3713 3951 Christiano-

2132 3980 2271 4046 rum,
2317 3982 2409 4035 setl
2444 3978 2657 4049 proprie
2695 3974 3114 4034 Ilii-rachitar'ui'n
3146 3972 3205 4035 ct,
3240 3982 3675 4040 Manicbseorum.

2288 4164 2291 4171 _
2671 4092 2897 4149 CAPUT
2938 4082 3163 4148 vatn.

2203 4184 2217 4234 ἱ
2252 4186 2482 4240 Sacratm
2506 4186 2615 4240 De.»
2641 4186 2926 4254 virginitati
2951 4189 3166 4254 nuptias
3185 4198 3600 4257 cvimquaie,'aut
3623 4205 3712 4258 pro

2128 4290 2309 4328 amore
2340 4277 2634 4345 castigandi
2678 4292 2721 4330 ει
2746 4279 2944 4345 rporis,
2990 4279 3387 4333 abstinentzlms
3420 4298 3444 4332 ιι
3475 4286 3604 4335 vino
3632 4282 3710 4334 vel

2129 4367 2379 4420 carnibus
2404 4369 2477 4421 nil
2499 4368 2733 4441 credere,
2750 4370 2923 4422 meriti
2947 4384 3279 4435 accrescere,
3304 4387 3374 4424 no
3399 4397 3407 4420 ι
3441 4374 3545 4427 Ιιοε
3564 4371 3711 4426 Chri-

2128 4460 2311 4524 stiani,
2339 4458 2432 4511 sed
2459 4458 2727 4513 Joviniani
2757 4468 2855 4533 est.
2900 4528 2905 4533 .
3014 4530 3023 4533 _
3060 4526 3065 4531 η

2480 4618 2483 4621 _
2683 4536 2907 4604 uapor
2950 4551 3134 4606 LXIX.

2198 4632 2403 4709 Integra
2455 4640 2557 4695 [ide
2599 4641 2923 4695 credendum
2974 4654 3057 4697 εει
3105 4644 3311 4697 beatam
3364 4643 3585 4696 Mariam
3622 4643 3713 4697 Dei

2126 4728 2325 4786 Curi'sti
2361 4718 2607 4792 matrem,
2641 4743 2693 4785 et
2721 4734 2978 4803 virginem
3005 4734 3333 4803 concepisse,
3362 4746 3415 4789 et
3448 4735 3711 4803 virginem

2126 4825 2395 4893 genuisse,
2426 4834 2480 4877 et
2506 4832 2625 4890 pust
2663 4822 2867 4893 partum
2898 4818 3155 4893 virginem
3187 4827 3570 4894 permansisse.
3606 4829 3715 4882 Nec

2127 4927 2208 4970 est
2258 4917 2599 4985 blasphemia:
2644 4918 2873 4972 Helvidii
2917 4920 3365 4987 acquieicendum
3394 4922 3483 4989 qui
3530 4920 3711 4975 dixit:

2128 5006 2253 5060 Fuit
2285 5008 2424 5079 virgo
2452 5021 2567 5062 ante
2593 5018 2817 5079 partum,
2850 5026 2951 5062 non
2981 5011 3120 5080 virgo
3150 5021 3260 5079 post
3288 5020 3510 5079 partum.

2689 5120 2919 5176 CAPUT
2966 5120 3129 5174 LXX.

2195 5209 2486 5275 Elementa,
2520 5209 2582 5263 id‘
2602 5220 2684 5264 εει
2711 5214 2908 5265 malum
2941 5224 2995 5266 et
3024 5224 3261 5278 terram,
3283 5216 3386 5266 non
3416 5211 3712 5267 credamus

2119 5302 2382 5356 abolenda
2417 5317 2513 5372 per
2540 5304 2739 5372 ignem,
2770 5305 2873 5359 sed
2897 5306 2948 5359 in
2982 5302 3171 5360 melius
3198 5298 3575 5362 commutanda
3604 5324 3620 5362 :
3653 5298 3712 5360 Ii-

2204 5480 2220 5518 ῖ
2261 5482 2330 5534 Ita
2364 5497 2464 5536 ms.
2493 5483 2616 5548 Alii,
2641 5487 2904 5540 retinetur.

2178 5562 2221 5621 Vill
2262 5552 2377 5621 Tali
2405 5554 2615 5620 a/l'eclu,
2649 5558 2716 5608 iia
2752 5573 2851 5609 ms.

2193 5620 2217 5697 If
2413 5618 2635 5697 castitas,
2667 5642 2760 5693 pro
2786 5628 3031 5695 appetitio
3062 5630 3329 5683 instituis.

2200 5694 2213 5727 ί
2260 5694 2380 5755 Ms.,
2408 5695 2528 5747 ntali
2560 5711 2740 5747 causas
2770 5694 2959 5752 rrearc.

2194 5767 2206 5811 ι
2255 5764 2327 5817 Ita
2359 5779 2458 5818 nis.
2494 5764 2595 5817 Alii
2628 5766 2858 5820 δαί-γαῖαν
2889 5784 3026 5821 vero.
