4046 6188
297 367 397 421 91η

1217 361 1305 414 os
1347 353 1892 414 ECCLESIASTICIS
1932 344 2370 414 DOGSIATIBUS
2409 345 2630 413 Lmen.

3441 359 3547 412 998

299 496 480 550 gnram
509 493 720 548 quoque
750 475 954 543 mundi,
976 475 1027 530 id
1048 484 1131 530 est
1157 474 1465 543 imaginem,
1488 487 1593 526 non
1619 472 1866 528 substan-
1895 479 1942 534 Α
1970 478 2103 543 aqua
2148 472 2368 525 mixtum
2397 486 2411 535 ;
2459 471 2580 539 quia
2625 479 2678 523 et
2715 470 2893 522 viuum
2942 468 3042 522 fuit
3081 470 3132 524 in
3165 434 3548 539 rc'demp'ionis

305 573 432 626 tiam
466 571 830 624 ttausitu'ram.

799 656 908 728 33
942 653 1168 710 CAPUT
1208 647 1393 708 LXXI.

375 753 580 804 Bonum
607 753 690 802 est
725 732 1003 801 Iac-ullates
1032 753 1154 798 cum
1197 742 1597 812 dispensarione
1636 742 1880 812 pauperi-

307 841 406 896 bus
440 853 685 908 erogare.
728 836 912 891 Melius
939 842 1023 890 est
1049 838 1146 904 pro
1168 833 1462 887 intentione
1486 831 1742 913 seqitendi
1777 831 1880 884 Do-

308 931 510 985 minum
538 940 563 965 ιι
595 927 807 983 insimul
845 926 1069 992 donare,
1096 931 1152 981 et
1191 922 1492 979 absolutum
1523 921 1882 978 soliicitudiuo

306 1035 430 1075 cum
456 1016 670 1074 Christo
698 1031 877 1087 egere.

862 1104 1088 1161 CAPUT
1127 1103 1340 1164 LXXII.

378 1195 624 1255 Maritum
647 1195 871 1254 duarum
897 1209 1014 1267 post
1038 1197 1359 1266 baptismum
1388 1200 1748 1251 matronarum
1776 1195 1884 1252 cie-

306 1293 492 1350 ricu'm.
520 1299 627 1348 non
656 1291 1034 1347 ordinandum.
1074 1286 1257 1360 Neque
1286 1303 1408 1343 eum
1437 1290 1526 1358 qui
1572 1303 1728 1342 unam
1768 1289 1888 1357 qu‘i-

307 1385 453 1450 dem,
486 1381 516 1422 ῗ)
546 1383 639 1438 sed
669 1381 1017 1438 concubinam
1057 1397 1162 1435 non
1200 1389 1499 1435 matronam
1541 1379 1744 1432 habuit.
1775 1379 1886 1434 Nec

308 1475 464 1530 illum
490 1475 581 1545 qui
608 1473 950 1537 viduam‘,aut
979 1471 1333 1540 repudiatam,
1360 1471 1444 1525 Vel
1469 1472 1804 1524 meretricem
1833 1471 1884 1524 in

307 1565 650 1620 matrimonio
693 1563 936 1633 sumpsit.
1004 1563 1189 1634 Neque
1234 1576 1357 1616 eum
1405 1560 1497 1630 qui
1544 1562 1886 1629 semetipsum

308 1657 550 1721 quolibet
592 1655 834 1726 corporis
871 1656 953 1711 sui
998 1655 1242 1710 membro
1280 1652 1645 1723 indignatione
1687 1654 1886 1724 aliqua,

309 1747 398 1802 vel
441 1747 586 1817 justo
629 1748 902 1818 iniustove
948 1748 1139 1802 timore
1185 1753 1490 1816 superatus,
1541 1749 1886 1802 truncat-erit.

1983 575 2176 618 nostrm
2218 562 2494 633 mysterio,
2528 578 2648 614 cum
2689 561 2864 614 dixit:
2899 559 3019 614 Non
3064 561 3227 614 bibant
3269 564 3454 615 amulo
3492 551 3554 615 de

1981 655 2075 707 hoc
2102 655 2350 726 genimfne
2377 654 2488 706 vitis
2512 651 2724 723 (Matth.
2755 652 2999 732 κιγιέὶθ)
3021 661 3106 713 ;et
3124 667 3257 721 aqua
3302 655 3550 716 mixtum,

1982 761 2087 801 non
2112 745 2251 815 quod
2285 755 2404 812 post
2445 759 2651 797 omnum
2689 743 2936 806 dabatur,
2983 744 3076 797 sed
3107 745 3246 813 quod
3277 744 3344 797 de
3389 747 3557 800 latere

1982 841 2098 905 eius
2137 839 2316 892 lancea
2363 838 2602 905 periosso
2645 851 2780 905 aqua
2833 853 2952 889 cum
3014 837 3270 905 sanguine
3343 853 3556 906 egressa

1987 928 2162 1001 (Jama.
2207 946 2320 992 nx.
2345 930 2435 995 '50,
2470 929 2582 998 51),
2613 930 2791 981 vinum
2820 927 2887 982 tle
2916 944 3040 982 vera
3089 927 3204 998 eju:
3235 930 3412 983 carnis
3451 929 3559 986 vite

1986 1035 2104 1075 cum
2132 1035 2267 1089 aqua
2291 1035 2604 1086 expressum
2636 1018 2957 1071 ostenditur.

2521 1108 2747 1162 CAPUT
2788 1108 3018 1162 LXXVI.

2055 1200 2200 1255 Bona
2229 1207 2310 1254 est
2337 1214 2461 1253 caro
2492 1210 2690 1264 nostra,
2710 1205 2763 1251 et
2791 1199 2941 1251 valde
2971 1201 3127 1263 bona,
3145 1208 3199 1252 ut
3219 1213 3252 1265 p
3274 1208 3340 1251 ite
3362 1211 3390 1250 a
3417 1198 3558 1252 bono

1963 1295 2103 1348 -solo
2130 1293 2240 1347 Deo
2278 1293 2527 1356 condita;
2570 1299 2624 1345 et
2655 1305 2760 1343 non
2801 1301 2880 1344 est
2910 1292 3068 1355 mala,
3113 1298 3167 1342 ut
3201 1294 3381 1344 volunt
3414 1289 3428 1325 ¹
3465 1289 3559 1345 Se-

1989 1385 2222 1451 thiauus,
2251 1393 2302 1436 et
2325 1383 2622 1450 Uphianus,
2647 1390 2699 1436 et
2724 1381 3082 1445 Patricianus;
3108 1395 3206 1434 nec
3231 1381 3354 1434 mali
3376 1395 3559 1446 eausa,

1988 1485 2045 1530 ut
2066 1475 2246 1529 docuit
2274 1473 2547 1530 Floriauus
2574 1491 2588 1538 ;
2618 1486 2714 1526 nec
2740 1487 2804 1526 ex
2839 1473 2978 1524 malo
3008 1481 3061 1525 et
3091 1473 3231 1523 bono
3257 1481 3561 1540 compacta,

1991 1575 2048 1620 ut
2096 1565 2415 1620 Manichreus
2469 1567 2816 1633 blasphemat.
2863 1564 2966 1618 Sed
3011 1579 3132 1616 cum
3180 1565 3251 1617 sit
3295 1564 3568 1618 creatione

1993 1658 2152 1722 bona,
2188 1655 2408 1710 arbitrio
2439 1657 2455 1705 1
2504 1657 2696 1709 anima:
2737 1655 2965 1708 efﬁcitur
2994 1655 3147 1708 nobis
3187 1656 3267 1708 vel
3308 1654 3445 1708 bona
3483 1654 3569 1709 vel

1995 1749 2155 1815 mala,
2202 1764 2307 1802 non
2352 1748 2719 1801 immutatione
2762 1746 3091 1811 substantiae,
3125 1746 3219 1800 sed
3269 1747 3573 1800 exsecutio-

309 1837 502 1908 Neque
525 1837 673 1891 illum
697 1836 788 1907 qui
820 1851 1007 1892 usuras
1034 1836 1306 1905 accepisse
1329 1835 1687 1903 convincitur,
1709 1845 1809 1890 aut
1837 1838 1890 1890 in
1924 1843 1969 1902 Β
1998 1841 2082 1892 nis
2110 1837 2377 1893 mercede.
2411 1839 2526 1907 Ipsa
2556 1839 2698 1892 enim
2730 1846 2812 1892 est
2836 1852 2955 1906 qua:
2986 1837 3150 1890 stabit
3177 1845 3304 1892 ante
3340 1836 3573 1902 tribunal

305 1943 478 1984 scena
519 1929 710 1985 lusisse
739 1938 763 1969 ο
793 1928 1338 2003 diguoscitur.Neque
1382 1937 1506 1984 cum
1546 1929 1634 1999 qui
1686 1929 1896 1998 publica

324 2019 643 2090 pauitantia
672 2019 915 2073 mortalia
943 2019 1168 2074 crimina
1196 2018 1378 2073 deﬂet.
1408 2018 1590 2087 Neque
1625 2017 1774 2071 illum
1802 2019 1890 2086 qui

311 2110 604 2178 aliquando
628 2105 655 2144 ἀ
681 2108 734 2162 in
772 2107 964 2162 furiam
996 2122 1182 2164 versus
1208 2107 1477 2174 insanivit,
1498 2108 1580 2162 vel
1609 2106 1898 2161 afﬂictione

315 2198 517 2254 diaboli
550 2205 772 2253 vexatus
798 2205 903 2252 est.
934 2197 1042 2252 Nec
1071 2212 1190 2252 eum
1214 2197 1304 2266 qui
1333 2211 1427 2266 per
1451 2198 1799 2252 ambitionem
1830 2197 1898 2251 ad

319 2289 672 2345 imitationem
704 2288 938 2345 Simonis
969 2290 1106 2357 magi
1134 2288 1411 2357 pecuniam
1440 2287 1615 2343 oll'ert.

862 2378 1086 2434 CAPUT
1127 2377 1360 2432 LXXIII.

394 2467 710 2524 Sanctorum
745 2482 971 2537 corpora
1009 2479 1062 2522 et
1091 2469 1357 2538 praecipue
1385 2468 1662 2524 beatorum
1695 2479 1900 2540 marty-

323 2569 442 2612 rum
465 2558 736 2628 reliquias,
756 2573 819 2613 ac
847 2557 891 2611 si
920 2557 1120 2612 Christi
1150 2558 1385 2612 metnbra
1416 2560 1776 2612 sincerissime
1797 2558 1904 2627 39

325 2649 659 2716 honoranda,
691 2660 746 2705 et
777 2649 1021 2704 basilicas
1047 2659 1230 2704 eorum
1263 2649 1567 2702 nominibus
1588 2649 1900 2718 appellatas,

327 2743 475 2796 velut
520 2743 634 2796 loca
673 2749 856 2796 sancta
898 2740 1078 2796 divino
1123 2741 1287 2795 cultui
1337 2741 1666 2810 mancipata,
1713 2740 1904 2793 affecm

329 2834 572 2901 piissimo
593 2845 648 2888 et
673 2834 958 2888 devmione
988 2831 1294 2886 ﬁdelissima
1317 2831 1588 2885 adeundas
1614 2830 1904 2885 credimus.

327 2923 385 2977 Si
426 2923 545 2993 quis
587 2931 772 2979 contra
819 2923 956 2977 hanc
993 2923 1314 2991 sententiam
1347 2922 1578 2990 venerit,
1618 2935 1724 2974 non
1753 2920 1910 2974 Chri-

331 3014 557 3082 stianus,
588 3015 680 3072 sed
709 3015 1074 3070 Eunomianus
1104 3022 1158 3068 et
1185 3014 1568 3083 Vigilantianus
1593 3022 1617 3051 ⁸
1648 3013 1907 3068 creditur.

864 3105 1092 3160 CAPUT
1143 3105 1377 3159 LXXIV.

377 3192 700 3260 "Baptizati;
725 3204 747 3248 t
765 3206 929 3249 turum
959 3196 1058 3249 iter
1085 3209 1206 3250 esse
1235 3196 1423 3248 salutis
1453 3195 1736 3249 credimus.
1780 3194 1908 3248 Nul-
1935 3191 1982 3254 C

337 3284 445 3338 lum
477 3286 938 3349 catechumenum,
981 3285 1220 3355 quamvis
1261 3286 1312 3338 iu
1359 3286 1512 3339 bonis
1541 3287 1788 3351 oleribus
1816 3287 1909 3340 de-

339 3377 600 3439 functum,
639 3376 798 3430 vitam
831 3388 1090 3430 alternam-
1128 3376 1330 3430 habere
1364 3376 1652 3438 Credimus,
1689 3381 1918 3444 eicepto‘

338 3466 614 3537 martyrio,
644 3466 732 3520 ubi
762 3475 867 3520 tota
908 3467 1157 3535 baptismi
1190 3476 1519 3520 sacramenta
1558 3467 1909 3534 complentur.

343 3558 696 3628 llaptizandus
722 3559 1008 3613 conﬁtetur
1038 3558 1195 3613 ﬁdem
1221 3574 1370 3611 suam
1399 3572 1577 3610 coram
1612 3561 1912 3623 sacerdote,

340 3659 395 3703 et
421 3653 776 3718 interrogatus
801 3642 1118 3718 r'e-pond‘et:
1147 3648 1246 3703 hoc
1275 3650 1330 3702 et"
1360 3655 1562 3718 martyr
1591 3653 1769 3702 coram
1799 3664 1916 3715 per-

343 3750 591 3796 secutore
614 3743 756 3810 iacit,
785 3744 872 3811 qui
904 3751 958 3796 et
986 3741 1266 3796 conﬁtetur
1294 3740 1453 3795 ﬁdem
1484 3757 1657 3802 suam.
1680 3750 1734 3794 et
1755 3741 1917 3794 inter-

348 3846 569 3904 rogatus
597 3834 902 3902 respondet.
932 3833 1024 3889 llle
1056 3841 1176 3904 post
1203 3833 1595 3886 confessionem
1622 3833 1705 3886 vel
1736 3848 1918 3900 asper-

344 3928 484 3997 gitur
503 3942 660 3997 aqua,
676 3927 764 3981 vel
781 3926 1086 3996 intingitur;
1105 3924 1124 3962 ί
1149 3935 1351 3993 martyr
1369 3939 1498 3978 vero
1519 3926 1597 3978 vel
1623 3923 1920 3992 aspergitur

347 4021 626 4087 sanguine,
648 4019 731 4073 vel
755 4018 1081 4088 contingitur
1101 4019 1241 4088 igne.
1260 4018 1349 4071 Ille
1373 4015 1562 4072 manus
1584 4019 1921 4086 impositione

350 4112 616 4179 pontiﬁcis
645 4112 833 4180 accipit
863 4111 1118 4181 Spiritum
1149 4121 1428 4176 sanctum;
1472 4110 1558 4165 hic
1587 4121 1612 4158 κ
1647 4112 1920 4165 habitacu-

348 4204 458 4258 lum
489 4203 720 4257 elﬁcitur
757 4202 988 4271 Spiritus
1028 4203 1222 4265 sancti,
1252 4203 1377 4256 dum
1417 4219 1523 4256 non
1563 4213 1644 4257 est
1684 4204 1796 4271 ipse
1833 4205 1920 4273 qui

349 4293 609 4362 loquilu",
650 4292 742 4348 Sed
769 4290 797 4329 1³
837 4293 1064 4360 Spiritus
1103 4293 1276 4346 Patris
1312 4294 1400 4357 qui
1451 4293 1684 4361 lottuitur
1723 4294 1774 4347 in
1807 4293 1922 4348 illo.

351 4387 448 4440 Ille
503 4387 862 4440 communicat
919 4383 1257 4439 eucharistite
1309 4385 1364 4438 in
1416 4387 1925 4442 commemoratione

351 4479 544 4531 mortis
595 4478 841 4539 Domini;
883 4476 970 4531 hic
1009 4478 1108 4545 ipsi
1160 4475 1372 4531 Christo
1413 4479 1777 4532 commoritur.
1830 4479 1925 4534 Ille

1998 1928 2217 1990 Christi,
2240 1930 2290 1982 in
2323 1945 2426 1996 quo
2456 1931 2687 1996 perferat
2702 1930 2876 1982 anima
2909 1927 3121 1996 proisria
3150 1927 3395 1995 corporis
3419 1939 3578 1996 prout

1998 2023 2166 2089 gessit
2193 2020 2306 2073 sive
2335 2019 2533 2072 bonum
2559 2019 2671 2072 sive
2702 2020 2900 2071 malum
2933 2017 3074 2087 (Cor.
3109 2016 3300 2086 v,10).

2526 2109 2752 2164 CAPUT
2793 2108 3048 2162 LXXVII.

2072 2201 2128 2257 In
2159 2203 2556 2258 resurrectione
2584 2217 2648 2255 ex
2677 2203 2910 2272 mortuis
2931 2216 3092 2256 sexus
3123 2203 3288 2256 forma
3325 2217 3431 2256 non
3461 2217 3580 2256 mu-

2003 2294 2224 2360 tabitur,
2251 2295 2341 2348 sed
2379 2295 2459 2347 vir
2490 2305 2729 2347 mortuus
2760 2303 3002 2361 resurget
3031 2294 3080 2346 in
3111 2294 3277 2347 lorma
3313 2294 3416 2365 [ιι
3455 2295 3577 2361 viri,

2001 2395 2051 2440 et
2081 2386 2270 2440 femina
2299 2387 2349 2438 in
2373 2384 2541 2437 forma
2559 2383 2799 2450 'ferninze,
2840 2399 3028 2438 carens
3067 2394 3242 2437 tamen
3266 2399 3484 2438 sexuum
3521 2385 3575 2440 in

2004 2473 2102 2527 hac
2135 2475 2240 2525 vita
2272 2473 2598 2534 conditione,
2635 2481 2737 2523 non
2771 2475 2947 2539 Spt'cie
2979 2471 3226 2535 naturali,
3271 2487 3338 2525 ne
3369 2472 3476 2525 non"
3508 2473 3579 2526 sit

2006 2578 2131 2617 vera
2157 2563 2502 2627 resurrectio,
2526 2563 2568 2614 si
2602 2577 2707 2614 non
2739 2562 2787 2615 id
2822 2564 3062 2629 resurget
3090 2561 3232 2631 quod
3261 2561 3422 2616 cadit.

2510 2652 2735 2707 CAPUT
2777 2653 2910 2706 Lxx
2927 2641 3056 2707 \‘III'.

2079 2743 2102 2782 ι
2125 2746 2263 2800 Ante
2288 2745 2588 2815 passionem
2610 2755 2664 2799 et
2686 2744 3131 2798 resurrectionem
3151 2743 3380 2808 Domini,
3397 2759 3582 2800 omnes

2006 2838 2199 2892 animae
2242 2847 2545 2893 sanctorum
2577 2839 2628 2891 in
2661 2837 2871 2891 inferno
2911 2837 3011 2890 sub
3044 2836 3226 2892 debito
3269 2839 3583 2906 prmvatica-

2010 2928 2171 2982 tionis
2217 2928 2347 2982 Adae
2389 2927 2730 2995 tenebantur,
2776 2926 2948 2980 donec
2985 2928 3304 2982 auctoritate
3349 2928 3582 2996 Domini,

2011 3035 2106 3088 per
2138 3019 2428 3075 indebitam
2459 3019 2575 3089 ejus
2598 3029 2823 3074 mortem
2846 3033 2875 3072 a
2909 3018 3090 3073 servili
3119 3019 3422 3074 conditione
3446 3018 3585 3074 libe-

1992 3125 2292 3171 ‘I‘lll'GﬂiUl'.’

2548 3192 2776 3260 CAPUT
2814 3190 3049 3258 LxxI'X'.

2082 3297 2208 3353 Post
2236 3299 2600 3351 ascensionem
2637 3296 2842 3350 Domini
2873 3295 2939 3349 ad
2975 3297 3162 3362 caelos,
3199 3293 3434 3350 omnium
3463 3311 3589 3353 sau-

2011 3389 2220 3444 cto'ru’m
2251 3389 2444 3442 animae
2468 3403 2587 3441 cum
2619 3387 2832 3440 Christo
2855 3381 2999 3453 sunt,
3018 3396 3070 3439 et
3097 3398 3359 3441 exeuntes
3379 3389 3444 3442 de
3469 3404 3589 3444 cor-

2015 3497 2142 3550 pore
2180 3479 2244 3533 ad
2292 3479 2562 3532 Christum
2614 3477 2811 3530 vadunt
2843 3474 2889 3541 ι,
2934 3487 3304 3546 exspeCIantes
3349 3493 3592 3534 resurre-

2014 3569 2244 3624 ctionem
2283 3567 2524 3636 corporis
2551 3566 2653 3631 sui,
2699 3574 2753 3619 ut
2792 3565 2859 3618 ad
2907 3566 3166 3633 integram
3197 3576 3249 3620 et
3280 3578 3588 3634 perpetuam

2016 3660 2395 3715 beatitudinem
2426 3672 2545 3712 cum
2577 3657 2694 3726 ipso
2724 3655 2923 3724 pariter
2953 3657 3337 3721 immolentur;
3369 3656 3508 3711 sicut
3537 3668 3591 3712 et

2018 3761 2353 3820 peccatorum
2381 3749 2572 3800 animae
2601 3748 2652 3800 in
2681 3747 2886 3799 inferno
2915 3745 3014 3800 sub
3043 3746 3233 3800 timore
3264 3749 3469 3816 positae,
3499 3762 3594 3800 cx-

2018 3848 2265 3908 Spectant
2299 3838 2744 3893 resurrectionem
2771 3838 2851 3890 sui
2879 3837 3149 3904 corporis,
3175 3847 3232 3891 ut
3257 3840 3388 3893 cum‘-
3408 3847 3446 3875 m
3474 3838 3594 3904 ipso

2020 3930 2230 3986 diabolo
2253 3929 2319 3983 ad
2348 3943 2557 3998 pmnam
2581 3935 2607 3963 ιι
2634 3926 2988 3981 detrudantur
3019 3935 3293 3980 ain-rnatu.

2567 4007 2793 4074 CAPUT
2832 4015 3046 4072 Lxxx.

2095 4111 2412 4167 Pmnitentia
2437 4111 2636 4165 aboleri
2669 4120 2882 4179 peccata
2914 4108 3274 4163 indubitanter
3302 4109 3594 4173 credimus,

2023 4203 2228 4259 etiamsi
2258 4203 2313 4257 in
2341 4204 2529 4257 ultimo
2554 4201 2685 4257 vita:
2703 4202 2893 4270 spiritu
2923 4201 3276 4254 admissorum
3316 4200 3594 4269 poeniteat,

2024 4306 2077 4349 et
2104 4294 2309 4362 publica
2335 4293 2712 4346 lamentatione
2753 4290 2858 4361 42
2890 4300 3102 4356 peccata
3134 4290 3441 4358 prodantur,
3475 4290 3595 4359 quin

2029 4385 2354 4453 propositum
2390 4382 2504 4444 Dei,
2546 4396 2651 4452 quo
2689 4381 2925 4435 decrevit
2966 4382 3172 4434 salt-are
3201 4371 3346 4448 quod
3369 4380 3600 4448 perierat

2030 4475 2182 4540 (Luc.
2216 4489 2327 4536 xix,
2361 4473 2438 4540 7),
2483 4481 2587 4525 stat
2625 4470 2928 4532 itnmobi’e;
2969 4481 3018 4523 et
3060 4471 3177 4522 ideo
3202 4471 3322 4537 quia
3352 4469 3596 4522 voluntas

349 4568 639 4622 Conﬁtetnr
677 4581 736 4622 se
775 4568 951 4620 tnuutIi
981 4568 1185 4621 actibus
1214 4568 1667 4634 renuntiaturum;
1715 4569 1800 4622 hic
1829 4571 1923 4638 ipsi
1953 4559 2003 4617 D
2031 4567 2145 4634 ejus
2171 4580 2274 4618 non
2307 4570 2560 4627 mutatur,
2592 4561 2703 4614 sive
2730 4559 3110 4614 emendatione
3130 4564 3277 4623 vine,
3308 4559 3350 4612 si
3393 4569 3606 4628 tempus

353 4659 625 4713 renuntiat
660 4660 806 4713 vitm.
854 4659 930 4713 Illi
970 4669 1185 4728 peccata
1230 4659 1404 4713 omnia
1448 4659 1826 4727 dimittuntur;
1875 4662 1925 4714 in

353 4751 460 4805 is‘to
487 4749 913 4821 exstinguuntur.

833 4840 942 4912 ω
978 4839 1202 4895 CAPUT
1242 4839 1451 4895 Lxxv.

433 4933 485 4987 In
517 4931 832 4987 cucltaristia
857 4948 965 4986 non
994 4931 1153 4986 debet
1183 4946 1309 5000 pura
1331 4947 1464 5001 aqua
1491 4931 1696 4998 oﬁerri,
1727 4940 1783 4984 ut
1806 4932 1925 5001 qui-

355 5025 482 5078 dant
526 5023 833 5078 sobrietatis
871 5025 1127 5076 tolluntur
1177 5023 1429 5091 imagine,
1461 5021 1556 5076 si-d
1597 5025 1770 5077 vinum
1811 5039 1931 5078 cum

436 5213 463 5240 ι
504 5205 622 5269 Με.,
647 5209 818 5262 semel.

436 5273 462 5311 δ
505 5276 627 5337 Ils.,
653 5292 778 5337 non,
811 5292 908 5344 pro
936 5278 1046 5333 sed.

437 5355 459 5414 εξ
501 5346 618 5409 Ms.,
654 5351 917 5414 probatur.

435 5410 462 5449 ἀ
499 5415 641 5469 Nove
656 5410 860 5469 dictum
891 5431 987 5485 pro
1021 5418 1073 5469 in
1115 5417 1337 5484 furorem
1380 5431 1569 5470 versus.
1604 5417 1677 5471 Ita
1710 5417 1936 5472 Vincen-

363 5486 470 5537 tius
510 5485 800 5558 Lirinensis
823 5489 888 5542 de
917 5487 1119 5541 Haeres.
1161 5501 1279 5558 cap.
1303 5487 1336 5541 5
1371 5487 1483 5541 ait:
1514 5488 1638 5544 Sese
1682 5489 1732 5541 t'u
1776 5491 1937 5557 furius

364 5557 702 5624 pra‘cipitare.

443 5633 466 5659 ⁸
510 5626 631 5688 Μὴ,
665 5626 929 5680 habentur.

446 5691 464 5729 ί
510 5694 582 5748 Ita
613 5711 712 5749 ms.
739 5698 864 5758 Alii,
892 5705 938 5749 et
961 5695 1043 5750 hic
1069 5711 1210 5754 vero.

443 5772 465 5808 ε
510 5766 632 5820 Mi"
660 5765 978 5820 locatorium.

2032 4655 2362 4719 conceditur,
2407 4653 2520 4706 sive
2549 4661 2576 4687 υ
2607 4649 2840 4719 supplici
2861 4648 3219 4715 confessione,
3261 4649 3316 4703 si‘
3353 4649 3607 4704 οόιιιίιγιισ

2034 4746 2139 4799 vita
2168 4743 2467 4807 exceditur,
2509 4741 2661 4795 venia
2693 4749 3029 4808 peccatorum
3064 4739 3289 4794 ﬁdeliter
3317 4757 3604 4808 praesuma-

2037 4849 2123 4891 tur
2156 4838 2224 4890 ab
2263 4837 2354 4889 illo
2388 4833 2475 4905 qui
2517 4849 2628 4887 non
2669 4833 2777 4885 vult
2818 4841 3040 4886 mortem
3075 4833 3389 4900 peccatoris.
3432 4833 3523 4886 sed
3553 4843 3607 4885 ut

2038 4934 2377 4982 convertatur
2412 4943 2440 4978 a
2484 4925 2778 4994 perditione
2809 4915 3137 4991 ptenitendo,
3166 4931 3221 4974 et
3241 4923 3478 4976 saltatus
3509 4924 3608 4976 nti-

2039 5021 2306 5076 seratione
2338 5017 2544 5072 Domini
2577 5021 2716 5070 vivat-
2741 5015 2952 5085 (lizech.
2974 5014 3200 5080 x‘tx,‘23;
3225 5023 3267 5066 et
3294 5012 3608 5083 xuttt,ll).

2112 5204 2138 5243 δ
2179 5205 2300 5272 Ms.,
2327 5201 2551 5269 Spiritus
2574 5211 2796 5269 sanctus,
2828 5215 2923 5268 pro
2949 5201 3172 5266 Spiritus
3201 5199 3395 5254 Patris.
3431 5238 3433 5240 -

2121 5275 2135 5314 ί
2185 5279 2304 5334 Ms.,
2341 5273 2657 5328 Thimoteuni
2679 5285 2724 5325 et
2759 5272 3035 5324 l’rt'sciam'.

2117 5346 2131 5395 i
2183 5348 2306 5410 Ms.,
2342 5345 2522 5398 animi.

2114 5414 2136 5451 ¹ί
2181 5418 2248 5468 Ita
2288 5431 2388 5467 tus.
3210 5463 3213 5466 .

2119 5483 2133 5522 ι
2179 5485 2274 5538 Ms.
2309 5484 2454 5539 addit
2477 5485 2606 5536 sicut
2629 5482 2872 5548 scriptum
2901 5491 3016 5534 est:
3045 5476 3312 5532 lautorum
3337 5475 3520 5528 animo:
3557 5474 3607 5529 iu

2044 5573 2198 5609 manu
2232 5557 2320 5606 Dei
2342 5571 2416 5605 su.
2441 5565 2481 5607 t.

2088 5680 2094 5686 ,
2125 5636 2161 5661 η’
2203 5625 2274 5677 Ita
2303 5638 2402 5678 IIIS.

2124 5705 2150 5732 η
2190 5695 2284 5747 Ms.
2297 5733 2312 5756 ,
2341 5701 2602 5746 convertat:
2612 5704 2712 5745 tur.

2126 5775 2150 5801 ι’
2190 5764 2309 5825 Iils.,
2330 5763 2534 5828 publica
2564 5761 2890 5830 confessione.
