  <div class='ocr_page' id='page_1' title='image "/cluster/home/n/w/nwhite01/storage/ocr_20150623/58/uva.x004914844/015.png"; bbox 0 0 4170 6480; ppageno 0'>
   <div class='ocr_carea' id='block_1_1' title="bbox 722 398 3953 479">
    <p class='ocr_par' dir='ltr' id='par_1_1' title="bbox 730 398 3953 479">
     <span class='ocr_line' id='line_1_1' title="bbox 730 398 3953 479; baseline -0.015 6"><span class='ocrx_word' id='word_1_1' title='bbox 730 431 2192 479; x_wconf 57' lang='lat' dir='ltr'><em>W</em></span> <span class='ocrx_word' id='word_1_2' title='bbox 2215 408 3774 471; x_wconf 42' lang='grc' dir='ltr'><em>Μ</em></span> <span class='ocrx_word' id='word_1_3' title='bbox 3790 407 3854 442; x_wconf 61' lang='grc' dir='ltr'><strong>...ιο-Ι</strong></span> <span class='ocrx_word' id='word_1_4' title='bbox 3871 398 3953 442; x_wconf 52' lang='grc' dir='ltr'><strong><em>...η</em></strong></span> 
     </span>
    </p>
   </div>
   <div class='ocr_carea' id='block_1_2' title="bbox 1612 725 3029 828">
    <p class='ocr_par' dir='ltr' id='par_1_2' title="bbox 1612 725 3029 828">
     <span class='ocr_line' id='line_1_2' title="bbox 1612 725 3029 828; baseline -0.011 -1"><span class='ocrx_word' id='word_1_5' title='bbox 1612 737 2020 828; x_wconf 75' lang='lat' dir='ltr'><strong><em>SANCTI</em></strong></span> <span class='ocrx_word' id='word_1_6' title='bbox 2105 732 2523 822; x_wconf 78' lang='lat' dir='ltr'><strong><em>PATRIS</em></strong></span> <span class='ocrx_word' id='word_1_7' title='bbox 2594 725 3029 821; x_wconf 79' lang='lat' dir='ltr'><strong><em>NOSTRI</em></strong></span> 
     </span>
    </p>
   </div>
   <div class='ocr_carea' id='block_1_3' title="bbox 833 1029 3832 1233">
    <p class='ocr_par' dir='ltr' id='par_1_3' title="bbox 833 1029 3832 1233">
     <span class='ocr_line' id='line_1_3' title="bbox 833 1029 3832 1233; baseline -0.009 -2"><span class='ocrx_word' id='word_1_8' title='bbox 833 1045 1882 1233; x_wconf 86' lang='lat' dir='ltr'><strong><em>JOANNIS</em></strong></span> <span class='ocrx_word' id='word_1_9' title='bbox 2038 1029 3832 1221; x_wconf 78' lang='lat' dir='ltr'><strong><em>CHRYSOSTOMI</em></strong></span> 
     </span>
    </p>
   </div>
   <div class='ocr_carea' id='block_1_4' title="bbox 1711 1440 2950 1493">
    <p class='ocr_par' dir='ltr' id='par_1_4' title="bbox 1711 1440 2950 1493">
     <span class='ocr_line' id='line_1_4' title="bbox 1711 1440 2950 1493; baseline -0.006 0"><span class='ocrx_word' id='word_1_10' title='bbox 1711 1445 2178 1493; x_wconf 70' lang='lat' dir='ltr'><strong><em>ARCHIEPISCOPI</em></strong></span> <span class='ocrx_word' id='word_1_11' title='bbox 2223 1440 2950 1490; x_wconf 75' lang='lat' dir='ltr'><strong><em>CONSTANTINOPOLITANI</em></strong></span> 
     </span>
    </p>
   </div>
   <div class='ocr_carea' id='block_1_5' title="bbox 1247 1673 3412 1748">
    <p class='ocr_par' dir='ltr' id='par_1_5' title="bbox 1247 1673 3412 1748">
     <span class='ocr_line' id='line_1_5' title="bbox 1247 1673 3412 1748; baseline -0.006 1"><span class='ocrx_word' id='word_1_12' title='bbox 1247 1681 1884 1748; x_wconf 78' lang='lat' dir='ltr'><strong><em>COMMENTARIUS</em></strong></span> <span class='ocrx_word' id='word_1_13' title='bbox 1942 1679 2025 1740; x_wconf 81' lang='lat' dir='ltr'><strong>IN</strong></span> <span class='ocrx_word' id='word_1_14' title='bbox 2088 1680 2148 1740; x_wconf 84' lang='lat' dir='ltr'><strong><em>S.</em></strong></span> <span class='ocrx_word' id='word_1_15' title='bbox 2214 1676 2703 1739; x_wconf 66' lang='lat' dir='ltr'><strong><em>MATTHJEUM</em></strong></span> <span class='ocrx_word' id='word_1_16' title='bbox 2766 1673 3412 1738; x_wconf 83' lang='lat' dir='ltr'><strong><em>EVANGELISTAM.</em></strong></span> 
     </span>
    </p>
   </div>
   <div class='ocr_carea' id='block_1_6' title="bbox 1806 2126 2774 2194">
    <p class='ocr_par' dir='ltr' id='par_1_6' title="bbox 1806 2126 2774 2194">
     <span class='ocr_line' id='line_1_6' title="bbox 1806 2126 2774 2194; baseline -0.007 -2"><span class='ocrx_word' id='word_1_17' title='bbox 1806 2131 2142 2194; x_wconf 74' lang='lat' dir='ltr'><strong><em>IlOMll.l.\</em></strong></span> <span class='ocrx_word' id='word_1_18' title='bbox 2195 2131 2382 2190; x_wconf 68' lang='lat' dir='ltr'><strong><em>XLV.</em></strong></span> <span class='ocrx_word' id='word_1_19' title='bbox 2429 2133 2510 2189; x_wconf 83' lang='lat' dir='ltr'><strong><em>al.</em></strong></span> <span class='ocrx_word' id='word_1_20' title='bbox 2561 2126 2774 2186; x_wconf 75' lang='lat' dir='ltr'><strong><em>XLVI.</em></strong></span> 
     </span>
    </p>
   </div>
   <div class='ocr_carea' id='block_1_7' title="bbox 704 2359 2271 2430">
    <p class='ocr_par' dir='ltr' id='par_1_7' title="bbox 704 2359 2271 2430">
     <span class='ocr_line' id='line_1_7' title="bbox 704 2359 2271 2430; baseline -0.014 -1"><span class='ocrx_word' id='word_1_21' title='bbox 704 2376 832 2430; x_wconf 76' lang='grc' dir='ltr'><strong>(ἷΑῐι.</strong></span> <span class='ocrx_word' id='word_1_22' title='bbox 873 2376 952 2428; x_wconf 82' lang='grc'><strong>15.</strong></span> <span class='ocrx_word' id='word_1_23' title='bbox 986 2389 1015 2426; x_wconf 87' lang='lat' dir='ltr'><strong>v</strong></span> <span class='ocrx_word' id='word_1_24' title='bbox 1087 2370 1165 2426; x_wconf 92' lang='lat' dir='ltr'><strong><em>l0.</em></strong></span> <span class='ocrx_word' id='word_1_25' title='bbox 1211 2368 1275 2422; x_wconf 80' lang='lat' dir='ltr'><strong><em>Et</em></strong></span> <span class='ocrx_word' id='word_1_26' title='bbox 1319 2366 1604 2420; x_wconf 82' lang='lat' dir='ltr'><strong><em>accedentes</em></strong></span> <span class='ocrx_word' id='word_1_27' title='bbox 1644 2361 1879 2430; x_wconf 81' lang='lat' dir='ltr'><strong><em>discipuli</em></strong></span> <span class='ocrx_word' id='word_1_28' title='bbox 1917 2359 2150 2412; x_wconf 77' lang='lat' dir='ltr'><strong><em>dixerunt</em></strong></span> <span class='ocrx_word' id='word_1_29' title='bbox 2190 2369 2271 2407; x_wconf 81' lang='lat' dir='ltr'><strong><em>et:</em></strong></span> 
     </span>
    </p>
   </div>
   <div class='ocr_carea' id='block_1_8' title="bbox 781 2450 2273 2532">
    <p class='ocr_par' dir='ltr' id='par_1_8' title="bbox 781 2450 2273 2532">
     <span class='ocr_line' id='line_1_8' title="bbox 781 2450 2273 2532; baseline -0.012 -15"><span class='ocrx_word' id='word_1_30' title='bbox 781 2468 950 2532; x_wconf 82' lang='lat' dir='ltr'><strong><em>Quare</em></strong></span> <span class='ocrx_word' id='word_1_31' title='bbox 972 2467 1019 2516; x_wconf 89' lang='lat' dir='ltr'><strong><em>iu</em></strong></span> <span class='ocrx_word' id='word_1_32' title='bbox 1045 2463 1299 2532; x_wconf 81' lang='lat' dir='ltr'><strong><em>parabolis</em></strong></span> <span class='ocrx_word' id='word_1_33' title='bbox 1325 2459 1542 2528; x_wconf 80' lang='lat' dir='ltr'><strong><em>loqueris</em></strong></span> <span class='ocrx_word' id='word_1_34' title='bbox 1567 2457 1676 2509; x_wconf 80' lang='lat' dir='ltr'><strong><em>eis?</em></strong></span> <span class='ocrx_word' id='word_1_35' title='bbox 1735 2455 1819 2508; x_wconf 82' lang='grc'><strong><em>11.</em></strong></span> <span class='ocrx_word' id='word_1_36' title='bbox 1863 2450 1889 2507; x_wconf 87' lang='grc' dir='ltr'><em>Ι</em></span> <span class='ocrx_word' id='word_1_37' title='bbox 1896 2468 1980 2521; x_wconf 80' lang='lat' dir='ltr'><strong><em>pse</em></strong></span> <span class='ocrx_word' id='word_1_38' title='bbox 2004 2459 2167 2503; x_wconf 83' lang='lat' dir='ltr'><strong><em>autem</em></strong></span> <span class='ocrx_word' id='word_1_39' title='bbox 2189 2464 2273 2501; x_wconf 80' lang='lat' dir='ltr'><strong><em>re-</em></strong></span> 
     </span>
    </p>
   </div>
   <div class='ocr_carea' id='block_1_9' title="bbox 770 2546 2272 2624">
    <p class='ocr_par' dir='ltr' id='par_1_9' title="bbox 770 2546 2272 2624">
     <span class='ocr_line' id='line_1_9' title="bbox 770 2546 2272 2624; baseline -0.01 -18"><span class='ocrx_word' id='word_1_40' title='bbox 770 2555 1019 2624; x_wconf 71' lang='lat' dir='ltr'><strong><em>spondens</em></strong></span> <span class='ocrx_word' id='word_1_41' title='bbox 1036 2555 1161 2606; x_wconf 78' lang='lat' dir='ltr'><strong><em>dixit</em></strong></span> <span class='ocrx_word' id='word_1_42' title='bbox 1183 2555 1252 2605; x_wconf 89' lang='lat' dir='ltr'><strong><em>eis</em></strong></span> <span class='ocrx_word' id='word_1_43' title='bbox 1274 2567 1291 2603; x_wconf 92' lang='lat'><strong><em>:</em></strong></span> <span class='ocrx_word' id='word_1_44' title='bbox 1314 2551 1445 2614; x_wconf 98' lang='lat' dir='ltr'><strong><em>Quia</em></strong></span> <span class='ocrx_word' id='word_1_45' title='bbox 1472 2546 1605 2600; x_wconf 79' lang='lat' dir='ltr'><strong><em>vobis</em></strong></span> <span class='ocrx_word' id='word_1_46' title='bbox 1630 2546 1805 2598; x_wconf 86' lang='lat' dir='ltr'><strong><em>datum</em></strong></span> <span class='ocrx_word' id='word_1_47' title='bbox 1825 2552 1895 2596; x_wconf 87' lang='lat' dir='ltr'><strong><em>est</em></strong></span> <span class='ocrx_word' id='word_1_48' title='bbox 1924 2557 2068 2595; x_wconf 82' lang='lat' dir='ltr'><strong><em>nosse</em></strong></span> <span class='ocrx_word' id='word_1_49' title='bbox 2088 2548 2272 2610; x_wconf 57' lang='lat' dir='ltr'><strong><em>mystev</em></strong></span> 
     </span>
    </p>
   </div>
   <div class='ocr_carea' id='block_1_10' title="bbox 771 2635 2096 2716">
    <p class='ocr_par' dir='ltr' id='par_1_10' title="bbox 771 2635 2096 2716">
     <span class='ocr_line' id='line_1_10' title="bbox 771 2635 2096 2716; baseline -0.011 -15"><span class='ocrx_word' id='word_1_50' title='bbox 771 2651 848 2702; x_wconf 89' lang='lat' dir='ltr'><strong><em>ria</em></strong></span> <span class='ocrx_word' id='word_1_51' title='bbox 899 2648 1035 2716; x_wconf 67' lang='lat' dir='ltr'><strong><em>rigui</em></strong></span> <span class='ocrx_word' id='word_1_52' title='bbox 1074 2646 1332 2710; x_wconf 62' lang='lat' dir='ltr'><strong><em>malorum,</em></strong></span> <span class='ocrx_word' id='word_1_53' title='bbox 1364 2642 1466 2694; x_wconf 87' lang='lat' dir='ltr'><strong><em>illis</em></strong></span> <span class='ocrx_word' id='word_1_54' title='bbox 1496 2648 1786 2692; x_wconf 76' lang='lat' dir='ltr'><strong><em>autemnon</em></strong></span> <span class='ocrx_word' id='word_1_55' title='bbox 1809 2635 1981 2688; x_wconf 85' lang='lat' dir='ltr'><strong><em>datum</em></strong></span> <span class='ocrx_word' id='word_1_56' title='bbox 2001 2643 2096 2687; x_wconf 88' lang='lat' dir='ltr'><strong><em>est.</em></strong></span> 
     </span>
    </p>
   </div>
   <div class='ocr_carea' id='block_1_11' title="bbox 777 2725 2272 2806">
    <p class='ocr_par' dir='ltr' id='par_1_11' title="bbox 777 2725 2272 2806">
     <span class='ocr_line' id='line_1_11' title="bbox 777 2725 2272 2806; baseline -0.011 -15"><span class='ocrx_word' id='word_1_57' title='bbox 777 2741 825 2792; x_wconf 78' lang='grc'><strong><em>1.</em></strong></span> <span class='ocrx_word' id='word_1_58' title='bbox 874 2737 1247 2806; x_wconf 84' lang='lat' dir='ltr'><strong><em>Discipulorum</em></strong></span> <span class='ocrx_word' id='word_1_59' title='bbox 1303 2731 1569 2801; x_wconf 77' lang='lat' dir='ltr'><strong><em>prudentia</em></strong></span> <span class='ocrx_word' id='word_1_60' title='bbox 1602 2738 1644 2782; x_wconf 85' lang='lat' dir='ltr'><strong><em>et</em></strong></span> <span class='ocrx_word' id='word_1_61' title='bbox 1682 2728 1885 2780; x_wconf 83' lang='lat' dir='ltr'><strong><em>raritas.</em></strong></span> <span class='ocrx_word' id='word_1_62' title='bbox 1915 2725 2145 2777; x_wconf 86' lang='lat' dir='ltr'><strong><em>Liberum</em></strong></span> <span class='ocrx_word' id='word_1_63' title='bbox 2184 2739 2272 2775; x_wconf 85' lang='lat' dir='ltr'><strong><em>ar-</em></strong></span> 
     </span>
    </p>
   </div>
   <div class='ocr_carea' id='block_1_12' title="bbox 703 2817 2273 2899">
    <p class='ocr_par' dir='ltr' id='par_1_12' title="bbox 703 2817 2273 2899">
     <span class='ocr_line' id='line_1_12' title="bbox 703 2817 2273 2899; baseline -0.01 -16"><span class='ocrx_word' id='word_1_64' title='bbox 703 2832 903 2884; x_wconf 85' lang='lat' dir='ltr'><strong><em>bitrium</em></strong></span> <span class='ocrx_word' id='word_1_65' title='bbox 932 2846 1019 2899; x_wconf 85' lang='lat' dir='ltr'><strong><em>per</em></strong></span> <span class='ocrx_word' id='word_1_66' title='bbox 1039 2827 1253 2897; x_wconf 87' lang='lat' dir='ltr'><strong><em>gratiam</em></strong></span> <span class='ocrx_word' id='word_1_67' title='bbox 1279 2841 1377 2878; x_wconf 84' lang='lat' dir='ltr'><strong><em>non</em></strong></span> <span class='ocrx_word' id='word_1_68' title='bbox 1401 2824 1612 2876; x_wconf 88' lang='lat' dir='ltr'><strong><em>tollitur.</em></strong></span> <span class='ocrx_word' id='word_1_69' title='bbox 1659 2850 1728 2860; x_wconf 94' lang='lat'>—</span> <span class='ocrx_word' id='word_1_70' title='bbox 1770 2818 1894 2872; x_wconf 81' lang='lat' dir='ltr'><strong><em>Jurc</em></strong></span> <span class='ocrx_word' id='word_1_71' title='bbox 1946 2817 2273 2870; x_wconf 80' lang='lat' dir='ltr'><strong><em>admiremur</em></strong></span> 
     </span>
    </p>
   </div>
   <div class='ocr_carea' id='block_1_13' title="bbox 701 2910 2272 2990">
    <p class='ocr_par' dir='ltr' id='par_1_13' title="bbox 701 2910 2272 2990">
     <span class='ocr_line' id='line_1_13' title="bbox 701 2910 2272 2990; baseline -0.01 -14"><span class='ocrx_word' id='word_1_72' title='bbox 701 2922 1006 2990; x_wconf 74' lang='lat' dir='ltr'><strong><em>discipulos,</em></strong></span> <span class='ocrx_word' id='word_1_73' title='bbox 1030 2919 1166 2988; x_wconf 90' lang='lat' dir='ltr'><strong><em>quod</em></strong></span> <span class='ocrx_word' id='word_1_74' title='bbox 1191 2917 1427 2972; x_wconf 91' lang='lat' dir='ltr'><strong><em>discendi</em></strong></span> <span class='ocrx_word' id='word_1_75' title='bbox 1458 2913 1652 2983; x_wconf 85' lang='lat' dir='ltr'><strong><em>cupidi,</em></strong></span> <span class='ocrx_word' id='word_1_76' title='bbox 1686 2913 1855 2966; x_wconf 87' lang='lat' dir='ltr'><strong><em>sciant</em></strong></span> <span class='ocrx_word' id='word_1_77' title='bbox 1874 2910 2083 2981; x_wconf 84' lang='lat' dir='ltr'><strong><em>quando</em></strong></span> <span class='ocrx_word' id='word_1_78' title='bbox 2109 2910 2272 2962; x_wconf 90' lang='lat' dir='ltr'><strong><em>inler-</em></strong></span> 
     </span>
    </p>
   </div>
   <div class='ocr_carea' id='block_1_14' title="bbox 703 2999 2271 3085">
    <p class='ocr_par' dir='ltr' id='par_1_14' title="bbox 703 2999 2271 3085">
     <span class='ocr_line' id='line_1_14' title="bbox 703 2999 2271 3085; baseline -0.012 -15"><span class='ocrx_word' id='word_1_79' title='bbox 703 3014 990 3085; x_wconf 75' lang='lat' dir='ltr'><strong><em>rogaudum</em></strong></span> <span class='ocrx_word' id='word_1_80' title='bbox 1027 3012 1116 3066; x_wconf 82' lang='lat' dir='ltr'><strong><em>sit.</em></strong></span> <span class='ocrx_word' id='word_1_81' title='bbox 1157 3009 1270 3064; x_wconf 78' lang='lat' dir='ltr'><strong><em>Non</em></strong></span> <span class='ocrx_word' id='word_1_82' title='bbox 1299 3007 1438 3062; x_wconf 91' lang='lat' dir='ltr'><strong><em>enim</em></strong></span> <span class='ocrx_word' id='word_1_83' title='bbox 1461 3005 1709 3061; x_wconf 86' lang='lat' dir='ltr'><strong><em>omnibus</em></strong></span> <span class='ocrx_word' id='word_1_84' title='bbox 1739 3000 2089 3073; x_wconf 71' lang='lat' dir='ltr'><strong><em>prmsentibus</em></strong></span> <span class='ocrx_word' id='word_1_85' title='bbox 2115 2999 2165 3053; x_wconf 89' lang='lat' dir='ltr'><strong><em>id</em></strong></span> <span class='ocrx_word' id='word_1_86' title='bbox 2197 2999 2271 3051; x_wconf 81' lang='lat' dir='ltr'><strong><em>la-</em></strong></span> 
     </span>
    </p>
   </div>
   <div class='ocr_carea' id='block_1_15' title="bbox 701 3093 2264 3173">
    <p class='ocr_par' dir='ltr' id='par_1_15' title="bbox 701 3093 2264 3173">
     <span class='ocr_line' id='line_1_15' title="bbox 701 3093 2264 3173; baseline -0.01 -14"><span class='ocrx_word' id='word_1_87' title='bbox 701 3108 876 3161; x_wconf 91' lang='lat' dir='ltr'><strong><em>ciunt:</em></strong></span> <span class='ocrx_word' id='word_1_88' title='bbox 920 3103 1061 3173; x_wconf 85' lang='lat' dir='ltr'><strong><em>quod</em></strong></span> <span class='ocrx_word' id='word_1_89' title='bbox 1091 3099 1367 3156; x_wconf 64' lang='lat' dir='ltr'><strong><em>Matthazus</em></strong></span> <span class='ocrx_word' id='word_1_90' title='bbox 1393 3099 1462 3152; x_wconf 90' lang='lat' dir='ltr'><strong><em>ita</em></strong></span> <span class='ocrx_word' id='word_1_91' title='bbox 1491 3097 1834 3167; x_wconf 69' lang='lat' dir='ltr'><strong><em>significavit:</em></strong></span> <span class='ocrx_word' id='word_1_92' title='bbox 1874 3094 1933 3147; x_wconf 76' lang='lat' dir='ltr'><strong><em>Et</em></strong></span> <span class='ocrx_word' id='word_1_93' title='bbox 1959 3093 2264 3146; x_wconf 73' lang='lat' dir='ltr'><strong><em>accedentes.</em></strong></span> 
     </span>
    </p>
   </div>
   <div class='ocr_carea' id='block_1_16' title="bbox 705 3181 2269 3262">
    <p class='ocr_par' dir='ltr' id='par_1_16' title="bbox 705 3181 2269 3262">
     <span class='ocr_line' id='line_1_16' title="bbox 705 3181 2269 3262; baseline -0.01 -13"><span class='ocrx_word' id='word_1_94' title='bbox 705 3196 812 3249; x_wconf 89' lang='lat' dir='ltr'><strong><em>lloc</em></strong></span> <span class='ocrx_word' id='word_1_95' title='bbox 863 3208 1021 3262; x_wconf 85' lang='lat' dir='ltr'><strong><em>porro</em></strong></span> <span class='ocrx_word' id='word_1_96' title='bbox 1051 3207 1152 3246; x_wconf 89' lang='lat' dir='ltr'><strong><em>non</em></strong></span> <span class='ocrx_word' id='word_1_97' title='bbox 1189 3205 1251 3244; x_wconf 82' lang='lat' dir='ltr'><strong><em>ex</em></strong></span> <span class='ocrx_word' id='word_1_98' title='bbox 1294 3188 1594 3257; x_wconf 78' lang='lat' dir='ltr'><strong><em>conjectura</em></strong></span> <span class='ocrx_word' id='word_1_99' title='bbox 1612 3186 1763 3240; x_wconf 88' lang='lat' dir='ltr'><strong><em>dico:</em></strong></span> <span class='ocrx_word' id='word_1_100' title='bbox 1816 3184 2018 3238; x_wconf 80' lang='lat' dir='ltr'><strong><em>Marcus</em></strong></span> <span class='ocrx_word' id='word_1_101' title='bbox 2049 3183 2186 3236; x_wconf 90' lang='lat' dir='ltr'><strong><em>enim</em></strong></span> <span class='ocrx_word' id='word_1_102' title='bbox 2220 3181 2269 3235; x_wconf 90' lang='lat' dir='ltr'><strong><em>id</em></strong></span> 
     </span>
    </p>
   </div>
   <div class='ocr_carea' id='block_1_17' title="bbox 701 3274 2262 3350">
    <p class='ocr_par' dir='ltr' id='par_1_17' title="bbox 701 3274 2262 3350">
     <span class='ocr_line' id='line_1_17' title="bbox 701 3274 2262 3350; baseline -0.01 -10"><span class='ocrx_word' id='word_1_103' title='bbox 701 3289 894 3340; x_wconf 84' lang='lat' dir='ltr'><strong><em>clarius</em></strong></span> <span class='ocrx_word' id='word_1_104' title='bbox 925 3284 1188 3347; x_wconf 86' lang='lat' dir='ltr'><strong><em>indicavit,</em></strong></span> <span class='ocrx_word' id='word_1_105' title='bbox 1216 3297 1337 3336; x_wconf 91' lang='lat' dir='ltr'><strong><em>cum</em></strong></span> <span class='ocrx_word' id='word_1_106' title='bbox 1366 3281 1441 3333; x_wconf 89' lang='lat' dir='ltr'><strong><em>ait</em></strong></span> <span class='ocrx_word' id='word_1_107' title='bbox 1486 3280 1627 3350; x_wconf 86' lang='lat' dir='ltr'><strong><em>ipsos</em></strong></span> <span class='ocrx_word' id='word_1_108' title='bbox 1653 3278 1874 3331; x_wconf 86' lang='lat' dir='ltr'><strong><em>seorsim</em></strong></span> <span class='ocrx_word' id='word_1_109' title='bbox 1903 3274 1967 3328; x_wconf 84' lang='lat' dir='ltr'><strong><em>ad</em></strong></span> <span class='ocrx_word' id='word_1_110' title='bbox 1990 3275 2134 3328; x_wconf 91' lang='lat' dir='ltr'><strong><em>illum</em></strong></span> <span class='ocrx_word' id='word_1_111' title='bbox 2173 3289 2262 3326; x_wconf 83' lang='lat' dir='ltr'><strong><em>ae.-</em></strong></span> 
     </span>
    </p>
   </div>
   <div class='ocr_carea' id='block_1_18' title="bbox 700 3363 2268 3442">
    <p class='ocr_par' dir='ltr' id='par_1_18' title="bbox 700 3363 2268 3442">
     <span class='ocr_line' id='line_1_18' title="bbox 700 3363 2268 3442; baseline -0.01 -12"><span class='ocrx_word' id='word_1_112' title='bbox 700 3379 924 3431; x_wconf 59' lang='lat' dir='ltr'><strong><em>ressiss&#39;e</em></strong></span> <span class='ocrx_word' id='word_1_113' title='bbox 951 3374 1141 3442; x_wconf 75' lang='lat' dir='ltr'><strong><em>(Marc.</em></strong></span> <span class='ocrx_word' id='word_1_114' title='bbox 1171 3373 1221 3427; x_wconf 71' lang='grc' dir='ltr'><strong>ι.</strong></span> <span class='ocrx_word' id='word_1_115' title='bbox 1253 3371 1366 3435; x_wconf 83' lang='grc'><strong>10).</strong></span> <span class='ocrx_word' id='word_1_116' title='bbox 1416 3369 1502 3424; x_wconf 91' lang='lat' dir='ltr'><strong><em>Sic</em></strong></span> <span class='ocrx_word' id='word_1_117' title='bbox 1530 3378 1580 3423; x_wconf 91' lang='lat' dir='ltr'><strong><em>cl</em></strong></span> <span class='ocrx_word' id='word_1_118' title='bbox 1609 3385 1659 3422; x_wconf 92' lang='lat' dir='ltr'><strong><em>m</em></strong></span> <span class='ocrx_word' id='word_1_119' title='bbox 1680 3377 1828 3421; x_wconf 74' lang='lat' dir='ltr'><strong><em>trem</em></strong></span> <span class='ocrx_word' id='word_1_120' title='bbox 1858 3376 1910 3419; x_wconf 92' lang='lat' dir='ltr'><strong><em>et</em></strong></span> <span class='ocrx_word' id='word_1_121' title='bbox 1939 3363 2125 3418; x_wconf 76' lang='lat' dir='ltr'><strong><em>fratres</em></strong></span> <span class='ocrx_word' id='word_1_122' title='bbox 2152 3363 2268 3431; x_wconf 86' lang='lat' dir='ltr'><strong><em>ejus</em></strong></span> 
     </span>
    </p>
   </div>
   <div class='ocr_carea' id='block_1_19' title="bbox 702 3458 2263 3524">
    <p class='ocr_par' dir='ltr' id='par_1_19' title="bbox 702 3458 2263 3524">
     <span class='ocr_line' id='line_1_19' title="bbox 702 3458 2263 3524; baseline -0.01 -5"><span class='ocrx_word' id='word_1_123' title='bbox 702 3469 878 3520; x_wconf 80' lang='lat' dir='ltr'><strong><em>facere</em></strong></span> <span class='ocrx_word' id='word_1_124' title='bbox 903 3463 1123 3519; x_wconf 88' lang='lat' dir='ltr'><strong><em>decebat</em></strong></span> <span class='ocrx_word' id='word_1_125' title='bbox 1144 3504 1158 3524; x_wconf 85' lang='lat'><strong>,</strong></span> <span class='ocrx_word' id='word_1_126' title='bbox 1191 3476 1294 3515; x_wconf 92' lang='lat' dir='ltr'><strong><em>non</em></strong></span> <span class='ocrx_word' id='word_1_127' title='bbox 1327 3474 1516 3514; x_wconf 75' lang='lat' dir='ltr'><strong><em>vocare</em></strong></span> <span class='ocrx_word' id='word_1_128' title='bbox 1555 3458 1715 3522; x_wconf 78' lang='lat' dir='ltr'><strong><em>foras,</em></strong></span> <span class='ocrx_word' id='word_1_129' title='bbox 1745 3464 1799 3510; x_wconf 91' lang='lat' dir='ltr'><strong><em>et</em></strong></span> <span class='ocrx_word' id='word_1_130' title='bbox 1828 3469 1946 3510; x_wconf 89' lang='lat' dir='ltr'><strong><em>sese</em></strong></span> <span class='ocrx_word' id='word_1_131' title='bbox 1963 3462 2263 3508; x_wconf 62' lang='lat' dir='ltr'><strong><em>ostentare.</em></strong></span> 
     </span>
    </p>
   </div>
   <div class='ocr_carea' id='block_1_20' title="bbox 704 3533 2269 3627">
    <p class='ocr_par' dir='ltr' id='par_1_20' title="bbox 704 3533 2269 3627">
     <span class='ocr_line' id='line_1_20' title="bbox 704 3533 2269 3627; baseline -0.008 -14"><span class='ocrx_word' id='word_1_132' title='bbox 704 3557 976 3627; x_wconf 81' lang='lat' dir='ltr'><strong><em>Perpende</em></strong></span> <span class='ocrx_word' id='word_1_133' title='bbox 996 3565 1168 3610; x_wconf 89' lang='lat' dir='ltr'><strong><em>autem</em></strong></span> <span class='ocrx_word' id='word_1_134' title='bbox 1201 3533 1472 3608; x_wconf 79' lang='lat' dir='ltr'><strong><em>caritatem</em></strong></span> <span class='ocrx_word' id='word_1_135' title='bbox 1505 3552 1764 3618; x_wconf 83' lang='lat' dir='ltr'><strong><em>ipsorum.</em></strong></span> <span class='ocrx_word' id='word_1_136' title='bbox 1792 3557 2039 3619; x_wconf 88' lang='lat' dir='ltr'><strong><em>quantam</em></strong></span> <span class='ocrx_word' id='word_1_137' title='bbox 2068 3548 2269 3602; x_wconf 86' lang='lat' dir='ltr'><strong><em>scilicet</em></strong></span> 
     </span>
    </p>
   </div>
   <div class='ocr_carea' id='block_1_21' title="bbox 699 3642 2265 3717">
    <p class='ocr_par' dir='ltr' id='par_1_21' title="bbox 699 3642 2265 3717">
     <span class='ocr_line' id='line_1_21' title="bbox 699 3642 2265 3717; baseline -0.008 -13"><span class='ocrx_word' id='word_1_138' title='bbox 699 3655 920 3706; x_wconf 77' lang='lat' dir='ltr'><strong><em>aliorum</em></strong></span> <span class='ocrx_word' id='word_1_139' title='bbox 949 3665 1126 3704; x_wconf 89' lang='lat' dir='ltr'><strong><em>curam</em></strong></span> <span class='ocrx_word' id='word_1_140' title='bbox 1157 3655 1360 3717; x_wconf 75' lang='lat' dir='ltr'><strong><em>gerant,</em></strong></span> <span class='ocrx_word' id='word_1_141' title='bbox 1389 3661 1451 3700; x_wconf 91' lang='lat' dir='ltr'><strong><em>ac</em></strong></span> <span class='ocrx_word' id='word_1_142' title='bbox 1475 3645 1619 3714; x_wconf 89' lang='lat' dir='ltr'><strong><em>prius</em></strong></span> <span class='ocrx_word' id='word_1_143' title='bbox 1637 3659 1752 3712; x_wconf 73' lang='lat' dir='ltr'><strong><em>qua:</em></strong></span> <span class='ocrx_word' id='word_1_144' title='bbox 1770 3642 1833 3696; x_wconf 87' lang='lat' dir='ltr'><strong><em>ad</em></strong></span> <span class='ocrx_word' id='word_1_145' title='bbox 1863 3642 1981 3694; x_wconf 89' lang='lat' dir='ltr'><strong><em>illos</em></strong></span> <span class='ocrx_word' id='word_1_146' title='bbox 2002 3642 2265 3709; x_wconf 83' lang='lat' dir='ltr'><strong><em>pertinent</em></strong></span> 
     </span>
    </p>
   </div>
   <div class='ocr_carea' id='block_1_22' title="bbox 699 3729 2262 3810">
    <p class='ocr_par' dir='ltr' id='par_1_22' title="bbox 699 3729 2262 3810">
     <span class='ocr_line' id='line_1_22' title="bbox 699 3729 2262 3810; baseline -0.007 -18"><span class='ocrx_word' id='word_1_147' title='bbox 699 3748 960 3810; x_wconf 62' lang='lat' dir='ltr'><strong><em>qtlnd‘atll,</em></strong></span> <span class='ocrx_word' id='word_1_148' title='bbox 991 3738 1184 3792; x_wconf 89' lang='lat' dir='ltr'><strong><em>deinde</em></strong></span> <span class='ocrx_word' id='word_1_149' title='bbox 1211 3751 1324 3789; x_wconf 89' lang='lat' dir='ltr'><strong><em>sua.</em></strong></span> <span class='ocrx_word' id='word_1_150' title='bbox 1359 3736 1479 3801; x_wconf 81' lang='lat' dir='ltr'><strong><em>Cur,</em></strong></span> <span class='ocrx_word' id='word_1_151' title='bbox 1509 3733 1749 3802; x_wconf 90' lang='lat' dir='ltr'><strong><em>inquiunt</em></strong></span> <span class='ocrx_word' id='word_1_152' title='bbox 1771 3774 1785 3797; x_wconf 83' lang='lat'><strong><em>,</em></strong></span> <span class='ocrx_word' id='word_1_153' title='bbox 1830 3733 1879 3784; x_wconf 90' lang='lat' dir='ltr'><strong><em>iu</em></strong></span> <span class='ocrx_word' id='word_1_154' title='bbox 1903 3729 2154 3800; x_wconf 75' lang='lat' dir='ltr'><strong><em>parabolis</em></strong></span> <span class='ocrx_word' id='word_1_155' title='bbox 2185 3729 2262 3782; x_wconf 86' lang='lat' dir='ltr'><strong><em>lo-</em></strong></span> 
     </span>
    </p>
   </div>
   <div class='ocr_carea' id='block_1_23' title="bbox 697 3822 2262 3902">
    <p class='ocr_par' dir='ltr' id='par_1_23' title="bbox 697 3822 2262 3902">
     <span class='ocr_line' id='line_1_23' title="bbox 697 3822 2262 3902; baseline -0.006 -18"><span class='ocrx_word' id='word_1_156' title='bbox 697 3835 861 3902; x_wconf 81' lang='lat' dir='ltr'><strong><em>qucris</em></strong></span> <span class='ocrx_word' id='word_1_157' title='bbox 890 3833 956 3884; x_wconf 87' lang='lat' dir='ltr'><strong><em>ad</em></strong></span> <span class='ocrx_word' id='word_1_158' title='bbox 979 3831 1099 3884; x_wconf 82' lang='lat' dir='ltr'><strong><em>cos?</em></strong></span> <span class='ocrx_word' id='word_1_159' title='bbox 1122 3829 1234 3883; x_wconf 85' lang='lat' dir='ltr'><strong><em>Non</em></strong></span> <span class='ocrx_word' id='word_1_160' title='bbox 1261 3829 1526 3892; x_wconf 77' lang='lat' dir='ltr'><strong><em>dixerunt,</em></strong></span> <span class='ocrx_word' id='word_1_161' title='bbox 1567 3826 1675 3878; x_wconf 89' lang='lat' dir='ltr'><strong><em>Cur</em></strong></span> <span class='ocrx_word' id='word_1_162' title='bbox 1709 3825 1756 3878; x_wconf 88' lang='lat' dir='ltr'><strong><em>in</em></strong></span> <span class='ocrx_word' id='word_1_163' title='bbox 1792 3822 2053 3893; x_wconf 87' lang='lat' dir='ltr'><strong><em>parabolis</em></strong></span> <span class='ocrx_word' id='word_1_164' title='bbox 2084 3823 2262 3890; x_wconf 83' lang='lat' dir='ltr'><strong><em>loque-</em></strong></span> 
     </span>
    </p>
   </div>
   <div class='ocr_carea' id='block_1_24' title="bbox 697 3917 2252 3988">
    <p class='ocr_par' dir='ltr' id='par_1_24' title="bbox 697 3917 2252 3988">
     <span class='ocr_line' id='line_1_24' title="bbox 697 3917 2252 3988; baseline -0.006 -11"><span class='ocrx_word' id='word_1_165' title='bbox 697 3925 768 3978; x_wconf 73' lang='lat' dir='ltr'><strong><em>ris</em></strong></span> <span class='ocrx_word' id='word_1_166' title='bbox 796 3924 988 3978; x_wconf 71' lang='lat' dir='ltr'><strong><em>nobis?</em></strong></span> <span class='ocrx_word' id='word_1_167' title='bbox 1028 3923 1154 3976; x_wconf 82' lang='lat' dir='ltr'><strong><em>Nam</em></strong></span> <span class='ocrx_word' id='word_1_168' title='bbox 1185 3931 1237 3976; x_wconf 90' lang='lat' dir='ltr'><strong><em>et</em></strong></span> <span class='ocrx_word' id='word_1_169' title='bbox 1264 3921 1386 3975; x_wconf 80' lang='lat' dir='ltr'><strong><em>alibi</em></strong></span> <span class='ocrx_word' id='word_1_170' title='bbox 1410 3935 1550 3988; x_wconf 65' lang='lat' dir='ltr'><strong><em>saepe</em></strong></span> <span class='ocrx_word' id='word_1_171' title='bbox 1571 3918 1815 3972; x_wconf 86' lang='lat' dir='ltr'><strong><em>videntur</em></strong></span> <span class='ocrx_word' id='word_1_172' title='bbox 1849 3917 1986 3971; x_wconf 85' lang='lat' dir='ltr'><strong><em>bono</em></strong></span> <span class='ocrx_word' id='word_1_173' title='bbox 2018 3931 2136 3970; x_wconf 90' lang='lat' dir='ltr'><strong><em>esse</em></strong></span> <span class='ocrx_word' id='word_1_174' title='bbox 2164 3931 2252 3969; x_wconf 90' lang='lat' dir='ltr'><strong><em>er-</em></strong></span> 
     </span>
    </p>
   </div>
   <div class='ocr_carea' id='block_1_25' title="bbox 695 4007 2258 4084">
    <p class='ocr_par' dir='ltr' id='par_1_25' title="bbox 695 4007 2258 4084">
     <span class='ocr_line' id='line_1_25' title="bbox 695 4007 2258 4084; baseline -0.005 -19"><span class='ocrx_word' id='word_1_175' title='bbox 695 4033 756 4084; x_wconf 75' lang='lat' dir='ltr'><strong><em>gn</em></strong></span> <span class='ocrx_word' id='word_1_176' title='bbox 780 4031 962 4070; x_wconf 83' lang='lat' dir='ltr'><strong><em>omnes</em></strong></span> <span class='ocrx_word' id='word_1_177' title='bbox 988 4014 1174 4068; x_wconf 84' lang='lat' dir='ltr'><strong><em>:tﬂ’ectu</em></strong></span> <span class='ocrx_word' id='word_1_178' title='bbox 1201 4029 1214 4077; x_wconf 89' lang='lat'><strong>;</strong></span> <span class='ocrx_word' id='word_1_179' title='bbox 1245 4021 1302 4066; x_wconf 91' lang='lat' dir='ltr'><strong><em>ut</em></strong></span> <span class='ocrx_word' id='word_1_180' title='bbox 1331 4026 1448 4067; x_wconf 88' lang='lat' dir='ltr'><strong><em>cum</em></strong></span> <span class='ocrx_word' id='word_1_181' title='bbox 1471 4011 1673 4072; x_wconf 89' lang='lat' dir='ltr'><strong><em>dicunt,</em></strong></span> <span class='ocrx_word' id='word_1_182' title='bbox 1707 4009 1910 4062; x_wconf 76' lang='lat' dir='ltr'><strong><em>Dimitte</em></strong></span> <span class='ocrx_word' id='word_1_183' title='bbox 1941 4007 2109 4060; x_wconf 86' lang='lat' dir='ltr'><strong><em>turbas</em></strong></span> <span class='ocrx_word' id='word_1_184' title='bbox 2136 4021 2154 4070; x_wconf 84' lang='lat'><strong><em>;</em></strong></span> <span class='ocrx_word' id='word_1_185' title='bbox 2184 4016 2258 4068; x_wconf 90' lang='lat' dir='ltr'><strong><em>ct,</em></strong></span> 
     </span>
    </p>
   </div>
   <div class='ocr_carea' id='block_1_26' title="bbox 694 4091 2246 4176">
    <p class='ocr_par' dir='ltr' id='par_1_26' title="bbox 694 4091 2246 4176">
     <span class='ocr_line' id='line_1_26' title="bbox 694 4091 2246 4176; baseline -0.01 -15"><span class='ocrx_word' id='word_1_186' title='bbox 694 4109 803 4161; x_wconf 72' lang='lat' dir='ltr'><strong><em>Scis</em></strong></span> <span class='ocrx_word' id='word_1_187' title='bbox 823 4105 955 4176; x_wconf 86' lang='lat' dir='ltr'><strong><em>quod</em></strong></span> <span class='ocrx_word' id='word_1_188' title='bbox 977 4091 1321 4156; x_wconf 70' lang='lat' dir='ltr'><strong><em>scandalizuti</em></strong></span> <span class='ocrx_word' id='word_1_189' title='bbox 1342 4103 1440 4153; x_wconf 86' lang='lat' dir='ltr'><strong><em>sint</em></strong></span> <span class='ocrx_word' id='word_1_190' title='bbox 1468 4100 1611 4168; x_wconf 74' lang='lat' dir='ltr'><strong><em>(Luc.</em></strong></span> <span class='ocrx_word' id='word_1_191' title='bbox 1633 4101 1682 4150; x_wconf 86' lang='lat'><strong><em>9.</em></strong></span> <span class='ocrx_word' id='word_1_192' title='bbox 1714 4098 1794 4149; x_wconf 67' lang='lat' dir='ltr'><strong><em>l2.</em></strong></span> <span class='ocrx_word' id='word_1_193' title='bbox 1819 4096 1999 4148; x_wconf 77' lang='lat' dir='ltr'><strong><em>Matth.</em></strong></span> <span class='ocrx_word' id='word_1_194' title='bbox 2033 4095 2246 4161; x_wconf 64' lang='lat'><strong><em>15.12).</em></strong></span> 
     </span>
    </p>
   </div>
   <div class='ocr_carea' id='block_1_27' title="bbox 697 4189 2252 4264">
    <p class='ocr_par' dir='ltr' id='par_1_27' title="bbox 697 4189 2252 4264">
     <span class='ocr_line' id='line_1_27' title="bbox 697 4189 2252 4264; baseline -0.008 -15"><span class='ocrx_word' id='word_1_195' title='bbox 697 4197 833 4262; x_wconf 82' lang='lat' dir='ltr'><strong><em>Quid</em></strong></span> <span class='ocrx_word' id='word_1_196' title='bbox 891 4211 1017 4264; x_wconf 84' lang='lat' dir='ltr'><strong><em>ergo</em></strong></span> <span class='ocrx_word' id='word_1_197' title='bbox 1065 4193 1346 4248; x_wconf 83' lang='lat' dir='ltr'><strong><em>Christus?</em></strong></span> <span class='ocrx_word' id='word_1_198' title='bbox 1400 4190 1534 4255; x_wconf 84' lang='lat' dir='ltr'><strong><em>Quia</em></strong></span> <span class='ocrx_word' id='word_1_199' title='bbox 1583 4190 1717 4242; x_wconf 80' lang='lat' dir='ltr'><strong><em>vobis</em></strong></span> <span class='ocrx_word' id='word_1_200' title='bbox 1755 4189 1936 4240; x_wconf 87' lang='lat' dir='ltr'><strong><em>datum</em></strong></span> <span class='ocrx_word' id='word_1_201' title='bbox 1988 4197 2059 4240; x_wconf 77' lang='lat' dir='ltr'><strong><em>est</em></strong></span> <span class='ocrx_word' id='word_1_202' title='bbox 2107 4203 2252 4238; x_wconf 82' lang='lat' dir='ltr'><strong><em>uossc</em></strong></span> 
     </span>
    </p>
   </div>
   <div class='ocr_carea' id='block_1_28' title="bbox 703 4281 2265 4356">
    <p class='ocr_par' dir='ltr' id='par_1_28' title="bbox 703 4281 2265 4356">
     <span class='ocr_line' id='line_1_28' title="bbox 703 4281 2265 4356; baseline -0.007 -15"><span class='ocrx_word' id='word_1_203' title='bbox 703 4289 1006 4356; x_wconf 78' lang='lat' dir='ltr'><strong><em>mysterium</em></strong></span> <span class='ocrx_word' id='word_1_204' title='bbox 1038 4286 1178 4353; x_wconf 79' lang='lat' dir='ltr'><strong><em>regni</em></strong></span> <span class='ocrx_word' id='word_1_205' title='bbox 1214 4284 1454 4338; x_wconf 67' lang='lat' dir='ltr'><strong><em>caelorum</em></strong></span> <span class='ocrx_word' id='word_1_206' title='bbox 1480 4299 1496 4336; x_wconf 92' lang='lat'><strong><em>:</em></strong></span> <span class='ocrx_word' id='word_1_207' title='bbox 1521 4283 1623 4336; x_wconf 89' lang='lat' dir='ltr'><strong><em>illis</em></strong></span> <span class='ocrx_word' id='word_1_208' title='bbox 1648 4292 1820 4333; x_wconf 88' lang='lat' dir='ltr'><strong><em>autem</em></strong></span> <span class='ocrx_word' id='word_1_209' title='bbox 1844 4281 2022 4332; x_wconf 86' lang='lat' dir='ltr'><strong><em>datum</em></strong></span> <span class='ocrx_word' id='word_1_210' title='bbox 2051 4295 2150 4332; x_wconf 85' lang='lat' dir='ltr'><strong><em>non</em></strong></span> <span class='ocrx_word' id='word_1_211' title='bbox 2177 4289 2265 4331; x_wconf 84' lang='lat' dir='ltr'><strong><em>est.</em></strong></span> 
     </span>
    </p>
   </div>
   <div class='ocr_carea' id='block_1_29' title="bbox 698 4367 2260 4436">
    <p class='ocr_par' dir='ltr' id='par_1_29' title="bbox 698 4367 2260 4436">
     <span class='ocr_line' id='line_1_29' title="bbox 698 4367 2260 4436; baseline -0.007 -7"><span class='ocrx_word' id='word_1_212' title='bbox 698 4377 827 4430; x_wconf 93' lang='lat' dir='ltr'><strong><em>lllud</em></strong></span> <span class='ocrx_word' id='word_1_213' title='bbox 860 4387 1033 4428; x_wconf 89' lang='lat' dir='ltr'><strong><em>autem</em></strong></span> <span class='ocrx_word' id='word_1_214' title='bbox 1055 4373 1206 4436; x_wconf 80' lang='lat' dir='ltr'><strong><em>dixit,</em></strong></span> <span class='ocrx_word' id='word_1_215' title='bbox 1236 4387 1340 4424; x_wconf 88' lang='lat' dir='ltr'><strong><em>non</em></strong></span> <span class='ocrx_word' id='word_1_216' title='bbox 1369 4370 1736 4424; x_wconf 81' lang='lat' dir='ltr'><strong><em>necessitatem</em></strong></span> <span class='ocrx_word' id='word_1_217' title='bbox 1759 4367 2010 4421; x_wconf 86' lang='lat' dir='ltr'><strong><em>inducens</em></strong></span> <span class='ocrx_word' id='word_1_218' title='bbox 2035 4407 2050 4428; x_wconf 84' lang='lat'><strong><em>.</em></strong></span> <span class='ocrx_word' id='word_1_219' title='bbox 2093 4380 2260 4434; x_wconf 91' lang='lat' dir='ltr'><strong><em>neque</em></strong></span> 
     </span>
    </p>
   </div>
   <div class='ocr_carea' id='block_1_30' title="bbox 695 4455 2257 4532">
    <p class='ocr_par' dir='ltr' id='par_1_30' title="bbox 695 4455 2257 4532">
     <span class='ocr_line' id='line_1_30' title="bbox 695 4455 2257 4532; baseline -0.008 -11"><span class='ocrx_word' id='word_1_220' title='bbox 695 4478 891 4521; x_wconf 77' lang='lat' dir='ltr'><strong><em>sortem</em></strong></span> <span class='ocrx_word' id='word_1_221' title='bbox 923 4464 1200 4532; x_wconf 76' lang='lat' dir='ltr'><strong><em>quamdam</em></strong></span> <span class='ocrx_word' id='word_1_222' title='bbox 1231 4472 1432 4516; x_wconf 86' lang='lat' dir='ltr'><strong><em>temere</em></strong></span> <span class='ocrx_word' id='word_1_223' title='bbox 1459 4469 1510 4514; x_wconf 90' lang='lat' dir='ltr'><strong><em>et</em></strong></span> <span class='ocrx_word' id='word_1_224' title='bbox 1531 4459 1842 4528; x_wconf 82' lang='lat' dir='ltr'><strong><em>simpliciter</em></strong></span> <span class='ocrx_word' id='word_1_225' title='bbox 1865 4460 2076 4513; x_wconf 90' lang='lat' dir='ltr'><strong><em>missam</em></strong></span> <span class='ocrx_word' id='word_1_226' title='bbox 2103 4474 2116 4520; x_wconf 88' lang='lat'><strong>;</strong></span> <span class='ocrx_word' id='word_1_227' title='bbox 2165 4455 2257 4510; x_wconf 89' lang='lat' dir='ltr'><strong><em>sed</em></strong></span> 
     </span>
    </p>
   </div>
   <div class='ocr_carea' id='block_1_31' title="bbox 693 4546 2272 4622">
    <p class='ocr_par' dir='ltr' id='par_1_31' title="bbox 693 4546 2272 4622">
     <span class='ocr_line' id='line_1_31' title="bbox 693 4546 2272 4622; baseline -0.009 -12"><span class='ocrx_word' id='word_1_228' title='bbox 693 4557 978 4611; x_wconf 82' lang='lat' dir='ltr'><strong><em>ostendens</em></strong></span> <span class='ocrx_word' id='word_1_229' title='bbox 1002 4554 1142 4622; x_wconf 82' lang='lat' dir='ltr'><strong><em>ipsos</em></strong></span> <span class='ocrx_word' id='word_1_230' title='bbox 1173 4554 1269 4607; x_wconf 91' lang='lat' dir='ltr'><strong><em>sibi</em></strong></span> <span class='ocrx_word' id='word_1_231' title='bbox 1298 4567 1508 4605; x_wconf 88' lang='lat' dir='ltr'><strong><em>causam</em></strong></span> <span class='ocrx_word' id='word_1_232' title='bbox 1532 4564 1651 4604; x_wconf 91' lang='lat' dir='ltr'><strong><em>esse</em></strong></span> <span class='ocrx_word' id='word_1_233' title='bbox 1673 4547 1981 4616; x_wconf 76' lang='lat' dir='ltr'><strong><em>malorum‘,</em></strong></span> <span class='ocrx_word' id='word_1_234' title='bbox 2004 4557 2061 4601; x_wconf 89' lang='lat' dir='ltr'><strong><em>ut</em></strong></span> <span class='ocrx_word' id='word_1_235' title='bbox 2085 4546 2272 4621; x_wconf 50' lang='lat' dir='ltr'><strong><em>declaa</em></strong></span> 
     </span>
    </p>
   </div>
   <div class='ocr_carea' id='block_1_32' title="bbox 695 4639 2254 4710">
    <p class='ocr_par' dir='ltr' id='par_1_32' title="bbox 695 4639 2254 4710">
     <span class='ocr_line' id='line_1_32' title="bbox 695 4639 2254 4710; baseline -0.007 -10"><span class='ocrx_word' id='word_1_236' title='bbox 695 4659 794 4708; x_wconf 87' lang='lat' dir='ltr'><strong><em>rel,</em></strong></span> <span class='ocrx_word' id='word_1_237' title='bbox 829 4647 1023 4699; x_wconf 88' lang='lat' dir='ltr'><strong><em>donum</em></strong></span> <span class='ocrx_word' id='word_1_238' title='bbox 1052 4645 1177 4698; x_wconf 91' lang='lat' dir='ltr'><strong><em>illud</em></strong></span> <span class='ocrx_word' id='word_1_239' title='bbox 1206 4660 1322 4698; x_wconf 83' lang='lat' dir='ltr'><strong><em>esse</em></strong></span> <span class='ocrx_word' id='word_1_240' title='bbox 1348 4685 1360 4705; x_wconf 87' lang='lat'><strong>,</strong></span> <span class='ocrx_word' id='word_1_241' title='bbox 1404 4652 1456 4695; x_wconf 91' lang='lat' dir='ltr'><strong><em>et</em></strong></span> <span class='ocrx_word' id='word_1_242' title='bbox 1501 4643 1723 4710; x_wconf 78' lang='lat' dir='ltr'><strong><em>gratiam</em></strong></span> <span class='ocrx_word' id='word_1_243' title='bbox 1782 4654 2009 4707; x_wconf 88' lang='lat' dir='ltr'><strong><em>superne</em></strong></span> <span class='ocrx_word' id='word_1_244' title='bbox 2060 4639 2254 4691; x_wconf 86' lang='lat' dir='ltr'><strong><em>datam.</em></strong></span> 
     </span>
    </p>
   </div>
   <div class='ocr_carea' id='block_1_33' title="bbox 615 4728 2254 4805">
    <p class='ocr_par' dir='ltr' id='par_1_33' title="bbox 615 4728 2254 4805">
     <span class='ocr_line' id='line_1_33' title="bbox 615 4728 2254 4805; baseline -0.007 -13"><span class='ocrx_word' id='word_1_245' title='bbox 615 4747 624 4758; x_wconf 92' lang='lat'><em>&#39;</em></span> <span class='ocrx_word' id='word_1_246' title='bbox 694 4737 872 4805; x_wconf 75' lang='lat' dir='ltr'><strong><em>Neque</em></strong></span> <span class='ocrx_word' id='word_1_247' title='bbox 895 4745 1066 4787; x_wconf 89' lang='lat' dir='ltr'><strong><em>tamen</em></strong></span> <span class='ocrx_word' id='word_1_248' title='bbox 1089 4734 1206 4801; x_wconf 83' lang='lat' dir='ltr'><strong><em>quia</em></strong></span> <span class='ocrx_word' id='word_1_249' title='bbox 1237 4732 1432 4784; x_wconf 89' lang='lat' dir='ltr'><strong><em>donum</em></strong></span> <span class='ocrx_word' id='word_1_250' title='bbox 1451 4740 1551 4794; x_wconf 88' lang='lat' dir='ltr'><strong><em>est,</em></strong></span> <span class='ocrx_word' id='word_1_251' title='bbox 1585 4730 1702 4782; x_wconf 85' lang='lat' dir='ltr'><strong><em>ideo</em></strong></span> <span class='ocrx_word' id='word_1_252' title='bbox 1728 4731 1952 4782; x_wconf 87' lang='lat' dir='ltr'><strong><em>lihermn</em></strong></span> <span class='ocrx_word' id='word_1_253' title='bbox 1981 4728 2254 4780; x_wconf 85' lang='lat' dir='ltr'><strong><em>arbitrium</em></strong></span> 
     </span>
    </p>
   </div>
   <div class='ocr_carea' id='block_1_34' title="bbox 691 4819 2254 4890">
    <p class='ocr_par' dir='ltr' id='par_1_34' title="bbox 691 4819 2254 4890">
     <span class='ocr_line' id='line_1_34' title="bbox 691 4819 2254 4890; baseline -0.006 -10"><span class='ocrx_word' id='word_1_254' title='bbox 691 4837 772 4880; x_wconf 80' lang='lat' dir='ltr'><strong><em>est</em></strong></span> <span class='ocrx_word' id='word_1_255' title='bbox 801 4825 1062 4879; x_wconf 86' lang='lat' dir='ltr'><strong><em>sublatum</em></strong></span> <span class='ocrx_word' id='word_1_256' title='bbox 1085 4842 1095 4875; x_wconf 93' lang='lat'><strong><em>:</em></strong></span> <span class='ocrx_word' id='word_1_257' title='bbox 1128 4822 1177 4876; x_wconf 91' lang='lat' dir='ltr'><strong><em>id</em></strong></span> <span class='ocrx_word' id='word_1_258' title='bbox 1197 4821 1334 4890; x_wconf 90' lang='lat' dir='ltr'><strong><em>quod</em></strong></span> <span class='ocrx_word' id='word_1_259' title='bbox 1357 4837 1418 4876; x_wconf 80' lang='lat' dir='ltr'><strong><em>ex</em></strong></span> <span class='ocrx_word' id='word_1_260' title='bbox 1436 4821 1776 4888; x_wconf 81' lang='lat' dir='ltr'><strong><em>sequentibus</em></strong></span> <span class='ocrx_word' id='word_1_261' title='bbox 1801 4819 2132 4872; x_wconf 80' lang='lat' dir='ltr'><strong><em>manifestum</em></strong></span> <span class='ocrx_word' id='word_1_262' title='bbox 2156 4827 2254 4872; x_wconf 87' lang='lat' dir='ltr'><strong><em>est.</em></strong></span> 
     </span>
    </p>
   </div>
   <div class='ocr_carea' id='block_1_35' title="bbox 700 4912 2258 4986">
    <p class='ocr_par' dir='ltr' id='par_1_35' title="bbox 700 4912 2258 4986">
     <span class='ocr_line' id='line_1_35' title="bbox 700 4912 2258 4986; baseline -0.005 -14"><span class='ocrx_word' id='word_1_263' title='bbox 700 4918 828 4972; x_wconf 76' lang='lat' dir='ltr'><strong><em>Vide</em></strong></span> <span class='ocrx_word' id='word_1_264' title='bbox 859 4918 1014 4986; x_wconf 81' lang='lat' dir='ltr'><strong><em>igitur</em></strong></span> <span class='ocrx_word' id='word_1_265' title='bbox 1043 4913 1346 4984; x_wconf 86' lang='lat' dir='ltr'><strong><em>quomodo,</em></strong></span> <span class='ocrx_word' id='word_1_266' title='bbox 1381 4923 1435 4965; x_wconf 89' lang='lat' dir='ltr'><strong><em>ttt</em></strong></span> <span class='ocrx_word' id='word_1_267' title='bbox 1481 4927 1647 4981; x_wconf 90' lang='lat' dir='ltr'><strong><em>neque</em></strong></span> <span class='ocrx_word' id='word_1_268' title='bbox 1693 4912 1764 4964; x_wconf 87' lang='lat' dir='ltr'><strong><em>illi</em></strong></span> <span class='ocrx_word' id='word_1_269' title='bbox 1811 4912 2112 4978; x_wconf 64' lang='lat' dir='ltr'><strong><em>desinerent,</em></strong></span> <span class='ocrx_word' id='word_1_270' title='bbox 2166 4924 2258 4964; x_wconf 83' lang='lat' dir='ltr'><strong><em>ne-</em></strong></span> 
     </span>
    </p>
   </div>
   <div class='ocr_carea' id='block_1_36' title="bbox 691 5003 2252 5079">
    <p class='ocr_par' dir='ltr' id='par_1_36' title="bbox 691 5003 2252 5079">
     <span class='ocr_line' id='line_1_36' title="bbox 691 5003 2252 5079; baseline -0.003 -18"><span class='ocrx_word' id='word_1_271' title='bbox 691 5027 794 5079; x_wconf 89' lang='lat' dir='ltr'><strong><em>que</em></strong></span> <span class='ocrx_word' id='word_1_272' title='bbox 825 5008 887 5062; x_wconf 86' lang='lat' dir='ltr'><strong><em>hi</em></strong></span> <span class='ocrx_word' id='word_1_273' title='bbox 906 5009 1228 5076; x_wconf 79' lang='lat' dir='ltr'><strong><em>negligenter</em></strong></span> <span class='ocrx_word' id='word_1_274' title='bbox 1254 5015 1431 5075; x_wconf 80' lang='lat' dir='ltr'><strong><em>agant.</em></strong></span> <span class='ocrx_word' id='word_1_275' title='bbox 1453 5004 1728 5058; x_wconf 85' lang='lat' dir='ltr'><strong><em>audientes</em></strong></span> <span class='ocrx_word' id='word_1_276' title='bbox 1761 5003 1883 5056; x_wconf 90' lang='lat' dir='ltr'><strong><em>illud</em></strong></span> <span class='ocrx_word' id='word_1_277' title='bbox 1909 5003 2089 5056; x_wconf 90' lang='lat' dir='ltr'><strong><em>datum</em></strong></span> <span class='ocrx_word' id='word_1_278' title='bbox 2113 5017 2252 5065; x_wconf 87' lang='lat' dir='ltr'><strong><em>esse,</em></strong></span> 
     </span>
    </p>
   </div>
   <div class='ocr_carea' id='block_1_37' title="bbox 690 5094 2256 5168">
    <p class='ocr_par' dir='ltr' id='par_1_37' title="bbox 690 5094 2256 5168">
     <span class='ocr_line' id='line_1_37' title="bbox 690 5094 2256 5168; baseline -0.003 -18"><span class='ocrx_word' id='word_1_279' title='bbox 690 5115 852 5168; x_wconf 83' lang='lat' dir='ltr'><strong><em>penes</em></strong></span> <span class='ocrx_word' id='word_1_280' title='bbox 879 5115 974 5150; x_wconf 84' lang='lat' dir='ltr'><strong><em>nos</em></strong></span> <span class='ocrx_word' id='word_1_281' title='bbox 1005 5112 1121 5152; x_wconf 84' lang='lat' dir='ltr'><strong><em>esse</em></strong></span> <span class='ocrx_word' id='word_1_282' title='bbox 1148 5097 1352 5150; x_wconf 87' lang='lat' dir='ltr'><strong><em>initium</em></strong></span> <span class='ocrx_word' id='word_1_283' title='bbox 1384 5095 1542 5150; x_wconf 86' lang='lat' dir='ltr'><strong><em>dicat.</em></strong></span> <span class='ocrx_word' id='word_1_284' title='bbox 1575 5095 1657 5149; x_wconf 74' lang='grc'><strong>12.</strong></span> <span class='ocrx_word' id='word_1_285' title='bbox 1696 5095 2002 5162; x_wconf 83' lang='lat' dir='ltr'><strong><em>Quicumque</em></strong></span> <span class='ocrx_word' id='word_1_286' title='bbox 2019 5097 2145 5147; x_wconf 85' lang='lat' dir='ltr'><strong><em>enim</em></strong></span> <span class='ocrx_word' id='word_1_287' title='bbox 2165 5094 2256 5146; x_wconf 82' lang='lat' dir='ltr'><strong><em>ha-</em></strong></span> 
     </span>
    </p>
   </div>
   <div class='ocr_carea' id='block_1_38' title="bbox 690 5184 2255 5253">
    <p class='ocr_par' dir='ltr' id='par_1_38' title="bbox 690 5184 2255 5253">
     <span class='ocr_line' id='line_1_38' title="bbox 690 5184 2255 5253; baseline -0.003 -12"><span class='ocrx_word' id='word_1_288' title='bbox 690 5193 785 5253; x_wconf 86' lang='lat' dir='ltr'><strong><em>bct,</em></strong></span> <span class='ocrx_word' id='word_1_289' title='bbox 817 5190 1017 5241; x_wconf 84' lang='lat' dir='ltr'><strong><em>dabitur</em></strong></span> <span class='ocrx_word' id='word_1_290' title='bbox 1041 5187 1084 5239; x_wconf 85' lang='lat' dir='ltr'><strong><em>ci</em></strong></span> <span class='ocrx_word' id='word_1_291' title='bbox 1111 5228 1122 5248; x_wconf 89' lang='lat'><strong><em>,</em></strong></span> <span class='ocrx_word' id='word_1_292' title='bbox 1175 5195 1219 5238; x_wconf 80' lang='lat' dir='ltr'><strong><em>et</em></strong></span> <span class='ocrx_word' id='word_1_293' title='bbox 1267 5184 1575 5238; x_wconf 84' lang='lat' dir='ltr'><strong><em>abundabit:</em></strong></span> <span class='ocrx_word' id='word_1_294' title='bbox 1618 5185 1911 5253; x_wconf 85' lang='lat' dir='ltr'><strong><em>quicumque</em></strong></span> <span class='ocrx_word' id='word_1_295' title='bbox 1955 5195 2116 5236; x_wconf 83' lang='lat' dir='ltr'><strong><em>autem</em></strong></span> <span class='ocrx_word' id='word_1_296' title='bbox 2157 5201 2255 5237; x_wconf 87' lang='lat' dir='ltr'><strong><em>non</em></strong></span> 
     </span>
    </p>
   </div>
   <div class='ocr_carea' id='block_1_39' title="bbox 693 5277 2252 5346">
    <p class='ocr_par' dir='ltr' id='par_1_39' title="bbox 693 5277 2252 5346">
     <span class='ocr_line' id='line_1_39' title="bbox 693 5277 2252 5346; baseline -0.003 -12"><span class='ocrx_word' id='word_1_297' title='bbox 693 5285 854 5344; x_wconf 78' lang='lat' dir='ltr'><strong><em>habet,</em></strong></span> <span class='ocrx_word' id='word_1_298' title='bbox 882 5290 923 5332; x_wconf 83' lang='lat' dir='ltr'><strong><em>cl</em></strong></span> <span class='ocrx_word' id='word_1_299' title='bbox 967 5279 1099 5343; x_wconf 89' lang='lat' dir='ltr'><strong><em>quod</em></strong></span> <span class='ocrx_word' id='word_1_300' title='bbox 1143 5278 1338 5330; x_wconf 83' lang='lat' dir='ltr'><strong><em>videtur</em></strong></span> <span class='ocrx_word' id='word_1_301' title='bbox 1373 5277 1550 5330; x_wconf 69' lang='lat' dir='ltr'><strong><em>habere</em></strong></span> <span class='ocrx_word' id='word_1_302' title='bbox 1583 5281 1833 5346; x_wconf 77' lang='lat' dir='ltr'><strong><em>auferetur</em></strong></span> <span class='ocrx_word' id='word_1_303' title='bbox 1863 5277 1923 5329; x_wconf 91' lang='lat' dir='ltr'><strong><em>ab</em></strong></span> <span class='ocrx_word' id='word_1_304' title='bbox 1965 5293 2039 5329; x_wconf 84' lang='lat' dir='ltr'><strong><em>eo.</em></strong></span> <span class='ocrx_word' id='word_1_305' title='bbox 2097 5277 2252 5330; x_wconf 65' lang='lat' dir='ltr'><strong><em>Multa</em></strong></span> 
     </span>
    </p>
   </div>
   <div class='ocr_carea' id='block_1_40' title="bbox 691 5367 2258 5437">
    <p class='ocr_par' dir='ltr' id='par_1_40' title="bbox 691 5367 2258 5437">
     <span class='ocr_line' id='line_1_40' title="bbox 691 5367 2258 5437; baseline -0.005 -14"><span class='ocrx_word' id='word_1_306' title='bbox 691 5373 1012 5424; x_wconf 86' lang='lat' dir='ltr'><strong><em>ohseuritate</em></strong></span> <span class='ocrx_word' id='word_1_307' title='bbox 1069 5370 1276 5437; x_wconf 86' lang='lat' dir='ltr'><strong><em>plenum</em></strong></span> <span class='ocrx_word' id='word_1_308' title='bbox 1311 5377 1392 5422; x_wconf 86' lang='lat' dir='ltr'><strong><em>est</em></strong></span> <span class='ocrx_word' id='word_1_309' title='bbox 1423 5369 1470 5421; x_wconf 90' lang='lat' dir='ltr'><strong><em>id</em></strong></span> <span class='ocrx_word' id='word_1_310' title='bbox 1495 5369 1630 5436; x_wconf 89' lang='lat' dir='ltr'><strong><em>quod</em></strong></span> <span class='ocrx_word' id='word_1_311' title='bbox 1663 5368 1854 5420; x_wconf 82' lang='lat' dir='ltr'><strong><em>dicitur</em></strong></span> <span class='ocrx_word' id='word_1_312' title='bbox 1876 5410 1889 5430; x_wconf 83' lang='grc'><em>,</em></span> <span class='ocrx_word' id='word_1_313' title='bbox 1916 5367 2258 5421; x_wconf 71' lang='lat' dir='ltr'><strong><em>iuell&#39;ahilem.</em></strong></span> 
     </span>
    </p>
   </div>
   <div class='ocr_carea' id='block_1_41' title="bbox 692 5459 2251 5531">
    <p class='ocr_par' dir='ltr' id='par_1_41' title="bbox 692 5459 2251 5531">
     <span class='ocr_line' id='line_1_41' title="bbox 692 5459 2251 5531; baseline -0.002 -17"><span class='ocrx_word' id='word_1_314' title='bbox 692 5462 1065 5531; x_wconf 76' lang='lat' dir='ltr'><strong><em>qttcjllsllliattt</em></strong></span> <span class='ocrx_word' id='word_1_315' title='bbox 1100 5460 1349 5515; x_wconf 86' lang='lat' dir='ltr'><strong><em>ostendit.</em></strong></span> <span class='ocrx_word' id='word_1_316' title='bbox 1383 5460 1494 5514; x_wconf 83' lang='lat' dir='ltr'><strong><em>[loc</em></strong></span> <span class='ocrx_word' id='word_1_317' title='bbox 1523 5469 1697 5513; x_wconf 83' lang='lat' dir='ltr'><strong><em>autem</em></strong></span> <span class='ocrx_word' id='word_1_318' title='bbox 1729 5460 1986 5530; x_wconf 68' lang='lat' dir='ltr'><strong><em>signiﬁcat</em></strong></span> <span class='ocrx_word' id='word_1_319' title='bbox 2015 5476 2030 5511; x_wconf 88' lang='lat'><strong><em>:</em></strong></span> <span class='ocrx_word' id='word_1_320' title='bbox 2085 5459 2140 5512; x_wconf 83' lang='lat' dir='ltr'><strong><em>Ei</em></strong></span> <span class='ocrx_word' id='word_1_321' title='bbox 2166 5459 2251 5526; x_wconf 85' lang='lat' dir='ltr'><strong><em>qui</em></strong></span> 
     </span>
    </p>
   </div>
   <div class='ocr_carea' id='block_1_42' title="bbox 752 5635 2256 5706">
    <p class='ocr_par' dir='ltr' id='par_1_42' title="bbox 752 5635 2256 5706">
     <span class='ocr_line' id='line_1_42' title="bbox 752 5635 2256 5706; baseline 0.003 -24"><span class='ocrx_word' id='word_1_322' title='bbox 752 5642 762 5666; x_wconf 84' lang='grc' dir='ltr'>ι</span> <span class='ocrx_word' id='word_1_323' title='bbox 805 5635 1106 5706; x_wconf 66' lang='grc' dir='ltr'><strong><em>Αῐὶῌιειιιριιι,</em></strong></span> <span class='ocrx_word' id='word_1_324' title='bbox 1134 5635 1216 5684; x_wconf 74' lang='lat' dir='ltr'><strong><em>sed</em></strong></span> <span class='ocrx_word' id='word_1_325' title='bbox 1242 5637 1486 5706; x_wconf 68' lang='lat' dir='ltr'><strong><em>ostendens</em></strong></span> <span class='ocrx_word' id='word_1_326' title='bbox 1509 5635 1633 5694; x_wconf 76' lang='lat' dir='ltr'><strong><em>ipsos</em></strong></span> <span class='ocrx_word' id='word_1_327' title='bbox 1657 5636 1746 5687; x_wconf 84' lang='lat' dir='ltr'><strong><em>sibi</em></strong></span> <span class='ocrx_word' id='word_1_328' title='bbox 1769 5636 1882 5699; x_wconf 75' lang='lat' dir='ltr'><strong><em>ipsis</em></strong></span> <span class='ocrx_word' id='word_1_329' title='bbox 1907 5649 1996 5687; x_wconf 83' lang='lat' dir='ltr'><strong><em>non</em></strong></span> <span class='ocrx_word' id='word_1_330' title='bbox 2017 5635 2256 5687; x_wconf 84' lang='lat' dir='ltr'><strong><em>attenden-</em></strong></span> 
     </span>
    </p>
   </div>
   <div class='ocr_carea' id='block_1_43' title="bbox 685 5700 1590 5748">
    <p class='ocr_par' dir='ltr' id='par_1_43' title="bbox 685 5700 1590 5748">
     <span class='ocr_line' id='line_1_43' title="bbox 685 5700 1590 5748; baseline 0.001 -3"><span class='ocrx_word' id='word_1_331' title='bbox 685 5706 754 5745; x_wconf 54' lang='grc' dir='ltr'><strong><em>ινδ</em></strong></span> <span class='ocrx_word' id='word_1_332' title='bbox 773 5700 978 5747; x_wconf 58' lang='lat' dir='ltr'><strong><em>nuntium</em></strong></span> <span class='ocrx_word' id='word_1_333' title='bbox 1003 5711 1102 5746; x_wconf 64' lang='lat' dir='ltr'><strong><em>esse</em></strong></span> <span class='ocrx_word' id='word_1_334' title='bbox 1127 5711 1318 5747; x_wconf 69' lang='lat' dir='ltr'><strong><em>ciatsttm</em></strong></span> <span class='ocrx_word' id='word_1_335' title='bbox 1342 5700 1590 5748; x_wconf 82' lang='lat' dir='ltr'><strong><em>mutarunt.</em></strong></span> 
     </span>
    </p>
   </div>
   <div class='ocr_carea' id='block_1_44' title="bbox 2389 2351 3954 2420">
    <p class='ocr_par' dir='ltr' id='par_1_44' title="bbox 2389 2351 3954 2420">
     <span class='ocr_line' id='line_1_44' title="bbox 2389 2351 3954 2420; baseline 0.006 -14"><span class='ocrx_word' id='word_1_336' title='bbox 2389 2351 2653 2408; x_wconf 79' lang='lat' dir='ltr'><strong><em>desiderio</em></strong></span> <span class='ocrx_word' id='word_1_337' title='bbox 2675 2364 2720 2408; x_wconf 90' lang='lat' dir='ltr'><strong><em>el</em></strong></span> <span class='ocrx_word' id='word_1_338' title='bbox 2747 2353 2919 2406; x_wconf 88' lang='lat' dir='ltr'><strong><em>studio</em></strong></span> <span class='ocrx_word' id='word_1_339' title='bbox 2943 2352 3126 2420; x_wconf 84' lang='lat' dir='ltr'><strong><em>plenus</em></strong></span> <span class='ocrx_word' id='word_1_340' title='bbox 3154 2363 3253 2416; x_wconf 85' lang='lat' dir='ltr'><strong><em>est,</em></strong></span> <span class='ocrx_word' id='word_1_341' title='bbox 3278 2354 3542 2410; x_wconf 88' lang='lat' dir='ltr'><strong><em>dabuntur</em></strong></span> <span class='ocrx_word' id='word_1_342' title='bbox 3565 2373 3591 2410; x_wconf 89' lang='lat' dir='ltr'><strong><em>a</em></strong></span> <span class='ocrx_word' id='word_1_343' title='bbox 3625 2359 3729 2413; x_wconf 72' lang='lat' dir='ltr'><strong><em>Deo</em></strong></span> <span class='ocrx_word' id='word_1_344' title='bbox 3747 2363 3954 2415; x_wconf 83' lang='lat' dir='ltr'><strong><em>omnia:</em></strong></span> 
     </span>
    </p>
   </div>
   <div class='ocr_carea' id='block_1_45' title="bbox 2385 2445 3955 2520">
    <p class='ocr_par' dir='ltr' id='par_1_45' title="bbox 2385 2445 3955 2520">
     <span class='ocr_line' id='line_1_45' title="bbox 2385 2445 3955 2520; baseline 0.006 -22"><span class='ocrx_word' id='word_1_345' title='bbox 2385 2445 2432 2498; x_wconf 89' lang='lat' dir='ltr'><strong><em>ei</em></strong></span> <span class='ocrx_word' id='word_1_346' title='bbox 2478 2459 2605 2498; x_wconf 80' lang='lat' dir='ltr'><strong><em>vero</em></strong></span> <span class='ocrx_word' id='word_1_347' title='bbox 2633 2446 2719 2514; x_wconf 86' lang='lat' dir='ltr'><strong><em>qui</em></strong></span> <span class='ocrx_word' id='word_1_348' title='bbox 2750 2445 2831 2498; x_wconf 92' lang='lat' dir='ltr'><strong><em>his</em></strong></span> <span class='ocrx_word' id='word_1_349' title='bbox 2861 2459 3055 2500; x_wconf 74' lang='lat' dir='ltr'><strong><em>vacuus</em></strong></span> <span class='ocrx_word' id='word_1_350' title='bbox 3086 2455 3204 2509; x_wconf 88' lang='lat' dir='ltr'><strong><em>est,</em></strong></span> <span class='ocrx_word' id='word_1_351' title='bbox 3258 2463 3356 2500; x_wconf 89' lang='lat' dir='ltr'><strong><em>nec</em></strong></span> <span class='ocrx_word' id='word_1_352' title='bbox 3406 2463 3466 2501; x_wconf 84' lang='lat' dir='ltr'><strong><em>ea</em></strong></span> <span class='ocrx_word' id='word_1_353' title='bbox 3515 2464 3631 2518; x_wconf 85' lang='lat' dir='ltr'><strong><em>qu.e</em></strong></span> <span class='ocrx_word' id='word_1_354' title='bbox 3673 2467 3837 2520; x_wconf 83' lang='lat' dir='ltr'><strong><em>penes</em></strong></span> <span class='ocrx_word' id='word_1_355' title='bbox 3895 2468 3955 2507; x_wconf 88' lang='lat' dir='ltr'><strong><em>se</em></strong></span> 
     </span>
    </p>
   </div>
   <div class='ocr_carea' id='block_1_46' title="bbox 2383 2533 3951 2603">
    <p class='ocr_par' dir='ltr' id='par_1_46' title="bbox 2383 2533 3951 2603">
     <span class='ocr_line' id='line_1_46' title="bbox 2383 2533 3951 2603; baseline 0.004 -17"><span class='ocrx_word' id='word_1_356' title='bbox 2383 2543 2506 2586; x_wconf 91' lang='lat' dir='ltr'><strong><em>sunt</em></strong></span> <span class='ocrx_word' id='word_1_357' title='bbox 2535 2533 2656 2588; x_wconf 80' lang='lat' dir='ltr'><strong><em>facit</em></strong></span> <span class='ocrx_word' id='word_1_358' title='bbox 2679 2575 2691 2596; x_wconf 84' lang='lat'><strong><em>.</em></strong></span> <span class='ocrx_word' id='word_1_359' title='bbox 2743 2550 2913 2603; x_wconf 90' lang='lat' dir='ltr'><strong><em>neque</em></strong></span> <span class='ocrx_word' id='word_1_360' title='bbox 2939 2549 3000 2588; x_wconf 87' lang='lat' dir='ltr'><strong><em>ea</em></strong></span> <span class='ocrx_word' id='word_1_361' title='bbox 3033 2550 3149 2603; x_wconf 82' lang='lat' dir='ltr'><strong><em>qua:</em></strong></span> <span class='ocrx_word' id='word_1_362' title='bbox 3179 2550 3206 2586; x_wconf 85' lang='lat' dir='ltr'><strong><em>a</em></strong></span> <span class='ocrx_word' id='word_1_363' title='bbox 3243 2536 3350 2589; x_wconf 89' lang='lat' dir='ltr'><strong><em>Deo</em></strong></span> <span class='ocrx_word' id='word_1_364' title='bbox 3376 2545 3495 2590; x_wconf 79' lang='lat' dir='ltr'><strong><em>sunt</em></strong></span> <span class='ocrx_word' id='word_1_365' title='bbox 3545 2538 3811 2595; x_wconf 88' lang='lat' dir='ltr'><strong><em>dabuntur</em></strong></span> <span class='ocrx_word' id='word_1_366' title='bbox 3857 2543 3951 2596; x_wconf 84' lang='lat' dir='ltr'><strong><em>illi.</em></strong></span> 
     </span>
    </p>
   </div>
   <div class='ocr_carea' id='block_1_47' title="bbox 2383 2626 3955 2699">
    <p class='ocr_par' dir='ltr' id='par_1_47' title="bbox 2383 2626 3955 2699">
     <span class='ocr_line' id='line_1_47' title="bbox 2383 2626 3955 2699; baseline 0.006 -20"><span class='ocrx_word' id='word_1_367' title='bbox 2383 2626 2529 2690; x_wconf 83' lang='lat' dir='ltr'><strong><em>Nam,</em></strong></span> <span class='ocrx_word' id='word_1_368' title='bbox 2583 2626 2646 2680; x_wconf 82' lang='lat' dir='ltr'><strong><em>Et</em></strong></span> <span class='ocrx_word' id='word_1_369' title='bbox 2685 2627 2818 2695; x_wconf 86' lang='lat' dir='ltr'><strong><em>quod</em></strong></span> <span class='ocrx_word' id='word_1_370' title='bbox 2845 2627 3034 2680; x_wconf 84' lang='lat' dir='ltr'><strong><em>videtur</em></strong></span> <span class='ocrx_word' id='word_1_371' title='bbox 3062 2627 3261 2693; x_wconf 80' lang='lat' dir='ltr'><strong><em>habere,</em></strong></span> <span class='ocrx_word' id='word_1_372' title='bbox 3283 2628 3472 2697; x_wconf 87' lang='lat' dir='ltr'><strong><em>inquit,</em></strong></span> <span class='ocrx_word' id='word_1_373' title='bbox 3498 2635 3755 2699; x_wconf 79' lang='lat' dir='ltr'><strong><em>auferetur</em></strong></span> <span class='ocrx_word' id='word_1_374' title='bbox 3775 2635 3839 2686; x_wconf 87' lang='lat' dir='ltr'><strong><em>ab</em></strong></span> <span class='ocrx_word' id='word_1_375' title='bbox 3861 2651 3917 2687; x_wconf 83' lang='lat' dir='ltr'><strong><em>eo</em></strong></span> <span class='ocrx_word' id='word_1_376' title='bbox 3937 2652 3955 2688; x_wconf 79' lang='lat'><strong><em>.&#39;</em></strong></span> 
     </span>
    </p>
   </div>
   <div class='ocr_carea' id='block_1_48' title="bbox 2383 2718 3953 2790">
    <p class='ocr_par' dir='ltr' id='par_1_48' title="bbox 2383 2718 3953 2790">
     <span class='ocr_line' id='line_1_48' title="bbox 2383 2718 3953 2790; baseline 0.005 -18"><span class='ocrx_word' id='word_1_377' title='bbox 2383 2734 2486 2772; x_wconf 88' lang='lat' dir='ltr'><strong><em>non</em></strong></span> <span class='ocrx_word' id='word_1_378' title='bbox 2518 2719 2624 2772; x_wconf 87' lang='lat' dir='ltr'><strong><em>Deo</em></strong></span> <span class='ocrx_word' id='word_1_379' title='bbox 2651 2718 2946 2784; x_wconf 80' lang='lat' dir='ltr'><strong><em>auferente,</em></strong></span> <span class='ocrx_word' id='word_1_380' title='bbox 2971 2719 3061 2773; x_wconf 73' lang='lat' dir='ltr'><strong><em>sed</em></strong></span> <span class='ocrx_word' id='word_1_381' title='bbox 3084 2735 3177 2773; x_wconf 91' lang='lat' dir='ltr'><strong><em>sua</em></strong></span> <span class='ocrx_word' id='word_1_382' title='bbox 3207 2735 3309 2774; x_wconf 91' lang='lat' dir='ltr'><strong><em>non</em></strong></span> <span class='ocrx_word' id='word_1_383' title='bbox 3331 2723 3622 2790; x_wconf 10' lang='lat' dir='ltr'><strong><em>praaheule.‘</em></strong></span> <span class='ocrx_word' id='word_1_384' title='bbox 3647 2724 3756 2778; x_wconf 85' lang='lat' dir='ltr'><strong><em>Hoc</em></strong></span> <span class='ocrx_word' id='word_1_385' title='bbox 3777 2736 3832 2779; x_wconf 89' lang='lat' dir='ltr'><strong><em>et</em></strong></span> <span class='ocrx_word' id='word_1_386' title='bbox 3856 2742 3953 2780; x_wconf 85' lang='lat' dir='ltr'><strong><em>nos</em></strong></span> 
     </span>
    </p>
   </div>
   <div class='ocr_carea' id='block_1_49' title="bbox 2382 2809 3956 2884">
    <p class='ocr_par' dir='ltr' id='par_1_49' title="bbox 2382 2809 3956 2884">
     <span class='ocr_line' id='line_1_49' title="bbox 2382 2809 3956 2884; baseline 0.006 -21"><span class='ocrx_word' id='word_1_387' title='bbox 2382 2809 2631 2864; x_wconf 80' lang='lat' dir='ltr'><strong><em>facimus:</em></strong></span> <span class='ocrx_word' id='word_1_388' title='bbox 2669 2826 2788 2865; x_wconf 91' lang='lat' dir='ltr'><strong><em>cum</em></strong></span> <span class='ocrx_word' id='word_1_389' title='bbox 2814 2813 3049 2866; x_wconf 72' lang='lat' dir='ltr'><strong><em>ridemus</em></strong></span> <span class='ocrx_word' id='word_1_390' title='bbox 3072 2812 3351 2879; x_wconf 76' lang='lat' dir='ltr'><strong><em>quemdam</em></strong></span> <span class='ocrx_word' id='word_1_391' title='bbox 3373 2815 3604 2884; x_wconf 77' lang='lat' dir='ltr'><strong><em>segniter</em></strong></span> <span class='ocrx_word' id='word_1_392' title='bbox 3628 2817 3956 2884; x_wconf 78' lang='lat' dir='ltr'><strong><em>audientem,</em></strong></span> 
     </span>
    </p>
   </div>
   <div class='ocr_carea' id='block_1_50' title="bbox 2381 2904 3954 2980">
    <p class='ocr_par' dir='ltr' id='par_1_50' title="bbox 2381 2904 3954 2980">
     <span class='ocr_line' id='line_1_50' title="bbox 2381 2904 3954 2980; baseline 0.005 -24"><span class='ocrx_word' id='word_1_393' title='bbox 2381 2913 2433 2957; x_wconf 93' lang='lat' dir='ltr'><strong><em>et</em></strong></span> <span class='ocrx_word' id='word_1_394' title='bbox 2453 2904 2664 2958; x_wconf 88' lang='lat' dir='ltr'><strong><em>monitis</em></strong></span> <span class='ocrx_word' id='word_1_395' title='bbox 2689 2905 2868 2959; x_wconf 89' lang='lat' dir='ltr'><strong><em>multis</em></strong></span> <span class='ocrx_word' id='word_1_396' title='bbox 2895 2921 2997 2958; x_wconf 88' lang='lat' dir='ltr'><strong><em>non</em></strong></span> <span class='ocrx_word' id='word_1_397' title='bbox 3021 2905 3397 2967; x_wconf 78' lang='lat' dir='ltr'><strong><em>atreudentem.</em></strong></span> <span class='ocrx_word' id='word_1_398' title='bbox 3429 2909 3645 2962; x_wconf 76' lang='lat' dir='ltr'><strong><em>silentiis</em></strong></span> <span class='ocrx_word' id='word_1_399' title='bbox 3676 2909 3954 2980; x_wconf 87' lang='lat' dir='ltr'><strong><em>deinceps.</em></strong></span> 
     </span>
    </p>
   </div>
   <div class='ocr_carea' id='block_1_51' title="bbox 2379 2995 3956 3072">
    <p class='ocr_par' dir='ltr' id='par_1_51' title="bbox 2379 2995 3956 3072">
     <span class='ocr_line' id='line_1_51' title="bbox 2379 2995 3956 3072; baseline 0.005 -23"><span class='ocrx_word' id='word_1_400' title='bbox 2379 2995 2507 3050; x_wconf 80' lang='lat' dir='ltr'><strong><em>Nam</em></strong></span> <span class='ocrx_word' id='word_1_401' title='bbox 2535 2997 2576 3049; x_wconf 89' lang='lat' dir='ltr'><strong><em>si</em></strong></span> <span class='ocrx_word' id='word_1_402' title='bbox 2608 3011 2825 3052; x_wconf 82' lang='lat' dir='ltr'><strong><em>monere</em></strong></span> <span class='ocrx_word' id='word_1_403' title='bbox 2878 3013 3156 3068; x_wconf 79' lang='lat' dir='ltr'><strong><em>pergamus</em></strong></span> <span class='ocrx_word' id='word_1_404' title='bbox 3177 3041 3191 3064; x_wconf 86' lang='lat'><strong>,</strong></span> <span class='ocrx_word' id='word_1_405' title='bbox 3233 3014 3454 3070; x_wconf 81' lang='lat' dir='ltr'><strong><em>augetur</em></strong></span> <span class='ocrx_word' id='word_1_406' title='bbox 3478 3003 3746 3070; x_wconf 81' lang='lat' dir='ltr'><strong><em>segnities.</em></strong></span> <span class='ocrx_word' id='word_1_407' title='bbox 3797 3004 3956 3072; x_wconf 84' lang='lat' dir='ltr'><strong><em>Cupi-</em></strong></span> 
     </span>
    </p>
   </div>
   <div class='ocr_carea' id='block_1_52' title="bbox 2379 3087 3955 3164">
    <p class='ocr_par' dir='ltr' id='par_1_52' title="bbox 2379 3087 3955 3164">
     <span class='ocr_line' id='line_1_52' title="bbox 2379 3087 3955 3164; baseline 0.006 -22"><span class='ocrx_word' id='word_1_408' title='bbox 2379 3087 2501 3142; x_wconf 90' lang='lat' dir='ltr'><strong><em>dum</em></strong></span> <span class='ocrx_word' id='word_1_409' title='bbox 2527 3097 2698 3143; x_wconf 85' lang='lat' dir='ltr'><strong><em>autem</em></strong></span> <span class='ocrx_word' id='word_1_410' title='bbox 2727 3089 2964 3143; x_wconf 81' lang='lat' dir='ltr'><strong><em>discendi</em></strong></span> <span class='ocrx_word' id='word_1_411' title='bbox 2988 3091 3322 3156; x_wconf 85' lang='lat' dir='ltr'><strong><em>attrahimus,</em></strong></span> <span class='ocrx_word' id='word_1_412' title='bbox 3352 3094 3622 3164; x_wconf 81' lang='lat' dir='ltr'><strong><em>multaque</em></strong></span> <span class='ocrx_word' id='word_1_413' title='bbox 3652 3097 3812 3149; x_wconf 77' lang='lat' dir='ltr'><strong><em>verba</em></strong></span> <span class='ocrx_word' id='word_1_414' title='bbox 3839 3097 3955 3152; x_wconf 82' lang='lat' dir='ltr'><strong><em>futt-</em></strong></span> 
     </span>
    </p>
   </div>
   <div class='ocr_carea' id='block_1_53' title="bbox 2383 3181 3956 3255">
    <p class='ocr_par' dir='ltr' id='par_1_53' title="bbox 2383 3181 3956 3255">
     <span class='ocr_line' id='line_1_53' title="bbox 2383 3181 3956 3255; baseline 0.006 -20"><span class='ocrx_word' id='word_1_415' title='bbox 2383 3181 2574 3236; x_wconf 85' lang='lat' dir='ltr'><strong><em>dimus.</em></strong></span> <span class='ocrx_word' id='word_1_416' title='bbox 2608 3184 2833 3237; x_wconf 71' lang='lat' dir='ltr'><strong><em>Pulchre</em></strong></span> <span class='ocrx_word' id='word_1_417' title='bbox 2856 3200 2980 3238; x_wconf 80' lang='lat' dir='ltr'><strong><em>vero</em></strong></span> <span class='ocrx_word' id='word_1_418' title='bbox 3003 3184 3153 3248; x_wconf 80' lang='lat' dir='ltr'><strong><em>dixit,</em></strong></span> <span class='ocrx_word' id='word_1_419' title='bbox 3180 3185 3246 3240; x_wconf 81' lang='lat' dir='ltr'><strong><em>Et</em></strong></span> <span class='ocrx_word' id='word_1_420' title='bbox 3271 3189 3404 3255; x_wconf 84' lang='lat' dir='ltr'><strong><em>quod</em></strong></span> <span class='ocrx_word' id='word_1_421' title='bbox 3424 3189 3615 3241; x_wconf 84' lang='lat' dir='ltr'><strong><em>videtur</em></strong></span> <span class='ocrx_word' id='word_1_422' title='bbox 3633 3190 3832 3242; x_wconf 84' lang='lat' dir='ltr'><strong><em>habere.</em></strong></span> <span class='ocrx_word' id='word_1_423' title='bbox 3851 3191 3956 3244; x_wconf 80' lang='lat' dir='ltr'><strong><em>Ne-</em></strong></span> 
     </span>
    </p>
   </div>
   <div class='ocr_carea' id='block_1_54' title="bbox 2379 3275 3955 3344">
    <p class='ocr_par' dir='ltr' id='par_1_54' title="bbox 2379 3275 3955 3344">
     <span class='ocr_line' id='line_1_54' title="bbox 2379 3275 3955 3344; baseline 0.006 -18"><span class='ocrx_word' id='word_1_424' title='bbox 2379 3291 2482 3343; x_wconf 88' lang='lat' dir='ltr'><strong><em>que</em></strong></span> <span class='ocrx_word' id='word_1_425' title='bbox 2505 3278 2640 3328; x_wconf 73' lang='lat' dir='ltr'><strong><em>i-nim</em></strong></span> <span class='ocrx_word' id='word_1_426' title='bbox 2668 3275 2767 3330; x_wconf 78' lang='lat' dir='ltr'><strong><em>hoc</em></strong></span> <span class='ocrx_word' id='word_1_427' title='bbox 2790 3278 2957 3344; x_wconf 88' lang='lat' dir='ltr'><strong><em>ipsum</em></strong></span> <span class='ocrx_word' id='word_1_428' title='bbox 2982 3277 3158 3333; x_wconf 86' lang='lat' dir='ltr'><strong><em>habet.</em></strong></span> <span class='ocrx_word' id='word_1_429' title='bbox 3194 3279 3395 3334; x_wconf 89' lang='lat' dir='ltr'><strong><em>Deinde</em></strong></span> <span class='ocrx_word' id='word_1_430' title='bbox 3425 3281 3537 3336; x_wconf 70' lang='lat' dir='ltr'><strong><em>hmc</em></strong></span> <span class='ocrx_word' id='word_1_431' title='bbox 3558 3282 3780 3336; x_wconf 84' lang='lat' dir='ltr'><strong><em>clariora</em></strong></span> <span class='ocrx_word' id='word_1_432' title='bbox 3832 3285 3955 3338; x_wconf 71' lang='lat' dir='ltr'><strong><em>cili-</em></strong></span> 
     </span>
    </p>
   </div>
   <div class='ocr_carea' id='block_1_55' title="bbox 2379 3366 3956 3437">
    <p class='ocr_par' dir='ltr' id='par_1_55' title="bbox 2379 3366 3956 3437">
     <span class='ocr_line' id='line_1_55' title="bbox 2379 3366 3956 3437; baseline 0.006 -20"><span class='ocrx_word' id='word_1_433' title='bbox 2379 3366 2443 3418; x_wconf 82' lang='lat' dir='ltr'><strong><em>(&#39;ll</em></strong></span> <span class='ocrx_word' id='word_1_434' title='bbox 2475 3407 2486 3427; x_wconf 84' lang='grc'><em>,</em></span> <span class='ocrx_word' id='word_1_435' title='bbox 2521 3367 2807 3420; x_wconf 65' lang='lat' dir='ltr'><strong><em>ostendens</em></strong></span> <span class='ocrx_word' id='word_1_436' title='bbox 2844 3367 3050 3436; x_wconf 89' lang='lat' dir='ltr'><strong><em>quidsit</em></strong></span> <span class='ocrx_word' id='word_1_437' title='bbox 3071 3369 3218 3435; x_wconf 90' lang='lat' dir='ltr'><strong><em>illud,</em></strong></span> <span class='ocrx_word' id='word_1_438' title='bbox 3243 3369 3462 3423; x_wconf 83' lang='lat' dir='ltr'><strong><em>Habenti</em></strong></span> <span class='ocrx_word' id='word_1_439' title='bbox 3481 3372 3699 3437; x_wconf 85' lang='lat' dir='ltr'><strong><em>dabitur,</em></strong></span> <span class='ocrx_word' id='word_1_440' title='bbox 3734 3373 3816 3425; x_wconf 83' lang='lat' dir='ltr'><strong><em>his</em></strong></span> <span class='ocrx_word' id='word_1_441' title='bbox 3840 3390 3956 3427; x_wconf 78' lang='lat' dir='ltr'><strong><em>rer-</em></strong></span> 
     </span>
    </p>
   </div>
   <div class='ocr_carea' id='block_1_56' title="bbox 2380 3456 3956 3530">
    <p class='ocr_par' dir='ltr' id='par_1_56' title="bbox 2380 3456 3956 3530">
     <span class='ocr_line' id='line_1_56' title="bbox 2380 3456 3956 3530; baseline 0.006 -21"><span class='ocrx_word' id='word_1_442' title='bbox 2380 3457 2492 3510; x_wconf 63' lang='lat' dir='ltr'><strong><em>hTs:</em></strong></span> <span class='ocrx_word' id='word_1_443' title='bbox 2537 3456 2608 3514; x_wconf 81' lang='lat' dir='ltr'><strong><em>Ab</em></strong></span> <span class='ocrx_word' id='word_1_444' title='bbox 2635 3475 2692 3509; x_wconf 85' lang='lat' dir='ltr'><strong><em>co</em></strong></span> <span class='ocrx_word' id='word_1_445' title='bbox 2719 3468 2884 3511; x_wconf 82' lang='lat' dir='ltr'><strong><em>autem</em></strong></span> <span class='ocrx_word' id='word_1_446' title='bbox 2905 3461 2990 3527; x_wconf 86' lang='lat' dir='ltr'><strong><em>qui</em></strong></span> <span class='ocrx_word' id='word_1_447' title='bbox 3013 3477 3110 3513; x_wconf 84' lang='lat' dir='ltr'><strong><em>non</em></strong></span> <span class='ocrx_word' id='word_1_448' title='bbox 3128 3461 3290 3517; x_wconf 81' lang='lat' dir='ltr'><strong><em>habet.</em></strong></span> <span class='ocrx_word' id='word_1_449' title='bbox 3319 3472 3362 3515; x_wconf 84' lang='lat' dir='ltr'><strong><em>et</em></strong></span> <span class='ocrx_word' id='word_1_450' title='bbox 3391 3463 3526 3530; x_wconf 84' lang='lat' dir='ltr'><strong><em>quod</em></strong></span> <span class='ocrx_word' id='word_1_451' title='bbox 3556 3465 3748 3517; x_wconf 81' lang='lat' dir='ltr'><strong><em>ridetur</em></strong></span> <span class='ocrx_word' id='word_1_452' title='bbox 3771 3466 3956 3519; x_wconf 83' lang='lat' dir='ltr'><strong><em>habere</em></strong></span> 
     </span>
    </p>
   </div>
   <div class='ocr_carea' id='block_1_57' title="bbox 2377 3550 3956 3624">
    <p class='ocr_par' dir='ltr' id='par_1_57' title="bbox 2377 3550 3956 3624">
     <span class='ocr_line' id='line_1_57' title="bbox 2377 3550 3956 3624; baseline 0.006 -25"><span class='ocrx_word' id='word_1_453' title='bbox 2377 3555 2630 3618; x_wconf 76' lang='lat' dir='ltr'><strong><em>auferetur</em></strong></span> <span class='ocrx_word' id='word_1_454' title='bbox 2650 3551 2710 3602; x_wconf 86' lang='lat' dir='ltr'><strong><em>ab</em></strong></span> <span class='ocrx_word' id='word_1_455' title='bbox 2740 3567 2815 3602; x_wconf 85' lang='lat' dir='ltr'><strong><em>eo.</em></strong></span> <span class='ocrx_word' id='word_1_456' title='bbox 2852 3552 2933 3605; x_wconf 81' lang='grc'><strong>15.</strong></span> <span class='ocrx_word' id='word_1_457' title='bbox 2964 3550 3085 3604; x_wconf 83' lang='lat' dir='ltr'><strong><em>Ideo</em></strong></span> <span class='ocrx_word' id='word_1_458' title='bbox 3106 3594 3118 3614; x_wconf 82' lang='lat'><strong><em>.</em></strong></span> <span class='ocrx_word' id='word_1_459' title='bbox 3151 3553 3313 3622; x_wconf 87' lang='lat' dir='ltr'><strong><em>inquit</em></strong></span> <span class='ocrx_word' id='word_1_460' title='bbox 3341 3595 3354 3616; x_wconf 84' lang='lat'><strong>,</strong></span> <span class='ocrx_word' id='word_1_461' title='bbox 3384 3555 3434 3606; x_wconf 85' lang='lat' dir='ltr'><strong><em>in</em></strong></span> <span class='ocrx_word' id='word_1_462' title='bbox 3471 3554 3726 3623; x_wconf 85' lang='lat' dir='ltr'><strong><em>parabolis</em></strong></span> <span class='ocrx_word' id='word_1_463' title='bbox 3775 3556 3956 3624; x_wconf 89' lang='lat' dir='ltr'><strong><em>loquor</em></strong></span> 
     </span>
    </p>
   </div>
   <div class='ocr_carea' id='block_1_58' title="bbox 2375 3641 3956 3712">
    <p class='ocr_par' dir='ltr' id='par_1_58' title="bbox 2375 3641 3956 3712">
     <span class='ocr_line' id='line_1_58' title="bbox 2375 3641 3956 3712; baseline 0.004 -20"><span class='ocrx_word' id='word_1_464' title='bbox 2375 3641 2498 3707; x_wconf 81' lang='lat' dir='ltr'><strong><em>ipsis</em></strong></span> <span class='ocrx_word' id='word_1_465' title='bbox 2521 3681 2533 3703; x_wconf 88' lang='lat'><strong>,</strong></span> <span class='ocrx_word' id='word_1_466' title='bbox 2582 3641 2697 3708; x_wconf 87' lang='lat' dir='ltr'><strong><em>quia</em></strong></span> <span class='ocrx_word' id='word_1_467' title='bbox 2719 3641 2934 3694; x_wconf 79' lang='lat' dir='ltr'><strong><em>videntes</em></strong></span> <span class='ocrx_word' id='word_1_468' title='bbox 2960 3658 3058 3695; x_wconf 84' lang='lat' dir='ltr'><strong><em>non</em></strong></span> <span class='ocrx_word' id='word_1_469' title='bbox 3081 3643 3262 3695; x_wconf 78' lang='lat' dir='ltr'><strong><em>vident.</em></strong></span> <span class='ocrx_word' id='word_1_470' title='bbox 3299 3643 3455 3712; x_wconf 86' lang='lat' dir='ltr'><strong><em>Atqui</em></strong></span> <span class='ocrx_word' id='word_1_471' title='bbox 3509 3644 3778 3712; x_wconf 86' lang='lat' dir='ltr'><strong><em>aperiendi</em></strong></span> <span class='ocrx_word' id='word_1_472' title='bbox 3809 3687 3822 3706; x_wconf 89' lang='lat'><strong>,</strong></span> <span class='ocrx_word' id='word_1_473' title='bbox 3876 3647 3956 3698; x_wconf 84' lang='lat' dir='ltr'><strong><em>iu-</em></strong></span> 
     </span>
    </p>
   </div>
   <div class='ocr_carea' id='block_1_59' title="bbox 2373 3735 3952 3802">
    <p class='ocr_par' dir='ltr' id='par_1_59' title="bbox 2373 3735 3952 3802">
     <span class='ocr_line' id='line_1_59' title="bbox 2373 3735 3952 3802; baseline 0.007 -21"><span class='ocrx_word' id='word_1_474' title='bbox 2373 3735 2539 3802; x_wconf 81' lang='lat' dir='ltr'><strong><em>quies.</em></strong></span> <span class='ocrx_word' id='word_1_475' title='bbox 2577 3735 2807 3802; x_wconf 74' lang='lat' dir='ltr'><strong><em>ipsorum</em></strong></span> <span class='ocrx_word' id='word_1_476' title='bbox 2838 3735 2973 3788; x_wconf 92' lang='lat' dir='ltr'><strong><em>oculi</em></strong></span> <span class='ocrx_word' id='word_1_477' title='bbox 3000 3745 3169 3798; x_wconf 88' lang='lat' dir='ltr'><strong><em>erant,</em></strong></span> <span class='ocrx_word' id='word_1_478' title='bbox 3204 3737 3246 3789; x_wconf 90' lang='lat' dir='ltr'><strong><em>si</em></strong></span> <span class='ocrx_word' id='word_1_479' title='bbox 3271 3737 3624 3790; x_wconf 76' lang='lat' dir='ltr'><strong><em>nouvideaut.</em></strong></span> <span class='ocrx_word' id='word_1_480' title='bbox 3660 3737 3855 3792; x_wconf 79' lang='lat' dir='ltr'><strong><em>Verum</em></strong></span> <span class='ocrx_word' id='word_1_481' title='bbox 3909 3741 3952 3792; x_wconf 87' lang='lat' dir='ltr'><strong><em>si</em></strong></span> 
     </span>
    </p>
   </div>
   <div class='ocr_carea' id='block_1_60' title="bbox 2375 3821 3954 3896">
    <p class='ocr_par' dir='ltr' id='par_1_60' title="bbox 2375 3821 3954 3896">
     <span class='ocr_line' id='line_1_60' title="bbox 2375 3821 3954 3896; baseline 0.001 -19"><span class='ocrx_word' id='word_1_482' title='bbox 2375 3821 2640 3878; x_wconf 74' lang='lat' dir='ltr'><strong><em>exuatttra</em></strong></span> <span class='ocrx_word' id='word_1_483' title='bbox 2662 3824 3018 3886; x_wconf 69' lang='lat' dir='ltr'><strong><em>cmcitascrat,</em></strong></span> <span class='ocrx_word' id='word_1_484' title='bbox 3065 3827 3272 3894; x_wconf 87' lang='lat' dir='ltr'><strong><em>aperire</em></strong></span> <span class='ocrx_word' id='word_1_485' title='bbox 3316 3827 3630 3895; x_wconf 83' lang='lat' dir='ltr'><strong><em>Oportebat;</em></strong></span> <span class='ocrx_word' id='word_1_486' title='bbox 3659 3828 3777 3896; x_wconf 90' lang='lat' dir='ltr'><strong><em>quia</em></strong></span> <span class='ocrx_word' id='word_1_487' title='bbox 3826 3844 3954 3881; x_wconf 68' lang='lat' dir='ltr'><strong><em>vero</em></strong></span> 
     </span>
    </p>
   </div>
   <div class='ocr_carea' id='block_1_61' title="bbox 2373 3915 3954 3985">
    <p class='ocr_par' dir='ltr' id='par_1_61' title="bbox 2373 3915 3954 3985">
     <span class='ocr_line' id='line_1_61' title="bbox 2373 3915 3954 3985; baseline 0.002 -18"><span class='ocrx_word' id='word_1_488' title='bbox 2373 3915 2662 3968; x_wconf 68' lang='lat' dir='ltr'><strong><em>voluntaria</em></strong></span> <span class='ocrx_word' id='word_1_489' title='bbox 2691 3917 2920 3982; x_wconf 69' lang='lat' dir='ltr'><strong><em>cmcitas,</em></strong></span> <span class='ocrx_word' id='word_1_490' title='bbox 2944 3916 3060 3971; x_wconf 89' lang='lat' dir='ltr'><strong><em>ideo</em></strong></span> <span class='ocrx_word' id='word_1_491' title='bbox 3082 3932 3185 3970; x_wconf 91' lang='lat' dir='ltr'><strong><em>non</em></strong></span> <span class='ocrx_word' id='word_1_492' title='bbox 3217 3918 3524 3985; x_wconf 87' lang='lat' dir='ltr'><strong><em>simpliciter</em></strong></span> <span class='ocrx_word' id='word_1_493' title='bbox 3547 3917 3702 3970; x_wconf 79' lang='lat' dir='ltr'><strong><em>dixit.</em></strong></span> <span class='ocrx_word' id='word_1_494' title='bbox 3729 3917 3846 3971; x_wconf 88' lang='lat' dir='ltr'><strong><em>Non</em></strong></span> <span class='ocrx_word' id='word_1_495' title='bbox 3877 3920 3954 3970; x_wconf 75' lang='lat' dir='ltr'><strong><em>vi-</em></strong></span> 
     </span>
    </p>
   </div>
   <div class='ocr_carea' id='block_1_62' title="bbox 2373 4005 3949 4075">
    <p class='ocr_par' dir='ltr' id='par_1_62' title="bbox 2373 4005 3949 4075">
     <span class='ocr_line' id='line_1_62' title="bbox 2373 4005 3949 4075; baseline 0.002 -17"><span class='ocrx_word' id='word_1_496' title='bbox 2373 4006 2517 4068; x_wconf 89' lang='lat' dir='ltr'><strong><em>dent;</em></strong></span> <span class='ocrx_word' id='word_1_497' title='bbox 2543 4007 2656 4068; x_wconf 89' lang='lat' dir='ltr'><strong><em>scd.</em></strong></span> <span class='ocrx_word' id='word_1_498' title='bbox 2686 4005 2919 4060; x_wconf 81' lang='lat' dir='ltr'><strong><em>Vit/eules</em></strong></span> <span class='ocrx_word' id='word_1_499' title='bbox 2941 4023 3038 4060; x_wconf 84' lang='lat' dir='ltr'><strong><em>non</em></strong></span> <span class='ocrx_word' id='word_1_500' title='bbox 3059 4006 3248 4069; x_wconf 83' lang='lat' dir='ltr'><strong><em>vident;</em></strong></span> <span class='ocrx_word' id='word_1_501' title='bbox 3273 4007 3340 4059; x_wconf 86' lang='lat' dir='ltr'><strong><em>ita</em></strong></span> <span class='ocrx_word' id='word_1_502' title='bbox 3359 4015 3490 4060; x_wconf 81' lang='lat' dir='ltr'><strong><em>utex</em></strong></span> <span class='ocrx_word' id='word_1_503' title='bbox 3513 4021 3694 4060; x_wconf 90' lang='lat' dir='ltr'><strong><em>eorum</em></strong></span> <span class='ocrx_word' id='word_1_504' title='bbox 3712 4009 3949 4075; x_wconf 84' lang='lat' dir='ltr'><strong><em>nequitia</em></strong></span> 
     </span>
    </p>
   </div>
   <div class='ocr_carea' id='block_1_63' title="bbox 2371 4096 3952 4166">
    <p class='ocr_par' dir='ltr' id='par_1_63' title="bbox 2371 4096 3952 4166">
     <span class='ocr_line' id='line_1_63' title="bbox 2371 4096 3952 4166; baseline 0.003 -16"><span class='ocrx_word' id='word_1_505' title='bbox 2371 4096 2580 4150; x_wconf 61' lang='lat' dir='ltr'><strong><em>circitas</em></strong></span> <span class='ocrx_word' id='word_1_506' title='bbox 2604 4097 2690 4150; x_wconf 85' lang='lat' dir='ltr'><strong><em>sit.</em></strong></span> <span class='ocrx_word' id='word_1_507' title='bbox 2725 4097 2975 4152; x_wconf 81' lang='lat' dir='ltr'><strong><em>Viderant</em></strong></span> <span class='ocrx_word' id='word_1_508' title='bbox 2993 4102 3131 4152; x_wconf 89' lang='lat' dir='ltr'><strong><em>enim</em></strong></span> <span class='ocrx_word' id='word_1_509' title='bbox 3150 4098 3420 4151; x_wconf 62' lang='lat' dir='ltr'><strong><em>daemonas</em></strong></span> <span class='ocrx_word' id='word_1_510' title='bbox 3441 4112 3708 4166; x_wconf 81' lang='lat' dir='ltr'><strong><em>egressos,</em></strong></span> <span class='ocrx_word' id='word_1_511' title='bbox 3732 4108 3785 4152; x_wconf 90' lang='lat' dir='ltr'><strong><em>et</em></strong></span> <span class='ocrx_word' id='word_1_512' title='bbox 3805 4101 3952 4154; x_wconf 65' lang='lat' dir='ltr'><strong><em>dieeo</em></strong></span> 
     </span>
    </p>
   </div>
   <div class='ocr_carea' id='block_1_64' title="bbox 2374 4189 3949 4261">
    <p class='ocr_par' dir='ltr' id='par_1_64' title="bbox 2374 4189 3949 4261">
     <span class='ocr_line' id='line_1_64' title="bbox 2374 4189 3949 4261; baseline 0.001 -19"><span class='ocrx_word' id='word_1_513' title='bbox 2374 4191 2496 4242; x_wconf 89' lang='lat' dir='ltr'><strong><em>bant</em></strong></span> <span class='ocrx_word' id='word_1_514' title='bbox 2517 4211 2528 4244; x_wconf 93' lang='lat'><strong><em>:</em></strong></span> <span class='ocrx_word' id='word_1_515' title='bbox 2552 4189 2612 4241; x_wconf 83' lang='lat' dir='ltr'><strong><em>lu</em></strong></span> <span class='ocrx_word' id='word_1_516' title='bbox 2630 4190 2895 4244; x_wconf 80' lang='lat' dir='ltr'><strong><em>Beelzebub</em></strong></span> <span class='ocrx_word' id='word_1_517' title='bbox 2924 4193 3145 4261; x_wconf 84' lang='lat' dir='ltr'><strong><em>principe</em></strong></span> <span class='ocrx_word' id='word_1_518' title='bbox 3169 4191 3529 4243; x_wconf 79' lang='lat' dir='ltr'><strong><em>dtentoniorum</em></strong></span> <span class='ocrx_word' id='word_1_519' title='bbox 3547 4191 3682 4258; x_wconf 84' lang='lat' dir='ltr'><strong><em>ejicit</em></strong></span> <span class='ocrx_word' id='word_1_520' title='bbox 3695 4191 3949 4244; x_wconf 70' lang='lat' dir='ltr'><strong><em>da&#39;mouia</em></strong></span> 
     </span>
    </p>
   </div>
   <div class='ocr_carea' id='block_1_65' title="bbox 2373 4281 3944 4359">
    <p class='ocr_par' dir='ltr' id='par_1_65' title="bbox 2373 4281 3944 4359">
     <span class='ocr_line' id='line_1_65' title="bbox 2373 4281 3944 4359; baseline -0.001 -23"><span class='ocrx_word' id='word_1_521' title='bbox 2373 4283 2584 4359; x_wconf 74' lang='lat' dir='ltr'><strong><em>(Matth.</em></strong></span> <span class='ocrx_word' id='word_1_522' title='bbox 2613 4285 2665 4338; x_wconf 88' lang='lat'><strong><em>9.</em></strong></span> <span class='ocrx_word' id='word_1_523' title='bbox 2686 4284 2718 4338; x_wconf 78' lang='grc'>5</span> <span class='ocrx_word' id='word_1_524' title='bbox 2732 4283 2797 4352; x_wconf 81' lang='grc'><strong>1).</strong></span> <span class='ocrx_word' id='word_1_525' title='bbox 2819 4283 3106 4337; x_wconf 85' lang='lat' dir='ltr'><strong><em>Audierant</em></strong></span> <span class='ocrx_word' id='word_1_526' title='bbox 3128 4282 3272 4335; x_wconf 91' lang='lat' dir='ltr'><strong><em>illum</em></strong></span> <span class='ocrx_word' id='word_1_527' title='bbox 3288 4283 3432 4349; x_wconf 87' lang='lat' dir='ltr'><strong><em>ipsos</em></strong></span> <span class='ocrx_word' id='word_1_528' title='bbox 3446 4282 3556 4335; x_wconf 90' lang='lat' dir='ltr'><strong><em>Deo</em></strong></span> <span class='ocrx_word' id='word_1_529' title='bbox 3569 4281 3944 4348; x_wconf 82' lang='lat' dir='ltr'><strong><em>adducentem,</em></strong></span> 
     </span>
    </p>
   </div>
   <div class='ocr_carea' id='block_1_66' title="bbox 2371 4371 3947 4441">
    <p class='ocr_par' dir='ltr' id='par_1_66' title="bbox 2371 4371 3947 4441">
     <span class='ocr_line' id='line_1_66' title="bbox 2371 4371 3947 4441; baseline 0.001 -15"><span class='ocrx_word' id='word_1_530' title='bbox 2371 4385 2556 4428; x_wconf 83' lang='lat' dir='ltr'><strong><em>etcum</em></strong></span> <span class='ocrx_word' id='word_1_531' title='bbox 2578 4374 2686 4427; x_wconf 81' lang='lat' dir='ltr'><strong><em>Deo</em></strong></span> <span class='ocrx_word' id='word_1_532' title='bbox 2703 4388 2945 4441; x_wconf 79' lang='lat' dir='ltr'><strong><em>magnum</em></strong></span> <span class='ocrx_word' id='word_1_533' title='bbox 2959 4386 3275 4426; x_wconf 84' lang='lat' dir='ltr'><strong><em>consensum</em></strong></span> <span class='ocrx_word' id='word_1_534' title='bbox 3293 4371 3651 4432; x_wconf 82' lang='lat' dir='ltr'><strong><em>exhibentem.</em></strong></span> <span class='ocrx_word' id='word_1_535' title='bbox 3671 4383 3723 4425; x_wconf 92' lang='lat' dir='ltr'><strong><em>et</em></strong></span> <span class='ocrx_word' id='word_1_536' title='bbox 3739 4372 3947 4429; x_wconf 88' lang='lat' dir='ltr'><strong><em>dicunt:</em></strong></span> 
     </span>
    </p>
   </div>
   <div class='ocr_carea' id='block_1_67' title="bbox 2374 4462 3948 4532">
    <p class='ocr_par' dir='ltr' id='par_1_67' title="bbox 2374 4462 3948 4532">
     <span class='ocr_line' id='line_1_67' title="bbox 2374 4462 3948 4532; baseline 0 -15"><span class='ocrx_word' id='word_1_537' title='bbox 2374 4464 2470 4517; x_wconf 84' lang='lat' dir='ltr'><strong><em>llic</em></strong></span> <span class='ocrx_word' id='word_1_538' title='bbox 2491 4481 2589 4518; x_wconf 85' lang='lat' dir='ltr'><strong><em>non</em></strong></span> <span class='ocrx_word' id='word_1_539' title='bbox 2611 4474 2680 4516; x_wconf 88' lang='lat' dir='ltr'><strong><em>est</em></strong></span> <span class='ocrx_word' id='word_1_540' title='bbox 2705 4481 2767 4516; x_wconf 77' lang='lat' dir='ltr'><strong><em>ex</em></strong></span> <span class='ocrx_word' id='word_1_541' title='bbox 2792 4463 2912 4516; x_wconf 88' lang='lat' dir='ltr'><strong><em>Deo.</em></strong></span> <span class='ocrx_word' id='word_1_542' title='bbox 2938 4462 3070 4530; x_wconf 88' lang='lat' dir='ltr'><strong><em>Quia</em></strong></span> <span class='ocrx_word' id='word_1_543' title='bbox 3094 4462 3252 4532; x_wconf 78' lang='lat' dir='ltr'><strong><em>igitur</em></strong></span> <span class='ocrx_word' id='word_1_544' title='bbox 3271 4463 3532 4516; x_wconf 87' lang='lat' dir='ltr'><strong><em>contraria</em></strong></span> <span class='ocrx_word' id='word_1_545' title='bbox 3553 4471 3607 4517; x_wconf 90' lang='lat' dir='ltr'><strong><em>et</em></strong></span> <span class='ocrx_word' id='word_1_546' title='bbox 3623 4463 3748 4517; x_wconf 84' lang='lat' dir='ltr'><strong><em>visis</em></strong></span> <span class='ocrx_word' id='word_1_547' title='bbox 3775 4473 3831 4517; x_wconf 91' lang='lat' dir='ltr'><strong><em>et</em></strong></span> <span class='ocrx_word' id='word_1_548' title='bbox 3851 4481 3948 4517; x_wconf 88' lang='lat' dir='ltr'><strong><em>au-</em></strong></span> 
     </span>
    </p>
   </div>
   <div class='ocr_carea' id='block_1_68' title="bbox 2369 4553 3949 4625">
    <p class='ocr_par' dir='ltr' id='par_1_68' title="bbox 2369 4553 3949 4625">
     <span class='ocr_line' id='line_1_68' title="bbox 2369 4553 3949 4625; baseline 0.001 -16"><span class='ocrx_word' id='word_1_549' title='bbox 2369 4556 2491 4609; x_wconf 85' lang='lat' dir='ltr'><strong><em>ditis</em></strong></span> <span class='ocrx_word' id='word_1_550' title='bbox 2520 4553 3458 4622; x_wconf 72' lang='lat' dir='ltr'><strong><em>exhibebant,ldeo,inquit,ctvisum</em></strong></span> <span class='ocrx_word' id='word_1_551' title='bbox 3481 4562 3534 4608; x_wconf 89' lang='lat' dir='ltr'><strong><em>et</em></strong></span> <span class='ocrx_word' id='word_1_552' title='bbox 3551 4553 3786 4608; x_wconf 85' lang='lat' dir='ltr'><strong><em>auditum</em></strong></span> <span class='ocrx_word' id='word_1_553' title='bbox 3815 4556 3949 4625; x_wconf 78' lang='lat' dir='ltr'><strong><em>ipsis</em></strong></span> 
     </span>
    </p>
   </div>
   <div class='ocr_carea' id='block_1_69' title="bbox 2369 4641 3947 4713">
    <p class='ocr_par' dir='ltr' id='par_1_69' title="bbox 2369 4641 3947 4713">
     <span class='ocr_line' id='line_1_69' title="bbox 2369 4641 3947 4713; baseline 0 -15"><span class='ocrx_word' id='word_1_554' title='bbox 2369 4645 2567 4699; x_wconf 79' lang='lat' dir='ltr'><strong><em>aufero.</em></strong></span> <span class='ocrx_word' id='word_1_555' title='bbox 2601 4644 2735 4697; x_wconf 83' lang='lat' dir='ltr'><strong><em>Nihil</em></strong></span> <span class='ocrx_word' id='word_1_556' title='bbox 2760 4645 2899 4697; x_wconf 89' lang='lat' dir='ltr'><strong><em>enim</em></strong></span> <span class='ocrx_word' id='word_1_557' title='bbox 2932 4644 3054 4696; x_wconf 80' lang='lat' dir='ltr'><strong><em>hinc</em></strong></span> <span class='ocrx_word' id='word_1_558' title='bbox 3095 4643 3196 4696; x_wconf 89' lang='lat' dir='ltr'><strong><em>illis</em></strong></span> <span class='ocrx_word' id='word_1_559' title='bbox 3224 4641 3580 4711; x_wconf 88' lang='lat' dir='ltr'><strong><em>plusaccedit,</em></strong></span> <span class='ocrx_word' id='word_1_560' title='bbox 3624 4644 3724 4697; x_wconf 88' lang='lat' dir='ltr'><strong><em>nisi</em></strong></span> <span class='ocrx_word' id='word_1_561' title='bbox 3773 4647 3947 4713; x_wconf 80' lang='lat' dir='ltr'><strong><em>major</em></strong></span> 
     </span>
    </p>
   </div>
   <div class='ocr_carea' id='block_1_70' title="bbox 2370 4732 3943 4797">
    <p class='ocr_par' dir='ltr' id='par_1_70' title="bbox 2370 4732 3943 4797">
     <span class='ocr_line' id='line_1_70' title="bbox 2370 4732 3943 4797; baseline -0.001 -8"><span class='ocrx_word' id='word_1_562' title='bbox 2370 4735 2658 4789; x_wconf 76' lang='lat' dir='ltr'><strong><em>damnatio.</em></strong></span> <span class='ocrx_word' id='word_1_563' title='bbox 2684 4734 2796 4787; x_wconf 84' lang='lat' dir='ltr'><strong><em>Non</em></strong></span> <span class='ocrx_word' id='word_1_564' title='bbox 2827 4733 2984 4788; x_wconf 82' lang='lat' dir='ltr'><strong><em>tuodo</em></strong></span> <span class='ocrx_word' id='word_1_565' title='bbox 3010 4734 3152 4787; x_wconf 91' lang='lat' dir='ltr'><strong><em>enim</em></strong></span> <span class='ocrx_word' id='word_1_566' title='bbox 3182 4748 3284 4786; x_wconf 89' lang='lat' dir='ltr'><strong><em>non</em></strong></span> <span class='ocrx_word' id='word_1_567' title='bbox 3309 4732 3600 4787; x_wconf 86' lang='lat' dir='ltr'><strong><em>credebant</em></strong></span> <span class='ocrx_word' id='word_1_568' title='bbox 3626 4775 3640 4797; x_wconf 83' lang='lat'><strong>,</strong></span> <span class='ocrx_word' id='word_1_569' title='bbox 3671 4733 3764 4788; x_wconf 87' lang='lat' dir='ltr'><strong><em>sed</em></strong></span> <span class='ocrx_word' id='word_1_570' title='bbox 3782 4735 3943 4788; x_wconf 85' lang='lat' dir='ltr'><strong><em>etiam</em></strong></span> 
     </span>
    </p>
   </div>
   <div class='ocr_carea' id='block_1_71' title="bbox 2369 4824 3942 4896">
    <p class='ocr_par' dir='ltr' id='par_1_71' title="bbox 2369 4824 3942 4896">
     <span class='ocr_line' id='line_1_71' title="bbox 2369 4824 3942 4896; baseline -0.003 -14"><span class='ocrx_word' id='word_1_571' title='bbox 2369 4828 2730 4896; x_wconf 83' lang='lat' dir='ltr'><strong><em>increpabant,</em></strong></span> <span class='ocrx_word' id='word_1_572' title='bbox 2756 4826 3069 4880; x_wconf 74' lang='lat' dir='ltr'><strong><em>accusztbanl</em></strong></span> <span class='ocrx_word' id='word_1_573' title='bbox 3091 4867 3106 4888; x_wconf 78' lang='lat'><strong><em>.</em></strong></span> <span class='ocrx_word' id='word_1_574' title='bbox 3141 4824 3361 4879; x_wconf 88' lang='lat' dir='ltr'><strong><em>insidias</em></strong></span> <span class='ocrx_word' id='word_1_575' title='bbox 3417 4824 3714 4879; x_wconf 89' lang='lat' dir='ltr'><strong><em>struebant.</em></strong></span> <span class='ocrx_word' id='word_1_576' title='bbox 3747 4824 3942 4879; x_wconf 78' lang='lat' dir='ltr'><strong><em>Verum</em></strong></span> 
     </span>
    </p>
   </div>
   <div class='ocr_carea' id='block_1_72' title="bbox 2365 4916 3946 4981">
    <p class='ocr_par' dir='ltr' id='par_1_72' title="bbox 2365 4916 3946 4981">
     <span class='ocr_line' id='line_1_72' title="bbox 2365 4916 3946 4981; baseline -0.002 -8"><span class='ocrx_word' id='word_1_577' title='bbox 2365 4935 2472 4974; x_wconf 74' lang='lat' dir='ltr'><strong><em>non</em></strong></span> <span class='ocrx_word' id='word_1_578' title='bbox 2505 4919 2605 4973; x_wconf 82' lang='lat' dir='ltr'><strong><em>hoc</em></strong></span> <span class='ocrx_word' id='word_1_579' title='bbox 2639 4919 2704 4972; x_wconf 75' lang='lat' dir='ltr'><strong><em>(lli</em></strong></span> <span class='ocrx_word' id='word_1_580' title='bbox 2728 4920 2794 4981; x_wconf 86' lang='lat' dir='ltr'><strong><em>it;</em></strong></span> <span class='ocrx_word' id='word_1_581' title='bbox 2837 4933 2940 4970; x_wconf 89' lang='lat' dir='ltr'><strong><em>non</em></strong></span> <span class='ocrx_word' id='word_1_582' title='bbox 2979 4918 3090 4970; x_wconf 72' lang='lat' dir='ltr'><strong><em>rult</em></strong></span> <span class='ocrx_word' id='word_1_583' title='bbox 3140 4916 3282 4970; x_wconf 89' lang='lat' dir='ltr'><strong><em>enim</em></strong></span> <span class='ocrx_word' id='word_1_584' title='bbox 3334 4929 3591 4969; x_wconf 88' lang='lat' dir='ltr'><strong><em>onerosus</em></strong></span> <span class='ocrx_word' id='word_1_585' title='bbox 3640 4916 3946 4970; x_wconf 77' lang='lat' dir='ltr'><strong><em>accusando</em></strong></span> 
     </span>
    </p>
   </div>
   <div class='ocr_carea' id='block_1_73' title="bbox 2368 5005 3938 5078">
    <p class='ocr_par' dir='ltr' id='par_1_73' title="bbox 2368 5005 3938 5078">
     <span class='ocr_line' id='line_1_73' title="bbox 2368 5005 3938 5078; baseline -0.004 -12"><span class='ocrx_word' id='word_1_586' title='bbox 2368 5027 2510 5067; x_wconf 52' lang='lat' dir='ltr'><strong><em>esse.</em></strong></span> <span class='ocrx_word' id='word_1_587' title='bbox 2540 5011 2690 5063; x_wconf 86' lang='lat' dir='ltr'><strong><em>Initio</em></strong></span> <span class='ocrx_word' id='word_1_588' title='bbox 2713 5011 2904 5078; x_wconf 88' lang='lat' dir='ltr'><strong><em>quippe</em></strong></span> <span class='ocrx_word' id='word_1_589' title='bbox 2943 5025 3044 5061; x_wconf 88' lang='lat' dir='ltr'><strong><em>non</em></strong></span> <span class='ocrx_word' id='word_1_590' title='bbox 3070 5008 3146 5062; x_wconf 88' lang='lat' dir='ltr'><strong><em>sic</em></strong></span> <span class='ocrx_word' id='word_1_591' title='bbox 3175 5023 3295 5061; x_wconf 90' lang='lat' dir='ltr'><strong><em>cum</em></strong></span> <span class='ocrx_word' id='word_1_592' title='bbox 3329 5007 3434 5060; x_wconf 87' lang='lat' dir='ltr'><strong><em>illis</em></strong></span> <span class='ocrx_word' id='word_1_593' title='bbox 3473 5005 3803 5072; x_wconf 89' lang='lat' dir='ltr'><strong><em>disserebat,</em></strong></span> <span class='ocrx_word' id='word_1_594' title='bbox 3845 5010 3938 5060; x_wconf 91' lang='lat' dir='ltr'><strong><em>sed</em></strong></span> 
     </span>
    </p>
   </div>
   <div class='ocr_carea' id='block_1_74' title="bbox 2366 5099 3939 5171">
    <p class='ocr_par' dir='ltr' id='par_1_74' title="bbox 2366 5099 3939 5171">
     <span class='ocr_line' id='line_1_74' title="bbox 2366 5099 3939 5171; baseline -0.005 -15"><span class='ocrx_word' id='word_1_595' title='bbox 2366 5121 2484 5158; x_wconf 72' lang='lat' dir='ltr'><strong><em>eum</em></strong></span> <span class='ocrx_word' id='word_1_596' title='bbox 2519 5118 2702 5171; x_wconf 81' lang='lat' dir='ltr'><strong><em>magna</em></strong></span> <span class='ocrx_word' id='word_1_597' title='bbox 2734 5100 3142 5168; x_wconf 71' lang='lat' dir='ltr'><strong><em>perspicuitate:</em></strong></span> <span class='ocrx_word' id='word_1_598' title='bbox 3191 5099 3311 5166; x_wconf 87' lang='lat' dir='ltr'><strong><em>quia</em></strong></span> <span class='ocrx_word' id='word_1_599' title='bbox 3359 5113 3483 5150; x_wconf 79' lang='lat' dir='ltr'><strong><em>vero</em></strong></span> <span class='ocrx_word' id='word_1_600' title='bbox 3513 5112 3632 5150; x_wconf 90' lang='lat' dir='ltr'><strong><em>sese</em></strong></span> <span class='ocrx_word' id='word_1_601' title='bbox 3663 5106 3939 5166; x_wconf 77' lang='lat' dir='ltr'><strong><em>perverte-</em></strong></span> 
     </span>
    </p>
   </div>
   <div class='ocr_carea' id='block_1_75' title="bbox 2367 5186 3944 5260">
    <p class='ocr_par' dir='ltr' id='par_1_75' title="bbox 2367 5186 3944 5260">
     <span class='ocr_line' id='line_1_75' title="bbox 2367 5186 3944 5260; baseline -0.008 -10"><span class='ocrx_word' id='word_1_602' title='bbox 2367 5195 2512 5254; x_wconf 87' lang='lat' dir='ltr'><strong><em>baut.</em></strong></span> <span class='ocrx_word' id='word_1_603' title='bbox 2540 5195 2590 5246; x_wconf 91' lang='lat' dir='ltr'><strong><em>in</em></strong></span> <span class='ocrx_word' id='word_1_604' title='bbox 2621 5191 2883 5260; x_wconf 72' lang='lat' dir='ltr'><strong><em>parabolis</em></strong></span> <span class='ocrx_word' id='word_1_605' title='bbox 2915 5189 3126 5242; x_wconf 91' lang='lat' dir='ltr'><strong><em>demum</em></strong></span> <span class='ocrx_word' id='word_1_606' title='bbox 3187 5189 3441 5256; x_wconf 88' lang='lat' dir='ltr'><strong><em>loquitur.</em></strong></span> <span class='ocrx_word' id='word_1_607' title='bbox 3492 5186 3692 5240; x_wconf 87' lang='lat' dir='ltr'><strong><em>Deinde</em></strong></span> <span class='ocrx_word' id='word_1_608' title='bbox 3727 5202 3793 5240; x_wconf 90' lang='lat' dir='ltr'><strong><em>ne</em></strong></span> <span class='ocrx_word' id='word_1_609' title='bbox 3823 5189 3944 5254; x_wconf 83' lang='lat' dir='ltr'><strong><em>quis</em></strong></span> 
     </span>
    </p>
   </div>
   <div class='ocr_carea' id='block_1_76' title="bbox 2367 5277 3940 5356">
    <p class='ocr_par' dir='ltr' id='par_1_76' title="bbox 2367 5277 3940 5356">
     <span class='ocr_line' id='line_1_76' title="bbox 2367 5277 3940 5356; baseline -0.006 -16"><span class='ocrx_word' id='word_1_610' title='bbox 2367 5295 2577 5356; x_wconf 76' lang='lat' dir='ltr'><strong><em>putaret</em></strong></span> <span class='ocrx_word' id='word_1_611' title='bbox 2608 5284 2719 5337; x_wconf 73' lang='lat' dir='ltr'><strong><em>hmc</em></strong></span> <span class='ocrx_word' id='word_1_612' title='bbox 2765 5297 2856 5349; x_wconf 90' lang='lat' dir='ltr'><strong><em>per</em></strong></span> <span class='ocrx_word' id='word_1_613' title='bbox 2883 5281 3200 5335; x_wconf 87' lang='lat' dir='ltr'><strong><em>calumniam</em></strong></span> <span class='ocrx_word' id='word_1_614' title='bbox 3242 5280 3372 5340; x_wconf 86' lang='lat' dir='ltr'><strong><em>dici.</em></strong></span> <span class='ocrx_word' id='word_1_615' title='bbox 3422 5293 3517 5332; x_wconf 89' lang='lat' dir='ltr'><strong><em>nec</em></strong></span> <span class='ocrx_word' id='word_1_616' title='bbox 3543 5277 3781 5332; x_wconf 81' lang='lat' dir='ltr'><strong><em>dicereut</em></strong></span> <span class='ocrx_word' id='word_1_617' title='bbox 3829 5280 3898 5330; x_wconf 86' lang='lat' dir='ltr'><strong><em>illi</em></strong></span> <span class='ocrx_word' id='word_1_618' title='bbox 3930 5297 3940 5331; x_wconf 93' lang='lat'><strong><em>:</em></strong></span> 
     </span>
    </p>
   </div>
   <div class='ocr_carea' id='block_1_77' title="bbox 2368 5371 3913 5440">
    <p class='ocr_par' dir='ltr' id='par_1_77' title="bbox 2368 5371 3913 5440">
     <span class='ocr_line' id='line_1_77' title="bbox 2368 5371 3913 5440; baseline -0.009 -7"><span class='ocrx_word' id='word_1_619' title='bbox 2368 5379 2614 5434; x_wconf 83' lang='lat' dir='ltr'><strong><em>Inimicus</em></strong></span> <span class='ocrx_word' id='word_1_620' title='bbox 2641 5387 2819 5430; x_wconf 88' lang='lat' dir='ltr'><strong><em>noster</em></strong></span> <span class='ocrx_word' id='word_1_621' title='bbox 2847 5383 2929 5428; x_wconf 90' lang='lat' dir='ltr'><strong><em>est</em></strong></span> <span class='ocrx_word' id='word_1_622' title='bbox 2958 5375 2999 5427; x_wconf 90' lang='lat' dir='ltr'><strong><em>is</em></strong></span> <span class='ocrx_word' id='word_1_623' title='bbox 3031 5376 3120 5440; x_wconf 91' lang='lat' dir='ltr'><strong><em>qui</em></strong></span> <span class='ocrx_word' id='word_1_624' title='bbox 3153 5373 3482 5434; x_wconf 82' lang='lat' dir='ltr'><strong><em>criminatur,</em></strong></span> <span class='ocrx_word' id='word_1_625' title='bbox 3512 5371 3820 5439; x_wconf 72' lang='lat' dir='ltr'><strong><em>prephctam</em></strong></span> <span class='ocrx_word' id='word_1_626' title='bbox 3851 5371 3913 5420; x_wconf 86' lang='lat' dir='ltr'><strong><em>ad</em></strong></span> 
     </span>
    </p>
   </div>
   <div class='ocr_carea' id='block_1_78' title="bbox 2368 5463 3938 5536">
    <p class='ocr_par' dir='ltr' id='par_1_78' title="bbox 2368 5463 3938 5536">
     <span class='ocr_line' id='line_1_78' title="bbox 2368 5463 3938 5536; baseline -0.009 -10"><span class='ocrx_word' id='word_1_627' title='bbox 2368 5473 2510 5526; x_wconf 84' lang='lat' dir='ltr'><strong><em>ducit</em></strong></span> <span class='ocrx_word' id='word_1_628' title='bbox 2531 5471 2716 5526; x_wconf 66' lang='lat' dir='ltr'><strong><em>eadem</em></strong></span> <span class='ocrx_word' id='word_1_629' title='bbox 2744 5471 2851 5536; x_wconf 86' lang='lat' dir='ltr'><strong><em>ipsa</em></strong></span> <span class='ocrx_word' id='word_1_630' title='bbox 2884 5468 3262 5536; x_wconf 80' lang='lat' dir='ltr'><strong><em>prolet‘entem.</em></strong></span> <span class='ocrx_word' id='word_1_631' title='bbox 3317 5467 3398 5517; x_wconf 82' lang='lat' dir='ltr'><strong><em>ll.</em></strong></span> <span class='ocrx_word' id='word_1_632' title='bbox 3435 5463 3684 5528; x_wconf 75' lang='lat' dir='ltr'><strong><em>Impletur</em></strong></span> <span class='ocrx_word' id='word_1_633' title='bbox 3711 5463 3843 5516; x_wconf 79' lang='lat' dir='ltr'><strong><em>enim</em></strong></span> <span class='ocrx_word' id='word_1_634' title='bbox 3889 5465 3938 5513; x_wconf 88' lang='lat' dir='ltr'><strong><em>iu</em></strong></span> 
     </span>
    </p>
   </div>
   <div class='ocr_carea' id='block_1_79' title="bbox 2368 5556 3939 5638">
    <p class='ocr_par' dir='ltr' id='par_1_79' title="bbox 2368 5556 3939 5638">
     <span class='ocr_line' id='line_1_79' title="bbox 2368 5556 3939 5638; baseline -0.011 -17"><span class='ocrx_word' id='word_1_635' title='bbox 2368 5572 2507 5638; x_wconf 67' lang='lat' dir='ltr'><strong><em>ipsis,</em></strong></span> <span class='ocrx_word' id='word_1_636' title='bbox 2546 5567 2734 5635; x_wconf 78' lang='lat' dir='ltr'><strong><em>inquit,</em></strong></span> <span class='ocrx_word' id='word_1_637' title='bbox 2766 5562 3029 5632; x_wconf 64' lang='lat' dir='ltr'><strong><em>prophetia</em></strong></span> <span class='ocrx_word' id='word_1_638' title='bbox 3057 5561 3209 5613; x_wconf 78' lang='lat' dir='ltr'><strong><em>Isaia!</em></strong></span> <span class='ocrx_word' id='word_1_639' title='bbox 3231 5560 3296 5610; x_wconf 73' lang='grc' dir='ltr'><strong><em>(Ιίι</em></strong></span> <span class='ocrx_word' id='word_1_640' title='bbox 3316 5576 3399 5608; x_wconf 77' lang='lat' dir='ltr'><strong><em>ms</em></strong></span> <span class='ocrx_word' id='word_1_641' title='bbox 3428 5574 3440 5607; x_wconf 89' lang='lat'><strong><em>:</em></strong></span> <span class='ocrx_word' id='word_1_642' title='bbox 3470 5558 3654 5609; x_wconf 77' lang='lat' dir='ltr'><strong><em>Auditu</em></strong></span> <span class='ocrx_word' id='word_1_643' title='bbox 3683 5556 3897 5606; x_wconf 64' lang='lat' dir='ltr'><strong><em>audietis</em></strong></span> <span class='ocrx_word' id='word_1_644' title='bbox 3927 5595 3939 5613; x_wconf 86' lang='grc'><em>,</em></span> 
     </span>
    </p>
   </div>
   <div class='ocr_carea' id='block_1_80' title="bbox 2368 5643 3942 5724">
    <p class='ocr_par' dir='ltr' id='par_1_80' title="bbox 2368 5643 3942 5724">
     <span class='ocr_line' id='line_1_80' title="bbox 2368 5643 3942 5724; baseline -0.016 -8"><span class='ocrx_word' id='word_1_645' title='bbox 2368 5674 2410 5716; x_wconf 81' lang='lat' dir='ltr'><strong><em>et</em></strong></span> <span class='ocrx_word' id='word_1_646' title='bbox 2453 5679 2549 5714; x_wconf 84' lang='lat' dir='ltr'><strong><em>non</em></strong></span> <span class='ocrx_word' id='word_1_647' title='bbox 2599 5657 2738 5712; x_wconf 79' lang='lat' dir='ltr'><strong><em>intell</em></strong></span> <span class='ocrx_word' id='word_1_648' title='bbox 2760 5657 2921 5724; x_wconf 77' lang='lat' dir='ltr'><strong><em>grtis;</em></strong></span> <span class='ocrx_word' id='word_1_649' title='bbox 2951 5664 2993 5706; x_wconf 83' lang='lat' dir='ltr'><strong><em>ct</em></strong></span> <span class='ocrx_word' id='word_1_650' title='bbox 3024 5654 3128 5706; x_wconf 79' lang='lat' dir='ltr'><strong><em>risu</em></strong></span> <span class='ocrx_word' id='word_1_651' title='bbox 3175 5651 3486 5720; x_wconf 58' lang='lat' dir='ltr'><strong><em>percipiatis.</em></strong></span> <span class='ocrx_word' id='word_1_652' title='bbox 3523 5657 3564 5698; x_wconf 76' lang='lat' dir='ltr'><strong><em>rt</em></strong></span> <span class='ocrx_word' id='word_1_653' title='bbox 3592 5663 3689 5698; x_wconf 82' lang='lat' dir='ltr'><strong><em>non</em></strong></span> <span class='ocrx_word' id='word_1_654' title='bbox 3719 5643 3942 5697; x_wconf 65' lang='lat' dir='ltr'><strong><em>t&#39;ltlrllltls</em></strong></span> 
     </span>
    </p>
   </div>
  </div>
