4170 6532
259 468 347 523 4⁸13

257 587 272 652 (
298 579 413 633 lsai.
439 574 488 630 6.
508 573 540 629 9
566 572 604 643 ).
636 566 821 623 Vidcn‘
845 577 1002 635 quam
1031 570 1273 652 accurate
1305 556 1563 652 propheta
1605 560 1825 652 accuset

260 641 409 728 illos?
435 641 612 736 Neque
638 661 781 715 enim
799 658 913 727 ipse
939 654 1091 717 dixit,
1119 650 1235 706 Non
1264 649 1455 703 videtis
1480 665 1493 713 ;
1545 646 1639 701 sed
1662 687 1675 707 ,
1738 641 1829 736 γε-

256 762 437 823 debitis,
466 768 509 812 et
532 735 637 809 non
664 748 916 805 aidebitis‘
944 763 959 811 ;
1012 758 1184 813 neque
1208 741 1374 805 dixit,
1411 739 1527 794 Non
1550 735 1779 792 audietis
1811 750 1825 800 ;

257 854 341 908 sed
365 894 379 917 ,
418 846 656 907 Andietis,
690 852 737 897 et
776 858 875 894 non
911 836 1221 905 intelligetis.
1254 833 1433 900 Quare
1472 830 1569 899 ipsi
1626 829 1829 898 scipsos

259 945 415 1014 primo
439 937 800 999 excluserunt,
818 944 975 985 aures
1001 928 1337 987 obturantes,
1367 923 1555 978 oculos
1576 920 1829 976 clauden-

256 1012 347 1096 tes,
371 1046 461 1085 cor
487 1027 833 1082 obdurantes.
868 1021 983 1076 Non
1018 1018 1177 1073 modo
1199 1017 1340 1071 enim
1366 1032 1469 1069 non
1508 1012 1827 1074 audiebant,

253 1124 336 1179 sed
364 1132 416 1177 et
448 1120 533 1175 l5.
560 1118 788 1172 Graviter
813 1112 1124 1173 audiebant;
1180 1107 1339 1177 idque
1368 1104 1633 1160 faciebant
1651 1104 1693 1165 ³,
1747 1103 1830 1155 in-

252 1216 391 1287 quit,
426 1209 704 1277 Nequundo
732 1212 1109 1265 conuertantur,
1157 1209 1203 1254 et
1249 1215 1422 1255 sanem
1475 1213 1598 1261 eos;
1656 1196 1831 1249 inten-

255 1324 359 1361 sam
386 1307 592 1360 illorum
625 1298 916 1371 nequitiam
950 1293 1229 1361 indicans,
1258 1290 1670 1348 ctaversionem
1718 1296 1829 1341 stu-

254 1400 337 1454 dio
368 1406 620 1468 paratam.

316 1488 365 1542 2.
407 1486 609 1541 Domini
656 1480 998 1536 misericordia
1042 1479 1097 1533 in
1142 1475 1378 1532 Juda'os.
1426 1472 1701 1528 Peccatum
1733 1488 1833 1525 non

254 1595 310 1633 ea:
326 1586 502 1631 natura
521 1585 613 1635 est,
635 1582 721 1627 aut
750 1588 815 1626 ea:
840 1569 1147 1629 necessitate.
1172 1597 1242 1609 -—
1270 1567 1382 1621 Hoc
1397 1574 1577 1621 autem
1598 1563 1746 1625 dicit,
1778 1571 1835 1617 ut

255 1671 362 1723 illos
388 1666 619 1721 attrahat
645 1663 954 1731 incitctque,
982 1669 1037 1716 et
1062 1658 1331 1723 ostendat,
1354 1656 1399 1710 si
1426 1662 1831 1717 convertantur,

254 1776 307 1817 se
346 1760 486 1828 ipsos
515 1765 827 1811 sanaturum
860 1766 981 1807 esse
1012 1767 1025 1805 :
1059 1764 1122 1805 ac
1148 1750 1193 1803 si
1224 1748 1345 1818 quis
1388 1745 1612 1809 diceret,
1656 1741 1836 1797 Noluit

254 1866 331 1905 me
368 1849 569 1914 videre,
602 1857 657 1901 et
684 1844 911 1915 gratiam
961 1840 1173 1896 habeo:
1206 1854 1329 1894 nam
1378 1838 1423 1893 si
1455 1852 1543 1892 me
1586 1836 1835 1906 dignatus

256 1942 449 2004 fuisset,
469 1938 650 1993 statim
677 1933 973 1990 ﬂectendus
992 1947 1161 1987 eram.
1184 1931 1294 1985 Hoc
1320 1944 1481 1999 porro
1502 1928 1629 1983 dicit
1654 1936 1837 1982 osten-

254 2030 379 2086 dens
406 2026 674 2099 quomodo
701 2024 1078 2081 reconciliatus
1117 2021 1325 2076 fuisset.
1358 2017 1447 2074 Sic
1476 2027 1531 2073 et
1570 2018 1672 2072 hoc
1715 2016 1835 2070 loco

254 2125 359 2179 ait:
394 2120 686 2191 Nequando
724 2125 1100 2182 convertantur,
1133 2122 1179 2168 et
1202 2128 1375 2167 senem
1395 2128 1478 2165 eos
1498 2126 1517 2174 ;
1537 2107 1837 2177 ostendens

256 2230 408 2285 posse
430 2214 548 2268 illos
573 2209 837 2275 converti,
856 2218 911 2264 et
938 2222 1031 2277 per
1056 2204 1425 2276 ptenitentiam
1449 2201 1673 2256 salutem
1700 2215 1837 2255 con—

256 2304 397 2373 sequi
429 2322 442 2357 :
491 2317 661 2373 seque
688 2315 795 2355 non
823 2299 889 2353 ad
917 2297 1140 2369 gloriam
1171 2310 1345 2361 suam,
1374 2292 1469 2348 sed
1512 2292 1579 2347 ad
1623 2292 1835 2346 illorum

257 2395 473 2448 salutem
515 2393 695 2447 omnia
727 2391 921 2446 facere.
974 2388 1031 2444 Si
1073 2387 1215 2443 enim
1246 2386 1506 2440 noluisset
1532 2397 1627 2437 eos
1652 2381 1838 2435 audire

256 2495 307 2540 et
331 2485 559 2549 servari,
594 2485 754 2539 silere
780 2481 1083 2551 Oportebat,
1119 2494 1225 2534 non
1273 2478 1325 2532 in
1358 2475 1627 2547 parabolis
1657 2474 1835 2543 loqui:

256 2592 391 2632 nunc
412 2583 591 2630 autem
618 2574 719 2629 hoc
740 2574 856 2643 ipso
878 2571 1062 2626 incitat
1078 2569 1218 2635 illos,
1237 2566 1379 2639 quod
1401 2566 1631 2622 obscure
1656 2566 1840 2633 loqua-

260 2674 357 2720 tur.
384 2665 514 2720 Nam
560 2664 703 2720 Deus
746 2680 847 2717 non
894 2662 1000 2716 vult
1043 2668 1252 2713 mortem
1298 2657 1613 2728 peccatoris;
1651 2655 1739 2710 sed
1788 2663 1840 2709 ut

256 2767 572 2812 convertatur
593 2766 641 2810 et
665 2756 794 2810 vivat
832 2753 1043 2824 (Ezeclt.
1074 2753 1160 2807 I8.
1190 2751 1302 2818 25).
1336 2749 1487 2816 Quod
1514 2759 1691 2803 autem
1720 2762 1843 2817 pec—

257 2859 423 2904 catum
456 2864 563 2903 non
594 2863 657 2902 ex
690 2856 877 2900 natura
905 2845 975 2899 sit
1000 2851 1092 2898 aut
1115 2858 1182 2898 ex
1212 2841 1529 2897 necessitate
1558 2848 1612 2893 et
1641 2838 1843 2893 violen—

259 2943 344 3003 tia,
373 2939 493 2994 audi
520 2938 649 3009 quid
680 2937 936 3007 apostolis
965 2935 1107 2990 dicat
1137 2953 1150 2988 :
1184 2934 1272 2989 I6.
1319 2930 1480 2985 Vestri
1504 2938 1671 2983 autem
1710 2928 1840 2983 beati

258 3031 406 3097 oculi,
431 3032 552 3100 quia
578 3029 767 3095 vident,
790 3038 835 3081 et
857 3042 1025 3089 aures,
1055 3025 1175 3094 quia
1213 3023 1469 3084 audiunt;
1499 3037 1603 3074 non
1631 3018 1698 3074 de
1725 3020 1843 3075 visu

259 3120 334 3173 vel
383 3120 566 3176 auditu
608 3118 849 3187 corporis
901 3117 1142 3184 loquens,
1177 3113 1270 3169 sed
1299 3112 1377 3175 ,de
1413 3112 1531 3166 visu
1568 3121 1620 3165 et
1661 3110 1843 3163 auditu

259 3212 469 3265 mentis.
513 3211 687 3265 Judaei
716 3208 857 3264 enim
884 3209 1048 3263 etiam
1094 3206 1149 3261 hi
1176 3213 1349 3269 erant,
1384 3212 1544 3273 atque
1572 3202 1624 3256 in
1655 3200 1845 3256 iisdem

260 3302 461 3357 educati
491 3322 505 3357 :
537 3304 667 3373 ipsis
693 3312 869 3357 tamen
900 3300 1030 3355 nihil
1064 3299 1247 3353 nocuit
1271 3295 1571 3367 prophetia,
1594 3295 1714 3364 quia
1746 3293 1844 3347 bo-

260 3408 446 3447 norum
489 3394 727 3448 radicem
760 3392 1027 3447 habebant
1057 3400 1201 3445 recte
1241 3388 1475 3453 insitam,
1516 3386 1846 3457 prepositum

262 3499 448 3552 nempe
491 3493 548 3538 et
575 3482 924 3536 voluntatem.
964 3479 1147 3534 Viden’
1177 3479 1326 3541 illud,
1369 3476 1520 3531 Vobis
1550 3476 1724 3529 datum
1753 3484 1846 3541 est,

263 3589 361 3627 non
393 3573 773 3628 necessitatem
826 3570 1046 3626 inditam
1095 3568 1438 3639 signiﬁcare?
1480 3566 1665 3635 Neque
1704 3564 1847 3621 enim

258 3663 396 3718 beati
428 3663 705 3734 prmdicati
750 3662 996 3725 fuissent,
1026 3661 1126 3715 nisi
1166 3661 1361 3716 bonum
1390 3658 1515 3713 illud
1542 3673 1676 3727 opus
1704 3658 1851 3727 ipso-

258 3772 370 3811 rum
398 3755 613 3811 fuisset.
631 3754 709 3810 Ne
727 3754 927 3809 dixeris
955 3755 1122 3818 enim,
1144 3754 1290 3807 illum
1313 3752 1541 3806 obscure
1572 3752 1851 3818 loquutum

260 3843 421 3900 fuisse
449 3862 463 3897 :
501 3854 749 3913 poterant
773 3845 916 3898 enim
956 3843 1032 3897 illi
1063 3853 1118 3897 et
1142 3841 1398 3896 accedere
1424 3850 1479 3896 et
1499 3840 1848 3909 interregare,

258 3936 709 4007 quemadmodum
735 3945 790 3992 et
822 3935 1100 4004 discipuli;
1155 3934 1247 3988 sed
1300 3944 1516 4003 torpore
1563 3948 1625 3988 ac
1678 3931 1853 4004 negli-

259 4030 435 4098 gentia
476 4030 712 4097 correpti
760 4029 1065 4082 noluerunt.
1100 4026 1169 4080 Et
1196 4026 1321 4095 quid
1354 4026 1496 4092 dico,
1528 4026 1854 4081 noluerunt?

258 4121 464 4177 Etenim
495 4131 682 4174 contra
713 4121 1038 4174 nitebantur.
1072 4118 1186 4173 Non
1224 4120 1397 4173 solum
1424 4120 1566 4173 enim
1596 4136 1701 4173 non
1732 4134 1855 4175 cre-

257 4209 455 4265 debant
478 4225 585 4265 nec
603 4209 906 4273 audiebant,
927 4208 1019 4264 sed
1038 4210 1197 4263 etiam
1218 4208 1619 4278 impugnabant,
1638 4219 1691 4265 ct
1714 4226 1857 4281 :rgre

258 4302 551 4356 admodum
592 4296 741 4355 dicta‘
765 4300 1073 4366 audiebant,
1110 4300 1251 4370 quod
1297 4302 1613 4370 prophetam
1657 4301 1858 4358 inducit

259 4406 624 4458 accusantem,
647 4406 767 4445 cum
792 4391 940 4455 dicit,
974 4389 1204 4445 Graviter
1229 4391 1520 4445 audierunt.
1549 4392 1619 4447 At
1646 4408 1751 4446 non
1779 4392 1857 4448 illi

261 4483 393 4539 tales
433 4483 697 4536 fuerunt:
742 4490 1068 4552 quapropter
1091 4480 1276 4536 beatos
1314 4481 1525 4535 dicebat
1570 4497 1685 4536 eos.
1736 4482 1859 4537 Alio

260 4589 474 4644 quoque
505 4572 667 4628 modo
691 4573 975 4627 confirmat
1014 4573 1159 4642 ipsos
1185 4571 1268 4625 bis
1296 4573 1476 4626 verbis
1509 4589 1523 4626 :
1577 4574 1663 4627 I7.
1698 4573 1859 4629 Amen

258 4667 452 4736 quippe
475 4666 593 4719 dico
622 4665 780 4727 vobis,
798 4664 945 4718 multi
973 4665 1232 4735 prophetes
1253 4674 1302 4718 et
1330 4665 1461 4735 justi
1488 4667 1750 4720 voluerunt
1781 4668 1859 4720 vi-

263 4762 379 4812 dere
388 4774 512 4829 qua
528 4773 613 4810 vos
630 4757 878 4823 videtis,et
894 4772 991 4809 non
1010 4757 1313 4822 viderunt,et
1329 4756 1508 4810 audire
1523 4774 1636 4826 qua:
1650 4758 1859 4827 auditis,

260 4857 305 4901 et
333 4865 438 4903 non
464 4848 773 4912 audierunt;
806 4861 1000 4916 nempe
1028 4847 1313 4900 adventum
1355 4862 1554 4913 meum,
1580 4849 1857 4917 miracula,

260 4955 473 5006 vocem,
494 4938 810 4993 doctrinam.
848 4936 947 4993 Hic
979 4952 1138 5006 Porro
1175 4952 1269 4991 eos
1294 4953 1400 4993 non
1430 4938 1589 4992 modo
1638 4939 1863 5009 perditis

264 5032 377 5087 istis
406 5042 462 5087 et
489 5029 1078 5101 ncquamhominibus,
1108 5029 1201 5085 sed
1246 5031 1405 5086 etiam
1439 5032 1713 5101 prteclaris
1756 5033 1859 5087 illis

261 5123 572 5193 anteponit,
604 5137 724 5178 eum
752 5121 881 5177 dicit
902 5136 999 5178 eos
1022 5122 1289 5177 beatiores
1318 5123 1423 5176 illis
1449 5137 1569 5177 esse
1589 5123 1612 5174 ‘!
1633 5121 1739 5177 Cur
1766 5139 1863 5178 au-

266 5216 413 5269 tem?
442 5214 582 5284 Quia
635 5230 741 5268 non
789 5213 950 5269 modo
979 5229 1098 5284 qute
1138 5213 1307 5269 Judzei
1347 5229 1455 5268 non
1487 5215 1734 5269 viderunt
1763 5216 1863 5284 ipsi

264 5308 542 5370 videbant,
576 5304 671 5361 sed
702 5306 864 5360 etiam
891 5319 953 5359 ea
984 5320 1104 5375 quas
1132 5305 1291 5374 prisci
1325 5305 1399 5360 illi
1437 5304 1622 5359 videre
1659 5320 1863 5360 concu-

267 5400 542 5471 pierant'.
569 5400 646 5453 Illi
676 5414 905 5468 namque
933 5397 1035 5452 llde
1066 5406 1272 5453 tantum
1296 5396 1577 5462 viderunt;
1608 5397 1660 5451 hi
1688 5408 1864 5452 autem

267 5495 398 5563 ipsis
442 5494 637 5557 oculis,
668 5504 722 5546 et
749 5492 905 5561 longe
931 5490 1147 5545 clarius.
1172 5490 1373 5545 Viden‘
1420 5490 1690 5563 quomodo
1716 5499 1863 5545 vete-

267 5602 383 5641 rem
414 5587 588 5654 legem
620 5583 813 5637 itcrum
849 5597 972 5636 cum
998 5596 1133 5635 nova
1164 5582 1400 5651 capulet,
1429 5580 1720 5634 ostendens
1750 5580 1867 5634 illus

333 5720 347 5750 ι
384 5724 532 5778 Forte
553 5713 841 5778 legendum,
863 5720 1024 5778 Neque
1043 5712 1190 5778 _enim
1219 5711 1322 5773 ipse
1337 5710 1495 5778 dicit,
1519 5723 1612 5760 non
1637 5709 1739 5765 risu
1761 5725 1877 5777 pet-

267 5777 495 5843 cipictis;
517 5772 659 5827 sed]
682 5774 786 5825 risu
803 5772 1097 5839 percipietis,
1122 5780 1167 5824 et
1189 5772 1284 5823 nan
1303 5772 1536 5827 videbitis.
1565 5790 1585 5818 s

331 5843 352 5873 ³
390 5837 500 5888 Alii.
523 5838 671 5888 idque
695 5835 918 5888 faciebat.

333 5843 352 5873 ι
390 5838 500 5901 Alii,
523 5838 671 5901 idque
694 5838 945 5899 faciebat.’

333 5902 355 5936 ³
389 5901 506 5953 Duo
527 5906 638 5952 Ias.
661 5898 864 5962 addunt,
883 5904 928 5950 et
952 5910 1044 5949 non
1066 5896 1302 5951 viderant.

1211 442 1273 498 IN
1314 438 1723 497 MATTilIEUM
1766 435 1996 491 IIO.\IIL.
2044 434 2201 490 XLV.
2244 435 2316 490 al.
2361 434 2543 490 XLVI.

3435 437 3534 492 171

1942 566 2046 604 non
2099 549 2259 605 modo
2310 549 2481 605 futura
2528 548 2746 616 vidisse,
2777 548 2869 603 sed
2902 548 3063 603 etiam
3096 546 3249 603 valde
3277 550 3537 621 euntUpi-

1935 644 2117 698 visse?
2145 642 2327 712 Neque
2358 642 2405 697 si
2442 642 2602 698 alieni
2629 640 2739 705 dci,
2770 649 2825 696 et
2867 640 2991 695 huic
3020 641 3277 695 contrarii
3303 641 3541 696 cultores

1938 738 2185 805 fuissent,
2216 736 2269 791 id
2294 735 2711 791 desiderassent.
2739 734 2827 789 18.
2855 732 2956 788 Vos
2983 749 3120 801 vero,
3148 733 3339 805 inquit,
3359 732 3539 801 quibus

1935 832 1990 885 id
2018 832 2192 885 datum
2220 840 2311 895 est,
2341 830 2514 884 audite
2540 828 2838 899 parabolam
2883 828 3216 892 seminantis;
3262 836 3316 884 et
3359 816 3543 883 narrat

1936 941 1997 979 ca
2029 941 2148 994 qua:
2196 938 2355 993 supra
2405 923 2661 985 diximus,
2693 922 2762 978 de
2792 922 3019 993 segnitie
3066 931 3121 978 et
3146 922 3443 994 diligentia,
3474 922 3543 978 de

1938 1032 2081 1073 tnetu
2109 1028 2161 1073 et
2194 1017 2526 1082 fortitudine,
2553 1017 2621 1071 de
2646 1016 2848 1071 divitiis
2877 1024 2931 1069 ct
2962 1024 3277 1086 paupertate
3304 1036 3317 1071 :
3352 1026 3541 1071 osten-

1937 1110 2070 1164 dens
2084 1119 2137 1165 et
2150 1109 2402 1163 damnum
2427 1107 2552 1163 inde
2568 1116 2622 1162 et
2642 1107 2926 1161 utilitatem
2948 1105 3073 1161 hinc
3098 1119 3321 1175 partam.
3342 1106 3544 1162 Deinde

1936 1203 2117 1256 varios
2157 1199 2361 1255 inducit
2403 1198 2616 1253 virtutis
2656 1197 2864 1251 modus.
2897 1195 3031 1251 Nam
3078 1197 3385 1251 misericors
3412 1214 3535 1251 cum

1938 1293 2027 1356 sit,
2056 1308 2163 1347 non
2207 1307 2369 1346 unam
2415 1290 2626 1360 aperuit
2654 1289 2829 1356 viam,
2860 1303 3036 1359 neque
3078 1288 3235 1356 dixit,
3270 1288 3383 1343 Nisi
3423 1291 3545 1358 quis

1937 1384 2289 1439 centesimum
2341 1382 2571 1437 fructum
2620 1380 2840 1446 fecerit,
2892 1380 2938 1435 is
2988 1379 3223 1445 decidit;
3278 1379 3395 1447 scd,
3443 1380 3544 1446 Qui

1937 1478 2361 1545 sexagesimum,
2411 1474 2520 1527 imo
2568 1472 2657 1543 qui
2710 1472 3043 1541 trigesimum
3095 1470 3321 1538 fecerit,
3365 1471 3546 1525 salvus

1939 1566 2057 1622 erit.
2096 1566 2229 1621 Illud
2252 1577 2434 1621 autem
2465 1566 2543 1621 sic
2568 1565 2853 1637 disposuit,
2886 1574 2940 1618 ut
2963 1564 3169 1618 facilior
3197 1563 3281 1618 via
3311 1564 3377 1619 ad
3404 1565 3548 1619 salu-

1943 1670 2049 1715 tem
2074 1669 2234 1714 esset.
2258 1659 2323 1713 Et
2351 1668 2403 1713 tu
2430 1673 2558 1728 ergo
2586 1672 2691 1713 non
2724 1666 2877 1728 potes
2908 1656 3266 1727 virginitatem
3290 1658 3545 1713 scrvare?

1940 1754 2097 1809 Caste
2134 1753 2460 1808 connubinm
2504 1753 2679 1815 ineas.
2702 1750 2821 1805 Non
2855 1758 3005 1820 potcs
3033 1766 3157 1806 esse
3183 1751 3299 1805 sine
3329 1764 3548 1822 posses-

1941 1846 2137 1902 sione?
2192 1847 2270 1901 De
2319 1846 2475 1901 bonis
2526 1846 2631 1899 tuis
2675 1845 2893 1913 largire.
2923 1844 3038 1897 Non
3091 1854 3242 1913 potes
3282 1843 3384 1897 hoc
3411 1856 3549 1897 unus

1943 1939 2122 1994 ferre?
2166 1937 2301 1993 Cum
2327 1936 2539 1992 Christo
2566 1937 2705 1991 bona
2744 1935 2941 1991 divide.
2985 1935 3101 1991 Non
3155 1936 3233 1990 vis
3278 1935 3379 2005 ipsi
3417 1935 3549 1989 dare

1943 2032 2163 2087 omnia?
2196 2030 2288 2086 Vel
2323 2029 2623 2096 dimidiam,
2656 2028 2737 2083 vel
2770 2029 2981 2084 tertiam
3012 2038 3221 2097 partem
3252 2027 3397 2082 dato.
3418 2027 3549 2081 Fra-

1944 2134 2025 2180 ter
2056 2132 2177 2178 tuus
2233 2132 2316 2180 est
2355 2130 2406 2177 et
2446 2123 2674 2178 coheres
2712 2130 2835 2175 tuus
2876 2137 2890 2173 :
2934 2119 3019 2173 fac
3058 2118 3207 2172 illum
3246 2116 3337 2173 hic
3387 2119 3548 2174 etiam

1944 2214 2290 2270 coheredem.
2325 2213 2688 2283 Qumcumque
2715 2212 2791 2266 illi
2818 2210 3056 2277 dederis,
3098 2210 3192 2267 tibi
3236 2211 3336 2281 ipsi
3374 2208 3549 2265 dabis.

1944 2305 2060 2362 Non
2102 2304 2254 2359 audis
2284 2304 2411 2374 quid
2455 2303 2588 2360 dicit
2627 2303 2933 2373 prepheta?
2977 2303 3305 2373 Propinqnos
3344 2299 3552 2356 seminis

1950 2399 2023 2451 tui
2050 2414 2111 2451 ne
2136 2396 2385 2468 despicias
2419 2395 2569 2468 (lsai.
2601 2396 2691 2452 58.
2720 2397 2801 2464 7).
2834 2396 2892 2452 Si
2922 2411 3055 2452 vero
3080 2406 3338 2467 cognatos
3367 2394 3553 2465 despi-

1947 2504 2075 2544 cere
2106 2503 2210 2542 non
2257 2496 2495 2558 oportet,
2523 2487 2694 2542 multo
2739 2488 2916 2543 minus
2960 2487 3267 2559 Dominum,
3296 2486 3385 2557 qui
3428 2500 3551 2540 cum

1948 2580 2186 2636 dominio
2206 2578 2367 2634 etiam
2388 2579 2724 2649 cognationis
2749 2580 2838 2648 jus
2862 2587 3038 2635 tecum
3065 2579 3246 2645 habet,
3274 2578 3550 2646 multoque

1950 2674 2105 2744 plura
2128 2673 2250 2726 alia.
2272 2672 2406 2727 Nam
2438 2672 2754 2743 participem
2786 2683 2837 2728 le
2860 2671 2987 2728 fecit
3012 2672 3276 2727 bonorum
3304 2685 3550 2733 suorum,

1951 2781 2072 2822 cum
2104 2764 2236 2820 nihil
2262 2779 2293 2819 a
2325 2772 2377 2820 te
2406 2764 2725 2835 accepisset,
2758 2774 2813 2819 et
2859 2764 2963 2820 hoc
2991 2762 3243 2819 incﬂ'abili
3290 2761 3554 2817 beneficio

1954 2866 2009 2913 te
2034 2858 2183 2929 prior
2222 2865 2585 2927 provocasset.
2615 2855 2897 2925 Quomodo
2942 2857 3105 2927 igitur
3148 2871 3253 2910 non
3286 2864 3432 2913 esset
3455 2869 3553 2911 ex-

1955 2958 2143 3004 tremm.
2168 2947 2453 3003 dementiae
2483 2955 2608 3018 post
2648 2957 2852 3003 tantum
2884 2948 3085 3003 donum
3131 2946 3417 3015 benignum
3445 2960 3558 3001 non

1952 3038 2114 3105 efﬁci,
2139 3054 2239 3093 nec
2279 3039 2449 3093 vicem
2473 3036 2635 3091 ullam
2665 3052 2763 3107 pro
2798 3045 2945 3091 tanta
2973 3036 3143 3108 gratia
3172 3034 3421 3097 reddere,
3449 3036 3554 3089 mi-

1952 3131 2098 3185 nima
2124 3145 2223 3199 pro
2252 3129 2496 3200 magnis?
2543 3128 2677 3183 Nam
2722 3129 2836 3198 ipse
2864 3139 2916 3182 te
2942 3129 3057 3183 οωιί
3086 3128 3357 3183 haeredem
3386 3127 3511 3183 fecit
3536 3144 3551 3191 ;

1958 3233 2013 3277 tu
2040 3238 2168 3277 vero
2189 3222 2289 3289 ipsi
2313 3236 2381 3277 ne
2407 3230 2744 3277 terrenarum
2767 3219 2981 3292 quidem
3004 3219 3279 3290 quidpiam
3308 3218 3558 3292 largiris?

1956 3312 2075 3382 Ipse
2106 3312 2302 3367 nullius
2347 3320 2398 3367 te
2429 3312 2554 3366 boui
2593 3320 2891 3378 auctorem,
2925 3311 3019 3367 sed
3051 3320 3104 3367 et
3150 3311 3426 3367 inimicum
3455 3311 3557 3365 sibi

1955 3404 2358 3470 reconciliavit;
2388 3413 2444 3458 tu
2474 3419 2605 3459 vero
2634 3418 2735 3458 nec
2760 3404 2933 3459 amico
2959 3419 3061 3459 nec
3090 3403 3418 3459 bcnefactori
3454 3403 3556 3472 ipsi

1956 3496 2229 3565 quidpiam
2279 3496 2555 3562 retribuis,
2585 3510 2910 3565 quamquam
2956 3506 3011 3551 et
3053 3506 3177 3551 ante
3223 3511 3468 3566 regnum,
3504 3505 3568 3549 ct

1958 3596 2084 3642 ante
2109 3596 2303 3642 ca‘tera
2342 3586 2544 3648 omnia,
2574 3601 2641 3641 ex
2667 3601 2733 3641 eo
2773 3587 2892 3657 ipso
2920 3585 3064 3657 quod
3091 3586 3210 3653 das,
3239 3590 3465 3658 gratiam
3506 3586 3556 3641 ei

1957 3678 2158 3733 referre
2188 3677 2427 3733 debeas?
2456 3677 2667 3733 Etenim
2699 3675 2873 3731 liberti
2895 3676 2995 3747 (a),
3024 3678 3115 3747 qui
3146 3678 3305 3733 heros
3329 3694 3459 3733 suos
3489 3677 3559 3732 ad

1959 3769 2263 3824 convivium
2295 3768 2541 3834 invitant,
2573 3782 2679 3822 non
2718 3768 2960 3836 pret-here
2989 3769 3239 3838 gratiam,
3273 3768 3367 3823 sed
3415 3769 3561 3823 acci-

1962 3875 2089 3929 pere
2117 3867 2341 3914 censent
2364 3900 2380 3926 ,
2426 3860 2513 3915 hic
2541 3874 2669 3915 vero
2690 3870 2902 3914 contra.
2934 3861 3048 3915 Non
3076 3863 3219 3916 enim
3248 3877 3442 3915 servus
3464 3862 3562 3915 do-

1963 3951 2189 4016 minum,
2225 3950 2317 4004 sed
2360 3950 2608 4005 dominus
2632 3965 2845 4005 servum
2889 3952 3036 4021 prior
3065 3952 3283 4005 vocavit
3311 3951 3375 4005 ad
3406 3966 3562 4005 men-

1961 4056 2113 4106 Sam;
2146 4052 2199 4095 tu
2228 4056 2356 4095 vero
2399 4058 2466 4096 ne
2512 4053 2695 4111 postea
2721 4040 2942 4112 quidem
2971 4042 3121 4096 illum
3149 4056 3310 4096 vocas
3336 4042 3360 4095 ἲ
3408 4041 3565 4097 Prius

1964 4142 2017 4187 te
2046 4132 2148 4186 sub
2177 4140 2373 4187 tectum
2402 4147 2558 4186 suum
2601 4131 2933 4199 introduxit;
2985 4142 3038 4186 tu
3084 4148 3213 4189 vero
3242 4146 3341 4185 nec
3366 4146 3563 4187 secun-

1962 4222 2063 4279 dus
2092 4223 2140 4276 id
2170 4222 2328 4292 agis?
2372 4223 2449 4278 ’I‘e
2492 4222 2691 4278 nudum
2721 4222 2928 4289 induit;
2978 4232 3034 4277 tu
3078 4239 3208 4279 vero
3259 4224 3434 4293 ipsum
3467 4239 3569 4277 nec

1966 4315 2305 4384 peregrinum
2331 4315 2567 4385 excipis?
2594 4314 2806 4369 Primus
2834 4316 2927 4369 tibi
2956 4331 3021 4369 ex
3054 4316 3221 4371 calice
3249 4330 3348 4370 suo
3381 4324 3559 4383 potun:

1966 4405 2145 4469 dedit;
2181 4413 2234 4459 tu
2269 4420 2395 4460 vero
2428 4420 2493 4461 ne
2518 4420 2709 4476 aquam
2740 4405 2957 4475 quidem
2990 4405 3235 4477 frigidam
3267 4406 3405 4461 das?
3459 4406 3563 4460 Po-

1968 4504 2080 4550 tum
2110 4496 2260 4551 dedit
2289 4497 2383 4550 tibi
2423 4496 2681 4565 Spiritum
2717 4507 2962 4551 sanctum
2989 4514 3004 4563 ;
3038 4506 3091 4550 tu
3122 4512 3253 4551 vero
3276 4512 3344 4551 ue
3369 4512 3566 4565 corpo-

1966 4602 2111 4643 ream
2156 4588 2299 4641 sitim
2326 4588 2442 4658 ejus
2484 4587 2681 4643 sedas?
2728 4588 2919 4643 Potum
2964 4588 3112 4643 dedit
3142 4587 3399 4658 Spiritum
3447 4590 3564 4653 tibi,

1966 4678 2291 4733 cruciatibus
2335 4678 2533 4748 digno;
2584 4687 2639 4732 tu
2679 4693 2811 4732 vero
2853 4678 3123 4733 sitientem
3155 4677 3411 4747 despicis,
3445 4693 3569 4733 cum

1969 4776 2146 4822 tamen
2170 4783 2234 4822 ex
2259 4768 2423 4838 ipsius
2450 4768 2604 4823 bonis
2625 4768 2804 4822 omnia
2830 4768 3120 4839 largiturus
3165 4767 3281 4823 sis?

2040 4882 2092 4936 '5.
2126 4880 2459 4952 Eleemosytta
2488 4879 3165 4939 commendatur.-—Nonne
3189 4894 3440 4951 magnum
3467 4879 3573 4936 du-

1969 4974 2049 5029 cis
2073 4984 2124 5029 te
2153 4973 2401 5043 poculum
2428 4972 2556 5027 illud
2581 4982 2786 5039 tenere,
2806 4989 2873 5027 ex
2900 4987 3007 5043 quo
3034 4972 3301 5028 bibiturus
3321 4971 3574 5028 Christus

1971 5076 2075 5130 est,
2107 5075 2163 5120 et
2187 5066 2360 5135 ipsum
2387 5066 2470 5121 ori
2498 5066 2851 5121 admoturus?
2899 5066 3095 5121 Annon
3139 5066 3312 5131 vides,
3338 5066 3439 5120 soli
3480 5082 3573 5120 sa-

1973 5157 2179 5212 cerdoti
2230 5156 2394 5212 licere
2448 5158 2723 5228 sanguinis
2772 5157 2996 5213 calicem
3043 5158 3255 5212 tradere
3278 5156 3396 5228 (b)?
3439 5156 3572 5225 Ego,

1974 5247 2143 5319 inquit
2170 5247 2278 5312 ille,
2300 5247 2415 5302 haec
2442 5263 2548 5303 non
2582 5258 2686 5303 tam
2711 5256 2959 5303 accurate
2980 5248 3238 5317 dispicio;
3268 5247 3362 5303 sed
3390 5246 3435 5302 si
3458 5246 3577 5317 ipse

1976 5340 2191 5395 dederis
2215 5339 2440 5409 accipio.
2465 5339 2687 5393 Etiamsi
2715 5339 2883 5394 laicus
2910 5340 3005 5405 sis,
3026 5354 3132 5394 non
3163 5353 3377 5404 recuso,
3398 5354 3575 5410 neque

1976 5429 2118 5500 quod
2145 5429 2268 5483 dedi
2308 5438 2517 5501 repeto.
2557 5429 2675 5485 Non
2717 5430 2860 5485 enim
2889 5432 3205 5501 sanguinem
3232 5446 3439 5499 quaero,
3478 5430 3577 5485 sed

1978 5536 2167 5591 aquam
2193 5518 2458 5591 frigidam.
2473 5520 2661 5591 Cogita
2674 5520 2760 5576 cui
2781 5529 2965 5591 potum
2987 5520 3102 5587 des,
3116 5531 3171 5577 et
3192 5520 3569 5591 perhorresco.

2040 5691 2113 5754 (α)
2148 5690 2202 5740 Ιη
2224 5696 2403 5754 Graeco,
2429 5703 2582 5754 οιιειται,
2603 5691 2733 5754 quod
2759 5698 2837 5740 est
2859 5690 2917 5740 ad
2943 5688 3472 5754 litteram,rdomestici._
3484 5690 3579 5754 sed

1978 5750 2059 5802 hic
2078 5750 2157 5814 agi
2182 5752 2380 5801 omnino
2401 5751 2598 5814 videtur
2611 5750 2675 5801 de
2692 5752 3089 5801 domesticisdlis
3110 5750 3216 5814 qui,
3235 5753 3342 5801 heri
3360 5752 3437 5799 sui
3459 5750 3590 5801 lihe-

1979 5813 2192 5875 ralitate,
2216 5814 2499 5875 libertatem
2524 5813 2687 5875 adepti
2714 5822 2874 5862 erant.

2048 5876 2121 5938 (b)
2155 5871 2247 5928 Soli
2270 5874 2509 5925 sacerdoti
2534 5871 2713 5925 licebat
2733 5874 2985 5937 sanguinis
3008 5873 3212 5925 calicem
3237 5871 3456 5925 tradere.
