4170 6476
712 354 808 406 Ub

705 470 888 539 Cogita
911 478 961 523 te
977 467 1176 524 Christi
1202 467 1530 524 sacerdotem
1564 467 1697 530 fieri,
1727 482 1844 519 cutn
1873 481 2029 517 manu
2064 463 2273 532 propria

705 560 799 612 das
844 575 946 613 non
994 575 1232 620 carnem,
1279 558 1368 612 sod
1422 573 1639 627 panem,
1674 574 1776 610 non
1820 557 2148 624 sanguinem,
2181 553 2273 607 sed

706 653 921 705 calicem
956 668 1102 721 aquze
1151 653 1374 722 frigidte.
1415 652 1580 705 Induit
1614 662 1662 704 tc
1693 652 2008 704 vestimento
2033 648 2270 707 salutari,

701 753 751 794 et
775 743 872 795 hoc
896 759 988 810 per
1016 744 1279 812 seipsum;
1315 755 1366 796 tu
1399 746 1581 796 saltem
1608 759 1698 809 per
1724 756 1932 794 servum
1955 737 2271 792 induefslo-

703 835 898 887 riosum
933 844 982 889 te
1026 835 1148 888 fecit
1199 836 1249 887 in
1300 835 1472 897 melis;
1526 845 1576 886 ιιι
1607 849 1634 885 a
1669 834 1858 898 frigore
1909 833 2052 884 illum
2101 830 2265 897 eripe,

703 940 799 978 nec
831 942 932 978 non
977 926 1042 980 ab
1075 926 1318 980 indecm'a
1361 925 1612 978 nuditate.
1649 922 1964 991 Angelornm
2012 932 2060 976 te
2090 922 2269 974 conci-

701 1033 817 1070 vem
867 1017 1022 1083 fecit;
1076 1029 1128 1069 tu
1163 1020 1329 1085 ipsum
1363 1018 1462 1070 sub
1493 1027 1630 1069 tecto
1674 1015 1878 1083 excipe,
1911 1017 2094 1068 saltem
2136 1017 2270 1067 sicut

703 1126 863 1164 unum
912 1128 974 1164 es
1027 1111 1234 1163 famulis
1268 1113 1367 1164 tuis
1397 1111 1538 1163 domi
1571 1111 1839 1177 excipias;
1884 1109 1984 1162 hoc
2028 1108 2265 1162 diverso-

701 1202 833 1251 rium
871 1217 972 1252 non
1011 1216 1218 1263 recuso,
1254 1201 1373 1253 licet
1405 1211 1568 1252 totum
1615 1201 1704 1253 tibi
1733 1200 1916 1254 ca‘lum
1948 1199 2264 1268 aperuerint.

697 1290 770 1344 'l'e
792 1309 818 1344 a
850 1293 1164 1360 gravissimo
1194 1309 1417 1348 carcere
1434 1293 1597 1360 eripui
1621 1310 1634 1354 ;
1671 1293 1768 1346 hoc
1793 1308 1819 1344 a
1845 1300 1894 1344 te
1924 1308 2026 1344 non
2055 1301 2264 1358 exi-elo,

698 1398 796 1435 nec
827 1383 973 1444 dico,
1014 1384 1172 1453 Eripe
1205 1377 1322 1446 me;
1365 1385 1456 1438 scd
1504 1385 1545 1436 si
1593 1400 1676 1436 me
1710 1384 1938 1436 vinetum
1985 1382 2184 1446 videas,
2217 1382 2265 1436 id

699 1473 824 1525 mihi
871 1474 934 1525 ad
967 1474 1380 1528 consolationem
1412 1473 1538 1526 satis
1567 1483 1667 1526 est.
1702 1473 1960 1526 helortuum
2005 1481 2054 1526 te
2094 1473 2265 1526 susci-

701 1563 841 1626 tavi;
891 1564 940 1615 id
985 1580 1011 1614 a
1036 1542 1108 1617 -te
1135 1579 1237 1617 non
1270 1567 1441 1632 exigo,
1473 1566 1562 1616 sed
1609 1564 1750 1624 dico.
1779 1579 1863 1617 me
1890 1576 2144 1631 aegrotum
2177 1578 2265 1616 so-

699 1653 964 1707 lummodo
993 1655 1192 1709 visites.
1233 1655 1361 1709 Cum
1394 1671 1518 1724 ergo
1551 1665 1692 1708 tanta
1724 1656 1829 1709 sint
1864 1656 2022 1720 dona,
2057 1666 2265 1724 tamque

698 1743 827 1796 levia
867 1754 1201 1812 expetantur,
1236 1763 1332 1800 nec
1360 1747 1649 1800 tamen'illa
1694 1747 2042 1815 pnebeanms,
2072 1756 2263 1815 quanta

700 1852 802 1887 non
833 1838 995 1889 simus
1023 1837 1163 1906 digni
1196 1839 1480 1906 gebenna?
1507 1839 1632 1893 .iure
1656 1842 1704 1892 in
1734 1841 1906 1909 ignem
1933 1840 2140 1894 abimus
2171 1856 2265 1909 pa-

702 1937 870 1978 ratum
898 1927 1107 1979 diabolo
1135 1938 1184 1981 et
1208 1929 1410 1997 angelis
1433 1933 1570 1997 ejus,
1594 1945 1714 1984 cum
1744 1945 1846 1984 non
1876 1933 2076 1998 majore
2103 1946 2260 1998 quant

697 2026 841 2083 petra
869 2032 1026 2070 sensu
1058 2018 1260 2086 praediti
1291 2021 1478 2075 simus.
1510 2020 1730 2087 Quanta:
1757 2022 1897 2075 enim
1943 2022 2264 2091 stupidilatis

692 2118 799 2172 εει,
827 2125 1006 2178 ψιωεο
1047 2119 1114 2174 te,
1147 2128 1402 2173 nos.cum
1433 2125 1572 2168 tanta
1614 2117 1994 2185 acceperimus,
2035 2125 2088 2170 et
2119 2127 2260 2170 tanta

695 2201 960 2266 accepturi
991 2201 1177 2264 simus,
1211 2217 1392 2258 servos
1421 2220 1536 2259 esse
1560 2206 1920 2274 pecuniarum,
1945 2222 2075 2276 quas
2109 2209 2262 2276 paulo

697 2299 876 2354 postea
908 2292 986 2345 vel
1028 2293 1172 2347 inviti
1207 2294 1607 2364 relinquemus?
1649 2298 1710 2351 Et
1753 2297 1840 2350 alii
1885 2299 2099 2366 quidem
2143 2301 2259 2352 aui-

699 2398 837 2434 mam
887 2384 1147 2438 dederunt
1196 2388 1382 2455 ipsam,
1417 2399 1468 2442 et
1515 2391 1822 2457 sanguinem
1877 2389 2159 2444 fuderunt:
2207 2402 2261 2443 tu

695 2486 819 2525 vero
852 2488 918 2527 ne
947 2477 1210 2544 superﬂua
1252 2479 1464 2546 quidem
1517 2467 1722 2550 largiris
1776 2491 1994 2550 propter
2039 2496 2257 2551 regnum

1441 353 1495 407 S.
1536 348 1807 406 ιυΑδΝιδ
1845 348 2309 403 αιηιδδυδίὐλιι
2351 347 2666 402 ARCIIIEP.
2697 345 3229 404 CONSTANTINOP.

3856 344 3958 398 475

2381 463 2652 526 ca-lorum,
2683 472 2898 531 propter
2930 472 3005 516 tot
3029 460 3294 517 coronas?
3325 460 3390 516 Et
3417 477 3521 532 qua
3560 462 3750 533 dignus
3791 465 3966 520 fueris

2382 554 2551 613 venia,
2588 568 2688 623 qua
2711 555 3071 616 excusatione,
3109 551 3196 624 qui
3237 553 3439 607 sentina
3471 554 3522 608 in
3554 564 3749 610 terram
3780 553 3962 611 liben-

2383 653 2460 695 n-r
2493 643 2733 710 projicis,
2766 645 2856 714 qui
2889 644 3018 698 nulli
3065 645 3138 698 rei
3181 644 3352 712 parcis
3381 644 3446 698 ad
3479 647 3729 714 pecunias
3756 647 3966 702 fanore

2382 734 2666 800 locandas;
2697 751 2815 790 cum
2847 746 3026 791 autem
3065 737 3237 806 agitur
3260 735 3326 790 de
3371 736 3594 790 Domino
3625 753 3720 807 per
3757 753 3966 808 egenos

2378 827 2589 890 alendo,
2626 829 2943 882 inhumanus
2979 828 3248 898 durusque
3277 827 3376 883 es?
3426 829 3548 884 llaec
3575 829 3752 900 itaque
3778 834 3964 889 omnia

2376 920 2690 985 cogitantes,
2730 920 3012 986 animoque
3055 928 3380 987 reputantes,
3411 934 3530 988 quae
3569 922 3963 988 acceperimus.

2392 1019 2512 1072 quae.
2535 1006 2809 1074 accepturi
2830 1006 3022 1072 simus,
3048 1023 3168 1077 qua:
3198 1023 3227 1061 a
3270 1008 3424 1062 nobis
3455 1021 3801 1081 expetantur,
3830 1027 3959 1067 om-

2394 1109 2512 1146 Iu'm
2569 1111 2758 1151 curam
2797 1107 3038 1152 nostram
3088 1100 3139 1153 in
3173 1101 3547 1170 spiritualibus
3576 1102 3966 1157 exbibeamus.

2376 1191 2548 1243 Simus
2583 1191 2807 1244 tandem
2839 1191 3097 1245 mansueti
3130 1203 3181 1246 et
3226 1191 3462 1258 humani,
3508 1207 3574 1246 ne
3623 1193 3965 1246 intolerabile

2375 1281 2686 1350 Supplicium
2709 1281 2862 1336 nobis
2877 1283 3223 1337 attrahamus.
3238 1283 3366 1349 Quae
3385 1283 3526 1337 enim
3550 1299 3646 1338 nos
3667 1285 3963 1339 damnandi

2374 1386 2530 1424 causa
2563 1387 2666 1425 non
2698 1373 2947 1440 suppetit,
2978 1373 3065 1442 qui
3112 1387 3230 1427 cum
3276 1381 3352 1426 tot
3395 1374 3658 1444 tantisque
3689 1373 3962 1439 fruamur,

2375 1480 2472 1518 nec
2517 1480 2761 1534 magnum
2791 1464 2913 1534 quid
2939 1475 3282 1533 ‘expetatura
3315 1466 3500 1530 nobis;
3546 1467 3649 1520 imo
3695 1467 3814 1519 talia
3859 1482 3964 1520 cx-

2373 1565 2636 1626 petantur,
2666 1569 2782 1624 qua:
2812 1556 2891 1608 vel
2934 1555 3080 1608 inviti
3125 1555 3209 1610 hic
3253 1555 3633 1625 relinquemus,
3665 1565 3870 1609 tantum
3900 1556 3957 1610 in

2374 1646 2529 1700 rebus
2551 1646 2892 1702 smcularibus
2913 1647 3141 1700 studium
3174 1646 3576 1716 impendamus?
3603 1647 3804 1702 Horum
3837 1649 3961 1704 sin-

2371 1739 2492 1807 gula
2538 1746 2658 1793 sunt
2695 1738 2760 1793 ad
2803 1754 2899 1794 nos
2938 1739 3267 1794 damnandos
3314 1741 3481 1804 satis;
3531 1741 3572 1794 si
3621 1756 3745 1795 vero
3773 1743 3958 1799 omnia

2372 1831 2528 1883 simul
2558 1839 2896 1892 concurrant,
2917 1846 3036 1898 quae
3062 1846 3183 1899 spes
3215 1831 3401 1885 salutis
3427 1831 3567 1885 erit?
3600 1831 3664 1886 Ut
3689 1849 3816 1902 ergo
3839 1848 3964 1886 om-

2366 1930 2489 1974 ‘nem
2523 1921 2658 1974 hanc
2688 1922 3079 1976 damnationem
3111 1920 3390 1990 fugiamus,
3435 1923 3716 1992 quanulam
3762 1923 3961 1977 saltem

2369 2026 2490 2080 erga
2522 2026 2719 2080 egentis
2763 2010 3134 2065 liberalitatem
3190 2012 3550 2064 exbibeanms.
3584 2011 3671 2066 Sic
3718 2015 3862 2065 enim
3905 2023 3962 2067 et

2373 2103 2728 2171 praesentibus
2760 2113 2812 2157 et
2840 2103 3028 2158 futuris
3059 2103 3296 2157 fruemur
3341 2103 3491 2157 bonis
3525 2125 3535 2160 :
3587 2121 3702 2172 qua:
3751 2105 3959 2157 utinam

2371 2209 2470 2249 nos
2515 2209 2702 2248 omnes
2742 2195 2952 2264 assequi
2995 2195 3286 2264 contingat,
3317 2195 3484 2264 gratia
3535 2205 3587 2249 et
3627 2195 3962 2266 benignitate

2373 2284 2581 2337 Domini
2614 2285 2776 2338 nostri
2805 2283 2927 2338 Jesu
2954 2283 3171 2350 Christi,
3196 2286 3278 2339 cui
3308 2285 3473 2354 gloria
3501 2294 3557 2340 et
3582 2286 3865 2355 imperium
3899 2288 3953 2340 in

2372 2375 2564 2429 swcula
2596 2374 2933 2431 smculorum.
2967 2375 3158 2430 Amen.

1782 2713 2124 2779 HOMILIA
2167 2715 2390 2775 XLVI.
2437 2717 2521 2777 al.
2584 2716 2834 2777 XLVII.

695 2845 822 2902 Car.
855 2851 940 2905 l3.
977 2868 1028 2904 ν.
1063 2851 1151 2906 ει.
1211 2855 1376 2907 Aliam
1427 2856 1716 2924 parabolam
1755 2860 2013 2928 proposuit
2051 2860 2142 2923 eis,
2180 2859 2264 2911 di-

767 2958 881 2994 cens
906 2957 924 2994 :
951 2942 1128 2998 Simile
1154 2945 1342 3014 factum
1368 2958 1436 3001 est
1460 2965 1666 3016 regnum
1705 2950 1939 3003 cwlorum
1969 2950 2156 3003 homini
2179 2950 2265 3019 qui

763 3032 974 3084 seminat
1014 3035 1193 3087 bonum
1225 3053 1386 3089 semen
1432 3039 1482 3090 in
1523 3055 1644 3108 agro
1669 3056 1776 3092 suo.
1815 3040 1904 3096 23.
1937 3040 2060 3093 Cum
2097 3049 2264 3093 autem

791 3124 1062 3176 dormirent
1093 3126 1337 3188 homines,
1371 3130 1500 3180 venit
1527 3131 1634 3196 ejus
1659 3129 1906 3192 inimicus,
1937 3141 1981 3184 et
2006 3131 2264 3184 seminavit

762 3213 955 3266 sisnnia
991 3233 1078 3284 per
1103 3217 1320 3269 medium
1358 3220 1528 3283 tritici,
1555 3230 1598 3272 et
1627 3220 1769 3272 abiit.
1803 3220 1891 3274 26.
1916 3209 1988 3291 (α)
2020 3221 2143 3274 Cum
2170 3238 2264 3274 au-

763 3313 857 3356 tem
883 3307 1111 3359 crevisset
1137 3307 1286 3359 herba
1314 3319 1360 3362 et
1385 3313 1603 3377 fructum
1631 3311 1844 3379 fecisset,
1877 3320 1993 3365 tunc
2014 3329 2264 3381 apparue-

764 3405 881 3448 runt
909 3406 954 3448 et
993 3398 1206 3449 zizania.
1239 3398 1326 3452 Ἦ.
1369 3400 1665 3453 Accedentes
1694 3417 1803 3462 vero
1845 3402 1972 3454 serui
2021 3404 2263 3472 patrisfa-

764 3488 952 3554 milias,
992 3492 1226 3544 dixerunt
1271 3492 1361 3544 ei:
1404 3490 1633 3556 Domine,
1663 3509 1827 3548 nonne
1869 3492 2052 3546 bonum
2095 3511 2261 3547 semen

763 3582 1021 3634 seminasti
1048 3583 1099 3634 in
1132 3599 1253 3651 agro
1283 3584 1408 3635 tuo?
1453 3585 1586 3636 unde
1618 3601 1734 3654 ergo
1761 3585 1955 3637 zizania
1975 3586 2000 3638 Ρ
2042 3585 2131 3637 28.
2163 3583 2261 3650 Qui

766 3670 890 3722 dixit
918 3671 987 3724 eis
1005 3687 1023 3723 :
1051 3669 1290 3724 Inimicus
1317 3674 1463 3725 homo
1492 3675 1584 3726 hoc
1609 3676 1742 3742 fecit.
1775 3673 1919 3728 Serui
1939 3683 2100 3727 autem
2123 3676 2263 3729 dixe-

765 3775 879 3817 runt
900 3766 979 3819 ei:
1012 3764 1094 3819 Vis
1115 3782 1252 3835 ergo,
1273 3767 1503 3845 abeamus
1523 3780 1568 3820 et
1592 3769 1887 3838 colligamus
1914 3785 1971 3822 ea
1987 3770 2012 3822 Ρ
2048 3769 2137 3825 29.
2164 3767 2185 3820 Ι
2195 3771 2263 3822 lle

766 3866 928 3906 .uuem
959 3856 1121 3908 dixit:
1154 3855 1294 3921 Non,
1338 3874 1398 3910 ne
1423 3862 1550 3927 forte
1590 3858 1876 3926 colligentes
1903 3859 2118 3922 zizania,
2147 3875 2260 3910 era-

765 3946 935 3997 dicetis
969 3947 1116 3998 simul
1153 3963 1264 3998 cum
1295 3951 1362 4001 eis
1403 3958 1448 4001 et
1485 3949 1720 4002 triticum.
1753 3947 1840 4003 50.
1875 3949 2037 4002 Sinite
2055 3959 2262 4018 utraque

765 4054 982 4091 crescere
1002 4055 1157 4099 usque
1176 4039 1243 4090 ad
1263 4056 1466 4092 messem
1489 4055 1505 4091 :
1533 4049 1580 4093 et
1607 4050 1722 4092 tunc
1744 4041 1908 4094 dicam
1931 4042 2259 4098 messoribus:

767 4128 996 4197 Colligite
1025 4130 1240 4197 primum
1268 4130 1478 4183 zizania.

771 4223 818 4272 Ι.
863 4219 1032 4288 Hujus
1061 4230 1105 4271 et
1133 4222 1405 4287 superioris
1445 4223 1697 4289 parabolas
1724 4223 2012 4277 discrimen.
2061 4223 2262 4278 Diaboli

694 4329 908 4366 errorem
936 4306 1214 4364 inducentis
1241 4315 1473 4366 versutia.
1509 4312 1795 4384 Vigilanlite
1824 4316 2103 4368 necessitas.
2140 4314 2263 4370 Ila:-

693 4406 897 4458 retirum
925 4405 1147 4460 occidere
1185 4421 1281 4458 non
1322 4416 1531 4473 oportet.
1557 4435 1626 4445 -
1647 4405 1779 4473 Quid
1827 4408 2045 4460 interest
2074 4406 2260 4460 discri-

694 4494 850 4548 minis
880 4497 1016 4550 inter
1047 4495 1181 4549 lianc
1203 4507 1255 4548 et
1285 4498 1607 4564 superiorem
1658 4496 2004 4564 parabolatn?
2038 4496 2146 4550 illic
2177 4497 2259 4550 lo-

693 4586 871 4655 quitur
911 4586 976 4638 de
1015 4585 1079 4639 iis
1129 4585 1214 4654 qui
1268 4600 1369 4638 non
1414 4587 1782 4648 attenderunt,
1816 4585 1910 4640 sed
1964 4586 2260 4640 resilientes

693 4678 896 4732 semina
942 4678 1272 4745 projcecrunt
1300 4695 1311 4730 :
1343 4676 1426 4731 hic
1451 4677 1516 4729 de
1543 4676 1908 4730 luereticorum
1939 4677 2163 4730 canibus
2187 4677 2262 4730 lo-

692 4769 888 4834 quitur.
923 4764 997 4820 Ne
1031 4768 1168 4820 enim
1200 4767 1483 4836 discipulos
1511 4767 1768 4831 turbaret,
1802 4767 2062 4834 przedixit,
2117 4778 2261 4836 post-

690 4874 847 4926 quam
877 4857 1131 4911 docuerat
1158 4857 1293 4923 illos,
1315 4871 1408 4911 cur
1436 4857 1484 4910 in
1515 4858 1776 4925 parabolis
1809 4857 2128 4928 loqueretur.
2164 4858 2260 4912 l’a-

690 4949 866 5004 rabula
896 4950 979 5002 illa
1009 4948 1236 5011 dicebat,
1264 4963 1367 5002 non
1394 4959 1694 5016 susceptum
1744 4950 1912 5018 ipsum
1939 4968 1953 5013 ;
2005 4949 2120 5006 hate
2162 4967 2258 5005 au-

689 5049 817 5103 tem,
841 5049 1177 5108 corruptores
1198 5039 1352 5092 sinuil
1377 5051 1670 5108 susceptos.
1709 5041 1830 5096 "me
1849 5041 2042 5111 quippe
2062 5041 2258 5097 diaboli

691 5131 920 5185 versutia
953 5139 1053 5196 est,
1085 5140 1139 5183 ut
1165 5145 1283 5184 cum
1329 5131 1550 5184 veritate
1578 5148 1786 5199 semper
1811 5133 2153 5188 commisceat
2176 5148 2258 5186 er-

694 5237 890 5288 rorem,
917 5221 999 5275 cui
1044 5221 1279 5276 veritatis
1324 5221 1554 5276 colorem
1587 5233 1640 5275 et
1668 5223 2063 5278 similitudinem
2105 5223 2258 5278 affin-

691 5319 796 5380 gat,
830 5312 896 5363 ita
944 5321 998 5364 ut
1027 5311 1292 5379 simplices
1323 5311 1476 5366 facile
1510 5313 1889 5369 circumvenire
1919 5315 2102 5383 possit.
2135 5314 2256 5370 Ideo

693 5419 796 5457 non
847 5403 946 5455 alia
997 5405 1215 5468 semina,
1245 5420 1398 5473 quam
1447 5405 1644 5458 zizania
1693 5406 1840 5468 dixit,
1887 5408 2025 5477 quod
2071 5424 2254 5462 semen

689 5492 869 5560 specie
910 5493 1119 5562 quidem
1149 5493 1410 5550 frumento
1451 5495 1623 5548 simile
1669 5506 1768 5548 esu
1814 5496 2010 5551 Deinde
2040 5498 2256 5552 modum

693 5583 1002 5639 insidiarum
1031 5583 1330 5638 dicit.Dum
1357 5587 1631 5641 dormirent
1651 5587 1895 5651 homines,
1926 5588 2109 5658 inquit.
2140 5589 2254 5643 Non

746 5719 829 5782 (tt),
851 5727 964 5780 Qute
990 5725 1272 5782 sequuntur
1301 5721 1546 5782 usquead
1567 5721 1752 5782 initium
1778 5719 1985 5770 bomiliat
2005 5720 2183 5772 desunt
2204 5722 2253 5771 ln

686 5780 850 5831 lorel.
874 5779 889 5832 ':
917 5779 1004 5836 sed
1029 5779 1270 5834 habentur
1295 5782 1340 5832 in
1365 5779 1501 5832 savii.
1529 5789 1579 5832 et
1604 5782 1650 5831 in
1676 5781 1853 5845 aliquot
1877 5783 2220 5848 ttannsoriptis.

2374 2872 2594 2926 parvum
2647 2856 2732 2911 hic
2777 2857 3093 2925 przesulibus
3136 2858 3450 2927 proponitur
3495 2858 3848 2928 praecipitium
3898 2867 3960 2914 et

2374 2948 2682 3016 periculum,
2712 2947 2903 3016 quibus
2930 2949 3157 3002 maxime
3187 2949 3300 3003 arvi
3327 2963 3451 3004 cura
3483 2949 3795 3004 demandata
3824 2959 3952 3013 est;

2370 3052 2546 3105 neque
2575 3038 2677 3092 illis
2711 3047 2933 3100 tantum,
2961 3039 3052 3092 sed
3080 3040 3241 3093 etiam
3286 3039 3530 3095 subditis.
3572 3040 3816 3096 Ostendit
3855 3057 3956 3096 au-

2373 3138 2498 3192 tem,
2531 3144 2764 3183 errorem
2795 3137 2913 3197 post
2938 3130 3208 3183 veritatem
3249 3131 3495 3193 venisse;
3538 3131 3591 3186 id
3614 3131 3754 3200 quod
3783 3133 3955 3186 etiam

2371 3236 2547 3276 rerum
2597 3231 2818 3275 eventus
2877 3222 3204 3276 testiﬁcatur.
3263 3221 3394 3276 Nam
3456 3234 3572 3291 post
3637 3225 3955 3293 prophetas,

2371 3309 2881 3380 pseudOprOpbette;
2927 3317 3043 3378 post
3089 3310 3377 3378 apostolos,
3408 3311 3863 3382 pseudoapostoli,
3897 3323 3956 3368 et

2368 3412 2486 3471 post
2515 3400 2803 3466 Christum,
2833 3401 3212 3455 Antichristus.
3257 3399 3367 3455 Nisi
3397 3401 3540 3455 enim
3584 3402 3830 3458 diabolus
3875 3404 3954 3458 vi-

2368 3490 2507 3545 derit
2537 3489 2660 3559 quid
2704 3489 2899 3543 imitari
2948 3490 3132 3557 possit,
3164 3498 3254 3543 aut
3281 3489 3475 3559 quibus
3523 3490 3782 3557 insidiari,
3815 3492 3950 3546 nihil

2369 3582 2678 3638 insidiarum
2711 3582 2878 3649 ponit,
2911 3580 3041 3634 nihil
3073 3582 3236 3635 novit.
3281 3580 3432 3636 Nunc
3478 3597 3626 3651 ergo,
3655 3584 3782 3653 quia
3813 3583 3950 3638 vidit

2367 3672 2526 3724 alium
2548 3671 2894 3726 centesimum
2923 3670 3138 3736 fecisse,
3155 3670 3322 3725 alium
3341 3673 3759 3742 sexagesimum,
3779 3673 3952 3729 alium

2371 3761 2720 3831 trigesimum,
2745 3763 2847 3816 alia
2877 3760 3130 3828 deinceps
3159 3760 3357 3816 incedit
3393 3763 3498 3816 via.
3543 3762 3678 3828 Quia
3706 3763 3852 3818 enim
3897 3762 3953 3818 id

2367 3851 2508 3922 quod
2545 3853 2746 3908 radices
2773 3861 3023 3922 posuerat
3047 3851 3292 3922 abripere
3331 3867 3437 3908 non
3483 3862 3711 3923 poterat,
3767 3867 3952 3923 neque

2367 3944 2646 4007 sull‘ocare.
2677 3945 2758 4000 vel
2787 3945 3127 4010 comburere,
3161 3959 3258 4014 per
3297 3944 3455 3999 aliam
3505 3945 3765 3999 fallaciam
3813 3945 3951 4000 insi-

2366 4038 2562 4103 diatur,
2595 4051 2688 4092 sua
2731 4039 2972 4092 inserens
3020 4036 3161 4091 aliis.
3195 4036 3262 4090 Et
3315 4035 3366 4091 in
3412 4050 3517 4105 quo
3560 4035 3832 4100 dill‘crnnt,
3861 4036 3950 4092 in—

2368 4129 2536 4196 quies,
2575 4128 2624 4180 Iii
2656 4127 2983 4182 dormientes
3009 4127 3074 4180 ab
3123 4128 3187 4182 iis
3229 4126 3319 4197 qui
3350 4141 3444 4197 per
3473 4128 3615 4182 viam
3658 4127 3948 4198 signiﬁcati

2367 4217 2618 4272 fuerant?
2645 4217 2795 4286 Quod
2827 4218 3068 4274 videlicet
3097 4217 3168 4272 ibi
3195 4217 3373 4271 statim
3415 4218 3740 4286 abripuerit;
3770 4234 3952 4289 neque

2367 4309 2507 4364 enim
2538 4308 2742 4362 radices
2772 4322 2969 4376 ponere
2995 4307 3236 4378 permisit
3265 4323 3277 4358 :
3315 4305 3401 4361 hic
3427 4321 3554 4362 vero
3582 4308 3784 4376 majore
3810 4325 3950 4380 opus

2367 4397 2610 4454 habuerit
2639 4396 2882 4452 artiﬁcio.
2933 4397 3058 4451 Haec
3101 4406 3279 4452 autem
3309 4396 3439 4452 dicit
3467 4395 3730 4465 Christus,
3763 4407 3820 4453 ut
3843 4399 3948 4456 do-

2365 4500 2483 4544 ceat
2529 4503 2739 4558 semper
2769 4503 2886 4543 esse
2928 4487 3275 4558 vigilandum.
3305 4488 3526 4544 Etiamsi
3553 4489 3718 4555 enim,
3751 4490 3946 4562 inquit,

2369 4582 2484 4637 lucc
2523 4591 2842 4636 noeumcnta
2869 4580 3108 4650 effugias,
3138 4581 3279 4635 aliud
3299 4581 3473 4637 adhuc
3496 4594 3760 4652 superest.
3793 4585 3948 4641 Sicut

2366 4674 2506 4726 enim
2539 4673 2606 4727 ibi
2637 4688 2731 4742 per
2755 4673 2910 4736 viam,
2941 4687 3036 4740 per
3073 4683 3274 4740 petram
3301 4680 3356 4726 et
3393 4687 3487 4742 per
3529 4675 3751 4744 spinas;
3782 4677 3862 4732 sic
3889 4687 3946 4732 et

2367 4763 2452 4817 hic
2480 4778 2573 4831 per
2600 4777 2841 4816 somnum
2890 4763 3149 4832 pernicies
3177 4762 3382 4817 accedit
3406 4780 3419 4817 :
3453 4778 3782 4835 quapropter
3808 4769 3946 4823 assio

2364 4854 2466 4908 dua
2498 4868 2630 4922 opus
2659 4861 2742 4906 est
2777 4853 3036 4909 custodia.
3066 4852 3186 4906 Ideo
3212 4852 3425 4907 dicebat
3451 4871 3464 4911 :
3501 4854 3601 4922 Qui
3628 4866 3796 4914 autem
3821 4874 3948 4927 per-

2363 4945 2656 4999 severaverit
2696 4961 2849 5011 usque
2875 4946 2926 4998 in
2955 4945 3124 5012 ﬁnem,
3169 4946 3250 4998 hic
3275 4947 3444 5001 salvus
3475 4949 3565 5001 erit
3609 4947 3819 5018 (Matth.
3853 4949 3937 5007 l0.

2361 5037 2474 5107 22).
2509 5036 2692 5092 Simile
2716 5037 2989 5107 quidpiam
3018 5038 3069 5093 in
3097 5038 3357 5107 principio
3377 5040 3586 5095 accidit.
3619 5039 3767 5099 Multi
3794 5044 3939 5097 enim

2363 5129 2628 5183 antistites
2675 5129 2945 5197 improbos
2997 5129 3140 5183 viros
3171 5127 3554 5185 hzcresiarehas
3598 5132 3836 5186 occultos
3880 5132 3938 5188 in

2363 5222 2628 5279 Ecclesias
2678 5221 3014 5287 inducentes,
3066 5221 3365 5290 hujusmodi
3421 5223 3626 5278 insidiis
3669 5225 3938 5280 struendis

2363 5313 2665 5369 facultatem
2703 5327 2945 5383 magnam
3001 5315 3293 5381 przrbuere.
3342 5312 3524 5384 Neque
3571 5314 3711 5369 enim
3757 5315 3940 5370 labore

2360 5422 2494 5475 Opus
2538 5414 2620 5461 est
2647 5403 2882 5469 diabolo,
2916 5413 3191 5475 postquam
3237 5403 3537 5473 hujusmodi
3589 5405 3834 5460 homines
3885 5406 3939 5460 in

2363 5498 2538 5554 medio
2566 5497 2808 5553 inseruit.
2856 5497 2920 5551 Et
2942 5497 3210 5564 quomodo
3233 5493 3353 5552 fieri
3386 5507 3583 5566 potest,
3617 5497 3847 5566 inquies,
3879 5506 3936 5550 ut

2360 5606 2462 5644 non
2490 5587 2797 5644 dormiant?
2838 5586 3072 5642 Naturali
3102 5586 3314 5655 quidem
3342 5601 3552 5653 somno,
3583 5588 3694 5644 fleri
3720 5588 3934 5657 nequit;

2361 5680 2647 5736 voluntatis
2667 5693 2874 5740 somno,
2906 5692 3078 5733 secus.
3112 5677 3446 5748 Quapropter
3467 5678 3663 5734 Paulus
3695 5678 3930 5734 dicebat:

2372 5772 2602 5845 i'igtlate,
2618 5780 2742 5827 state
2759 5771 2807 5824 in
2825 5770 2924 5840 [ide
2941 5770 3019 5842 (l.
3037 5767 3152 5825 Cor.
3168 5771 3184 5824 Ι
3198 5768 3247 5825 6.
3261 5771 3280 5825 f
3292 5769 3366 5843 ὅ).
3384 5768 3487 5826 Nec
3508 5771 3717 5826 noxiam
3736 5773 3929 5834 solum,
