4170 6478
288 468 387 525 67⁸1

288 577 381 637 sed
411 584 471 633 et
498 571 832 644 superﬂuam
865 579 979 621 rem
1003 558 1258 617 ostendit.
1283 557 1418 612 Nam
1448 564 1731 626 postquam
1760 564 1888 644 ager

284 671 468 726 cultus
494 641 618 733 fuit,
636 680 759 719 cum
787 660 929 716 nulla
957 672 1018 712 re
1035 668 1171 726 Opus
1199 662 1302 716 est,
1319 660 1445 704 tunc
1465 647 1722 709 seminat;
1746 641 1889 713 quod

287 773 343 817 et
374 759 620 815 hatretici
652 756 872 815 faciunt,
904 750 995 821 qui
1027 746 1239 801 nonnisi
1274 752 1490 813 propter
1534 754 1726 794 vanam
1774 738 1891 808 glo-

290 850 427 905 riam
459 864 729 905 venenum
761 859 915 898 suum
946 840 1213 908 injiciunt.
1262 836 1443 905 Neque
1471 849 1533 888 ex
1567 832 1650 885 his
1687 839 1889 884 tantum

290 941 500 1006 verbis,
530 940 625 994 sed
657 938 819 993 etiam
848 950 913 989 ex
945 918 1312 1001 sequentiht'ts,
1341 936 1502 978 totam
1536 924 1747 978 illorum
1777 936 1894 975 sce-

293 1048 418 1087 nam
446 1038 701 1086 accurate
721 1026 1005 1083 describit:
1035 1021 1161 1077 Cum
1190 1018 1479 1090 pullultwit,
1506 1016 1692 1084 inquit,
1716 1012 1889 1077 herba,

291 1132 336 1175 et
367 1125 602 1195 fructum
631 1121 764 1178 tulit.
786 1128 905 1171 tunc
930 1122 1277 1185 apparuerunt
1312 1120 1358 1163 et
1388 1107 1586 1161 zizunia
1617 1121 1636 1159 .'
1674 1105 1814 1173 quod
1839 1112 1893 1155 et

292 1215 390 1281 ipsi
428 1212 657 1267 faciunt.
682 1209 839 1265 Initio
869 1220 1101 1276 namque
1129 1217 1248 1256 sese
1273 1200 1543 1254 occultant
1569 1215 1581 1249 :
1612 1205 1890 1266 postquam

287 1318 421 1357 vero
447 1305 717 1369 majorem
747 1316 1004 1367 accepere
1026 1296 1301 1354 fiduciam,
1334 1302 1387 1344 et
1424 1292 1631 1359 copiam
1666 1287 1877 1341 dicendi

291 1396 439 1448 nacti
496 1402 663 1451 sunt.
724 1405 852 1445 tunc
915 1390 1067 1442 virus
1135 1384 1443 1439 eﬁ‘undnut.
1514 1379 1627 1433 Cur
1690 1388 1875 1432 autem

292 1497 485 1535 servos
546 1482 776 1543 indu.‘it,
811 1495 930 1543 tune
984 1476 1227 1530 accidere
1278 1469 1596 1525 narrantes?
1629 1467 1694 1523 Ut
1758 1468 1885 1521 hinc

286 1583 477 1623 ansam
512 1568 741 1637 arripiat
784 1564 997 1620 dicendi
1048 1580 1154 1619 non
1199 1561 1523 1619 occidendos
1576 1560 1697 1614 illos
1746 1575 1885 1614 esse.

287 1661 575 1715 lnimicum
606 1660 878 1715 hominem
906 1667 1061 1712 vocat
1084 1657 1254 1721 illum,
1280 1656 1348 1709 ob
1369 1654 1563 1709 damna
1586 1669 1706 1722 qua:
1732 1652 1891 1707 infert

288 1750 609 1807 hominibus
637 1768 652 1806 :
695 1751 947 1805 damnum
978 1750 1120 1804 enim
1150 1763 1249 1802 nos
1278 1746 1519 1812 impetit:
1553 1745 1731 1798 damni
1761 1758 1891 1799 vero

287 1844 501 1898 initium
529 1860 638 1898 non
663 1844 786 1898 odio
809 1843 999 1907 nostri,
1024 1841 1117 1897 sed
1136 1841 1259 1895 odio
1281 1840 1370 1895 Dei
1398 1840 1591 1893 factum
1618 1846 1719 1892 est.
1742 1836 1891 1892 Unde

286 1938 463 2006 palam
498 1947 606 1999 est,
642 1937 806 1992 Deum
837 1951 935 1990 nos
959 1934 1127 2004 magis
1156 1934 1401 2003 diligere,
1425 1947 1585 2003 quam
1613 1946 1709 1985 nos
1738 1945 1767 1983 a
1794 1945 1891 1983 no-

284 2028 368 2084 bis
402 2030 537 2100 ipsis
590 2028 898 2099 diligamur.
932 2027 1037 2083 Sed
1087 2026 1303 2082 aliunde
1350 2025 1535 2080 videre
1564 2032 1648 2079 est
1692 2023 1890 2077 diaboli

283 2122 609 2177 versutiam.
641 2120 756 2175 Non
804 2122 946 2175 enim
996 2121 1227 2174 antehac
1272 2118 1575 2183 seminavit,
1603 2118 1725 2185 quia
1758 2116 1890 2169 nihil

283 2213 425 2283 quod
456 2212 710 2283 perderet
739 2212 959 2275 habuit;
992 2210 1088 2266 sed
1137 2226 1257 2263 cum
1284 2210 1460 2265 omnia
1494 2211 1649 2279 plena
1680 2216 1886 2272 essent,

284 2314 342 2358 ut
367 2314 542 2359 totum
576 2305 827 2375 agricola:
872 2303 1107 2359 studium
1137 2303 1488 2358 labefactaret
1516 2320 1529 2357 :
1567 2302 1646 2356 sic
1676 2301 1890 2355 inimico

285 2411 412 2465 erga
446 2397 602 2450 illum
635 2397 817 2449 animo
846 2405 1036 2450 cuncta
1066 2394 1313 2450 faciebat.
1342 2394 1472 2449 Vide
1499 2404 1677 2447 autem
1708 2409 1890 2447 servo-

283 2504 403 2543 rtnn
436 2484 801 2558 diligentiam.
849 2487 983 2543 Nam
1011 2487 1211 2541 zizania
1243 2487 1351 2541 cito
1380 2486 1614 2542 evellere
1645 2486 1887 2555 cupiunt,

282 2581 497 2636 etiamsi
533 2580 584 2636 id
635 2596 739 2634 non
783 2580 1125 2636 considerate
1170 2580 1369 2634 faciant
1420 2598 1433 2634 :
1485 2578 1625 2633 nuod
1678 2579 1889 2632 illorum

281 2672 422 2726 circa
457 2674 666 2726 semina
698 2672 1112 2727 sollicitudinem
1144 2671 1401 2735 declarat,
1435 2672 1716 2740 arguitque
1746 2672 1893 2739 ipsos

281 2763 348 2817 ad
382 2779 553 2817 unum
583 2772 787 2817 tantum
818 2759 1106 2829 reSpieere,
1128 2778 1234 2816 non
1262 2777 1370 2831 quo
1400 2771 1555 2831 pacto
1580 2761 1673 2817 ille
1702 2776 1891 2831 ptenas

278 2855 369 2908 det
400 2873 416 2908 :
452 2870 632 2922 neque
660 2855 801 2908 enim
850 2853 978 2907 illud
1010 2853 1080 2907 ita
1132 2861 1321 2922 urget;
1358 2852 1451 2908 sed
1508 2867 1576 2907 ne
1622 2852 1767 2920 jacta
1801 2867 1885 2906 se-

282 2946 425 2997 mina
472 2954 721 3014 pereant.
751 2943 875 2998 Ideo
905 2944 957 2998 id
988 2944 1227 3014 cogitant
1272 2955 1326 2997 ut
1363 2944 1607 2997 morbum
1640 2943 1891 2998 celeriter

279 3036 544 3090 avellant.
596 3036 725 3089 Illud
775 3050 905 3090 vero
956 3051 1063 3090 non
1113 3036 1295 3089 statim
1345 3034 1559 3090 efficere
1586 3043 1885 3101 canentur;

281 3142 459 3195 neque
490 3126 636 3182 enim
664 3125 716 3180 id
747 3126 846 3179 sibi
875 3134 1161 3194 arrogant:
1204 3127 1297 3181 sed
1325 3126 1526 3179 domini
1565 3127 1887 3179 sententiam

277 3225 601 3285 exspectant
636 3217 878 3271 dicentes
908 3235 919 3269 :
964 3215 1092 3287 Vis?
1119 3217 1253 3284 Quid
1296 3217 1456 3286 igitur
1487 3217 1780 3272 dominus?
1835 3216 1889 3272 Id

279 3316 429 3360 vetat
453 3307 673 3361 dit-ens:
711 3306 795 3362 Ne
823 3311 954 3378 forte
972 3292 1242 3361 eradicctis
1262 3308 1417 3361 simul
1441 3316 1486 3361 et
1512 3309 1754 3361 triticum.
1776 3306 1889 3362 Hoc

279 3414 447 3470 porro
478 3399 714 3464 dicebat,
746 3408 804 3453 ut
831 3399 967 3453 bella
1016 3398 1300 3469 ozedesque
1342 3399 1676 3469 prohiberet.
1702 3399 1889 3469 Neque

278 3494 424 3547 enim
453 3492 767 3548 hmretieum
796 3492 1045 3547 occidere
1076 3502 1288 3562 oportet
1321 3537 1335 3547 .
1370 3508 1492 3547 nam
1522 3493 1600 3548 sic
1643 3494 1885 3548 irrecon-

279 3584 520 3639 ciliabile
548 3584 749 3640 bellum
787 3586 839 3639 in
870 3585 1055 3640 orbem
1093 3585 1455 3641 induceretur.

354 3677 410 3730 2.
448 3677 590 3748 Erga
629 3679 889 3732 Iutreticos
933 3678 1186 3748 quomodo
1227 3678 1500 3748 agendum.
1550 3676 1886 3732 Mansuetudo

280 3767 494 3823 Christi.
528 3768 756 3822 Granum
783 3770 979 3840 sinapis
1003 3770 1253 3839 quomodo
1277 3770 1657 3837 praedicationis
1678 3779 1886 3836 aposto-

281 3859 450 3913 lorum
475 3861 543 3913 sit
566 3860 753 3930 ﬁgura.
792 3859 1066 3914 zErummu
1092 3860 1481 3928 prwdicantibus
1506 3876 1605 3912 non
1626 3861 1881 3915 timenda.

278 3978 346 3990 —
366 3950 463 4005 llis
487 3961 666 4005 autem
688 3952 893 4006 duobus
916 3951 1204 4006 ratiociniis
1234 3962 1477 4005 movetur
1501 3951 1566 4003 ad
1587 3951 1705 4023 ilius
1731 3952 1883 4007 cohi-

279 4041 749 4109 bendos:primo.
791 4042 931 4111 quod
975 4040 1295 4095 frumentum
1329 4057 1431 4093 non
1465 4040 1751 4105 laederent;
1795 4058 1884 4096 se-

277 4132 479 4195 cundo,
520 4133 663 4201 quod
692 4132 763 4185 illi
806 4132 1080 4188 inettrabiii
1120 4132 1309 4187 morbo
1350 4132 1651 4187 laborantes
1679 4132 1884 4202 suppli-

277 4223 420 4276 cium
456 4222 633 4277 luituri
659 4232 857 4277 essent.
882 4224 1216 4293 Quapropter
1242 4224 1287 4277 si
1316 4224 1392 4277 vis
1420 4222 1539 4277 illos
1562 4224 1734 4293 puniri
1768 4224 1884 4278 sine

278 4312 538 4368 frumenti
585 4328 739 4375 noxa,
785 4325 1032 4381 exsltccta
1077 4325 1283 4381 tempus
1322 4326 1699 4381 opportunum.
1746 4313 1881 4380 Quid

278 4412 460 4458 autem
491 4403 634 4457 aliud
662 4404 760 4457 sibi
788 4406 897 4457 vult
926 4420 1048 4459 eum
1079 4406 1227 4469 dicit,
1264 4404 1345 4458 Ne
1369 4406 1631 4459 eradicetis
1659 4406 1811 4458 sinml
1837 4415 1883 4458 et

279 4503 528 4564 triticum,
556 4516 714 4570 quam
742 4502 841 4555 hoc
865 4502 1005 4571 quod
1036 4501 1262 4555 dicimus
1288 4519 1300 4553 :
1330 4500 1386 4555 Si
1414 4516 1561 4553 arma
1592 4501 1879 4565 moveatis,

278 4602 336 4646 ut
367 4592 656 4646 haereticos
682 4593 956 4656 occidatis,
1001 4593 1197 4646 multos
1235 4592 1394 4646 etiam
1425 4602 1731 4646 sanctorum
1776 4610 1881 4649 una

277 4683 449 4736 occidi
496 4697 715 4736 necesse
743 4691 859 4745 est;
891 4684 974 4737 vel
1000 4685 1159 4736 etiam
1187 4684 1335 4736 multi
1380 4699 1447 4737 ex
1478 4685 1590 4737 istis
1629 4685 1875 4748 zizaniis,

278 4782 335 4826 ut
359 4772 657 4828 verisimile
677 4782 777 4833 est,
801 4784 1180 4828 convertentur
1206 4774 1256 4828 in
1288 4775 1645 4829 frumentum?
1665 4775 1720 4829 Si
1753 4792 1881 4846 ergo

277 4864 427 4931 prius
456 4863 579 4917 illos
606 4864 909 4929 eradicetis,
940 4864 1206 4919 frumento
1227 4867 1385 4919 etiam
1418 4877 1645 4920 venturo
1668 4869 1880 4922 nocebi-

279 4956 366 5018 tis,
396 4955 440 5007 si
477 4954 600 5008 illos
629 4956 715 5024 qui
746 4956 936 5008 imitari
966 4965 1017 5009 et
1045 4956 1168 5010 bOni
1197 4957 1333 5010 effici
1367 4965 1607 5025 pOSSunt,
1640 4958 1881 5011 eradice-

278 5044 365 5098 tis.
396 5044 516 5099 Non
550 5045 707 5114 igitur
732 5045 977 5115 prohibet
1009 5046 1286 5100 ltmrelicos
1325 5049 1636 5115 reprimere,
1668 5047 1878 5101 illorum

265 5152 371 5189 ora
417 5137 723 5199 obstruere,
764 5137 1063 5191 libertatem
1104 5136 1353 5206 loquendi
1393 5152 1662 5197 coercere.
1706 5149 1880 5193 coetus

277 5242 466 5281 eorum
509 5227 745 5291 solvere,
791 5238 942 5296 pacta
988 5242 1271 5297 respuere.
1304 5228 1395 5283 Sed
1426 5229 1671 5285 occidere
1716 5238 1876 5282 vetat.

279 5315 358 5369 Tu
417 5331 546 5371 vero
591 5317 733 5371 illius
772 5318 1229 5373 mansuetudinem
1274 5320 1562 5390 perpende,
1608 5322 1879 5390 quomodo

279 5407 487 5461 scilicet
526 5423 633 5463 non
660 5410 977 5463 sententiam
1021 5411 1191 5464 solum
1235 5410 1421 5465 efferat
1448 5420 1501 5465 et
1530 5412 1736 5481 jubeat,
1783 5414 1876 5466 sed

280 5498 441 5551 etiam
473 5500 736 5553 rationem
765 5510 1015 5569 exponat.
1046 5501 1179 5567 Quid
1210 5518 1338 5571 ergo
1365 5505 1592 5568 eveniet,
1623 5506 1665 5558 si
1711 5522 1772 5560 us
1793 5522 1877 5575 me

282 5588 333 5642 itt
383 5591 544 5646 linem
594 5592 793 5645 zizania
837 5593 1124 5647 maneant?
1167 5594 1306 5647 Tunc
1347 5595 1514 5647 dicam
1554 5600 1873 5664 messoribus,

283 5680 477 5749 inquit,
501 5680 736 5755 Colligite
762 5685 979 5752 primum
1003 5686 1221 5751 zizania,
1254 5695 1300 5739 et
1323 5686 1531 5756 alligata
1554 5704 1611 5740 ea
1638 5691 1689 5739 in
1718 5692 1865 5758 fasci.

282 5773 425 5825 culos
451 5776 520 5827 ad
549 5776 967 5829 comburendum.
989 5778 1228 5832 Revocat
1254 5780 1383 5848 ipsis
1417 5782 1465 5833 in
1491 5790 1723 5834 mentem
1755 5796 1873 5833 ver»

286 5862 351 5918 ba
375 5862 616 5937 Joannis,
646 5867 842 5938 quibus
872 5868 983 5939 ipse
1009 5867 1173 5939 judex
1205 5870 1574 5938 iuducebatur,
1601 5872 1831 5943 dicitque
1856 5889 1870 5925 :

1265 444 1330 500 IN
1368 438 1776 500 MATTHA‘JUM
1818 435 2046 492 HOMIL.
2090 434 2273 491 XLVI.
2314 436 2387 492 al.
2430 434 2630 516 XLVIL
2674 490 2677 495 .

3495 434 3598 489 478
3636 456 3641 466 ι

2001 547 2171 602 donec
2215 562 2383 617 prepe
2420 547 2751 602 frumentum
2792 554 2937 600 stant
2982 545 3223 613 rizania,
3269 544 3597 615 parcendum

2000 638 2131 708 ipsis
2174 653 2329 703 esse;
2378 647 2554 709 potest
2594 638 2737 693 enim
2773 638 2887 693 lieri
2912 646 2967 692 ut
3001 637 3325 692 frumentum
3355 636 3598 691 eftieian-

2002 742 2104 786 tur.
2156 730 2289 785 Cum
2331 740 2509 785 autem
2543 731 2688 785 nullo
2725 741 3000 800 reportata
3031 730 3178 785 lucro
3214 729 3596 793 abscesserint,

2002 819 2127 878 tunc
2158 824 2278 878 illos
2307 823 2627 878 inevitabilis
2657 824 2789 877 ultio
2815 823 3064 892 excipiet.
3090 823 3269 876 Dicam
3297 823 3431 876 enim
3466 838 3599 875 mes~

1997 915 2213 977 scribus,
2265 916 2453 984 inquit,
2507 912 2742 985 Colligite
2784 916 3002 983 primum
3047 915 3271 968 sizania.
3319 914 3425 969 Cur
3473 912 3596 967 Pti-

2000 1006 2179 1059 mum?
2212 1006 2302 1078 .Nt'
2339 1016 2639 1060 terreantur
2688 1007 2783 1068 illi,
2830 1006 2980 1077 quasi
3028 1007 3260 1060 triticum
3312 1021 3432 1061 cum
3492 1006 3597 1061 illis

1999 1096 2291 1151 auferatur.
2346 1097 2412 1152 Et
2456 1099 2667 1168 alligate
2707 1116 2765 1151 ea
2806 1099 2858 1152 in
2886 1099 3160 1167 fasciculos
3196 1099 3265 1152 ad
3294 1099 3595 1152 comburen-

2000 1189 2119 1240 dum
2142 1206 2160 1252 ,'
2187 1190 2405 1241 triticum
2427 1201 2598 1241 autem
2629 1200 2931 1260 congregate
2954 1191 3007 1243 in
3028 1190 3283 1243 horreum.
3314 1190 3402 1244 51.
3425 1190 3597 1243 Aliam

2000 1280 2296 1346 parabolam
2335 1291 2573 1349 apposuit
2605 1282 2675 1333 eis
2705 1281 2877 1333 dicens
2911 1296 2929 1333 :
2956 1279 3138 1335 Simile
3159 1292 3230 1333 est
3256 1298 3467 1351 regnum
3496 1297 3597 1334 cta—

2001 1370 2161 1421 lorton
2184 1386 2342 1439 grano
2371 1372 2563 1439 sinapis
2628 1375 2759 1436 Quia
2792 1372 2935 1425 enim
2965 1370 3120 1436 dixit,
3155 1388 3217 1425 ex
3250 1374 3455 1425 semine
3487 1383 3596 1427 tres

1996 1471 2176 1528 partes
2222 1463 2415 1529 perire,
2461 1478 2729 1532 unamque
2779 1464 3005 1529 servari,
3044 1456 3110 1517 et.
3148 1464 3197 1516 in
3248 1463 3346 1517 hac
3384 1479 3597 1533 quoque

1999 1563 2207 1605 servata
2243 1564 2392 1621 parte
2420 1563 2498 1607 tot
2527 1564 2780 1623 tantaque
2821 1556 3102 1609 innninere
3143 1555 3483 1621 detrimenta,
3530 1573 3597 1610 ne

1996 1641 2255 1703 dicerent.
2277 1646 2343 1699 Et
2368 1647 2583 1715 quinam
2616 1659 2921 1716 quantoque
2941 1664 3167 1702 numero
3198 1648 3378 1703 fideles
3405 1652 3597 1705 erunt?

1998 1733 2139 1787 hunc
2177 1750 2389 1805 quoque
2435 1749 2637 1791 metum
2676 1738 2871 1804 aufert,
2916 1740 3037 1792 ilics
3068 1756 3163 1807 per
3186 1741 3493 1811 parabolam
3525 1741 3598 1795 si-

1996 1826 2149 1893 napis
2197 1826 2261 1880 ad
2309 1826 2466 1882 fidem
2511 1829 2786 1893 inducens,
2828 1830 3227 1899 ostenderitque
3258 1830 3596 1899 praedicatio-

1996 1934 2119 1971 nem
2162 1918 2357 1989 ubique
2399 1936 2743 1989 pervasnram
2786 1937 2927 1976 esse.
2969 1922 3094 1976 Ideo
3121 1924 3281 1978 oleris
3310 1924 3595 1993 imaginem

1998 2009 2049 2063 in
2087 2010 2319 2064 medium
2348 2011 2571 2065 adduxit
2597 2010 2718 2068 huic
2747 2023 3063 2083 argumento
3093 2014 3379 2069 admodum
3401 2031 3598 2085 oppor-

2000 2109 2179 2153 tunam
2207 2119 2221 2153 :
2254 2101 2342 2155 32.
2391 2102 2539 2167 Quod
2574 2104 2741 2157 minus
2768 2112 2859 2169 est,
2904 2105 3096 2173 inquit,
3127 2108 3358 2162 omnibus
3388 2109 3596 2162 semini-

1997 2192 2125 2256 bus;
2151 2210 2263 2245 cum
2285 2206 2450 2247 autem
2474 2198 2700 2259 creverit,
2734 2200 2902 2265 majus
2927 2208 2999 2251 est
3027 2200 3258 2253 omnibus
3280 2201 3515 2264 oleribus,
3550 2212 3597 2255 et

1998 2283 2053 2351 ﬁt
2079 2283 2249 2348 arbor,
2278 2285 2351 2337 ita
2378 2295 2431 2338 ut
2460 2285 2689 2340 volucres
2715 2289 2827 2341 creti
2854 2291 3069 2349 veniant.
3103 2299 3147 2343 et
3187 2291 3237 2344 in
3288 2294 3441 2346 ramis
3486 2296 3597 2364 ejus

1996 2374 2220 2428 habitent
2283 2376 2661 2445 Magnitudinis
2703 2380 2844 2433 enim
2895 2382 3147 2437 indicium
3188 2383 3463 2439 declarare
3496 2402 3592 2441 vo-

1997 2466 2113 2520 luit.
2148 2467 2256 2533 Sic,
2306 2468 2497 2539 inquit,
2545 2480 2599 2525 et
2644 2472 2694 2525 in
2747 2474 3128 2541 prmdiratinne
3153 2478 3276 2530 erit.
3320 2476 3451 2530 Nam
3481 2494 3596 2531 om-

1998 2557 2144 2612 nium
2178 2560 2527 2614 infirmissimi
2564 2572 2715 2616 erant
2759 2562 3041 2631 discipuli,
3101 2568 3448 2635 oumiumque
3494 2570 3594 2621 mi-

1996 2653 2125 2705 nimi
2158 2670 2170 2703 :
2204 2664 2438 2707 attamen
2482 2660 2603 2725 quia
2650 2671 2838 2725 magna
2876 2658 2925 2709 in
2970 2658 3095 2726 ipsis
3126 2660 3291 2713 virtus
3332 2671 3466 2722 erat,
3502 2678 3595 2732 per

1998 2752 2165 2799 totum
2194 2746 2378 2801 orbem
2410 2746 2577 2802 effusa
2604 2758 2708 2803 est.
2748 2748 2951 2802 Deinde
2981 2751 3080 2805 sub
3110 2751 3207 2805 hac
3241 2752 3469 2822 imagine
3494 2756 3595 2807 ler-

1996 2846 2235 2891 mentutn
2269 2840 2461 2907 posuit,
2495 2839 2681 2893 dicens
2713 2858 2725 2892 :
2756 2840 2846 2894 33.
2883 2839 3065 2895 Simile
3092 2854 3161 2896 est
3188 2860 3400 2912 regnum
3440 2846 3596 2898 cwlo-
3656 2857 3667 2870 ‘

1996 2944 2111 2981 rum
2132 2932 2398 2999 fermento,
2427 2932 2563 3001 quod
2591 2944 2850 3003 acceptum
2882 2933 3066 2988 mulier
3093 2936 3356 2990 abscondit
3380 2938 3431 2990 in
3464 2937 3595 3006 fari-

1997 3038 2077 3075 na:
2116 3025 2241 3077 satis
2284 3025 2461 3088 tribus,
2508 3025 2668 3079 donec
2713 3031 3075 3095 fermentatum
3111 3041 3184 3082 est
3220 3040 3401 3083 totum.
3448 3032 3595 3087 Sicut

1997 3116 2139 3169 enim
2186 3114 2508 3170 fermentqu
2549 3118 2730 3171 multa:
2777 3118 2961 3172 lat-inte
2991 3120 3096 3173 vim
3126 3136 3277 3175 suam
3310 3121 3474 3187 indit,
3520 3125 3596 3178 sic

1997 3214 2052 3259 ct
2078 3222 2177 3261 vos
2205 3218 2370 3260 totmn
2405 3210 2659 3261 mundum
2688 3210 3038 3263 cunvertetis.
3082 3212 3146 3264 Et
3188 3211 3309 3265 vide
3358 3213 3595 3282 pruden-

1996 3296 2145 3351 tiam.
2189 3296 2403 3353 Natura:
2443 3300 2698 3369 imagines
2738 3300 2916 3365 alfcrt,
2960 3317 3068 3370 quo
3094 3303 3360 3369 ostendat,
3392 3316 3445 3358 ut
3482 3305 3597 3359 haec

1996 3391 2289 3444 secundum
2343 3390 2643 3444 naturalem
2696 3407 2875 3444 rerum
2924 3394 3121 3447 seriem
3170 3398 3476 3450 necessario
3522 3396 3594 3453 ita

1997 3482 2151 3546 fiunt,
2193 3483 2271 3537 sic
2318 3492 2373 3537 et
2418 3482 2538 3537 ista.
2590 3482 2665 3537 Ne
2704 3482 2832 3537 mihi
2860 3484 3060 3539 dixeris
3089 3503 3103 3539 :
3133 3486 3266 3553 Quid
3298 3489 3596 3557 poterimus

1994 3576 2275 3631 duodecim
2307 3575 2554 3631 homines
2586 3576 2639 3629 in
2669 3585 2871 3631 tantam
2909 3578 3308 3634 multitudinem
3356 3582 3594 3637 inciden-

1996 3667 2115 3723 tes?
2153 3666 2284 3721 Nam
2326 3666 2556 3736 idipsum
2600 3668 2831 3722 maxime
2870 3670 3123 3724 virtutem
3153 3680 3381 3725 vestram
3411 3673 3593 3742 splen-

1993 3756 2173 3813 didam
2217 3757 2410 3823 reddit,
2444 3758 2585 3828 quod
2616 3759 2943 3813 multitudini
2972 3759 3194 3815 admixti
3220 3778 3325 3817 non
3356 3762 3591 3834 fugiatis.

1992 3850 2452 3917 Quemadmodum
2483 3860 2537 3907 et
2562 3850 2885 3907 fermentum
2916 3861 3041 3907 tunc
3087 3869 3318 3908 massam
3360 3855 3592 3911 fermen-

1994 3951 2090 4005 tat,
2131 3958 2251 3997 cum
2300 3943 2485 3998 farinm
2529 3945 2884 4009 admovetur;
2928 3960 3028 3999 nec
3060 3944 3220 3998 modo
3246 3946 3585 4013 admovetur,

1990 4035 2085 4089 sed
2133 4036 2200 4088 ita
2243 4044 2299 4088 ut
2338 4035 2657 4102 misceatur;
2708 4052 2811 4090 non
2862 4037 3004 4091 enim
3059 4036 3374 4104 simpliciter
3415 4038 3587 4105 dixit,

1994 4127 2193 4186 Posuit,
2221 4128 2337 4193 sed,
2365 4128 2637 4181 Abscondit
2659 4144 2677 4181 :
2709 4130 2785 4182 sic
2812 4138 2868 4183 et
2892 4143 2987 4182 vos
3010 4129 3319 4197 agglutinati
3349 4141 3402 4184 et
3418 4130 3590 4199 juncti

1991 4237 2112 4277 cum
2146 4220 2586 4289 impugnantibus
2612 4235 2729 4279 vos.
2773 4221 2916 4289 ipsos
2955 4220 3300 4289 superabitis.
3349 4222 3413 4275 Et
3450 4224 3590 4278 sicut

1992 4312 2118 4367 illud
2150 4312 2395 4366 obruitur
2423 4312 2472 4364 in
2504 4326 2699 4375 massa,
2734 4311 2827 4366 sed
2858 4328 2962 4365 non
2994 4313 3269 4382 perditur,
3321 4314 3413 4368 sed
3457 4330 3591 4385 pau-

1993 4404 2136 4457 latim
2163 4403 2255 4456 toti
2290 4417 2482 4456 massa:
2511 4403 2612 4455 vim
2645 4418 2795 4457 suam
2835 4404 2967 4457 indit
3003 4423 3014 4459 :
3048 4405 3278 4472 idipsnm
3312 4406 3363 4459 in
3390 4408 3585 4476 prmdi-

1988 4496 2196 4549 cati0ne
2235 4495 2526 4562 continget.
2564 4493 2641 4547 Ne
2681 4496 2855 4562 itaque
2900 4496 3019 4564 quia
3070 4497 3266 4549 multas
3316 4513 3586 4552 arrumnas

1989 4587 2232 4657 praedixi,
2285 4586 2404 4640 ideo
2450 4586 2684 4640 timentis
2718 4605 2730 4640 :
2765 4604 2886 4641 nam
2919 4590 2997 4643 sic
3032 4589 3299 4657 splendidi
3342 4591 3492 4644 eritis
3534 4601 3591 4647 et

1988 4678 2166 4733 onmia
2218 4677 2560 4744 superabitis.
2614 4677 2736 4730 'l‘ria
2768 4694 2927 4746 porro
2956 4687 3068 4731 sata
3100 4680 3185 4733 bic
3226 4680 3388 4733 multa
3416 4682 3586 4750 signi-

1990 4770 2179 4831 ficant;
2230 4770 2368 4820 hunc
2395 4771 2592 4838 quippe
2621 4786 2900 4822 tunnermu
2935 4772 3075 4824 solet
3113 4786 3210 4841 pro
3246 4774 3587 4830 multitudine

1987 4860 2262 4913 adhibere.
2313 4859 2389 4911 Ne
2439 4860 2647 4913 mireris
2698 4870 2898 4923 autem,
2943 4861 2988 4915 si
3029 4861 3098 4915 de
3133 4877 3300 4933 regno
3340 4865 3592 4933 loquens,

1986 4968 2208 5023 granum
2254 4964 2306 5007 et
2349 4954 2669 5005 fermentum
2716 4964 3002 5017 memoret,
3052 4954 3357 5009 hominibus
3387 4958 3587 5027 quippe

1988 5046 2301 5116 loquebatur
2339 5045 2598 5111 imperitis
2640 5054 2694 5097 et
2740 5045 2956 5113 ignaris,
3000 5062 3137 5117 quos
3174 5064 3308 5116 opus
3347 5058 3462 5103 erat
3502 5048 3585 5103 his

1987 5137 2137 5206 erigi.
2174 5136 2305 5190 Nam
2337 5136 2406 5189 ita
2438 5136 2709 5203 simplices
2742 5146 2916 5200 erant,
2948 5146 3004 5191 ut
3038 5149 3219 5206 postea
3253 5140 3414 5193 multa
3448 5156 3585 5209 opus

1988 5229 2247 5283 haberent
2288 5229 2749 5296 interpretatione.
2800 5230 2899 5284 Ubi
2932 5235 3342 5302 suntgentiles?
3381 5234 3581 5290 Christi

1987 5322 2236 5374 virtutem
2265 5320 2524 5385 ediscant,
2556 5335 2735 5374 rerum
2758 5322 3040 5376 veritatem
3068 5326 3498 5394 conspicientes;
3532 5338 3588 5381 et

1988 5412 2087 5466 hac
2125 5421 2348 5479 utraque
2392 5413 2460 5466 de
2505 5427 2666 5466 causa
2717 5412 2867 5467 illum
2912 5414 3160 5481 adorent,
3211 5417 3433 5485 etquod
3472 5433 3585 5472 rem

1992 5512 2189 5557 tantam
2232 5503 2563 5571 pradixerit,
2616 5513 2671 5558 et
2714 5504 2855 5574 quod
2901 5506 3042 5558 illam
3086 5507 3408 5574 impleverit.
3455 5509 3585 5569 Nam

1987 5598 2099 5665 ipse
2131 5606 2211 5649 est
2238 5596 2326 5666 qui
2359 5598 2460 5649 vim
2492 5596 2758 5650 fermento
2790 5598 2941 5651 indit.
2982 5598 3107 5653 Ideo
3135 5600 3461 5656 niultitudini
3494 5602 3587 5656 ad—

1986 5689 2198 5741 miscuit
2240 5704 2333 5742 eos
2374 5690 2463 5757 qui
2508 5689 2560 5742 in
2609 5705 2668 5744 se
2717 5690 3030 5757 credebant,
3080 5702 3136 5744 ut
3178 5691 3584 5762 intelligentiam

1987 5791 2225 5835 nostram
2257 5791 2443 5835 mutuo
2475 5782 2772 5838 tradamus.
2816 5783 2985 5838 Nemo
3011 5785 3076 5838 de
3116 5786 3380 5854 paucitate
3408 5786 3583 5839 causi-

1990 5873 2201 5929 ficetur.
2254 5872 2409 5926 Multa
2458 5873 2657 5942 quippe
2697 5882 2781 5927 est
2828 5873 3225 5943 praedicationis
3278 5875 3474 5935 virtus;
3526 5886 3579 5931 ct
