4170 6474
654 375 748 427 579

648 486 788 557 quod
834 484 999 540 semel
1043 481 1412 535 fermentatum
1461 487 1574 543 est,
1623 475 1938 532 fermentum
1993 473 2210 542 reliquis

649 579 894 634 efﬁcitur.
943 577 1020 628 Ac
1061 569 1498 638 quemadmodum
1538 568 1762 623 scintilla
1803 581 1924 620 cum
1974 567 2025 620 in
2073 566 2210 633 ligna

649 668 849 732 incidit,
890 664 1161 719 combusta
1203 664 1252 715 in
1281 661 1545 715 ﬂammam
1590 659 1870 721 convertit,
1896 668 1950 712 et
1989 658 2066 711 sic
2109 657 2234 708 alia.

650 759 845 814 invadit
875 777 888 811 :
922 758 991 810 ita
1017 766 1070 810 ct
1097 754 1419 824 prmdicatio.
1467 752 1583 805 Non
1621 750 1753 804 dixit
1784 757 1958 802 tamen
1993 749 2165 816 ignem
2192 787 2207 809 ,

646 849 737 903 sed
767 848 1113 907 fermentum;
1147 844 1350 912 «mare?
1374 842 1502 908 Quia
1533 841 1600 893 ibi
1631 854 1734 893 non
1781 847 1945 892 totum
1986 837 2053 890 ab
2093 837 2210 904 igne

647 943 836 1004 oritur,
877 938 969 993 sed
1018 938 1172 991 simul
1219 938 1375 990 etiam
1418 949 1446 986 a
1473 933 1627 999 lignis
1657 932 1924 994 incensis;
1971 929 2055 983 hic
2085 943 2210 981 vero

646 1037 959 1086 fermentum
1011 1045 1103 1097 per
1145 1044 1203 1081 se
1251 1036 1416 1079 totum
1457 1024 1638 1080 efﬁcit.
1685 1023 1836 1088 Quod
1881 1023 1924 1076 si
1970 1021 2209 1075 homines

643 1125 921 1177 duodecim
965 1131 1128 1176 totum
1156 1120 1338 1174 orbem
1364 1118 1769 1177 fermentarunt,
1816 1116 1988 1184 cogita
2016 1121 2207 1181 quanta

645 1219 708 1269 sit
744 1215 970 1283 nequitia
1004 1223 1200 1276 nostra,
1246 1211 1403 1280 quod,
1453 1225 1570 1264 cum
1599 1217 1744 1262 tanto
1775 1221 1992 1260 numero
2021 1206 2204 1270 simus,

649 1322 749 1358 non
798 1318 1074 1372 possumus
1110 1313 1281 1355 tamen
1323 1315 1416 1352 eos
1455 1300 1540 1366 qui
1578 1305 1864 1366 supersunt
1898 1294 2202 1392 emendare,

644 1412 774 1467 quos
801 1395 1119 1465 oportuisset
1147 1393 1228 1447 vel
1257 1392 1398 1445 mille
1424 1388 1635 1443 mundis
1660 1387 1724 1440 ad
1749 1386 2206 1440 fermentationem

646 1490 904 1542 sntticere.
1395 1571 1406 1576 Α
1562 1571 1570 1576 ,
1738 1567 1766 1576 ,,
2154 1564 2181 1576 ν.

717 1581 766 1631 5.
812 1577 928 1630 Non
961 1573 1222 1636 miracula,
1248 1572 1334 1626 sed
1361 1571 1514 1624 virtus
1542 1567 1790 1639 Apostolis
1816 1577 1862 1619 et
1884 1566 1997 1618 aliis
2023 1566 2206 1664 sanctis

646 1684 807 1721 rerum
854 1665 1242 1734 magnitudinem
1291 1660 1515 1714 contulit.
1561 1686 1629 1697 —-
1680 1661 1780 1721 At,
1833 1655 2205 1752 lllﬂll-lCS,.liil

643 1755 862 1822 apostoli
905 1764 1074 1807 erant.
1133 1751 1197 1804 Et
1221 1750 1344 1820 quid
1371 1749 1617 1803 huc'est?
1659 1749 1844 1800 Annon
1873 1744 2057 1799 eadem
2095 1745 2207 1810 ipsa

643 1861 742 1913 qua
773 1853 824 1896 ιιι
852 1841 1152 1897 conditione
1181 1839 1376 1893 erant?
1407 1852 1579 1891 nonne
1621 1838 1670 1888 in
1698 1835 1996 1889 civitatibus
2024 1847 2205 1885 versa-

644 1931 872 1987 bantur?
917 1945 1088 1984 annon
1135 1927 1439 1982 eorumdem
1487 1935 1762 1980 consortes
1799 1923 1990 1977 erant?
2029 1936 2204 1975 annon

644 2034 784 2076 artes
830 2020 1188 2076 exercebant?
1232 2034 1354 2071 num
1386 2017 1554 2084 angeli
1589 2015 1778 2069 erant?
1827 2030 1948 2067 nam
1981 2027 2044 2066 ex
2075 2012 2205 2064 cado

642 2110 1059 2168 descenderant?
1100 2108 1223 2174 Sed,
1258 2108 1480 2174 inquies,
1515 2106 1662 2174 signa
1684 2091 1944 2158 'feccrant.
1989 2101 2102 2155 Non
2129 2102 2200 2154 si-

641 2220 741 2276 gna
770 2214 915 2259 certe
946 2204 1087 2269 ipsos
1113 2199 1378 2254 mirabiles
1403 2198 1709 2251 ell'ecerunt.
1738 2193 2024 2264 Usquequo
2048 2193 2204 2245 mira-

643 2298 773 2350 culis
819 2295 919 2348 illis
965 2293 1030 2346 ad
1073 2293 1327 2362 ignaviam
1369 2298 1603 2343 nostram
1641 2286 1916 2356 tegendam
1961 2283 2204 2338 utemur?

645 2384 776 2440 Vide
802 2391 1101 2438 sanctorum
1128 2381 1369 2444 chorum,
1418 2378 1506 2447 qui
1541 2393 1646 2430 non
1675 2377 1943 2429 miraculis
1968 2374 2072 2428 illis
2099 2373 2202 2426 l‘ul-

642 2479 728 2530 sit.
776 2475 918 2529 Multi
945 2473 1084 2526 enim
1113 2471 1198 2540 qui
1225 2470 1495 2523 dminones
1525 2467 1810 2534 ejcccrant,
1854 2467 1972 2534 quia
2009 2463 2204 2533 iniqui-

642 2575 800 2618 tatem
835 2563 1036 2630 operati
1076 2569 1216 2620 suut,
1261 2555 1529 2610 mirabiles
1559 2571 1662 2608 non
1693 2550 1921 2617 fuerunt,
1954 2553 2047 2608 sed
2074 2569 2201 2622 sup-

644 2652 810 2723 pliciis
848 2659 970 2704 sunt
1006 2647 1199 2702 affecti.
1245 2644 1476 2715 Ecquid,
1525 2643 1763 2712 inquies,
1811 2642 1931 2697 illos
1984 2658 2202 2713 magnos

640 2740 848 2797 ederit?
887 2740 1229 2806 Contemptus
1271 2736 1628 2804 pecuniarum,
1683 2749 1830 2786 vana:
1875 2733 2054 2801 gloria:
2100 2735 2199 2788 de-

640 2841 870 2901 spectus,
895 2827 1242 2898 sequestratio
1269 2841 1299 2879 a
1325 2826 1479 2879 bonis
1508 2825 1866 2878 saecularibus.
1900 2824 1996 2892 Qui
2022 2826 2063 2878 si
2088 2824 2203 2880 hnc

640 2938 744 2977 non
774 2921 1099 2980 habuissent,
1132 2917 1223 2972 sed
1246 2917 1408 2970 animi
1436 2915 1635 2969 morbis
1661 2915 1976 2984 paruissent.
1995 2916 2198 2970 etiamsi

638 3020 913 3065 sexcentos
953 3018 1189 3061 mortuos
1233 3005 1596 3068 suscitassent,
1640 3019 1748 3058 non
1777 3004 1932 3058 modo
1960 3005 2025 3058 ad
2058 3005 2198 3057 nihi-

639 3103 743 3155 lum
772 3101 928 3154 utiles
959 3098 1200 3161 tuissent,
1247 3095 1340 3150 sed
1384 3095 1541 3148 etiam
1571 3095 1881 3164 deceptorcs
1906 3105 1956 3150 et
1983 3095 2197 3150 fallaces

647 3186 809 3246 habiti
841 3187 1086 3241 fuissent.
1107 3184 1196 3239 Sic
1213 3193 1354 3239 certe
1379 3185 1486 3238 vita
1513 3185 1625 3252 ipsa
1645 3193 1724 3238 est
1740 3197 1860 3278 qua:
1874 3181 2069 3278 ubique
2094 3181 2198 3233 l‘ul-

645 3283 749 3344 get,
767 3290 886 3345 qua:
898 3277 1056 3328 etiam
1078 3274 1308 3341 Spiritus
1322 3273 1542 3342 gratiam
1559 3271 1798 3326 attraxit.
1816 3269 1968 3335 Quod
1983 3270 2195 3339 signum

645 3365 769 3420 fecit
801 3365 1056 3428 Joannes,
1092 3365 1182 3434 qui
1219 3371 1298 3418 tot
1328 3363 1571 3417 civitates
1591 3361 1696 3439 sibi
1727 3360 2002 3415 devinxit?
2036 3359 2193 3425 Quod

636 3455 774 3509 enim
804 3454 1111 3508 miraculum
1144 3453 1613 3517 nultum'ediderit,
1658 3453 1778 3507 audi
1821 3454 2197 3524 evangelistam

633 3546 893 3599 dicentem
926 3562 938 3596 :
971 3542 1191 3597 Joannes
1215 3543 1414 3610 quidem
1439 3542 1632 3596 nullum
1659 3544 1773 3610 fecit
1798 3544 1995 3613 signum
2018 3544 2195 3613 (Joau.

636 3635 718 3689 10.
750 3636 858 3700 41).
891 3634 1040 3688 Unde
1063 3633 1400 3686 admirandus
1427 3631 1526 3686 fuit
1554 3633 1762 3687 llclias?
1789 3637 1974 3687 Annon
2004 3649 2033 3688 a
2064 3633 2199 3687 fidu-

634 3725 733 3787 cia,
757 3739 857 3793 qua
875 3739 1048 3793 regem
1067 3723 1307 3776 monuit?
1331 3738 1506 3776 annon
1533 3737 1562 3776 a
1590 3723 1707 3777 zelo
1733 3739 1828 3776 suo
1851 3738 1972 3792 erga
1998 3724 2196 3777 Deum?

634 3831 806 3869 annon
836 3831 863 3867 a
895 3825 1224 3885 paupertate,
1250 3829 1278 3866 a
1309 3815 1524 3880 melote,
1571 3831 1600 3867 a
1629 3815 1902 3885 spelunca,
1937 3830 1967 3868 a
1998 3816 2194 3869 monti-

632 3907 729 3960 bus
750 3905 915 3960 ?Nam
937 3907 1082 3976 signa
1113 3907 1285 3959 omnia
1315 3915 1431 3974 post
1458 3906 1570 3958 hinc
1594 3905 1733 3959 fecit.
1758 3905 1877 3960 Jobi
1903 3922 2027 3961 vero
2052 3907 2192 3976 quod

632 4002 836 4071 signum
885 3999 1064 4053 videns
1115 3998 1353 4052 diabolus
1394 3999 1788 4065 obstupefactus
1827 4001 1945 4054 cst?
1975 4000 2189 4068 Signum

630 4104 772 4146 certe
801 4091 1022 4153 nullum,
1053 4089 1146 4144 sed
1174 4091 1331 4143 vitam
1366 4090 1694 4159 prmclaram,
1723 4091 2029 4160 patientiam
2060 4091 2190 4145 ada-

634 4191 806 4234 mante
839 4181 1026 4250 quovis
1090 4179 1395 4232 ﬁrmiorem.
1425 4178 1576 4242 Quod
1603 4179 1806 4246 signum
1825 4179 1999 4276 _David
2014 4179 2188 4276 fecit:

627 4272 834 4340 juvenis
878 4286 995 4325 cum
1040 4281 1203 4332 esset,
1252 4278 1307 4322 ut
1354 4269 1490 4323 Deus
1534 4268 1735 4322 diceret
1765 4286 1777 4322 :
1811 4267 1984 4321 Inveni
2007 4263 2194 4333 David,

631 4362 790 4429 ﬁlium
813 4361 1153 4422 Jesscwirum
1178 4361 1449 4414 secundum
1473 4375 1561 4413 cor
1585 4377 1748 4413 meum
1777 4361 1913 4429 (Act.
1949 4361 2030 4416 13.
2058 4359 2149 4428 22)
2170 4360 2192 4414 i

629 4453 910 4516 Abraham,
941 4453 1081 4506 Isaac
1101 4460 1153 4505 et
1177 4450 1340 4505 Jacob
1366 4467 1520 4520 quem
1549 4462 1814 4504 mortuum
1838 4453 2188 4507 suscitaram?

629 4559 783 4615 quem
815 4544 1078 4612 leprosum
1107 4541 1461 4595 mandarunt?
1505 4545 1584 4593 An
1616 4541 1845 4610 ignoras,
1886 4542 2054 4611 signa,
2088 4546 2188 4600 nisi

630 4636 921 4704 vigilemus,
970 4635 1278 4704 plerumque
1307 4633 1540 4688 nocere?
1581 4633 1669 4687 Sic
1705 4634 1851 4687 multi
1879 4635 2189 4692 Corinthio-

628 4741 743 4779 rum
771 4724 859 4778 alii
885 4723 951 4778 ab
979 4725 1094 4778 aliis
1133 4723 1338 4778 discissi
1368 4732 1490 4777 sunt
1516 4739 1528 4776 :
1557 4723 1634 4777 sic
1660 4725 1804 4778 multi
1826 4724 2187 4783 Romanorum

627 4816 994 4883 superbierunt
1049 4832 1063 4868 :
1111 4815 1190 4868 sic
1229 4814 1412 4870 Simon
1451 4814 1652 4883 ejectus
1701 4823 1803 4868 est.
1839 4815 1924 4871 Sic
1970 4818 2058 4872 ille
2099 4820 2188 4886 qui

625 4902 893 4959 Christqu
923 4903 1071 4973 sequi
1105 4912 1398 4972 optaverat,
1443 4903 1756 4971 reprobatus
1798 4914 1898 4969 est,
1943 4906 2182 4972 audiens,

638 4993 818 5062 Vulpes
847 4997 1010 5063 foveas
1037 4993 1236 5058 habent,
1269 5001 1315 5045 et
1345 4989 1567 5046 volucres
1590 4993 1698 5045 εωιὶ
1728 4993 1871 5047 nidos
1889 4993 2100 5062 (Matth.
2130 4997 2183 5051 8.

622 5086 724 5149 20;
757 5085 880 5138 Luc.
910 5087 961 5140 9.
992 5084 1103 5156 58).
1138 5085 1335 5139 [lorum
1366 5085 1577 5154 singuli,
1604 5088 1714 5141 sive
1737 5087 1876 5157 quod
1901 5091 2148 5158 pecunias
2169 5133 2182 5156 ,

622 5177 733 5231 sive
773 5175 912 5245 quod
957 5176 1177 5246 gloriam
1207 5190 1270 5229 ex
1309 5175 1473 5244 signis
1515 5187 1832 5244 quarrercnt,
1879 5179 2187 5237 exciderunt

621 5276 675 5321 et
729 5268 1013 5336 perierunt.
1073 5265 1209 5321 Vitze
1254 5275 1431 5319 autem
1497 5275 1740 5320 accurata
1789 5270 2076 5337 sanctitas,
2131 5283 2186 5327 et

625 5359 869 5412 virtutum
920 5374 1068 5412 amor
1111 5373 1215 5412 non
1258 5358 1416 5412 modo
1456 5372 1560 5412 non
1601 5359 1736 5427 parit
1777 5359 1933 5414 talem
1977 5363 2182 5431 cupidi-

625 5459 808 5513 tatem,
855 5448 949 5504 sed
977 5449 1021 5503 si
1050 5448 1186 5502 adsit
1213 5446 1403 5503 aufert.
1451 5447 1565 5517 Ipse
1597 5465 1722 5505 vero
1746 5449 2012 5516 Christus,
2059 5470 2181 5510 cum

619 5540 762 5608 leges
789 5540 940 5593 daret
961 5540 1247 5608 discipulis,
1272 5540 1397 5609 quid
1424 5541 1632 5596 dicebat
1651 5543 1673 5596 ?
1693 5558 1781 5608 an,
1811 5543 1968 5613 Signa
2001 5544 2179 5614 facite,

623 5640 676 5681 ut
702 5629 913 5683 videant
939 5628 1216 5683 homines?
1258 5630 1597 5701 Nequaquam
1631 5651 1644 5686 :
1679 5633 1774 5688 sed
1803 5636 1968 5704 quid?
1995 5637 2179 5694 Lucem

621 5721 709 5774 tua:
744 5730 903 5776 vestra
944 5736 1110 5776 coram
1153 5719 1452 5793 honzinibus,
1472 5734 1546 5783 ,αι
1585 5725 1785 5781 videant
1828 5744 1979 5797 opera
2015 5742 2178 5788 vestra

1373 364 1428 420 S.
1469 361 1741 418 ,ΙοΑΝᾶιὸ
1779 358 2246 417 Clll’tYSOSTOMI
2276 359 2590 420 ARCIIIEP.
2621 365 3146 423 CONSTANTINOP.

3788 374 3886 430 £80

2322 475 2469 541 bona,
2511 488 2558 531 et
2589 480 2870 549 gloriﬁcent
2917 480 3126 536 Patrem
3165 491 3379 539 vestrum
3417 486 3504 548 qui
3546 487 3599 541 in
3642 492 3778 546 catis
3815 503 3885 547 est

2318 565 2526 633 (Matth.
2553 569 2606 623 5.
2634 570 2745 639 16).
2776 572 2932 627 Petro
2955 587 3166 644 quoque
3196 589 3299 629 non
3329 576 3480 642 dixit,
3521 577 3576 633 Si
3605 595 3690 635 me
3716 597 3880 649 amas,

2316 655 2461 722 signa
2488 656 2601 722 fac;
2646 659 2760 726 sed,
2806 660 2966 716 Pasce
3003 679 3115 718 oves
3159 681 3292 720 meas
3332 666 3509 735 (Joan.
3545 669 3634 725 El.
3670 671 3781 744 15).
3820 673 3886 730 Et

2315 759 2432 799 cum
2465 763 2676 820 semper
2703 751 2847 806 illum
2874 755 3080 809 caeteris
3107 769 3400 825 prmpouat,
3423 776 3524 815 una
3553 777 3671 816 cum
3693 764 3886 821 Iacobo

2314 845 2367 889 et
2397 836 2620 904 Joanne,
2671 841 2830 906 unde,
2877 860 3081 914 qumso,
3114 851 3408 917 praeponit?
3452 869 3576 906 num
3613 869 3643 906 a
3687 857 3887 926 signis?

2315 929 2470 998 Atqui
2499 945 2684 987 omnes
2707 933 2950 1002 discipuli
2979 938 3218 1007 leprosos
3247 942 3593 1011 mandabant,
3649 958 3887 1005 mortuos

2314 1020 2680 1087 suscitabant;
2713 1027 3066 1095 omnibusque
3109 1030 3359 1085 similiter
3403 1043 3718 1101 potestatem
3764 1054 3890 1092 con-

2314 1110 2492 1164 cessit.
2526 1111 2630 1167 Cur
2657 1129 2784 1184 ergo
2827 1127 2935 1171 tres
2964 1119 3036 1172 illi
3065 1121 3573 1190 anteponebantur?
3615 1127 3696 1180 Ex
3727 1129 3888 1184 anitni

2313 1215 2501 1270 nempe
2532 1204 2744 1260 virtute.
2771 1206 2955 1262 Viden’
2985 1208 3179 1278 ubique
3206 1211 3341 1266 bona
3369 1229 3502 1284 opus
3528 1230 3647 1272 esse
3679 1219 3802 1283 vita,
3836 1229 3888 1276 et

2313 1293 2469 1345 rectis
2510 1296 2798 1362 operibus?
2842 1296 2925 1352 Ea:
2969 1301 3235 1370 fructibus,
3277 1306 3440 1373 enim,
3486 1309 3675 1379 inquit,
3717 1327 3888 1366 eorum

2309 1386 2612 1452 cognoscetis
2641 1403 2723 1441 eos
2753 1388 2958 1459 (Matth.
2991 1392 3044 1447 7.
3075 1394 3186 1464 16).

2380 1475 2431 1527 4.
2464 1475 2595 1541 Quid
2623 1486 2796 1533 autem
2823 1481 2977 1535 vitam
3010 1495 3245 1540 nostram
3273 1491 3578 1545 constituit?
3608 1495 3687 1547 An
3711 1495 3884 1565 signa,

2311 1577 2374 1615 an
2404 1565 2505 1619 vita
2539 1578 2680 1622 recte
2709 1579 2762 1624 et
2782 1585 3026 1629 accurate
3047 1578 3197 1631 acta?
3229 1578 3399 1635 Vitam
3427 1593 3572 1638 certe
3594 1599 3710 1640 esse
3734 1586 3885 1657 liqui-

2309 1653 2434 1707 dum
2464 1667 2542 1710 est
2574 1676 2586 1712 :
2619 1659 2766 1728 signa
2793 1676 2921 1718 vero
2971 1665 3091 1722 inde
3131 1668 3332 1725 ducunt
3370 1673 3724 1741 occasionem,
3753 1687 3806 1731 et
3835 1675 3888 1734 iu

2309 1760 2429 1798 cum
2457 1748 2613 1801 tinem
2635 1749 2900 1806 desinunt.
2934 1753 3060 1809 Nam
3085 1759 3173 1827 qui
3191 1759 3352 1814 vitam
3375 1762 3590 1818 exhibet
3607 1768 3886 1835 optimam,

2309 1832 2444 1889 hanc
2473 1837 2570 1890 sibi
2598 1840 2812 1895 attrahit
2839 1845 3093 1911 gratiam;
3124 1850 3211 1918 qui
3241 1866 3367 1906 vero
3391 1857 3614 1923 gratiam
3645 1832 3839 1929 accipit
3865 1900 3882 1927 ,

2310 1922 2430 1977 ideo
2455 1926 2681 1996 accipit,
2715 1941 2770 1984 ut
2798 1933 3020 1989 aliorum
3051 1939 3209 1993 vitam
3240 1922 3504 1998 emendet.
3537 1922 3884 2020 Quandoqui-

2307 2012 2425 2067 dem
2457 2015 2697 2073 Cbristus
2723 2021 2977 2079 miracula
3009 2026 3092 2080 illa
3122 2027 3241 2084 ideo
3267 2031 3410 2095 fecit.
3443 2043 3498 2088 ut
3528 2012 3651 2092 inde
3680 2012 3891 2095 ﬁde-di-

2304 2117 2440 2170 gnus
2461 2104 2527 2159 ad
2557 2121 2614 2162 se
2643 2107 2887 2168 homines
2912 2116 3241 2184 pertraliens,
3272 2121 3520 2179 virtutem
3549 2129 3600 2180 ln
3627 2131 3886 2190 mundum

2307 2194 2600 2252 induceret.
2644 2198 2768 2256 ldeo
2810 2206 3091 2262 maximam
3129 2209 3350 2280 hujusce
3378 2215 3452 2269 rei
3484 2230 3663 2272 curam
3703 2220 3883 2278 habet.

2307 2285 2486 2356 Neque
2515 2291 2654 2346 enim
2682 2294 2808 2349 solis
2835 2297 2998 2366 signis
3024 2301 3152 2354 satis
3182 2301 3359 2370 habet,
3386 2306 3479 2361 sed
3508 2316 3562 2363 et
3585 2310 3886 2379 gehennam

2305 2378 2673 2445 comminatur,
2695 2391 2747 2435 et
2763 2399 2983 2453 regnum
3005 2391 3283 2456 promittit,
3301 2393 3480 2464 sicque
3497 2378 3888 2468 inexspectata:

2306 2468 2421 2523 illas
2452 2473 2592 2538 ponit
2625 2474 2787 2543 leges,
2819 2477 3052 2548 nihilque
3081 2496 3183 2536 non
3214 2485 3321 2554 agit
3350 2495 3404 2539 ut
3432 2503 3530 2543 nos
3556 2488 3756 2561 angelis
3780 2510 3880 2564 pa-

2305 2573 2391 2613 res
2415 2560 2626 2617 cl‘ticiat.
2659 2566 2723 2619 Et
2744 2568 2867 2635 quid
2893 2569 3032 2653 dico,
3063 2573 3326 2630 Christum
3349 2580 3524 2633 omnia
3552 2560 3881 2652 liujusce’rei

2303 2664 2460 2704 causa
2491 2650 2696 2710 facere?
2725 2657 2777 2712 Si
2805 2660 2942 2729 quis,
2975 2650 3060 2717 dic
3091 2665 3218 2738 mihi
3239 2707 3253 2732 ,
3283 2670 3550 2738 optionem
3583 2650 3672 2729 tibi
3703 2676 3881 2747 daret,

2303 2751 2395 2796 aut
2436 2755 2674 2800 mortuos
2718 2749 2767 2802 in
2815 2753 3027 2807 nomine
3055 2754 3169 2822 ejus
3198 2760 3456 2816 suscitare
3479 2803 3495 2829 ,
3531 2775 3619 2818 aut
3661 2779 3886 2839 propter

2306 2849 2495 2888 nomen
2521 2837 2639 2903 ejus
2667 2839 2800 2892 mori
2821 2880 2835 2905 ,
2868 2842 2990 2909 qttid
3019 2848 3266 2912 optares?
3291 2850 3482 2906 Annon
3514 2855 3688 2922 palam
3715 2837 3795 2914 est
3823 2869 3882 2918 te

2303 2925 2590 2980 secundum
2620 2938 2922 2996 optaturum
2957 2937 3106 2990 esse?
3145 2941 3300 3007 Atqui
3334 2941 3459 2997 illud
3496 2946 3706 3016 signum
3732 2989 3746 3014 ,
3777 2950 3885 3010 hoc

2300 3025 2474 3069 autem
2504 3031 2635 3086 Opus
2660 3028 2761 3072 est.
2794 3022 2846 3076 Si
2875 3023 2990 3091 quis
3011 3040 3138 3080 vero
3167 3029 3256 3083 tibi
3286 3031 3552 3100 optionem
3585 3053 3702 3092 cum
3730 3050 3884 3110 pote-

2299 3111 2434 3158 state
2459 3105 2607 3158 daret
2634 3107 2831 3163 frenum
2866 3112 2916 3164 in
2945 3129 3130 3168 aurum
3153 3121 3426 3186 vertendi,
3452 3135 3539 3179 aut
3570 3105 3880 3195 posse'om-

2301 3207 2397 3246 nes
2422 3194 2629 3250 divitias
2657 3207 2710 3251 ut
2741 3198 2935 3256 lienam
2970 3207 3316 3264 conculcare?
3350 3210 3537 3268 Nonne
3570 3194 3670 3273 hoc
3700 3223 3880 3289 potius

2300 3282 2556 3350 eligeres?
2603 3287 2665 3340 Et
2687 3288 2805 3356 jure
2831 3293 3060 3360 quidem.
3103 3295 3233 3351 Nam
3263 3300 3390 3355 illud
3418 3319 3605 3360 omnes
3633 3282 3878 3369 homines

2300 3372 2530 3428 maxime
2558 3378 2904 3444 pertraheret.
2937 3383 2994 3436 Si
3020 3384 3259 3441 viderent
3286 3391 3426 3445 enim
3459 3392 3658 3450 faenum
3683 3415 3878 3457 aurum

2302 3462 2433 3525 ﬁeri,
2460 3465 2594 3519 hanc
2623 3477 2931 3537 potestatem
2961 3491 3146 3532 omnes
3171 3493 3427 3550 cuperent
3452 3486 3712 3557 obtinere,
3737 3492 3878 3550 sicut

2301 3554 2482 3610 Simon
2505 3597 2519 3620 ,
2553 3573 2937 3633 augereturque
2963 3565 3263 3625 divitiarum
3290 3575 3552 3644 cupiditas
3582 3596 3594 3632 :
3619 3582 3662 3634 si
3689 3594 3872 3640 autem

2300 3645 2540 3701 viderent
2554 3665 2737 3706 omnes
2758 3669 2942 3710 aurum
2963 3669 3223 3729 tamquam
3240 3664 3436 3721 faenum
3455 3669 3747 3742 despicere,
3759 3675 3873 3746 jam

2298 3735 2422 3788 olim
2445 3754 2472 3790 a
2504 3742 2686 3795 morbo
2713 3745 2915 3800 liberati
2942 3760 3140 3805 essent.
3479 3811 3483 3816 .

2382 3826 2491 3880 Vita
2529 3831 2658 3884 bona
2701 3850 2829 3903 qua.
2855 3866 2926 3876 —
2956 3838 3138 3895 Viden’
3170 3843 3358 3900 bonam
3386 3851 3545 3906 vitam
3575 3867 3728 3922 posse
3759 3870 3874 3911 ma-

2296 3915 2609 3984 gisjnvare?
2638 3921 2808 3978 Vitam
2831 3936 3005 3984 autem
3029 3931 3168 3999 dico,
3194 3951 3296 3990 non
3319 3938 3598 4007 jejunium,
3625 3961 3728 3999 non
3754 3961 3872 4002 sac-

2295 4023 2415 4061 cum
2442 4019 2494 4063 et
2519 4011 2750 4068 cinerem
2768 4028 3020 4087 stratum;
3049 4025 3141 4078 sed
3164 4028 3460 4087 divitiarum
3484 4045 3868 4109 contemptum,

2296 4106 2352 4150 ut
2381 4113 2476 4167 par
2496 4111 2578 4156 est
2606 4118 2695 4157 eas
2721 4117 3080 4179 contemnere,
3105 4130 3339 4174 amorem
3370 4126 3616 4190 proximi,
3640 4106 3872 4186 eleemo.

2295 4205 2479 4261 syuam
2530 4204 2584 4248 et
2631 4212 2819 4265 panem
2875 4205 3123 4260 esurienti
3171 4209 3371 4277 datum,
3423 4216 3658 4273 sedatam
3712 4223 3867 4290 iram,

2297 4281 2466 4335 inanis
2489 4283 2670 4351 gloria:
2693 4287 3072 4356 depulsionem,
3096 4296 3302 4354 invidia:
3324 4302 3757 4363 climinationem.
3780 4310 3869 4367 Sic

2293 4380 2347 4426 et
2375 4372 2459 4428 ille
2483 4389 2580 4430 nos
2602 4379 2822 4433 instituit
2844 4396 2962 4436 cum
2995 4383 3127 4440 dixit
3153 4404 3167 4440 :
3198 4387 3386 4445 Discite
3411 4411 3442 4446 a
3467 4411 3564 4460 me,
3591 4399 3709 4467 quia
3734 4402 3869 4458 mitis

2293 4478 2404 4516 sum
2428 4474 2474 4517 et
2503 4469 2707 4523 humilis
2733 4471 2881 4524 corde
2911 4472 3118 4544 (Matth.
3155 4479 3241 4532 Η.
3269 4479 3381 4550 29).
3411 4482 3527 4539 Non
3553 4484 3705 4554 dixit,
3731 4489 3864 4558 Quia

2287 4553 2542 4624 jejunavi,
2562 4560 2659 4612 etsi
2688 4571 2862 4626 posset
2885 4565 3229 4636 quadraginta
3253 4572 3364 4625 dies
3381 4573 3565 4643 jejunii
3594 4553 3865 4646 proferre:

2293 4655 2346 4699 at
2365 4662 2470 4701 non
2497 4648 2596 4703 hoc
2621 4650 2778 4717 dicit;
2811 4655 2923 4717 sed,
2952 4655 3084 4721 Quia
3104 4661 3235 4714 mitis
3260 4680 3370 4716 sum
3395 4675 3441 4718 et
3463 4666 3669 4724 humilis
3693 4673 3864 4729 rorde.

2294 4733 2600 4806 Rursusque
2626 4753 2743 4794 cum
2774 4743 2918 4798 misit
2942 4760 3032 4800 eos
3051 4788 3067 4812 ,
3098 4765 3202 4803 non
3229 4751 3394 4820 dixit,
3426 4755 3705 4824 Jejunate;
3735 4764 3826 4818 sed
3848 4806 3864 4830 ,

2295 4823 2600 4882 Manducate
2616 4831 2748 4898 quod
2772 4836 3045 4903 apponitur
3067 4840 3201 4895 vobis
3227 4843 3243 4908 (
3268 4841 3394 4897 Luc.
3426 4823 3511 4900 10.
3539 4848 3631 4908 8).
3667 4852 3740 4906 De
3769 4823 3865 4922 pe;

2292 4917 2444 4971 cunia
2472 4933 2598 4971 vero
2622 4935 2857 4976 severam
2888 4925 3055 4996 legem
3086 4933 3259 4998 posuit
3287 4933 3470 4990 dicens
3500 4955 3514 4990 :
3548 4940 3725 4996 Nolite
3748 4962 3866 5014 pos-

2288 5008 2450 5062 sidere
2487 5025 2664 5064 aurum
2702 5014 2776 5067 vel
2817 5026 3109 5086 argentum,
3152 5039 3308 5093 neque
3331 5041 3400 5079 res
3430 5027 3482 5079 in
3508 5034 3651 5086 zonis
3693 5040 3862 5092 vestris

2292 5097 2514 5169 (Matth.
2540 5101 2628 5156 10.
2654 5101 2747 5175 9).
2781 5104 2902 5160 llzec
2934 5121 3094 5176 porro
3123 5110 3273 5179 dico,
3304 5130 3408 5170 non
3436 5119 3576 5187 quod
3601 5121 3859 5192 jejunium

2291 5190 2615 5260 vitttperem;
2645 5194 2815 5260 absit;
2847 5199 3069 5254 multum
3097 5204 3291 5274 quippe
3319 5207 3476 5263 laudo
3503 5227 3514 5262 :
3545 5190 3638 5268 sed
3658 5190 3860 5288 angor,

2288 5295 2408 5335 cum
2435 5283 2589 5337 video
2609 5301 2720 5348 vos.
2751 5288 2867 5342 aliis
2896 5291 3166 5361 neglectis.
3190 5307 3376 5365 putare
3398 5300 3524 5356 illud
3551 5320 3670 5362 esse
3689 5283 3757 5362 ad
3775 5324 3864 5365 $3-

2290 5371 2449 5426 lutem
2489 5375 2637 5441 satis,
2668 5392 2786 5431 cum
2826 5388 3000 5436 tamen
3045 5386 3097 5438 in
3138 5386 3302 5443 choro
3333 5391 3584 5449 virtutum
3619 5397 3861 5456 ultimum

2291 5470 2466 5516 teneat
2487 5463 2676 5518 locum.
2708 5465 2799 5521 lla:
2822 5473 3016 5540 quippe
3038 5477 3281 5532 maxima:
3301 5490 3442 5545 sunt,
3459 5485 3671 5552 caritas,
3696 5491 3861 5559 tequi-

2290 5564 2404 5618 tas,
2452 5556 2821 5629 eleemosyna,
2867 5579 2987 5632 qua:
3024 5566 3180 5621 etiam
3225 5571 3580 5640 virginitatem
3622 5556 3856 5648 superat.

2288 5644 2460 5708 Quare
2484 5647 2529 5700 si
2558 5649 2685 5702 velis
2709 5656 2961 5718 apostolis
2989 5671 3082 5725 par
3101 5674 3238 5721 esse,
3259 5663 3386 5717 nihil
3413 5667 3605 5723 obstat.
3637 5644 3858 5729 Si-illam

2296 5737 2546 5796 virtutem
2565 5743 2925 5815 amplectaris.
2963 5749 3273 5810 sullicitilla
3295 5753 3390 5812 tibi
3431 5765 3492 5812 ut
3526 5757 3658 5813 nihil
3676 5757 3859 5817 minus
