4170 6486
239 439 331 493 ικι
1116 427 1179 483 IN
1216 424 1631 484 MATTHIEUH
1678 421 1916 479 HOMIL.
1977 421 2184 480 XLVII.
2224 424 2297 479 al.
2339 422 2571 479 XLVIII.

240 569 399 625 quam
422 552 655 622 apostoli
682 550 906 605 habeas.
924 546 1140 601 Nullum
1158 547 1323 617 igitur
1334 547 1614 617 signorum
1627 556 1819 611 exspe-

239 645 401 700 ctatio
414 641 920 712 moreturAngitur
941 638 1150 694 dzemon
1166 654 1289 693 cum
1312 639 1379 693 de
1410 649 1640 707 corpore
1667 633 1821 704 ejici-

239 748 324 791 tur
339 736 537 803 ;multo
554 736 728 805 magis
748 744 928 788 autem
942 747 1064 787 cum
1092 730 1536 786 videritanimam
1555 732 1820 797 apeccato

237 829 541 883 liberatam.
566 823 690 880 Haec
703 824 905 894 quippe
919 834 1001 877 est
1031 822 1177 876 illius
1202 836 1437 874 maxima
1462 821 1658 873 virtus.
1685 814 1821 869 Pro-

236 928 349 987 pter
369 926 649 987 peccatum
674 927 915 971 mortuus
933 924 1015 969 est
1036 913 1301 977 Christus,
1327 918 1381 962 ut
1404 908 1534 963 illud
1555 907 1789 963 solveret
1814 923 1829 961 :

234 1008 360 1063 illud
388 1008 536 1063 enim
571 1018 799 1063 mortem
836 1006 1044 1061 induxit
1077 1022 1090 1059 :
1124 1012 1343 1074 propter
1372 999 1502 1054 illud
1530 999 1708 1053 omnia
1740 1013 1831 1052 sus

231 1099 402 1168 deque
428 1114 585 1154 versa
612 1106 758 1153 sunt.
783 1096 838 1153 Si
867 1106 1140 1167 peccatum
1167 1092 1464 1154 sustuleris,
1490 1089 1686 1145 diaboli
1710 1104 1831 1143 ner-

232 1205 322 1244 vos
346 1189 648 1255 succidisti,
676 1188 792 1259 ejus
817 1180 972 1257 caput
992 1184 1310 1248 contrivisti,
1340 1182 1458 1250 ejus
1482 1180 1587 1235 vim
1615 1194 1827 1235 omnem

229 1280 429 1335 solvisti
457 1319 474 1345 ,
506 1280 803 1335 exercitum
831 1280 978 1333 illum
1004 1274 1271 1345 dissipasti
1293 1314 1307 1336 ,
1347 1273 1557 1341 signum
1589 1268 1828 1323 onmium

227 1372 500 1442 signorum
526 1373 817 1427 maximum
840 1369 1145 1427 exhibuisti.
1174 1365 1290 1421 Non
1318 1380 1471 1419 meus
1496 1373 1577 1417 est
1603 1359 1689 1415 hic
1717 1374 1830 1414 ser-

228 1462 336 1530 mo,
365 1463 462 1518 sed
496 1465 638 1519 beati
668 1465 816 1519 Pauli
843 1481 856 1517 :
884 1478 1007 1518 cum
1036 1461 1260 1516 dixisset
1282 1459 1447 1522 enim,
1482 1453 1831 1509 Emulamins'

228 1554 534 1608 charismata
563 1554 794 1620 meliora,
826 1563 873 1608 et
898 1552 1067 1607 adhuc
1091 1549 1228 1604 vobis
1256 1546 1663 1603 excellentiorem
1694 1544 1829 1596 uiam

228 1646 566 1701 demonstravi
591 1647 682 1718 (1.
706 1647 825 1701 Cor.
862 1644 946 1701 12.
981 1646 1040 1700 51
1071 1642 1114 1717 ),
1144 1658 1248 1697 non
1279 1639 1554 1708 subjunxit
1589 1640 1823 1707 signum,

228 1736 317 1791 sed
340 1739 618 1793 caritatem
640 1738 877 1806 omnium
901 1736 1133 1791 radicem
1157 1734 1440 1789 bonorum.
1463 1730 1519 1785 Si
1541 1744 1669 1799 ergo
1690 1728 1827 1782 hanc

228 1840 595 1895 exerceamus,
616 1837 668 1882 et
690 1827 1079 1897 philosophiam
1097 1840 1310 1881 omnem
1334 1822 1457 1877 inde
1479 1829 1821 1891 sequentem;

228 1932 331 1973 non
356 1934 493 1989 opus
526 1919 840 1975 habebimus
863 1922 1026 1991 signis
1052 1938 1063 1973 :
1091 1919 1229 1974 sicut
1253 1917 1296 1973 si
1320 1931 1425 1970 non
1447 1925 1816 1975 exerceamus,

3440 425 3546 479 IS!

1940 534 2074 591 nihil
2101 535 2257 591 nobis
2284 535 2435 606 signa
2463 535 2780 605 proderunt.
2830 532 2959 589 Haec
2983 534 3164 609 itaque
3195 530 3374 590 omnia
3401 549 3545 604 cogi-

1941 634 2133 691 tantes,
2156 640 2221 679 ex
2242 624 2434 695 quibus
2458 623 2683 694 apostoli
2706 623 2884 694 magni
2906 632 3215 689 evaserunt,
3240 626 3356 679 haec
3374 640 3543 680 zeum-

1937 719 2127 773 lemur.
2157 716 2435 773 Undenam
2458 717 2534 771 illi
2562 720 2737 787 magni
2760 715 2941 772 ell‘ecti
2972 716 3131 771 sunt?
3156 717 3293 772 Audi
3323 717 3541 773 Petrum

1938 809 2203 863 dicentem
2235 826 2248 862 :
2269 806 2403 862 Ecce
2426 824 2517 862 nos
2542 808 2839 877 reliquimus
2860 810 3052 873 omnia,
3075 817 3124 862 et
3147 810 3341 879 sequuti
3367 827 3544 865 sumus

1939 910 1986 954 te
2008 916 2028 953 :
2049 900 2171 970 quid
2196 916 2313 969 ergo
2337 900 2431 953 erit
2462 900 2604 954 nobis
2635 898 2849 971 (Matth.
2871 901 2959 955 19.
2985 901 3117 973 27)?
3147 901 3284 956 Audi
3306 912 3362 957 et
3380 902 3541 959 Cltri-

1936 1002 2078 1047 stum
2106 993 2236 1059 ipsis
2264 993 2529 1047 dicentem
2563 1012 2577 1046 :
2609 993 2860 1048 Sedebitis
2888 1011 3043 1065 super
3070 996 3213 1050 sedes
3238 996 3542 1065 duodecim;

1937 1096 2012 1152 et,
2048 1086 2361 1157 Quicumque
2381 1085 2499 1139 relic
2511 1086 2638 1140 ueri!
2679 1086 2865 1141 ’omum
2891 1089 2968 1142 vel
2990 1092 3195 1158 fratres,
3216 1092 3292 1143 vel
3321 1099 3539 1161 patrem,

1937 1180 2016 1233 vel
2041 1189 2253 1233 matrem
2274 1222 2289 1243 ,
2319 1180 2609 1249 centuplum
2632 1180 2837 1251 recipiet
2857 1181 2911 1234 in
2941 1180 3035 1234 hoc
3063 1182 3250 1236 sa'culo
3270 1223 3286 1249 ,
3316 1192 3363 1236 et
3388 1184 3542 1238 vitam

1935 1282 2176 1326 cateruam
2202 1271 2475 1340 possidebit
2506 1269 2667 1341 (Ibid.
2702 1288 2748 1325 υ.
2772 1271 2862 1327 28.
2890 1271 3004 1341 29).
3038 1273 3148 1329 Nos
3174 1275 3409 1355 itaquea
3434 1292 3543 1330 sa:-

1934 1362 2205 1416 cularibus
2234 1361 2482 1417 omnibus
2510 1361 2861 1430 abducentes,
2883 1362 3100 1424 Christo
3126 1380 3225 1424 nos
3247 1381 3542 1423 consecre-

1936 1468 2058 1507 mus
2075 1494 2091 1519 ,
2120 1461 2179 1507 ut
2203 1462 2256 1508 et
2286 1453 2543 1523 apostolis
2572 1469 2731 1522 pares
2755 1454 2926 1509 simus
2951 1456 3244 1510 secundum
3270 1458 3387 1527 ejus
3412 1474 3541 1513 sen-

1937 1543 2175 1605 tentiam,
2203 1551 2259 1597 et
2281 1552 2480 1597 :eterna
2503 1544 2609 1597 vita
2636 1543 2874 1598 fruamur
2899 1562 2912 1599 :
2940 1560 3100 1616 quam
3124 1547 3325 1602 utinam
3348 1562 3541 1605 onmes

1933 1648 2346 1704 consequamur,
2363 1635 2538 1704 gratia
2559 1643 2613 1688 et
2636 1634 2960 1705 benignitate
2984 1638 3191 1693 Domini
3218 1642 3385 1695 nostri
3410 1639 3542 1698 .Iesu

1934 1725 2151 1787 Christi,
2184 1725 2268 1780 cui
2299 1724 2471 1792 gloria
2500 1736 2553 1780 et
2578 1725 2865 1795 imperium
2893 1727 2947 1781 in
2971 1728 3165 1783 smcula
3194 1731 3538 1787 sa-culorum.

1933 1818 2124 1871 Amen.

1348 2124 1703 2189 HOMILIA
1744 2118 1996 2183 XLVII.
2043 2117 2139 2178 al.
2178 2116 2465 2180 XLVIII.

226 2278 345 2334 Car.
378 2281 470 2337 l3.
500 2297 553 2335 ν.
585 2281 675 2337 51.
716 2280 844 2335 Hac
873 2280 1044 2335 omnia
1079 2280 1315 2349 loquutus
1357 2284 1429 2331 est
1456 2274 1608 2330 Iesus
1643 2273 1696 2326 in
1726 2286 1819 2339 pa-

289 2372 481 2427 rabulis
516 2373 587 2426 ad
624 2374 829 2438 turbas,
871 2383 917 2427 et
958 2374 1068 2428 sine
1107 2372 1351 2443 parabola
1387 2386 1491 2423 non
1530 2366 1825 2435 loquebatur

293 2467 361 2519 eis
390 2482 409 2519 :
434 2466 526 2521 35.
558 2476 614 2520 ut
652 2467 947 2537 impleretur
984 2466 1120 2537 quod
1157 2466 1347 2519 dictum
1374 2474 1448 2519 est
1479 2479 1568 2531 per
1598 2461 1822 2533 praplte-

293 2568 395 2611 tam
423 2558 715 2613 dicentem:
742 2559 982 2629 Aperiam
1009 2560 1062 2613 in
1093 2559 1347 2629 parabolis
1373 2574 1430 2611 os
1458 2573 1624 2610 meum
1649 2596 1663 2619 ,
1704 2572 1825 2608 era-

291 2646 435 2703 ctubo
465 2650 763 2704 abscondita
784 2668 814 2702 a
835 2651 1188 2706 constitutione
1215 2650 1393 2703 mundi
1419 2647 1592 2720 (Psal.
1627 2648 1717 2702 77.
1740 2643 1819 2716 2).

292 2740 343 2794 1.
386 2740 602 2796 Marcus
632 2755 760 2796 vero
786 2741 912 2796 dicit
952 2743 1127 2813 ipsum
1164 2744 1439 2812 Inquulttm
1470 2740 1633 2795 fuisse
1666 2742 1744 2795 eis
1770 2741 1821 2795 in

226 2834 511 2901 parabolis,
544 2834 705 2889 Prout
732 2844 963 2905 poterant
984 2837 1161 2889 audire
1188 2835 1378 2908 (Marc.
1397 2836 1453 2889 4.
1476 2835 1591 2904 55).
1622 2833 1825 2888 Deinde

224 2924 515 2979 ostendens
549 2940 609 2980 se
651 2926 782 2981 nihil
806 2927 947 2981 'novi
988 2926 1240 2981 inducere
1264 2968 1279 2991 ,
1312 2925 1467 2981 affert
1506 2924 1821 2994 prophetam

227 3013 362 3070 Iume
400 3017 667 3072 doctrina:
706 3018 922 3072 modum
954 3018 1433 3088 prtenuntiantem;
1466 3025 1627 3086 utque
1654 3016 1822 3085 signi-

227 3106 405 3161 ticaret
448 3108 609 3162 nobis
639 3107 905 3163 Christum
930 3148 946 3173 ,
985 3124 1089 3162 non
1122 3117 1178 3162 ut
1205 3109 1257 3162 in
1286 3108 1581 3178 ignorantia
1610 3121 1823 3175 perma-

228 3207 432 3263 nerent,
457 3199 556 3254 sed
590 3210 645 3254 ut
674 3200 741 3255 ad
772 3199 1205 3269 interrogandum
1229 3209 1579 3269 cogerentur,
1609 3199 1685 3253 sie
1718 3199 1821 3253 illis

227 3287 505 3360 loquutttm
533 3291 718 3355 fuisse,
746 3294 1019 3363 subjunxit
1049 3311 1061 3347 :
1098 3293 1162 3346 Et
1183 3295 1290 3348 sine
1318 3294 1563 3365 parabola
1594 3294 1720 3346 nihil
1740 3294 1820 3347 lo-

225 3384 470 3450 quebatur
510 3384 582 3437 eis
626 3384 643 3449 (
669 3382 808 3438 Ibid.
838 3401 887 3440 υ.
919 3382 1025 3455 54)
1060 3403 1073 3438 :
1102 3385 1200 3439 etsi
1231 3385 1394 3440 multa
1422 3386 1540 3440 sine
1570 3383 1818 3453 parabola

226 3471 446 3542 dixerit;
474 3476 568 3531 sed
592 3485 717 3532 tunc
736 3480 989 3548 temporis
1010 3479 1161 3533 nihil.
1184 3480 1248 3533 Et
1269 3488 1444 3534 tamen
1467 3494 1627 3533 nemo
1645 3479 1819 3548 ipsum

227 3565 592 3639 interrogavit,
621 3585 943 3640 quamquam
969 3572 1255 3642 prephetas
1276 3571 1401 3627 olim
1427 3587 1571 3641 smpe
1592 3572 1821 3625 interro-

224 3669 425 3727 garent,
444 3670 507 3714 ut
533 3662 866 3718 Ezechielem
888 3664 1127 3734 aliosque
1149 3665 1343 3719 multos
1366 3681 1381 3718 :
1408 3664 1460 3718 hi
1482 3679 1613 3719 vero
1635 3678 1815 3730 secus,

226 3746 343 3803 licet
381 3766 444 3806 ea
492 3767 611 3822 quae
648 3753 787 3809 dicta
833 3754 1043 3810 fuerant
1085 3764 1301 3826 possent
1340 3756 1461 3811 illos
1504 3758 1557 3810 in
1596 3756 1816 3811 dubium

224 3842 511 3909 conjicere,
543 3854 596 3898 et
622 3844 686 3899 ad
711 3844 1141 3915 interrogandum
1172 3848 1441 3902 excitare:
1471 3848 1667 3903 etenim
1691 3863 1817 3917 sup.

225 3930 435 3996 plicium
486 3935 775 3990 maximum
804 3937 1069 4005 parabolas
1098 3938 1470 3996 minabantur:
1521 3954 1691 4008 neque
1734 3947 1813 3992 ta-

226 4038 339 4078 men
386 4025 515 4080 iude
556 4028 809 4083 commoti
848 4039 993 4086 sunt.
1039 4030 1378 4101 Quapropter
1419 4030 1657 4087 dimissis
1688 4032 1812 4101 illis,

224 4114 363 4169 abiit.
387 4118 483 4172 '56.
512 4117 657 4172 Tunc
676 4120 841 4185 enim,
865 4122 958 4187 ait,
977 4123 1197 4176 dimissis
1227 4124 1404 4189 turbis,
1433 4123 1584 4179 Jesus
1609 4128 1740 4180 reuit
1762 4128 1814 4180 in

222 4204 423 4261 doutum
474 4224 618 4261 suam
634 4226 653 4275 ,'
701 4211 981 4279 nullusque
1005 4214 1301 4269 scribarum
1329 4214 1501 4284 ipsum
1529 4218 1770 4287 sequitur
1795 4235 1809 4283 ;

226 4297 359 4352 unde
387 4298 649 4367 liquidum
677 4308 760 4355 est
783 4316 897 4367 eos,
926 4305 1136 4358 nonnisi
1166 4315 1220 4359 ut
1241 4307 1494 4375 carpendi
1519 4323 1704 4363 ansam
1735 4325 1815 4365 ar-

221 4390 475 4457 riperent,
502 4402 757 4462 sequutus
780 4393 960 4450 fuisse.
994 4397 1124 4465 Quia
1145 4414 1271 4453 vero
1297 4415 1358 4453 ea
1386 4416 1503 4469 qua:
1531 4402 1673 4457 dicta
1698 4404 1811 4457 fue-

221 4491 367 4547 rant,
401 4499 513 4537 non
560 4486 922 4557 intelligebant
946 4529 961 4552 ,
999 4490 1211 4559 reliquit
1239 4506 1353 4545 eos.
1385 4491 1454 4546 Et
1495 4505 1811 4549 accesserunt

219 4572 458 4644 discipuli
502 4577 614 4644 eius
655 4578 1018 4650 interrogantes
1058 4581 1121 4635 de
1163 4585 1407 4653 purabola
1430 4587 1805 4641 zizaniorum‘.

218 4666 368 4736 Atqui
404 4666 682 4724 interdum
710 4670 947 4727 discendi
990 4674 1165 4743 cupidi
1214 4676 1543 4747 interrogare
1571 4695 1675 4734 non
1707 4698 1808 4735 an-

216 4755 371 4811 dent:
400 4759 670 4815 undenam
712 4762 817 4815 illis
857 4779 995 4819 nunc
1044 4765 1270 4821 ﬁducia?
1315 4769 1609 4825 Audierant
1652 4772 1803 4842 illud,

229 4845 368 4903 I’obis
398 4852 577 4904 datunt
605 4860 678 4905 est
704 4869 850 4907 nosse
880 4858 1118 4925 mysteria
1144 4860 1286 4928 regni
1314 4861 1554 4915 caelorum
1591 4863 1802 4934 (Matth.

218 4938 295 4991 15.
319 4942 434 5010 ll),
455 4952 506 4996 et
537 4942 657 4997 hinc
686 4942 929 5000 fiduciam
958 4963 1374 5018 assumpserant.
1398 4951 1625 5023 Ideoque
1656 4972 1805 5011 seor-

214 5032 305 5082 sint
339 5033 697 5101 interrogant,
730 5051 836 5090 non
869 5038 1006 5108 quod
1032 5041 1355 5097 multitudini
1386 5044 1676 5111 invideant,
1707 5048 1800 5103 sed

216 5129 265 5173 ut
296 5122 708 5196 Dominilegem
731 5140 964 5184 servent.
995 5129 1092 5186 His
1112 5135 1275 5198 enim,
1299 5138 1488 5208 inquit,
1509 5140 1681 5193 datum
1701 5159 1802 5197 non

215 5227 297 5273 est.
328 5219 443 5273 Cur
467 5230 648 5275 autem
680 5225 839 5277 missa
872 5223 1116 5282 fermenti
1138 5238 1193 5283 et
1214 5229 1411 5301 sinapis
1437 5233 1709 5301 parabola,
1734 5236 1803 5291 de

216 5307 686 5382 Itacinterrogant?
705 5314 825 5371 Illas
839 5325 1019 5386 utpote
1032 5320 1286 5376 clariores
1299 5323 1648 5394 reliquerunt;
1666 5328 1802 5386 hanc

216 5416 333 5458 vero
352 5446 369 5469 ,
404 5414 587 5475 utpote
617 5422 735 5476 qua:
765 5410 1076 5466 alhnitatem
1108 5412 1330 5470 haberet
1359 5432 1481 5471 ettm
1525 5422 1797 5487 prtemissa

218 5496 477 5563 parabola,
500 5510 556 5552 et
576 5500 700 5568 quid
723 5502 950 5570 amplius
970 5503 1204 5570 efferret,
1229 5507 1469 5565 ediscere
1490 5512 1795 5582 cupiebant.

215 5582 384 5656 Neque
411 5590 554 5643 enim
581 5590 721 5644 seire
746 5603 964 5659 venunt,
998 5605 1171 5650 utrum
1201 5598 1445 5654 eamdem
1480 5604 1752 5671 repetierit
1779 5622 1793 5661 ε

214 5691 323 5732 nam
346 5683 596 5736 videhant
625 5684 677 5737 iu
710 5684 810 5739 hac
837 5702 1081 5757 magnam
1102 5689 1280 5746 etl'erri
1303 5696 1793 5753 comminationem.

246 5817 281 5878 _‘
318 5822 439 5894 trans
462 5832 489 5894 ε,
505 5826 559 5869 Et
582 5830 891 5886 accesserunt
916 5822 1143 5891 discipuli
1168 5829 1269 5893 ejus
1284 5823 1525 5894 dicentes,
1555 5849 1577 5879 ι
1600 5831 1699 5884 Dic
1714 5846 1798 5883 no-

213 5868 273 5921 ιις
296 5868 573 5937 parabollrtn
600 5868 903 5932 zizamot'unt
919 5868 1065 5948 agri:
1078 5868 1107 5931 ν»

1936 2259 2273 2329 Quapropter
2311 2274 2418 2313 non
2462 2259 2670 2314 incusat
2709 2275 2838 2325 eos,
2874 2263 2969 2317 sed
2999 2263 3302 2332 explanavit
3328 2281 3389 2321 ca
3417 2282 3539 2339 qua:

1934 2349 2075 2404 dicta
2110 2350 2339 2404 fuerant.
2371 2350 2454 2415 Et,
2490 2360 2546 2403 ut
2574 2366 2790 2421 semper
2818 2353 2948 2418 dixi,
2982 2357 3248 2425 parabolae
3272 2374 3378 2417 non
3411 2368 3540 2415 sunt

1931 2442 1996 2496 ad
2025 2442 2233 2497 litcram
2270 2442 2596 2509 accipiendae
2626 2462 2639 2497 :
2672 2446 2796 2499 inde
2823 2447 2964 2500 enim
2994 2448 3225 2503 absurda
3254 2451 3417 2507 multa
3447 2468 3525 2508 se-

1931 2543 2254 2602 querentur;
2282 2535 2424 2605 quod
2448 2547 2502 2589 ut
2529 2550 2629 2590 nos
2659 2537 2885 2602 doceat,
2918 2539 2995 2593 sic
3023 2541 3329 2609 parabolam
3360 2543 3537 2612 expli-

1931 2635 2035 2681 cnt.
2081 2626 2195 2681 Non
2231 2626 2361 2681 dicit
2384 2669 2398 2691 ,
2435 2628 2524 2697 qui
2552 2639 2735 2683 essent
2757 2632 2896 2684 servi
2927 2630 2999 2685 illi
3030 2633 3119 2703 qui
3150 2646 3535 2699 accesserunt;

1933 2716 2027 2771 sed
2062 2728 2117 2771 ut
2141 2719 2385 2773 ostendat
2428 2735 2521 2785 se,
2560 2721 2716 2775 seriei
2757 2724 3146 2779 concinnandaa
3172 2742 3352 2793 causa,
3386 2738 3441 2783 et
3470 2729 3537 2785 ad

1931 2810 2385 2879 complementum
2415 2810 2693 2880 imaginis,
2727 2813 2872 2882 ipsos
2903 2814 3210 2883 induxisse,
3234 2816 3340 2871 hac
3370 2818 3536 2877 missa

1933 2912 2100 2970 parte,
2125 2919 2242 2971 qua:
2270 2904 2335 2956 ad
2364 2920 2476 2958 rem
2506 2906 2737 2961 maxime
2766 2909 3121 2975 pertinebant,
3142 2912 3211 2966 ob
3238 2928 3395 2981 quam
3420 2914 3536 2971 luce

1929 2993 2179 3061 parahola
2213 2994 2354 3048 dicta
2391 2994 2583 3060 fuerat,
2613 2998 2866 3065 explicat,
2900 3014 2958 3053 se
2990 3002 3221 3056 universi
3245 3003 3484 3072 judicetn
3510 3008 3528 3040 ⁸

1934 3093 1989 3136 et
2035 3083 2315 3137 Dominum
2358 3085 2659 3139 declarans.
2707 3089 2797 3141 57.
2832 3087 2899 3141 Et
2940 3093 3253 3160 respondens
3276 3134 3291 3160 ,
3322 3096 3537 3167 inquit,

1929 3170 2058 3224 dixit
2090 3173 2161 3225 eis
2184 3190 2202 3225 :
2224 3172 2323 3239 Qui
2347 3175 2560 3228 seminat
2585 3174 2772 3228 bonum
2796 3194 2983 3242 semen,
3009 3190 3082 3233 est
3106 3180 3277 3238 Filius
3293 3185 3534 3244 hominis.

1928 3262 2016 3316 '58.
2046 3262 2179 3333 Ager
2207 3274 2372 3316 autent
2395 3274 2469 3318 est
2497 3267 2739 3323 mundus.
2763 3264 2963 3321 Bonum
2990 3248 3106 3323 verd
3130 3290 3315 3337 semen,
3343 3277 3397 3331 Iti
3415 3290 3537 3335 sunt

1926 3355 2023 3422 ,‘ilii
2043 3356 2204 3425 regni.
2229 3355 2465 3419 Zisania,
2494 3357 2591 3424 filii
2619 3360 2834 3430 maligni
2858 3361 3013 3415 illius.
3034 3363 3122 3417 '59.
3149 3363 3397 3423 Inimicus
3420 3388 3537 3426 vero

1925 3444 2012 3512 qui
2041 3461 2099 3499 ea
2143 3447 2355 3500 seminat
2376 3490 2388 3510 ,
2421 3459 2492 3501 est
2528 3448 2779 3507 diabolus.
2820 3449 3021 3517 Messis,
3056 3464 3130 3508 est
3165 3465 3535 3515 consummatio

1926 3537 2119 3589 seaculi.
2149 3539 2398 3594 Messores
2427 3550 2611 3605 autem,
2643 3544 2811 3612 angeli
2835 3556 2971 3598 sunt.
2997 3546 3087 3601 40.
3113 3547 3260 3603 Sicut
3280 3570 3398 3623 ergo
3427 3556 3533 3609 col-

1926 3626 2154 3697 liguntur
2179 3630 2378 3684 zizania
2401 3672 2416 3697 ,
2450 3640 2496 3685 et
2530 3632 2636 3701 igni
2666 3632 3031 3688 comburuntur
3057 3652 3074 3690 :
3104 3638 3175 3690 ita
3202 3642 3295 3694 erit
3324 3642 3376 3696 in
3401 3661 3530 3699 con-

1925 3721 2260 3773 summatione
2278 3723 2455 3775 steculi
2484 3722 2654 3793 hujus.
2678 3724 2767 3779 41.
2795 3724 2961 3779 Ilitth
2994 3726 3163 3783 Filius
3179 3730 3399 3788 hominis
3432 3754 3532 3791 an-

1922 3812 2061 3880 gelos
2086 3829 2223 3879 suos,
2247 3825 2291 3869 et
2317 3815 2553 3886 colligent
2583 3816 2647 3870 de
2668 3834 2823 3889 regno
2849 3821 2959 3891 t‘jtts
2980 3822 3152 3876 omnia
3185 3827 3452 3894 scandala,
3482 3841 3531 3884 et

1924 3908 2163 3977 facientes
2179 3909 2515 3979 iniquitatem,
2532 3910 2620 3965 42.
2640 3922 2684 3965 et
2706 3913 2901 3966 mittent
2923 3932 3005 3968 eos
3026 3916 3078 3969 in
3098 3920 3353 3974 caminum
3373 3921 3527 3992 ignis.

1924 3998 2007 4052 Ibi
2027 4001 2119 4055 erit
2139 4002 2288 4071 ﬂetus
2308 4012 2354 4057 et
2378 4004 2565 4057 stridor
2579 4006 2823 4059 dentium.
2846 4008 2935 4061 45.
2963 4006 3105 4063 Tunc
3128 4011 3390 4083 fulgebunt
3395 4016 3529 4088 justi

1921 4092 2049 4147 sicut
2070 4095 2149 4149 sol
2176 4096 2228 4149 in
2249 4113 2404 4168 regno
2432 4096 2604 4152 Patris
2627 4116 2822 4153 eorum.
2853 4099 2985 4155 Cum
3005 4103 3147 4158 enim
3175 4107 3264 4175 qui
3295 4110 3527 4165 seminat

1922 4183 2037 4253 ipse
2065 4186 2153 4253 sit,
2178 4196 2231 4242 et
2257 4204 2441 4259 agrum
2482 4205 2637 4245 suum
2670 4192 2919 4255 seminet,
2952 4202 3115 4264 atque
3143 4212 3208 4251 ex
3236 4214 3401 4269 regno
3427 4218 3527 4258 suo

1920 4280 2152 4349 colligat,
2189 4283 2359 4351 palam
2396 4294 2478 4338 est
2518 4284 2659 4339 hunc
2699 4286 2955 4340 mundum
3004 4288 3171 4354 ipsius
3210 4307 3351 4347 esse.
3392 4294 3527 4351 Per-

1922 4373 2094 4441 pende
2136 4386 2316 4430 autem
2361 4359 2477 4445 ejus
2519 4379 2933 4435 inenarrabiletn
2982 4384 3426 4454 misericordiam,
3472 4400 3527 4444 et

1922 4480 2146 4534 pronum
2176 4467 2243 4521 ad
2276 4468 2532 4524 beneficia
2565 4472 2865 4539 prmstauda
2897 4475 3133 4529 animum
3154 4519 3165 4539 ,
3212 4488 3265 4533 et
3306 4495 3462 4549 quam
3492 4500 3520 4537 τι

1918 4558 2179 4627 supplicio
2211 4559 2488 4615 inferendo
2527 4563 2592 4616 sit
2633 4565 2860 4620 alienus.
2906 4548 3050 4621 Cum.
3082 4570 3226 4625 enim
3269 4576 3521 4644 seminat,

1920 4665 2014 4718 per
2034 4652 2266 4721 seipsnm
2298 4657 2554 4718 seminat;
2588 4658 2845 4727 supplicia
2881 4676 3004 4715 vero
3035 4679 3129 4731 per
3158 4664 3291 4719 alios
3320 4666 3478 4724 infert
3504 4714 3519 4738 ,

1918 4745 1968 4800 id
1996 4756 2075 4800 cst
2101 4789 2115 4813 ,
2147 4762 2243 4816 per
2271 4748 2489 4819 angelos
2509 4752 2550 4803 ².
2582 4749 2726 4805 Tunc
2751 4754 2882 4825 justi
2914 4756 3174 4825 fulgebunt
3203 4759 3438 4816 sicutsol
3468 4765 3520 4818 in

1914 4854 2068 4908 regno
2093 4838 2267 4893 Patris
2288 4856 2479 4893 eorum.
2513 4841 2626 4896 Non
2651 4844 2789 4913 quod
2812 4845 2892 4900 sic
2915 4856 3116 4901 tantum
3141 4848 3396 4919 fulgeant.
3424 4855 3517 4909 sed

1914 4932 2035 4999 quia
2060 4931 2159 4986 hoc
2181 4944 2328 4989 astro
2348 4936 2545 4989 nullum
2574 4935 2859 5006 fulgentius
2881 4939 3145 5007 videmus,
3168 4943 3309 4999 notis
3335 4962 3519 5001 exem-

1912 5023 2014 5091 plis
2058 5034 2139 5078 est
2182 5040 2330 5079 usus.
2378 5025 2533 5081 Certe
2575 5029 2701 5083 alibi
2741 5045 2953 5101 quoque
2994 5032 3130 5088 dixit
3168 5034 3277 5102 jam
3323 5038 3516 5093 adesse

1912 5131 2165 5185 messem,
2212 5129 2266 5172 ut
2306 5134 2427 5173 eum
2474 5121 2541 5175 de
2584 5120 2937 5179 Samaritanis
2982 5126 3101 5182 ait:
3131 5126 3316 5183 Levate
3342 5134 3517 5187 oculos

1912 5218 2117 5268 uestros.
2140 5221 2184 5265 et
2210 5214 2419 5277 aspicite
2448 5216 2694 5284 regiones,
2712 5219 2831 5286 quia
2856 5219 2985 5273 alba:
2994 5220 3110 5289 jam
3136 5231 3252 5275 sunt
3276 5224 3346 5276 ad
3376 5241 3510 5279 mes-

1911 5318 2014 5355 sem
2046 5300 2239 5371 (Joan.
2264 5304 2315 5356 4.
2349 5304 2417 5357 55
2437 5304 2489 5371 );
2523 5315 2575 5359 ct
2598 5322 2781 5361 rursus
2806 5350 2821 5374 ,
2869 5308 3050 5364 blessis
3078 5313 3279 5381 quidem
3319 5316 3512 5380 multa,

1910 5397 2133 5464 aperarii
2163 5408 2331 5448 autem
2354 5399 2503 5465 pauci
2532 5396 2681 5470 (Luc.
2711 5402 2795 5455 10.
2828 5400 2883 5473 Ξ)
2938 5402 3221 5470 Quomodo
3250 5421 3379 5476 ergo
3402 5408 3511 5463 illic

1909 5487 2119 5556 quidem
2161 5488 2269 5555 jam
2319 5504 2550 5544 mesem
2598 5495 2787 5548 adesse
2836 5496 2947 5562 ait,
2992 5495 3078 5551 hic
3109 5513 3238 5551 vero
3277 5498 3510 5554 futuram

1910 5596 2139 5635 messem
2185 5580 2351 5635 dicit?
2387 5583 2691 5640 Secundum
2729 5587 2869 5643 aliud
2903 5605 3097 5660 nempe
3122 5592 3505 5663 significatum.

1971 5776 1986 5841 ξ
2027 5774 2139 5826 Alii.
2164 5785 2448 5841 creatorem,
2476 5794 2580 5841 pro,
2598 5780 2838 5841 judicent.

1971 5838 1991 5868 ²
2026 5846 2169 5907 tinus,
2191 5838 2429 5911 supplicia
2454 5838 2665 5907 temper
2690 5846 2809 5897 alios
2828 5847 2975 5911 infert
2994 5861 3011 5898 :
3030 5848 3173 5901 mittit
3196 5850 3324 5900 enim
3355 5852 3507 5903 Filius

1907 5898 2112 5950 hominis
2137 5898 2327 5964 angelos
2350 5915 2477 5953 suos.
