4170 6488
645 426 650 430 ’
676 461 781 519 iss

675 579 851 646 Quare
894 575 1051 631 etiam
1098 588 1217 629 eum
1260 571 1385 628 alibi
1412 570 1665 642 (Joan.4.
1692 571 1779 640 3'1)
1806 566 2242 635 dixisset,alium

675 684 795 725 esse
822 666 908 738 qui
935 664 1181 730 seminat,
1210 663 1368 718 alium
1393 662 1482 733 qui
1508 661 1679 729 metit,
1710 659 1795 715 hic
1843 659 1973 715 dicit
2020 672 2079 714 se
2123 672 2246 712 eum

674 760 762 831 qui
806 758 1031 811 seminat
1070 755 1226 810 esse?
1262 754 1416 822 (Quia
1454 754 1525 808 ibi
1560 754 1637 807 sic
1673 752 2003 822 loquebatur,
2036 758 2096 805 ut
2138 763 2243 803 non

673 853 793 917 sibi,
816 849 910 905 sed
938 858 994 902 ιιι
1020 847 1293 917 prophetis
1320 846 1588 915 apostolos
1613 852 1963 913 compararet,
1986 842 2097 897 sive
2122 856 2242 895 cum

670 942 905 1007 Iudaeos,
950 930 1225 995 sive'cnm
1272 937 1632 994 Samaritanus
1676 934 2061 1003 alloquebatur.
2109 931 2241 985 Nam

671 1034 829 1088 etiam
868 1047 962 1101 per
1004 1029 1286 1099 prophetas
1325 1028 1438 1093 ipse
1476 1025 1789 1081 seminabat.
1827 1024 1920 1079 Est
1946 1032 2119 1079 autem
2153 1021 2240 1075 ubi

672 1139 897 1181 messem
924 1132 976 1177 et
1002 1136 1182 1176 semen
1213 1118 1436 1187 idipsum
1463 1116 1624 1182 dicat,
1659 1114 1948 1171 secundum
1976 1112 2240 1168 diversam

671 1216 929 1272 rationem
956 1213 1033 1268 sic
1057 1211 1347 1281 appellans.

740 1309 795 1363 Ξ.
849 1305 978 1360 Nam
1034 1300 1245 1372 quando
1303 1301 1659 1369 obsequentes
1709 1297 2241 1365 obtemperantesque

670 1399 942 1456 auditores
982 1394 1142 1458 dicit,
1176 1407 1403 1447 messem
1434 1399 1619 1455 vocat,
1664 1398 1719 1442 ut
1753 1403 1865 1443 rem
1897 1400 2239 1441 consumma-

672 1500 779 1546 tam
830 1486 1065 1543 declaret
1094 1501 1108 1539 :
1138 1481 1346 1553 quando
1389 1488 1565 1535 autem
1596 1479 1818 1534 fructum
1852 1474 2240 1546 praedicationis

670 1563 891 1653 qumrit,
922 1592 1103 1634 semen
1144 1586 1199 1632 et
1232 1588 1461 1630 messem
1516 1574 1682 1642 ipsam
1723 1569 2237 1625 consummationem

669 1672 915 1742 appellat.
958 1669 1023 1723 Et
1061 1656 1329 1736 Quomodo
1372 1665 1531 1735 etiam
1577 1662 1703 1717 alibi
1734 1661 1878 1725 dicit,
1923 1659 2085 1715 Primi
2109 1658 2239 1728 justi

667 1760 983 1833 rapiuntur?
1044 1758 1341 1825 Rapiuntur
1414 1753 1628 1825 quidem
1699 1754 1853 1823 primi
1917 1751 2239 1833 adveniente

666 1853 915 1917 Christo;
962 1849 1239 1905 traduntur
1280 1855 1456 1901 autem
1484 1844 1570 1900 isti
1616 1843 1907 1914 supplicio,
1932 1851 1987 1897 et
2013 1850 2138 1917 tunc
2164 1841 2237 1895 illi

672 1944 737 1999 ad
768 1956 989 2013 regnum
1019 1941 1268 1995 calorum
1297 1936 1726 2007 proﬁciscuntur.
1753 1932 1883 2000 Quia
1901 1932 2041 1987 enim
2064 1931 2237 1999 justos

668 2034 722 2087 in
752 2033 883 2086 caelo
908 2045 1028 2085 esse
1061 2037 1305 2099 Oportet,
1335 2028 1385 2080 in
1418 2033 1610 2079 terram
1635 2032 1810 2077 autem
1842 2023 1955 2092 ipse
1982 2028 2236 2076 venturus

666 2132 749 2178 est
767 2164 781 2183 .
806 2122 874 2176 de
898 2121 1144 2175 omnibus
1175 2117 1476 2173 hominibus
1500 2114 1828 2185 iudicaturus
1852 2154 1864 2173 ς
1901 2109 2237 2166 sententiam-

667 2229 768 2284 que
795 2214 995 2267 laturus
1029 2230 1042 2265 :
1070 2211 1217 2281 quasi
1246 2225 1339 2263 rex
1365 2220 1588 2277 surgens
1617 2221 1737 2261 cum
1770 2204 1959 2259 amicis
1985 2205 2117 2269 suis,
2142 2216 2234 2257 eos

668 2304 734 2358 ad
772 2306 975 2360 beatam
1006 2303 1149 2357 illam
1177 2309 1374 2355 sortem
1397 2299 1652 2353 ducturus
1679 2306 1777 2351 est.
1830 2295 2016 2350 Viden'
2038 2293 2233 2364 duplex

668 2396 782 2449 iure
807 2393 1142 2463 supplicium.
1173 2400 1281 2445 tum
1314 2389 1455 2460 quod
1482 2390 1881 2451 comburantur,
1907 2396 2017 2441 tum
2042 2384 2181 2455 quod
2203 2400 2234 2439 a

666 2484 829 2555 gloria
856 2484 938 2539 illa
966 2482 1247 2537 excidant?
1281 2481 1383 2536 Sed
1413 2495 1509 2533 cur
1534 2479 1770 2543 demum,
1800 2477 1903 2531 illis
1934 2476 2233 2532 recedenti-

665 2575 764 2629 bus
785 2617 799 2641 ,
832 2575 956 2643 ipsis
986 2574 1145 2629 etiam
1176 2572 1432 2641 apostolis
1476 2570 1526 2623 in
1569 2569 1831 2638 parabolis
1852 2566 2112 2638 loquitur?
2137 2565 2236 2622 Sa-

665 2665 945 2733 ιιῖῦιιιίειγεὲ
985 2680 1048 2717 es
1085 2677 1242 2729 supra
1270 2661 1424 2715 dictis
1453 2658 1625 2713 cil'ecti
1647 2698 1661 2724 ,
1696 2668 1816 2711 tunc
1851 2657 2229 2727 intelligebant.

667 2755 795 2809 Ilinc
822 2752 1185 2807 cum-dixisset
1201 2753 1301 2805 illis
1324 2761 1535 2820 postea:
1558 2748 1883 2803 Intellexistis
1906 2752 2010 2802 haec
2024 2748 2235 2802 omnia?

664 2847 834 2917 dicunt
863 2847 927 2910 ei,
960 2845 1157 2909 Etiam,
1185 2844 1399 2897 Domine
1438 2842 1641 2913 (Matth.
1668 2842 1750 2896 i3.
1782 2839 1892 2910 5|).
1922 2840 2011 2895 Sic
2049 2850 2101 2894 et
2136 2839 2236 2894 hoc

669 2953 788 2991 cum
816 2937 929 2989 aliis
961 2935 1135 2988 elice-it
1181 2934 1457 3003 parabola,
1494 2943 1547 2986 ut
1589 2931 2001 3000 perspicaciores
2043 2930 2236 2985 deinde

662 3034 859 3081 essent.
890 3024 1024 3092 Quid
1054 3024 1209 3094 igitur
1235 3031 1355 3093 post
1384 3022 1496 3076 btec
1526 3019 1689 3076 dicit?
1717 3020 1802 3075 Η.
1838 3018 2019 3075 Simile
2054 3030 2126 3073 est
2150 3037 2233 3075 re-

662 3134 817 3189 gnum
845 3115 1083 3170 caelorum
1119 3116 1350 3168 thesauro
1378 3114 1669 3167 abscondito
1696 3117 1747 3166 in
1776 3130 1934 3183 agro:
1956 3131 2100 3184 quem
2120 3131 2234 3169 cum

662 3208 845 3262 invenit
874 3207 1021 3261 homo
1048 3206 1329 3269 abscondit,
1357 3214 1402 3259 et
1423 3220 1530 3275 pra:
1554 3205 1739 3275 gaudio
1766 3204 1903 3258 illius
1932 3207 2097 3259 vendit
2114 3208 2233 3260 uni-

660 3314 801 3352 versa
824 3312 937 3366 qua:
961 3297 1126 3363 habet,
1154 3304 1199 3349 et
1226 3296 1340 3350 emit
1361 3312 1539 3366 agrum
1560 3296 1723 3349 illum.
1745 3297 1833 3351 45.
1860 3295 2052 3350 Iterum
2071 3298 2235 3352 simile

659 3396 731 3442 est
752 3404 958 3459 regnum
986 3386 1222 3441 calorum
1245 3386 1542 3456 negotiatori
1575 3388 1817 3456 (μιανθηιὶ
1846 3387 1998 3441 bonas
2027 3404 2232 3459 marga-

659 3483 799 3531 ritas.
828 3476 918 3531 46.
950 3475 1162 3530 Inventa
1180 3487 1348 3531 autem
1376 3493 1478 3530 una
1506 3479 1723 3546 pretiosa
1750 3478 2028 3548 margarita
2047 3518 2060 3541 ,
2084 3479 2227 3545 abiit,

659 3576 705 3622 et
728 3566 946 3621 vendidit
971 3567 1201 3621 universa
1219 3582 1330 3638 qua:
1355 3567 1547 3630 habuit,
1576 3577 1623 3622 et
1658 3570 1775 3621 emit
1803 3584 1931 3622 eam.
1966 3568 2230 3637 Quemad-

661 3656 876 3711 modum
910 3657 1016 3711 illic
1047 3672 1268 3727 granum
1316 3657 1567 3712 frumenti
1596 3667 1649 3713 et
1695 3658 2013 3715 fermentum
2048 3677 2231 3731 parum

660 3748 798 3805 inter
834 3762 894 3804 se
943 3746 1193 3803 dill‘erunt
1225 3766 1237 3802 :
1267 3749 1345 3804 sic
1393 3757 1448 3803 et
1495 3749 1595 3804 hoc
1648 3750 1766 3805 loco
1811 3751 1932 3806 dua:
1972 3753 2233 3821 parabola:

662 3841 896 3895 thesauri
920 3850 972 3895 et
1005 3842 1321 3911 margaritae.
1354 3841 1483 3896 Nam
1514 3857 1608 3912 per
1635 3854 1914 3913 utrumque
1940 3844 2043 3900 hoc
2066 3844 2233 3915 signi-

660 3931 868 3997 ficatur,
892 3940 1137 4003 oportere
1153 3931 1582 4001 prtedieationem
1607 3934 1852 3987 omnibus
1880 3944 2228 4004 anteponere.

661 4024 728 4078 Et
758 4024 861 4078 illa:
898 4021 1110 4093 quidem
1146 4021 1389 4079 fermenti
1432 4032 1488 4077 et
1514 4024 1710 4093 sinapis
1750 4024 2012 4093 parabnlre
2036 4024 2101 4078 ad
2125 4024 2232 4079 vim

660 4114 1050 4184 prtedicationis
1075 4114 1376 4183 pertinent,
1410 4114 1681 4184 ipsamque
1708 4124 1874 4169 totum
1900 4116 2084 4172 orbem
2110 4132 2233 4173 esse

656 4214 1024 4274 superaturam
1053 4204 1287 4257 indicant
1318 4220 1333 4258 ι
1366 4203 1446 4256 hae
1476 4212 1651 4257 autem
1678 4205 1797 4259 dua:
1826 4208 2091 4275 parabolas
2116 4208 2232 4275 ejus

659 4298 882 4365 pretium
912 4304 965 4350 et
1001 4294 1305 4364 dignitatem
1337 4295 1630 4350 declarant.
1685 4295 2001 4353 Extenditur
2039 4301 2233 4370 quippe

656 4388 742 4443 illa
769 4397 825 4442 ut
865 4387 1032 4455 sinapi
1060 4426 1074 4450 ,
1103 4394 1319 4454 superat
1350 4394 1406 4439 ut
1449 4387 1785 4452 fermentum,
1815 4388 2041 4456 pretiosa
2069 4399 2151 4442 est
2180 4398 2235 4443 ut

654 4478 957 4549 margarita,
987 4478 1262 4531 innumera
1291 4476 1492 4546 praebet
1517 4475 1795 4531 commoda
1862 4488 1918 4531 et
1946 4488 2187 4533 ornatum
2214 4522 2229 4546 ,

658 4578 713 4624 ιιι
744 4569 1046 4625 thesaurus.

728 4660 1036 4714 chuntiare
1066 4657 1294 4711 omnibus
1341 4666 1413 4710 est
1456 4656 1748 4727 negotiatio,
1781 4671 1880 4710 non
1910 4656 2137 4726 jactura.
2163 4688 2234 4697 —

659 4754 842 4823 Neque
874 4752 924 4806 id
953 4751 1123 4805 solum
1153 4749 1239 4804 hic
1266 4750 1542 4817 discimus,
1570 4750 1817 4805 omnibus
1838 4764 1895 4804 se
1920 4765 2115 4805 exuere
2140 4765 2234 4819 par

656 4861 803 4904 esse,
830 4859 894 4898 ac
916 4842 1273 4912 prmdicationi
1306 4841 1510 4896 haerere
1535 4859 1548 4905 ;
1577 4840 1671 4895 sed
1693 4841 1851 4894 etiam
1880 4840 1929 4894 id
1957 4856 2077 4895 cum
2110 4856 2235 4910 gau.

652 4941 744 4994 dio
768 4952 887 4993 esse
918 4935 1235 4991 faciendum.
1266 4932 1421 4989 Certe
1450 4934 1495 4987 is
1514 4976 1529 4998 ,
1558 4934 1644 5002 qui
1674 4934 1915 4989 ornnibus
1946 4934 2230 4998 renuntiat,

650 5032 782 5086 sciat
816 5038 1026 5100 oportet
1057 5070 1072 5092 ,
1100 5044 1209 5083 rem
1239 5028 1380 5081 illam
1403 5042 1523 5081 esse
1550 5026 1954 5091 negotiationem
1978 5068 1992 5090 ,
2024 5042 2125 5080 non
2146 5027 2230 5094 ja-

657 5132 880 5175 cturam.
934 5118 1116 5175 Viden‘
1158 5118 1423 5188 quomodo
1475 5116 1775 5186 praedicatio
1821 5118 1872 5169 in
1917 5117 2114 5170 mundo
2165 5118 2235 5170 sit

662 5213 865 5267 occulta
888 5253 903 5277 ,
933 5220 987 5266 et
1016 5211 1068 5265 in
1101 5211 1470 5280 prmdieatioue
1508 5218 1636 5279 quot
1677 5209 1782 5263 sint
1814 5208 1990 5263 bona?
2027 5210 2103 5265 Ac
2130 5211 2230 5265 nisi

661 5304 835 5357 omnia
860 5300 1181 5365 vendideris,
1205 5317 1309 5355 non
1331 5301 1463 5354 emis
1491 5301 1631 5355 illam
1682 5318 1695 5354 :
1727 5300 1827 5355 nisi
1855 5301 2078 5356 sollicito
2110 5302 2231 5355 ani-

660 5408 745 5447 mo
768 5392 1060 5463 qua-sieris,
1079 5408 1181 5447 non
1210 5392 1433 5447 invenis.
1459 5392 1569 5446 Duo
1592 5392 1750 5459 igitur
1765 5394 2059 5447 necessaria
2084 5404 2227 5461 sunt,

651 5486 982 5540 sa‘cularium
1032 5500 1207 5539 rerum
1258 5484 1539 5546 abdicatio.
1587 5495 1640 5539 et
1684 5500 1887 5539 summa
1941 5486 2227 5557 vigilantia.

648 5575 777 5630 Nam
806 5576 879 5627 ait
904 5591 917 5626 :
952 5574 1203 5640 Qna’renti
1227 5574 1379 5628 bonas
1406 5578 1703 5645 margaritas
1727 5591 1744 5629 :
1766 5577 1962 5630 inventa
1983 5594 2084 5631 una
2110 5595 2228 5649 pre-

649 5669 795 5728 tiosa,
824 5666 1038 5719 vendidit
1065 5667 1251 5731 omnia,
1273 5678 1320 5720 ct
1337 5669 1452 5720 emit
1482 5685 1611 5720 eain.
1647 5666 1762 5723 Una
1793 5671 1987 5740 quippe
2018 5680 2099 5725 est
2139 5688 2225 5725 ve-

648 5762 797 5819 ritas,
827 5770 925 5811 nec
951 5756 1001 5810 in
1033 5766 1209 5825 partes
1238 5757 1425 5811 divisa.
1454 5760 1534 5811 ‘Ac
1568 5757 1704 5811 sicut
1745 5759 1789 5811 is
1822 5760 1909 5828 qui
1969 5761 2224 5829 margari-

652 5861 755 5904 tum
784 5850 940 5905 habet
964 5889 979 5915 ,
1008 5849 1151 5904 novit
1178 5849 1290 5919 ipse
1321 5863 1377 5904 se
1406 5849 1619 5904 divitem
1657 5863 1776 5905 esse
1800 5866 1815 5917 ;
1840 5866 1980 5922 sa‘pe
2006 5861 2179 5907 autem
2202 5894 2218 5923 ,

1436 453 1495 510 S.
1532 451 1806 509 JOANNlS
1830 445 2297 507 CllRYSOSTOMi
2339 447 2651 504 AﬂClllEP.
2689 446 3219 508 CONSTANTINOP.

3827 452 3933 508 εει

2352 566 2474 621 licet
2517 566 2661 621 illam
2702 583 2859 623 manu
2893 577 3087 634 teneat,
3113 568 3162 623 id
3194 568 3313 623 aliis
3340 574 3421 623 cst
3451 567 3721 638 ignotum;
3752 582 3930 639 neque

2351 659 2491 713 enim
2535 658 2675 713 mole
2703 659 2943 728 corporis
2974 659 3191 729 insignis
3222 668 3303 713 est
3330 675 3344 710 :
3375 656 3453 711 sic
3488 666 3541 712 et
3585 659 3637 711 in
3667 657 3930 726 praedica-

2352 747 2531 815 tione,
2562 746 2650 815 qui
2682 746 2827 801 illam
2874 756 3091 813 tenent,
3123 760 3181 801 se
3210 745 3401 801 divites
3430 759 3549 800 esse
3573 752 3770 800 norunt
3792 785 3806 810 ,
3842 747 3930 799 in-

2348 837 2547 892 creduli
2578 848 2754 892 a-uem
2784 836 3087 892 thesaurum
3120 834 3422 907 bujusmodi
3453 837 3758 906 ignorantes
3782 876 3797 899 ,
3832 850 3933 889 no-

2349 936 2486 981 stras
2514 929 2637 982 item
2679 928 2886 981 divitias
2919 928 3179 982 nesciunt.
3236 926 3435 983 Deinde
3463 941 3530 980 ne
3555 925 3922 996 praedicationi

2350 1029 2549 1073 tantum
2577 1019 2800 1073 fidamus
2819 1062 2833 1085 ,
2863 1035 2995 1073 neve
3023 1029 3267 1090 putemus
3292 1021 3460 1075 solam
3489 1018 3646 1075 iidem
3676 1020 3743 1075 ad
3770 1021 3923 1077 salu-

2347 1117 2453 1163 tem
2508 1110 2659 1164 nobis
2697 1109 2980 1173 sufficere,
3010 1110 3166 1164 aliam
3200 1110 3488 1165 terribilem
3514 1109 3669 1166 effert
3695 1110 3930 1180 parabo-

2344 1201 2467 1255 lam.
2500 1201 2751 1267 Quamum
2800 1201 2888 1255 illa
2926 1202 3045 1256 est?
3068 1201 3158 1257 47.
3187 1201 3408 1272 Sagente
3436 1201 3704 1272 parabola.
3743 1202 3931 1258 Simile

2343 1301 2413 1345 est
2443 1306 2649 1361 regnum
2672 1292 2905 1345 caelorum
2934 1308 3134 1362 sugente
3160 1294 3326 1347 missas
3349 1294 3401 1347 in
3427 1309 3584 1359 mare,
3615 1302 3663 1349 et
3686 1309 3751 1349 ea:
3778 1294 3927 1349 omni

2342 1399 2519 1455 genere
2551 1383 2759 1453 piscium
2784 1385 3104 1455 congreganti
3127 1400 3146 1439 :
3179 1383 3270 1441 l8.
3298 1400 3447 1455 quam
3466 1383 3728 1440 educentes
3761 1385 3832 1439 ad
3862 1386 3928 1440 li-

2345 1487 2424 1526 tus
2446 1473 2617 1535 maris,
2649 1475 2895 1535 sedentes,
2926 1484 2973 1527 et
2998 1474 3283 1544 colligentes
3309 1474 3464 1529 bonos
3486 1474 3539 1528 in
3560 1489 3648 1528 vas
3663 1474 3921 1545 iecerunt,

2342 1562 2502 1617 malos
2519 1574 2681 1616 autem
2710 1565 2844 1633 foras
2872 1564 3125 1618 ntiserunt.
3160 1564 3217 1620 lu
3237 1580 3343 1636 quo
3362 1563 3540 1620 diﬂ‘ert
3564 1564 3679 1621 haec
3706 1580 3736 1620 a
3767 1580 3928 1634 para-

2343 1651 2461 1706 bula
2483 1652 2841 1708 zizaniorum?
2870 1652 2999 1707 Nam
3024 1662 3078 1709 et
3098 1654 3207 1709 illic
3232 1655 3321 1709 alii
3350 1664 3632 1711 servantur
3654 1697 3672 1723 ,
3693 1654 3785 1710 alii
3802 1667 3921 1722 per.

2340 1748 2505 1809 eum;
2568 1744 2661 1800 sed
2691 1744 2799 1799 illic
2821 1744 2889 1799 ob
2912 1759 3193 1815 pravorum
3225 1745 3532 1818 dogmatum
3547 1746 3793 1802 haeresim
3827 1764 3841 1800 :
3867 1757 3923 1803 et

2340 1834 2428 1904 qui
2454 1844 2576 1887 ante
2613 1844 2977 1890 memorantur
2996 1878 3010 1903 ,
3032 1837 3155 1906 quia
3195 1834 3354 1893 dictis
3379 1837 3783 1907 pradicantium
3814 1853 3924 1894 non

2339 1924 2648 1989 attendunt;
2678 1924 2731 1978 bi
2762 1941 2889 1980 vero
2905 1928 2974 1982 ob
3001 1927 3314 1982 sceleratam
3347 1927 3531 1994 vitam,
3557 1930 3646 2000 qui
3674 1930 3919 1985 omnium

2337 2017 2625 2070 miserrimi
2653 2027 2797 2084 sunt,
2831 2027 3012 2087 utpote
3036 2020 3125 2089 qui
3168 2020 3219 2073 in
3252 2020 3495 2076 notitiam
3526 2022 3769 2076 veritatis
3796 2038 3926 2093 per-

2337 2106 2681 2171 venerint,et
2724 2107 2776 2161 in
2818 2117 2934 2163 rete
2969 2108 3283 2178 piscantium
3323 2110 3635 2173 inciderint.
3658 2127 3722 2167 ac
3752 2129 3928 2183 neque

2336 2196 2415 2249 sic
2442 2197 2665 2252 salutem
2696 2198 2947 2269 consequi
2970 2200 3255 2269 potuerint.
3281 2199 3609 2271 Quamquam
3628 2202 3752 2257 alibi
3775 2202 3924 2258 dicat

2338 2286 2507 2357 ipsum
2541 2297 2804 2359 pastorem
2831 2305 3139 2361 segregassc
3162 2306 3307 2355 oves,
3343 2292 3429 2348 hic
3454 2292 3585 2348 dicit
3612 2294 3835 2364 angelos
3868 2295 3920 2349 id

2340 2378 2512 2434 facere
2536 2420 2551 2445 ,
2574 2387 2630 2433 ut
2656 2387 2709 2433 et
2742 2378 2795 2434 in
2824 2380 3146 2436 zizaniorum
3177 2381 3424 2451 parabola
3455 2380 3667 2455 (Matth.
3687 2383 3777 2439 25.
3804 2384 3922 2455 52).

2337 2468 2472 2539 Quid
2497 2485 2622 2539 ergo
2656 2470 2980 2525 dicendum?
3014 2471 3310 2541 Aliquando
3336 2472 3642 2539 demissius,
3674 2474 3921 2544 aliquan-

2337 2559 2407 2611 do
2435 2559 2711 2615 sublimius
2738 2561 2865 2631 ipsis
2898 2560 3149 2632 loquitur.
3199 2562 3348 2617 Hauc
3373 2577 3535 2632 porro
3568 2578 3669 2619 nec
3694 2575 3917 2635 rogatus

2338 2653 2640 2721 pirabolam
2694 2663 2881 2723 sponte
2935 2654 3311 2724 interpretatur
3368 2673 3381 2709 :
3434 2671 3501 2710 es
3536 2664 3686 2725 parte
3740 2658 3920 2713 solum

2337 2744 2619 2813 explicavit
2647 2743 2813 2807 illam,
2844 2755 2898 2799 et
2923 2745 3165 2801 timorem
3198 2746 3361 2801 ausit.
3383 2747 3459 2802 Ne
3474 2749 3615 2803 enim
3644 2757 3927 2821 postquam

2338 2834 2549 2895 audisti.
2584 2835 2751 2889 malos
2773 2834 2974 2905 eiectos
3000 2835 3164 2892 fuisse
3190 2836 3332 2892 foras
3352 2878 3367 2903 ,
3397 2839 3515 2895 sine
3540 2839 3774 2910 periculo
3805 2856 3922 2897 rem

2340 2941 2458 2981 esse
2499 2935 2732 2997 putares,
2770 2928 3202 2998 interpretatione
3242 2944 3336 2983 sua
3382 2930 3699 3000 supplicium
3730 2932 3927 2987 extulit

2338 3018 2537 3082 dicens,
2575 3018 2775 3072 .ilittent
2809 3035 2891 3072 eos
2915 3020 2967 3073 in
2996 3021 3249 3074 caminum
3274 3022 3440 3092 ignis‘;
3470 3023 3753 3079 stridorem
3784 3025 3924 3081 den-

2340 3111 2465 3164 tium
2500 3124 2799 3163 inetuorans
2830 3110 3253 3183 ineﬂ‘abilemque
3282 3113 3544 3169 dolerem.
3573 3115 3760 3171 Viden‘
3788 3125 3923 3187 quot

2337 3201 2401 3254 ad
2432 3201 2713 3267 perniciem
2741 3201 2879 3255 vim?
2912 3201 3011 3256 Per
3032 3212 3257 3272 petram,
3291 3218 3383 3274 per
3413 3206 3615 3274 spinas,
3644 3222 3740 3278 per
3758 3209 3924 3276 viam,

2341 3305 2435 3359 per
2459 3290 2681 3348 zizania.
2712 3306 2814 3360 per
2832 3306 3101 3362 sagenam.
3141 3294 3255 3349 Non
3284 3310 3411 3365 ergo
3440 3297 3706 3354 immerito
3740 3298 3876 3356 dixit
3908 3319 3923 3355 :

2336 3385 2468 3437 Lata
2486 3394 2556 3438 est
2584 3386 2661 3439 via
2684 3401 2797 3456 qua:
2816 3387 2952 3440 ducit
2980 3388 3048 3440 ad
3068 3388 3396 3457 perditionem
3417 3432 3432 3455 ,
3454 3400 3502 3445 et
3522 3392 3666 3447 multi
3692 3403 3812 3447 sunt
3837 3394 3927 3464 qui

2336 3475 2685 3546 ingrediuntur
2726 3493 2815 3547 per
2851 3493 2962 3531 eam
3005 3476 3215 3547 (Matth.
3266 3481 3317 3533 7.
3351 3481 3462 3551 15).
3497 3481 3620 3538 Hinc
3643 3498 3772 3555 ergo
3799 3499 3923 3539 cum

2336 3571 2575 3635 dixisset,
2624 3585 2685 3624 ac
2733 3570 2951 3625 terribili
3000 3571 3158 3626 modo
3212 3572 3373 3629 finem
3418 3572 3630 3631 dicendi
3682 3575 3923 3643 fecisset,

2338 3662 2557 3734 haecque
2590 3662 2735 3731 plura
2764 3663 3047 3731 adjecisset
3078 3663 3297 3734 (diutius
3323 3665 3465 3720 enim
3500 3666 3551 3720 in
3598 3667 3700 3721 illis
3741 3682 3927 3723 mora-

2340 3765 2421 3809 tus
2442 3754 2570 3821 est).
2592 3755 2665 3807 ait
2693 3771 2705 3806 :
2740 3754 2827 3809 5|.
2860 3753 3190 3809 Intellexistis
3221 3756 3327 3810 hrec
3370 3757 3586 3811 omnia?
3615 3757 3799 3813 Dicunt
3832 3760 3879 3814 ei
3905 3777 3923 3814 :

2340 3845 2537 3910 Etiam,
2572 3844 2805 3899 Domine.
2842 3845 2968 3900 Post
2999 3845 3131 3909 Iure,
3171 3848 3292 3913 quia
3330 3848 3708 3903 intellexerunt
3732 3890 3747 3909 .
3778 3850 3926 3919 ipsos

2338 3940 2519 3993 laudat
2549 3939 2631 3992 his
2657 3939 2852 3993 verbis.
2887 3939 2974 3993 5‘2.
3006 3938 3130 3994 Ideo
3158 3941 3321 3995 omnis
3344 3942 3507 3995 scriba
3547 3945 3724 3997 doctus
3749 3945 3801 3997 in
3835 3945 3922 3999 τε.

2337 4046 2434 4099 gno
2454 4029 2711 4094 calorum,
2741 4028 2921 4083 similis
2946 4039 3019 4082 est
3045 4030 3235 4082 homini
3255 4032 3395 4096 patri
3416 4033 3659 4101 familias,
3687 4034 3771 4104 qui
3798 4051 3925 4103 pro-

2338 4124 2433 4191 fert
2458 4119 2520 4173 de
2542 4119 2775 4172 thesauro
2801 4136 2892 4172 suo
2924 4135 3050 4173 nova
3094 4128 3139 4173 et
3178 4130 3362 4172 vetera.
3411 4120 3534 4177 Ideo
3557 4122 3681 4177 alibi
3709 4138 3925 4195 iitroque

2338 4210 2414 4264 ait
2444 4228 2458 4262 :
2484 4209 2687 4263 Mittam
2711 4208 2779 4261 ad
2825 4225 2911 4263 vos
2936 4210 3184 4279 sapientes
3210 4219 3255 4263 et
3276 4209 3690 4279 scribas(Matth.
3707 4211 3923 4281 23.34).

2409 4302 2461 4356 '5.
2492 4300 2876 4369 Scripturarum
2919 4298 3061 4353 lectio
3090 4303 3488 4355 commendatur.
3527 4303 3803 4359 Hunaititas
3831 4323 3923 4360 ca-

2340 4402 2427 4461 put
2468 4394 2681 4447 virtutis.
2709 4422 2780 4432 —
2806 4391 2967 4447 Vides
3005 4391 3275 4462 quomodo
3315 4408 3418 4447 non
3472 4396 3720 4452 excludat
3761 4398 3926 4453 \‘etus

2338 4482 2758 4546 Testamentum,
2784 4483 2875 4536 sed
2918 4484 3091 4552 potius
3134 4483 3313 4539 laudet
3342 4496 3397 4539 et
3418 4486 3673 4551 celebret,
3706 4489 3927 4544 thesau-

2341 4590 2460 4628 rum
2488 4573 2724 4628 vocans?
2765 4572 2941 4643 Itaque
2980 4584 3238 4643 quotquot
3281 4576 3577 4631 divinarqu
3614 4578 3922 4648 Scriptura-

2339 4680 2458 4717 rum
2505 4663 2733 4733 imperiti
2760 4672 2901 4725 sunt,
2932 4678 3036 4717 non
3078 4674 3259 4732 patres
3306 4665 3535 4720 familias
3580 4666 3795 4733 fuerint,
3832 4669 3922 4740 qui

2340 4768 2512 4823 neque
2537 4753 2733 4808 habent
2758 4754 2877 4823 ipsi,
2911 4768 3009 4808 nec
3032 4753 3100 4809 ab
3120 4754 3238 4809 aliis
3266 4757 3553 4824 accipiunt,
3573 4758 3668 4813 sed
3695 4773 3753 4813 se
3783 4761 3923 4816 fame

2341 4855 2622 4914 pereuntes
2657 4845 2945 4916 negligant.
2974 4844 3081 4900 Nec
3106 4845 3265 4901 modo
3296 4847 3415 4917 ipsi,
3440 4848 3533 4903 sed
3566 4850 3724 4903 etiam
3755 4849 3925 4905 barre-

2340 4938 2427 4993 tici
2450 4947 2694 5008 expertes
2722 4947 2846 4992 sunt
2873 4936 3028 5005 hujus
3057 4937 3415 4993 beatitudinis.
3462 4939 3575 4994 Non
3604 4942 3744 4995 enim
3796 4958 3922 5011 pro-

2338 5030 2516 5085 ferunt
2544 5045 2680 5085 nova
2709 5039 2761 5085 et
2789 5029 3136 5086 vetcra.N.rm
3166 5045 3285 5086 cum
3311 5042 3488 5088 vetera
3523 5050 3627 5088 non
3660 5035 3915 5099 habeant,

2338 5137 2436 5175 nec
2460 5136 2595 5176 nova
2618 5121 2814 5176 habere
2837 5130 3090 5190 possunt:
3112 5122 3558 5191 quemadmodum
3593 5125 3754 5181 etiam
3774 5127 3805 5180 ii
3830 5127 3921 5196 qui

2340 5227 2474 5267 nova
2503 5228 2605 5270 non
2635 5212 2851 5278 habent,
2871 5214 3137 5268 veteribus
3163 5229 3372 5285 quoque
3391 5198 3597 5283 carent,
3618 5215 3715 5272 sed
3759 5219 3921 5274 utris—

2337 5322 2437 5377 que
2480 5306 2755 5377 privantur
2788 5325 2801 5359 :
2847 5306 2959 5363 b:ec
2986 5309 3129 5363 enim
3163 5316 3343 5362 mutuo
3385 5309 3698 5380 colligantur
3722 5320 3776 5365 et
3795 5324 3925 5364 cou-

2338 5408 2647 5454 nectuntur.
2696 5399 2985 5457 Audiamus
3030 5403 3206 5467 itaque
3231 5412 3491 5473 quotquot
3519 5404 3916 5476 Scripturarum

2338 5490 2618 5546 lectionem
2663 5490 2997 5559 negligimus,
3044 5506 3299 5560 quamum
3342 5494 3607 5562 patiamur
3638 5495 3915 5562 damnum,

2335 5589 2585 5653 quantam
2615 5590 3001 5651 paupertatem.
3028 5581 3372 5649 Quandonam
3404 5584 3561 5641 vitam
3594 5601 3716 5641 cum
3742 5590 3919 5656 operi-

2337 5672 2433 5725 bus
2453 5672 2757 5741 jungemus,
2787 5672 2875 5742 qui
2915 5687 2982 5726 ne
3031 5672 3175 5742 leges
3216 5675 3429 5745 quidem
3472 5677 3752 5743 novimus,
3782 5693 3913 5747 quas

2333 5761 2711 5816 observemus?
2734 5762 2838 5817 Sed
2863 5761 3077 5830 divites,
3104 5764 3191 5832 qui
3214 5764 3517 5822 divitiarum
3536 5768 3823 5838 cupiditate
3843 5769 3911 5822 in-

2334 5854 2582 5919 Saniunt,
2632 5864 2773 5926 Smpe
2817 5866 2994 5912 vestes
3024 5871 3145 5913 suas
3189 5873 3256 5914 ne
3293 5874 3321 5914 a
3355 5860 3511 5915 tineis
3559 5860 3911 5917 corrodantur
