4170 6496
751 445 847 499 ιΒἹ

1502 439 1557 493 S.
1590 434 1861 492 .lOANNIS
1897 428 2368 489 CIIRYSOSTOMI
2410 426 2725 483 ARCHIEP.
2764 421 3294 483 CONSTANTINOP.

3883 420 3977 476 ‘38

1808 616 2150 678 HOMILIA
2194 613 2479 676 XLVIII.
2534 612 2624 674 al.
2671 611 2900 672 XLIX.

741 775 864 828 CAP.
910 770 998 826 l5.
1041 785 1091 823 v.
1138 769 1226 824 55.
1274 765 1338 820 Et
1377 767 1565 838 factum
1595 772 1696 827 est,
1757 774 1867 813 cum
1923 764 2309 812 consuuunasset

1011 860 1044 915 J
1051 876 1160 914 esus
1189 855 1452 924 parabolas
1479 856 1618 917 istas,
1649 850 1874 905 transicit
1898 849 2034 902 inde.

817 956 867 1008 l.
895 951 1003 1009 Cur
1023 951 1174 1016 dixit,
1207 946 1339 1002 Istas
1355 947 1383 1001 7
1405 945 1537 1014 Quia
1557 943 1688 997 alias
1714 941 1951 996 dicturus
1974 945 2107 992 erat.
2135 936 2309 1005 Quare

739 1045 861 1100 inde
893 1042 1154 1100 recessit?
1197 1039 1267 1096 Ut
1305 1038 1526 1092 verbum
1559 1033 1753 1105 ubique
1780 1029 2169 1087 disseminaret.
2211 1027 2300 1082 54.

739 1137 802 1190 Et
834 1152 949 1191 cum
974 1134 1183 1188 venisset
1209 1132 1261 1184 in
1287 1128 1502 1199 patriam
1529 1142 1695 1191 suam,
1725 1123 1934 1177 docebat
1954 1137 2035 1175 eos
2075 1121 2126 1173 in
2149 1134 2304 1189 syna-

739 1245 868 1300 goga
894 1242 1085 1281 eorum.
1111 1222 1279 1289 Quam
1305 1227 1459 1273 vocat
1489 1217 1708 1288 patriam
1731 1213 1924 1268 suam?
1959 1211 2182 1267 Nazaret
2200 1251 2216 1274 ,
2250 1217 2306 1300 ut

741 1299 870 1374 inihi
897 1314 1111 1387 quidem
1133 1311 1359 1367 videtur.
1395 1307 1512 1362 Non
1540 1307 1680 1362 enim
1705 1305 1774 1356 ibi
1799 1304 1918 1373 fecit
1942 1304 2144 1355 virtutes
2173 1299 2306 1352 mul-

742 1421 817 1464 tas
846 1406 1053 1481 (Matth.
1087 1404 1173 1459 l5.
1195 1401 1310 1472 58),
1334 1400 1440 1463 ait;
1487 1397 1537 1451 in
1561 1396 1887 1465 Caperuaum
1917 1400 2089 1446 autem
2133 1387 2298 1444 multa

741 1503 863 1558 fecit
901 1500 1081 1569 signa;
1125 1501 1447 1565 quapropter
1479 1488 1727 1544 dicebat:
1755 1483 1823 1539 Et
1866 1493 1919 1537 tu
1947 1481 2261 1553 Capernaum
2286 1520 2302 1546 ,

739 1607 850 1666 qua
876 1604 1032 1660 usque
1068 1586 1136 1640 ad
1166 1585 1344 1639 caelum
1385 1580 1606 1636 exaltata
1644 1594 1698 1632 es
1719 1620 1732 1642 ,
1762 1590 1918 1646 usque
1960 1574 2027 1628 ad
2050 1576 2306 1666 infernum

739 1664 1004 1738 descendes
1025 1696 1044 1734 :
1069 1676 1301 1742 quoniant
1330 1674 1373 1728 si
1406 1673 1458 1727 in
1486 1669 1723 1726 Sodomis
1744 1671 1890 1738 facta
1913 1665 2118 1738 fuissent
2145 1664 2304 1717 uirtu-

742 1788 832 1843 tes,
857 1791 969 1844 qua
996 1773 1145 1842 facta:
1169 1778 1282 1823 sunt
1312 1768 1365 1821 in
1394 1776 1441 1820 te
1461 1807 1476 1830 ,
1505 1763 1801 1818 mansissent
1824 1759 1992 1830 utique
2017 1771 2172 1826 usque
2209 1753 2304 1808 ho-

741 1869 821 1921 die
850 1863 1059 1936 (Matth.
1094 1863 1180 1916 ll.
1206 1860 1320 1930 9.3).
1351 1857 1484 1913 Cum
1530 1869 1691 1926 porro
1716 1851 1949 1906 venisset
1979 1849 2131 1910 istuc,
2155 1846 2305 1916 signa

739 1957 949 2028 quidem
980 1953 1142 2009 multa
1171 1966 1274 2006 non
1297 1951 1440 2013 fecit,
1463 1964 1530 2002 ne
1555 1947 1606 2001 in
1633 1944 1886 2014 majorem
1911 1941 2031 1996 illos
2057 1939 2303 1994 invidiam

740 2051 1110 2112 inflammaret,
1141 2059 1274 2099 neve
1301 2041 1370 2096 ob
1390 2039 1643 2109 majorem
1667 2033 2085 2090 incredulitatem
2109 2032 2161 2085 in
2184 2044 2306 2101 gra-

741 2145 939 2198 viorem
983 2136 1374 2194 damnationem
1420 2131 1731 2187 inciderent.
1783 2125 2085 2183 Doctrinam
2125 2132 2301 2178 autem

741 2235 989 2306 proponit
1013 2247 1119 2286 non
1156 2227 1374 2283 minoris
1415 2238 1572 2295 quam
1614 2222 1761 2291 signa
1807 2214 2192 2273 admirationis.
2234 2212 2305 2268 At

736 2322 1033 2382 stultissimi
1082 2320 1323 2374 homines
1345 2359 1361 2383 ,
1392 2313 1603 2387 quando
1632 2309 1882 2366 admirari
1909 2350 1924 2374 ,
1963 2317 2018 2363 et
2042 2307 2111 2362 ob
2137 2306 2304 2361 dicto-

737 2431 856 2472 rum
897 2414 1002 2467 vim
1041 2411 1416 2478 obstupescere
1447 2419 1540 2474 par
1564 2403 1747 2458 fuisset
1773 2442 1788 2466 ,
1817 2400 1888 2454 illi
1918 2408 2100 2453 contra
2132 2398 2301 2466 ipsum

739 2505 1102 2579 parvifaciuut,
1149 2499 1290 2572 quod
1319 2498 1403 2553 tali
1429 2504 1575 2566 patre
1602 2503 1757 2548 natus
1781 2500 2055 2562 putaretur
2079 2509 2092 2545 :
2116 2504 2297 2559 quam-

737 2613 892 2670 quam
921 2595 1079 2654 multa
1105 2588 1463 2662 superioribus
1489 2584 1817 2655 temporibus
1839 2579 2080 2650 exempla
2105 2593 2300 2648 suppe-

738 2700 912 2747 terent
939 2702 1120 2750 eorum
1148 2685 1238 2758 qui
1267 2681 1483 2754 ignobili
1527 2689 1674 2750 patre
1700 2677 1806 2732 nati
1848 2675 2168 2731 claruerant.
2200 2673 2301 2728 Da-

738 2783 827 2839 vid
855 2783 1048 2853 quippe
1070 2779 1236 2836 lessus
1259 2776 1378 2829 vilis
1405 2772 1677 2844 cujusdam
1707 2769 1953 2841 agricolae
1976 2768 2114 2822 filius
2141 2776 2254 2822 erat
2283 2783 2297 2820 :

733 2885 789 2930 et
835 2877 999 2930 Amos
1044 2869 1273 2941 mprarii
1332 2867 1506 2931 filius,
1562 2865 1675 2934 ipse
1733 2877 1943 2933 quoque
1986 2859 2297 2929 caprarius:

737 2965 939 3040 lloyses
966 2977 1093 3018 vero
1123 2959 1407 3030 legislator,
1435 2956 1591 3026 longe
1610 2969 1670 3010 se
1694 2952 1946 3040 inferiore
1967 2961 2117 3022 patre
2143 2958 2299 3040 natus

734 3039 836 3110 est.
867 3054 997 3108 Cum
1025 3051 1350 3122 oportuisset
1388 3061 1515 3115 ergo
1555 3045 1671 3100 ideo
1701 3044 1928 3098 maxime
1957 3040 2197 3097 venerari
2236 3039 2300 3093 il-

735 3148 842 3201 lum
870 3154 924 3201 et
943 3143 1320 3214 obstupescere
1341 3178 1358 3205 ,
1388 3135 1529 3208 quod
1558 3151 1621 3190 ex
1651 3135 1843 3191 talibus
1872 3143 2020 3188 ortus
2055 3131 2177 3186 talia
2221 3131 2299 3184 Io-

731 3246 984 3310 queretur
1011 3250 1023 3286 :
1055 3231 1391 3288 manifestum
1416 3227 1610 3300 quippe
1633 3235 1747 3282 erat
1773 3224 1822 3279 id
1846 3239 1951 3279 non
1977 3238 2041 3278 ex
2069 3223 2298 3279 humano

731 3327 944 3394 studio,
991 3322 1084 3380 sed
1129 3337 1194 3378 ex
1223 3319 1400 3377 divina
1442 3318 1607 3390 gratia
1649 3316 1940 3389 proficisci;
1987 3315 2110 3371 inde
2151 3315 2297 3371 illum

731 3419 1048 3490 despiciunt,
1078 3413 1218 3471 unde
1243 3413 1424 3468 mirari
1449 3409 1743 3481 oportebat.
1774 3408 2101 3478 Frequenter
2121 3418 2297 3462 autem

731 3512 795 3568 ad
824 3520 1116 3584 synagogas
1143 3505 1271 3567 ibat.
1305 3517 1370 3557 ne
1390 3502 1434 3557 si
1463 3508 1716 3581 perpetuo
1744 3499 1796 3554 in
1820 3497 2036 3555 deserto
2059 3513 2298 3554 versare-

732 3614 838 3668 tur,
871 3600 1038 3670 magis
1069 3597 1409 3660 incusarent,
1453 3603 1717 3662 tamquam
1748 3590 2059 3661 frequentiae
2085 3598 2138 3644 et
2165 3590 2294 3644 civi-

733 3695 854 3751 tatis
879 3690 1254 3748 adversarium.
1282 3685 1570 3756 Stupentes
1599 3684 1757 3754 igitur
1780 3692 1836 3738 et
1861 3682 2185 3752 ambigentes
2209 3681 2293 3735 di—

732 3790 920 3842 cebant
957 3804 972 3841 :
1021 3781 1168 3840 Unde
1193 3781 1309 3834 huic
1347 3779 1596 3849 sapientia
1642 3777 1747 3831 htec
1774 3785 1818 3828 et
1860 3776 2102 3830 uirtutes?
2136 3773 2295 3844 Signa

734 3881 952 3935 virtutes
997 3874 1286 3938 vocabant,
1329 3871 1441 3925 sive
1468 3870 1633 3938 ipsam
1678 3866 1990 3938 sapientiam
2036 3865 2171 3936 ejus.
2203 3865 2291 3922 55.

739 3972 916 4036 Nonne
943 3969 1023 4022 hic
1046 3977 1115 4021 est
1132 3965 1265 4036 {ubri
1290 3960 1464 4032 ﬁlius?
1490 3959 1629 4030 Ergo
1656 3957 1963 4012 miraculum
1992 3957 2161 4026 majus
2187 3973 2298 4011 ma-

734 4065 914 4133 jorque
956 4069 1159 4128 stupor.
1203 4053 1387 4108 Nonne
1421 4062 1580 4106 mater
1620 4053 1727 4123 ejus
1771 4051 1953 4103 dicitur
1997 4048 2210 4104 Maria?
2249 4058 2295 4103 et

735 4161 912 4224 fratres
942 4152 1051 4220 ejus
1073 4147 1292 4201 Iacobus
1318 4155 1367 4199 et
1391 4143 1537 4197 loses
1563 4184 1576 4206 ,
1617 4151 1661 4195 et
1690 4141 1867 4195 Simon
1892 4151 1937 4194 et
1964 4140 2127 4194 Judus
2149 4145 2173 4197 1'
2206 4142 2292 4195 56.

734 4256 780 4298 ct
813 4257 998 4296 sorores
1026 4245 1134 4309 ejus
1163 4251 1328 4290 nonne
1356 4250 1522 4288 omnes
1547 4232 1685 4301 apud
1713 4247 1803 4286 nos
1828 4231 1983 4285 sunt?
2010 4228 2156 4285 Unde
2182 4247 2298 4301 ergo

736 4336 849 4390 huic
877 4333 1044 4388 omnia
1068 4330 1203 4384 ista?
1227 4329 1314 4383 57.
1344 4324 1410 4380 Et
1439 4323 1908 4379 scandalizabantur
1925 4324 1979 4376 in
2006 4339 2083 4377 eo.

808 4425 1014 4481 Invidia
1042 4438 1176 4492 stupe
1194 4435 1359 4474 secum
1385 4418 1495 4487 ipsa
1518 4425 1726 4487 pugnat.
1746 4445 1819 4456 —
1841 4415 2022 4469 Viden‘
2054 4415 2104 4468 in
2131 4412 2294 4468 Naza-

738 4529 816 4576 ret
844 4520 940 4572 ista
967 4515 1104 4570 dicta
1132 4511 1336 4567 fuisse?
1363 4510 1548 4566 Nonne
1577 4508 1768 4562 fratres
1792 4506 1927 4576 ejus,
1962 4506 2147 4573 inquit,
2180 4504 2296 4558 talis

736 4622 789 4668 ct
809 4611 927 4666 talis
951 4607 1114 4664 sunt?
1144 4605 1210 4660 Et
1236 4594 1360 4674 quid
1391 4603 1525 4656 hoc?
1556 4601 1686 4655 llinc
1713 4600 1940 4654 maxime
1969 4598 2116 4653 vobis
2144 4597 2210 4652 ad
2231 4597 2294 4651 li-

737 4703 856 4756 dem
885 4699 1054 4754 induci
1084 4712 1178 4768 par
1217 4703 1349 4750 erat.
1384 4692 1576 4747 Verum
1607 4691 1746 4746 mala
1786 4705 1873 4746 res
1899 4690 2092 4744 invidia
2117 4731 2130 4753 ,
2179 4704 2296 4758 quae

738 4793 838 4847 sibi
865 4791 962 4861 ipsi
988 4802 1131 4859 stepe
1159 4794 1429 4856 repugnat.
1461 4783 1590 4838 Nam
1616 4797 1733 4852 qua:
1764 4781 2018 4845 inaudita,
2047 4791 2098 4834 ct
2126 4779 2296 4834 admi-

737 4885 899 4940 randa
923 4889 1076 4939 erant
1101 4920 1116 4941 .
1158 4893 1378 4949 quaeque
1409 4877 1526 4930 illos
1569 4874 1833 4929 attrahere
1860 4881 2138 4942 poterant,
2185 4871 2298 4925 hare

738 4979 840 5035 illis
883 4972 1199 5031 ollendiculo
1227 4978 1396 5024 erant.
1428 4966 1563 5034 Quid
1605 4968 1762 5036 igitur
1785 4967 2026 5021 Christus
2064 4967 2128 5020 ad
2158 4966 2296 5021 eos?

740 5069 858 5123 Non
887 5075 957 5121 est
981 5061 1222 5136 propheta
1241 5100 1257 5128 ,
1293 5060 1497 5128 inquit,
1529 5058 1636 5111 sine
1665 5057 1852 5141 honore
1873 5098 1886 5121 ,
1916 5059 2011 5111 nisi
2053 5059 2103 5111 in
2130 5058 2297 5127 patria

739 5177 860 5225 sua,
893 5168 936 5213 et
974 5159 1027 5210 in
1063 5154 1212 5208 domo
1241 5163 1350 5208 sua.
1380 5150 1467 5207 58.
1517 5149 1578 5202 Et
1607 5165 1706 5202 nou
1734 5151 1847 5220 fecit
1876 5149 2077 5203 virtutes
2115 5149 2299 5206 multas

741 5261 938 5322 propter
982 5244 1380 5302 incredulitate»:
1423 5259 1612 5297 eorum.
1659 5240 1826 5297 Lucas
1868 5249 2040 5296 autem
2074 5243 2147 5297 ait
2188 5260 2201 5296 :
2235 5242 2301 5296 Et

739 5358 838 5396 non
864 5341 977 5410 fecit
1018 5339 1085 5393 ibi
1112 5339 1253 5409 signa
1280 5337 1457 5389 multa.
1491 5335 1648 5403 Atqui
1679 5333 1852 5388 facere
1876 5333 2176 5401 debuisset,
2220 5335 2299 5389 iu-

740 5434 908 5503 quies.
934 5431 1065 5486 Nam
1091 5431 1133 5484 si
1163 5428 1213 5482 id
1242 5434 1558 5497 assequutus
1586 5435 1665 5479 est
1695 5433 1750 5477 ut
1775 5423 2108 5478 admirationi
2136 5435 2296 5489 esset,

742 5535 798 5579 ut
825 5537 948 5577 vere
977 5521 1109 5588 fuit,
1138 5536 1231 5572 cur
1259 5519 1404 5588 signa
1445 5531 1548 5571 nou
1580 5514 1736 5570 fecit?
1763 5515 1893 5581 Quia
1934 5530 2036 5569 non
2065 5524 2298 5569 ostenta-

740 5617 957 5677 tionem,
988 5612 1081 5668 sed
1107 5627 1290 5667 eorum
1317 5610 1591 5664 utilitatem
1622 5608 1674 5662 in
1702 5622 1865 5679 scopo
1901 5607 2144 5664 habebat.
2168 5607 2299 5662 Cum

742 5709 896 5778 igitur
924 5705 1035 5758 lucc
1065 5703 1140 5756 via
1173 5719 1275 5756 non
1316 5700 1624 5757 succederet
1645 5741 1658 5764 ,
1701 5701 1768 5756 ab
1797 5715 1862 5756 eo
1889 5700 2028 5770 quod
2057 5717 2086 5755 e
2113 5718 2170 5755 re
2208 5716 2297 5754 sua

741 5810 857 5851 esse
886 5793 1156 5848 videbatur
1186 5792 1455 5856 abstinuit,
1477 5806 1544 5847 ne
1570 5792 1697 5860 ipsis
1723 5792 2037 5862 supplicium
2064 5805 2297 5861 augeret.

743 5887 1064 5954 Qumuquam
1096 5893 1211 5942 post
1246 5891 1444 5938 tantum
1479 5892 1715 5955 tempus,
1744 5893 1860 5955 post
1889 5892 1963 5939 tot
1992 5885 2128 5940 edita
2157 5884 2301 5954 signa

2416 754 2481 808 ad
2510 754 2627 808 illos
2655 754 2856 808 venerit
2888 770 2900 805 :
2930 760 2986 807 at
3010 767 3182 822 neque
3211 751 3290 808 sic
3311 752 3458 808 illum
3486 754 3737 819 tulerunt,
3769 754 3874 807 imo
3903 767 3983 807 ar.

2417 845 2614 900 dchant
2665 843 2878 899 invidia.
2919 842 3030 898 Cur
3067 858 3194 914 ergo
3227 859 3390 914 pauca
3434 852 3607 899 tamen
3651 844 3774 898 fecit
3799 843 3981 913 signa?

2415 936 2492 991 Ne
2519 935 2774 1001 dicerent,
2807 933 3015 1000 Medice,
3045 951 3169 988 cura
3193 946 3240 989 te
3261 937 3426 1005 ipsum
3452 933 3599 1006 (Luc.
3626 935 3676 990 ι.
3709 933 3836 1006 25);
3875 934 3976 998 vel,

2417 1027 2660 1082 Inimicus
2688 1036 2869 1082 noster
2907 1037 2988 1082 est
3014 1037 3068 1082 et
3097 1027 3263 1083 hostis
3286 1069 3302 1095 ,
3332 1027 3625 1097 amnesque
3654 1043 3779 1083 suos
3804 1027 3977 1097 despi-

2411 1119 2514 1185 cit;
2549 1135 2615 1175 ue
2640 1119 2900 1183 dicerent,
2928 1118 2982 1172 Si
3027 1118 3159 1173 facta
3191 1118 3415 1174 fuissent
3437 1118 3583 1189 signa
3605 1160 3622 1185 ,
3659 1133 3756 1174 nos
3775 1133 3978 1189 quoque

2411 1209 2840 1264 credidissenms.
2869 1209 2989 1266 Ideo
3017 1219 3067 1264 et
3094 1209 3242 1280 signa
3269 1209 3393 1264 fecit
3413 1251 3428 1275 ,
3465 1219 3521 1264 et
3553 1212 3660 1266 cito
3687 1208 3859 1264 facere
3885 1209 3978 1263 de-

2407 1299 2512 1363 siit;
2542 1308 2649 1353 tum
2680 1310 2735 1354 ut
2759 1317 2877 1371 qua:
2905 1317 2997 1356 sua
3018 1313 3170 1356 erant
3198 1301 3471 1369 impleret;
3497 1311 3606 1356 tum
3628 1317 3696 1357 ne
3721 1301 3971 1371 majorem

2408 1391 2536 1461 ipsis
2584 1390 2976 1447 damnationem
3019 1393 3329 1448 attraheret.
3373 1394 3641 1449 Dictorum
3687 1409 3844 1464 porro
3875 1394 3975 1448 vim

2415 1483 2608 1554 cogita.
2645 1483 2815 1539 Etiam
2857 1485 3048 1539 invidia
3088 1487 3351 1556 correpti.
3393 1486 3719 1542 mirabantur
3761 1496 3974 1541 tamen:

2412 1589 2592 1629 verum
2629 1578 2763 1631 sicut
2792 1576 2842 1631 in
2871 1577 3120 1646 operibus
3147 1593 3250 1632 non
3283 1593 3368 1632 res
3398 1579 3538 1650 ipsas
3569 1578 3974 1646 reprehendunt,

2411 1665 2505 1721 sed
2550 1682 2740 1722 causas
2778 1668 3252 1724 comminiscuntur
3293 1669 3564 1734 dicentes,
3610 1668 3678 1723 In
3706 1667 3976 1724 Beelzebub

2411 1761 2546 1832 ejicit
2591 1761 2841 1816 demonia
2889 1761 3035 1835 (Luc.
3082 1763 3169 1818 ll.
3197 1763 3312 1833 -l4)
3342 1781 3354 1816 :
3387 1765 3464 1818 sic
3505 1772 3559 1819 et
3588 1763 3688 1820 hoc
3726 1764 3843 1819 loco
3873 1779 3974 1818 non

2411 1850 2702 1906 doctrinam
2724 1853 2956 1923 culpant,
2987 1852 3080 1909 sed
3109 1852 3172 1908 ad
3208 1855 3421 1925 generis
3449 1855 3826 1925 ignobilitatem
3847 1870 3973 1910 cou-

2412 1941 2638 2012 fugiunt.
2674 1943 2752 2000 Tu
2783 1959 2909 1999 vero
2939 1944 3063 2000 mihi
3096 1948 3360 2015 perpende
3392 1947 3630 2003 Doctoris
3657 1949 3969 2005 moderatio-

2410 2049 2553 2098 nem,
2583 2036 2850 2105 quomodo
2878 2051 2981 2091 non
3013 2036 3134 2091 illos
3158 2038 3438 2105 vituperet,
3465 2037 3558 2092 sed
3587 2053 3706 2092 cum
3733 2055 3975 2094 mansne-

2409 2126 2591 2181 tudine
2617 2126 2776 2181 multa
2799 2127 2938 2182 dicat
2964 2145 2977 2181 :
3007 2127 3127 2181 Non
3152 2139 3223 2182 est
3253 2131 3495 2199 propheta
3519 2131 3628 2183 sine
3648 2131 3852 2195 honore,
3881 2132 3975 2185 nisi

2408 2217 2459 2271 in
2500 2218 2663 2286 patria
2700 2235 2811 2273 sua.
2858 2218 3038 2288 Neque
3078 2218 3163 2274 hic
3201 2223 3366 2285 stetit,
3401 2221 3491 2275 sed
3540 2222 3767 2293 adjecit,
3818 2223 3883 2276 Et
3924 2225 3974 2277 in

2409 2308 2557 2362 domo
2584 2326 2674 2363 sua
2689 2325 2711 2373 ;
2740 2309 2947 2375 fratres,
2975 2320 3030 2365 ut
3051 2312 3176 2365 mihi
3205 2312 3417 2382 quidem
3447 2313 3671 2381 videtur,
3702 2331 3826 2371 suos
3853 2318 3975 2371 sub.

2409 2400 2663 2459 indicans.

2477 2491 2532 2545 9..
2575 2491 2725 2561 Apud
2757 2493 2951 2549 Lucam
2980 2497 3224 2568 exempla
3270 2497 3489 2566 hujusce
3527 2500 3604 2554 rei
3634 2503 3852 2570 apponit
3894 2503 3970 2557 di-

2407 2598 2570 2638 cens:
2601 2583 2784 2655 Neque
2819 2585 2997 2641 Helias
3042 2588 3108 2642 ad
3149 2604 3274 2643 suos
3325 2593 3500 2657 venit,
3532 2592 3626 2646 sed
3671 2594 3735 2647 ad
3768 2595 3972 2648 viduam

2406 2678 2777 2747 alienigenam,
2811 2695 2980 2749 neque
3005 2681 3071 2736 ah
3111 2681 3304 2736 Eliszeo
3333 2685 3465 2738 alius
3487 2696 3702 2739 curatus
3734 2686 3969 2755 leprosos

2405 2777 2505 2835 est,
2539 2769 2639 2823 nisi
2672 2769 2901 2824 Necman
2926 2771 3218 2842 alienigena
3252 2772 3397 2844 (Luc.
3430 2776 3483 2829 4.
3509 2776 3599 2831 26.
3642 2777 3733 2848 27)
3760 2795 3772 2830 :
3809 2777 3974 2833 lsrae-

2407 2861 2508 2914 lita:
2531 2876 2656 2915 vero
2684 2877 2781 2916 nec
2802 2863 2928 2931 quid
2958 2863 3080 2917 boui
3107 2873 3444 2934 acceperunt,
3479 2882 3577 2921 nec
3598 2869 3721 2937 quid
3751 2870 3873 2924 boni
3897 2871 3972 2924 fe-

2403 2961 2610 3015 cerunt,
2652 2951 2744 3006 sed
2781 2955 3019 3009 extranei
3070 2964 3293 3010 tantum.
3339 2956 3463 3012 Haec
3507 2974 3667 3029 porro
3692 2959 3841 3027 dicit,
3874 2962 3966 3016 im-

2404 3043 2620 3113 probam
2671 3043 2879 3098 illorum
2909 3047 3348 3102 consuetudinem
3379 3049 3536 3119 plane
3561 3051 3848 3108 ostendens
3873 3096 3887 3120 ,
3919 3064 3974 3108 et

2403 3132 2536 3188 nihil
2580 3148 2640 3188 se
2679 3133 2804 3189 novi
2848 3136 3076 3205 experiri
3103 3136 3400 3192 declarans.
3448 3138 3600 3211 (Cap.
3655 3141 3777 3212 l4.)
3818 3145 3869 3198 l.
3904 3143 3968 3199 In

2402 3222 2493 3277 illo
2533 3232 2752 3293 tempore
2785 3226 2970 3279 audivit
3018 3225 3242 3282 Herodes
3285 3231 3543 3300 tetrarcha,
3575 3234 3766 3304 [uittam
3819 3233 3969 3290 Iesu.

2402 3313 2638 3369 Mortuus
2677 3315 2816 3369 enim
2846 3327 2960 3370 erat
2999 3317 3154 3386 hujus
3183 3329 3331 3387 pater
3355 3312 3590 3378 llerodes
3613 3365 3629 3388 ,
3659 3324 3746 3393 qni
3780 3341 3973 3394 pueros

2402 3404 2687 3460 occiderat.
2716 3406 2822 3462 Nec
2865 3409 2980 3462 sine
3019 3423 3176 3464 causa
3222 3420 3428 3482 tempus
3474 3423 3693 3469 annotat
3739 3430 3970 3486 evange-

2402 3499 2521 3554 lista
2543 3539 2560 3567 ,
2589 3500 2682 3555 sed
2713 3513 2769 3554 ut
2795 3502 3002 3572 tyranni
3033 3501 3228 3558 fastum
3258 3513 3313 3559 et
3341 3506 3711 3578 negligentiam
3741 3510 3967 3564 ediscas.

2399 3591 2581 3663 Neque
2605 3600 2744 3648 enim
2774 3595 2922 3649 ittitio
2962 3595 3045 3649 illa
3075 3595 3253 3651 didicit
3280 3639 3295 3664 ,
3324 3599 3417 3652 sed
3445 3608 3564 3668 post
3587 3601 3807 3656 multum
3839 3611 3975 3657 tent-

2400 3684 2564 3754 poris.
2607 3683 2694 3740 Sic
2718 3686 2857 3739 enim
2890 3687 3152 3757 principes
3192 3687 3385 3744 fastum
3413 3690 3632 3745 multum
3669 3708 3778 3762 pne
3804 3710 3863 3748 se
3889 3693 3970 3749 fe-

2399 3785 2611 3842 rentes,
2661 3791 2747 3831 res
2796 3776 3100 3846 huiusmodi
3148 3780 3347 3836 tardius
3386 3781 3656 3847 ediscunt,
3707 3786 3826 3854 quia
3859 3785 3973 3841 haec

2397 3869 2545 3937 parvi
2573 3867 2790 3924 faciunt.
2832 3869 2913 3923 Tu
2942 3885 3066 3924 vero
3093 3871 3219 3925 mihi
3252 3872 3520 3942 perpende
3559 3885 3753 3944 quanta
3793 3891 3877 3931 res
3903 3878 3972 3932 sit

2399 3960 2595 4020 virtus;
2625 3977 2746 4015 nam
2789 3961 2877 4016 ille
2907 3971 3174 4016 mortuum
3233 3964 3486 4030 timebat,
3517 3965 3740 4037 hincque
3767 3966 3832 4022 de
3857 3970 3974 4037 ejus

2401 4054 2787 4108 resurrectione
2815 4041 3308 4124 philosophabatur.
3333 4056 3387 4110 2.
3418 4054 3561 4111 Dixit
3586 4058 3750 4126 enim,
3782 4061 3970 4130 inquit,

2401 4144 2567 4211 pueris
2593 4143 2697 4196 suis
2724 4158 2743 4196 :
2773 4142 2871 4196 Hic
2896 4154 2966 4196 est
3008 4142 3267 4210 Joannes,
3301 4162 3445 4214 quem
3477 4163 3562 4216 ego
3604 4149 3863 4217 interfeci;
3891 4153 3973 4204 hic

2400 4235 2670 4285 resurrexit
2694 4249 2725 4286 a
2763 4235 3012 4297 mortuis;
3059 4244 3106 4288 et
3134 4236 3245 4289 ideo
3273 4237 3474 4292 uirtutes
3499 4250 3772 4307 operantur
3806 4242 3858 4295 in
3890 4259 3968 4296 eo.

2405 4321 2586 4376 Videu'
2608 4322 2860 4392 grandem
2905 4324 3188 4379 timorem?
3215 4325 3396 4395 Neque
3424 4328 3564 4382 enim
3599 4330 3649 4383 id
3679 4331 3731 4384 in
3760 4333 3972 4400 publico
4069 4371 4071 4374 ι

2397 4412 2574 4466 dicere
2602 4427 2760 4467 ausus
2798 4422 2916 4481 est,
2954 4414 3048 4469 sed
3074 4414 3380 4472 domesticis
3410 4428 3613 4473 tantum
3641 4422 3752 4478 suis
3789 4423 3867 4477 sic
3895 4425 3970 4476 lo-

2397 4507 2676 4574 qnebatur.
2709 4509 2954 4561 Attamen
3002 4508 3114 4562 haec
3138 4509 3365 4564 absurda
3399 4512 3580 4581 opinio
3623 4514 3843 4569 militem
3880 4532 3971 4570 sa-

2399 4598 2592 4667 piebat.
2625 4598 2772 4652 Multi
2812 4599 2952 4653 enim
2983 4611 3328 4656 surrexerunt
3355 4617 3382 4654 a
3412 4605 3635 4659 mortuis
3659 4645 3674 4669 ,
3716 4616 3770 4661 et
3812 4621 3973 4663 nemo

2399 4703 2468 4743 ex
2510 4689 2588 4743 eis
2631 4689 2916 4758 quidquam
2963 4690 3262 4760 hujusmodi
3305 4690 3448 4747 fecit.
3511 4694 3767 4750 Videntur
3812 4712 3973 4766 porro

2401 4780 2524 4833 mihi
2551 4779 2664 4834 ha-c
2685 4783 2840 4835 verba
2864 4783 3202 4837 ambitionem
3225 4783 3382 4838 simul
3410 4794 3463 4839 et
3487 4787 3728 4842 timorem
3757 4803 3967 4857 sapere.

2400 4870 2487 4926 Sic
2512 4872 2703 4942 quippe
2727 4873 2897 4928 minus
2922 4875 3031 4927 sani
3060 4874 3244 4940 animi,
3272 4877 3660 4932 contrariorum
3687 4878 3972 4935 alfectuutn

2401 4980 2542 5034 szepe
2571 4965 2876 5020 mixtionem
2904 4966 3206 5023 admittunt.
3233 4969 3405 5025 Lucas
3426 4987 3549 5026 vero
3576 4985 3753 5028 narrat
3773 4974 3972 5030 dixisse

2403 5059 2650 5129 populum
2677 5076 2690 5111 :
2723 5058 2820 5113 Hic
2843 5067 2922 5114 est
2951 5059 3091 5114 Elias
3115 5103 3129 5127 ,
3171 5071 3264 5115 aut
3288 5061 3544 5117 Jcremias
3563 5106 3578 5130 ,
3609 5075 3701 5118 aut
3726 5080 3862 5120 unus
3904 5081 3972 5120 ex

2403 5149 2668 5205 veteribus
2695 5151 2965 5220 prophetis
2995 5150 3157 5220 (Luc.
3184 5150 3236 5206 9.
3270 5152 3374 5223 8);
3416 5152 3503 5207 hic
3527 5169 3656 5210 vero
3681 5156 3974 5226 sapientius

2405 5252 2566 5307 quam
2619 5238 2710 5292 alii
2741 5253 2798 5292 se
2831 5243 3049 5309 putabat
3082 5244 3156 5298 ita
3186 5245 3385 5301 dicere.
3447 5245 3751 5305 Verisimile
3779 5263 3962 5307 autem

2410 5337 2490 5383 est
2547 5330 2698 5384 illum
2751 5330 2904 5385 initio
2944 5333 3182 5401 quidem,
3216 5350 3340 5389 cum
3371 5336 3613 5392 dicerent
3643 5356 3772 5395 esse
3798 5339 3968 5395 Joan-

2406 5436 2526 5476 nem
2547 5423 2690 5492 (nam
2748 5424 2895 5478 multi
2931 5425 3010 5479 sic
3051 5425 3341 5498 dicebant),
3384 5429 3433 5481 id
3465 5445 3710 5499 negasse,
3749 5442 3820 5498 et,
3854 5432 3970 5504 Ego

2405 5512 2556 5565 illum
2623 5515 2829 5580 occidi,
2896 5517 3139 5580 dixisse,
3209 5517 3274 5573 de
3320 5519 3462 5574 caede
3515 5522 3605 5576 illa
3669 5524 3969 5580 insolenter

2403 5604 2740 5674 gloriantem.
2780 5604 2893 5662 Hoc
2946 5601 3090 5663 enim
3120 5607 3334 5666 Marcus
3355 5621 3411 5665 et
3465 5610 3641 5670 Lucas
3674 5615 3966 5672 dixisseil-

2403 5696 2509 5749 lum
2562 5707 2818 5763 narrant,
2853 5698 2964 5769 Ego
3011 5699 3270 5756 Joannem
3301 5704 3572 5759 decollari.
3617 5709 3749 5762 Cum
3782 5719 3965 5764 autem

2404 5788 2545 5840 fatim
2594 5788 2923 5856 praevaleret,
2968 5791 3184 5847 demum
3250 5795 3364 5864 ipse
3423 5797 3562 5852 idem
3607 5800 3778 5868 ipsum
3815 5803 3961 5870 quod

4077 5687 4082 5694 1

2594 5847 2606 5856 .
2911 5847 2921 5854 .
3269 5847 3358 5864 ,--
3424 5847 3562 5852 ην--
3607 5847 3778 5868 τη.--
3817 5847 3961 5870 Ἰ---
4084 5847 4087 5848 ν

2403 5879 2493 5932 alii
2518 5877 2676 5932 dixit.
2697 5879 2894 5936 Deinde
2927 5897 3054 5938 vero
3078 5884 3358 5941 historiam
3389 5887 3532 5942 illam
3560 5890 3714 5945 nobis
3732 5905 3964 5960 cvange-
4053 5847 4094 5986 si
