4170 6488
10 16 45 21 ιι
66 2 137 23 ﬁ":
158 5 214 29 ³

286 21 750 36 v“——.————__,_

312 441 416 495 μῦ

318 563 438 617 IiSIa
470 572 686 618 narrat.
722 563 788 618 Et
816 577 909 617 cur
931 576 1033 616 non
1061 559 1199 613 illaut
1226 559 1592 628 praemiserat?
1622 557 1753 621 Quia
1787 555 1839 609 in
1864 571 1928 609 eo

322 662 467 708 totus
494 666 642 721 erat,
670 664 727 708 ut
758 653 950 709 Christi
981 664 1127 722 geSIa
1156 650 1485 705 describeret
1511 691 1526 713 ,
1572 648 1811 716 nihilque
1837 663 1919 700 ex.

324 754 403 799 tra
437 761 552 801 rem
582 746 931 814 evangelista:
960 743 1253 807 dicebant,
1294 742 1395 796 nisi
1449 740 1499 795 id
1531 742 1596 795 ad
1627 740 1926 793 institutum

322 851 480 891 suum
510 837 830 893 referretur.
858 835 968 891 Non
992 851 1120 905 ergo
1142 833 1278 888 hanc
1300 833 1575 887 historiam
1602 847 1930 888 commemo-

324 941 579 995 rassent,
615 932 717 986 nisi
750 941 968 1000 propter
994 928 1262 984 CIII'ialUIII
1288 969 1303 993 ,
1349 936 1404 981 et
1430 926 1527 980 nisi
1570 924 1809 980 llerodcs
1847 924 1928 978 di-

325 1027 499 1080 sisset
540 1024 801 1079 Joannem
854 1022 1230 1078 resnrrexisse.
1273 1018 1481 1074 Marcus
1528 1017 1679 1089 (Cap.
1725 1019 1776 1071 6.
1830 1016 1925 1087 20)

325 1133 459 1172 vero
497 1118 574 1173 ait
610 1116 869 1173 Joannem
901 1129 1092 1185 magno
1135 1114 1185 1167 in
1220 1113 1420 1167 honore
1459 1110 1623 1165 fuisse
1650 1109 1787 1180 apud
1821 1109 1925 1165 lle-

324 1188 563 1277 rodemg
586 1210 792 1267 etiamsi
838 1209 925 1265 hic
967 1207 1036 1279 ab
1067 1208 1156 1261 illo
1185 1206 1609 1275 redarguerctur.
1643 1204 1809 1257 Tanta
1839 1217 1924 1258 res

323 1311 411 1357 est
434 1302 622 1355 virtus.
650 1299 849 1355 Deinde
875 1314 1094 1355 narrare
1120 1297 1198 1351 sic.
1227 1297 1398 1367 pergit
1424 1314 1435 1349 :
1465 1296 1520 1351 5.
1551 1292 1773 1348 Herodes
1792 1294 1925 1348 enim

322 1409 449 1447 cum
476 1392 714 1449 tenuisset
744 1390 997 1444 Joannem
1021 1430 1034 1453 ,
1065 1390 1239 1459 ligavit
1266 1404 1378 1440 eum
1399 1429 1413 1451 ,
1444 1396 1492 1440 et
1533 1386 1701 1455 posuit
1728 1387 1778 1438 in
1806 1400 1923 1438 car-

323 1501 495 1537 cerem
528 1492 734 1553 propter
757 1481 1101 1537 Herodiadem
1129 1495 1339 1533 uxorem
1367 1477 1599 1548 Philippi
1626 1476 1801 1548 fratris
1820 1476 1920 1530 sui.

323 1576 388 1630 ι.
420 1575 626 1628 Dicebat
651 1573 783 1626 enim
829 1574 906 1626 illi
932 1571 1159 1625 Joannes
1183 1586 1203 1624 :
1229 1567 1283 1623 Ν
1287 1585 1350 1622 on
1379 1568 1493 1623 licet
1520 1568 1610 1622 tibi
1639 1567 1822 1621 habere
1859 1567 1923 1620 il-

323 1668 455 1725 lum.
492 1667 542 1720 5.
578 1662 640 1718 Et
661 1665 828 1723 volens
854 1680 967 1717 eum
997 1662 1300 1729 interﬁcere,
1330 1660 1497 1713 timuit
1528 1658 1780 1722 turbam‘,
1804 1658 1923 1729 quia

322 1758 459 1811 sicut
491 1756 785 1826 prophetam
815 1771 928 1809 eum
956 1753 1224 1807 habebant.
1257 1751 1368 1806 Cur
1396 1768 1502 1807 non
1535 1750 1917 1816 llcrodiadcin,

320 1848 427 1906 scd
456 1848 599 1903 illum
626 1846 948 1919 alloquitur?
970 1832 1128 1915 'Quia
1170 1846 1472 1916 praecipuus
1500 1844 1590 1899 ille
1618 1852 1754 1899 erat.
1791 1843 1922 1900 Vide

320 1941 598 2011 quomodo
620 1939 1017 1995 accusationem
1051 1938 1225 1991 minus
1252 1951 1534 1991 onerosam
1563 1936 1740 2002 faciat,
1775 1936 1844 1990 ita
1864 1946 1922 1991 ut

321 2034 549 2089 historia
574 2034 747 2102 potius
772 2047 930 2102 quam
961 2030 1232 2086 accusatio
1266 2028 1511 2083 videatur
1542 2043 1684 2083 esse.
1714 2028 1767 2083 6.
1792 2028 1920 2083 Cum

318 2136 494 2179 autem
522 2124 754 2177 natalitia
787 2120 1009 2176 Herodis
1038 2130 1310 2191 agerentur
1329 2162 1343 2187 ,
1372 2118 1576 2175 saltavit
1604 2120 1715 2189 ﬁlia
1747 2118 1916 2173 Hero-

232 2216 239 2219 ’
314 2216 495 2277 diariis
522 2216 574 2269 in
602 2215 767 2269 medio
790 2256 805 2281 ,
850 2224 899 2268 et
927 2214 1121 2284 placuit
1159 2211 1371 2267 Herodi.
1397 2212 1442 2268 Ο
1468 2212 1769 2267 convivium
1799 2212 1916 2267 dia-

316 2308 589 2363 bolicum!
621 2322 655 2362 ο
684 2306 949 2362 theatrum
981 2305 1312 2361 satanieum!
1346 2322 1379 2359 ο
1410 2305 1645 2376 iniquam
1676 2306 1916 2360 saltatio.

316 2416 481 2464 nem,
530 2415 594 2457 ac
637 2398 940 2456 mercedem
983 2399 1284 2455 saltationis
1336 2397 1673 2468 iniquiorem.
1726 2396 1915 2453 Cautes

313 2494 468 2548 enim
494 2492 731 2548 omnium
775 2491 1153 2547 scelestissima
1185 2490 1537 2560 peragebatur
1558 2530 1573 2556 ,
1604 2497 1661 2544 ct
1698 2490 1784 2559 qui
1825 2505 1917 2544 co-

314 2586 500 2641 ronari
546 2594 602 2640 et
644 2585 905 2640 celebrari
943 2583 1281 2648 merebatur,
1330 2584 1380 2637 in
1430 2583 1604 2636 medio
1642 2583 1915 2651 jugu'atus

310 2686 405 2732 cst
451 2695 464 2730 :
512 2676 811 2731 daemonum
865 2684 1122 2744 tropmutn
1170 2675 1222 2729 iu
1269 2687 1451 2729 mensa
1501 2683 1736 2731 ercetmn
1794 2675 1910 2728 fuit.

313 2767 569 2824 Victoria:
597 2768 785 2824 modus
808 2768 1021 2822 caneris
1050 2767 1215 2837 gestis
1242 2766 1434 2837 dignus
1465 2765 1581 2819 fuit.
1610 2764 1741 2820 Nam
1779 2764 1905 2820 Sal—

310 2863 463 2928 lavit,
497 2860 684 2931 inquit,
715 2858 825 2925 lilia
848 2857 1160 2913 Herodiadis
1188 2857 1239 2911 in
1271 2858 1457 2920 medio,
1487 2867 1533 2910 et
1565 2856 1758 2925 placuit
1804 2854 1910 2909 He-

309 2953 450 3007 rodi.
501 2954 553 3007 7.
590 2950 737 3007 Unde
770 2951 1114 3022 jurejurando
1154 2949 1418 3021 aﬂirinuvit
1456 2966 1510 3003 se
1552 2948 1631 3002 illi
1671 2948 1911 3001 daturum

308 3046 663 3115 quodcumque
691 3045 907 3114 petierit.
938 3043 992 3097 8.
1024 3041 1128 3097 Illa
1172 3059 1286 3096 vero
1315 3059 1346 3094 a
1380 3051 1540 3094 matre
1571 3040 1867 3109 prtumonita
1893 3083 1906 3103 ,

310 3137 403 3193 De
423 3138 562 3201 milii,
596 3138 688 3201 ait,
719 3138 801 3191 hic
829 3138 881 3190 iu
909 3137 1050 3191 disco
1076 3148 1228 3207 caput
1248 3134 1469 3189 Joannis
1507 3133 1774 3202 Baptistae.
1803 3133 1908 3187 Dn-

307 3230 435 3300 plex
460 3232 679 3295 crimen,
702 3241 757 3285 et
781 3229 921 3299 quod
951 3224 1175 3291 saltat-it,
1200 3237 1247 3283 et
1276 3228 1415 3298 qtmtl
1446 3227 1723 3297 placuerit,
1751 3236 1907 3295 atque

307 3323 388 3377 ita
419 3321 691 3389 placuerit,
726 3332 780 3374 ut
810 3322 984 3375 ca-des
1014 3321 1087 3373 illi
1118 3334 1215 3390 pro
1244 3322 1494 3374 mercede
1519 3310 1681 3373 esset.
1723 3319 1905 3372 Vidi-n‘

303 3430 473 3483 quam
502 3413 757 3484 crudelis,
791 3428 956 3482 quam
984 3413 1316 3470 insensatus,
1342 3425 1505 3487 quam
1538 3426 1768 3467 vesanus
1792 3411 1904 3465 sit?

297 3504 624 3562 Juramento
648 3525 707 3563 se
730 3507 1022 3563 obnoxium
1051 3506 1261 3571 reddit;
1294 3505 1371 3559 illi
1404 3518 1532 3559 vero
1550 3505 1642 3561 dat
1661 3512 1901 3574 potesta-

307 3606 422 3651 tem
452 3596 661 3666 petendi
704 3612 824 3667 quae
863 3597 1013 3650 velit.
1044 3594 1177 3650 Cum
1215 3605 1395 3650 autem
1434 3595 1563 3648 vidit
1606 3595 1734 3663 quid
1776 3595 1902 3650 mali

308 3687 441 3743 hinc
468 3690 723 3751 evenerit,
754 3685 1093 3743 Contr-istam:
1130 3695 1223 3752 est,
1255 3685 1461 3755 inquit;
1492 3700 1813 3755 quamquam
1836 3688 1904 3741 ab

302 3779 466 3835 initio
491 3780 744 3849 Iigavcrat
770 3783 962 3849 ipsum.
994 3778 1103 3832 Cur
1124 3792 1253 3848 ergo
1279 3776 1669 3832 contristatur?
1709 3777 1904 3849 Hujus-

302 3872 455 3927 tnodi
478 3880 561 3929 est
588 3871 790 3925 virtus:
820 3871 981 3925 etiam
1010 3868 1150 3940 apud
1182 3868 1457 3940 improbos
1485 3867 1824 3926 admirationi
1851 3881 1905 3926 ct

302 3964 455 4020 laudi
484 3973 583 4019 cst.
616 3962 745 4026 Sed,
772 3981 805 4017 υ
832 3962 1086 4016 furiosam
1114 3961 1415 4026 mulierem,
1449 3978 1568 4030 qua:
1595 3976 1716 4016 cum
1744 3977 1905 4032 opor-

306 4062 452 4112 teret
472 4053 624 4111 illum
660 4052 913 4107 admirari
943 4066 1007 4106 ac
1036 4050 1282 4106 venerari
1309 4092 1323 4117 ,
1355 4050 1496 4121 quod
1528 4051 1696 4121 ipsam
1724 4052 1792 4107 ab
1822 4053 1904 4107 in-

302 4145 447 4219 juria
478 4144 792 4210 vindicaret,
820 4144 1005 4199 drama
1034 4151 1203 4198 totum
1235 4142 1471 4208 ordinat,
1501 4144 1751 4213 laquequ
1786 4153 1903 4199 ten-

298 4240 408 4302 dit,
439 4239 767 4310 gratiamque
796 4239 929 4307 petit
955 4235 1273 4291 satanicam.
1301 4234 1358 4291 9.
1391 4233 1419 4288 l
1425 4252 1515 4306 pse
1537 4245 1704 4289 autem
1732 4236 1898 4290 timuit

301 4340 515 4399 prapter
529 4328 919 4399 jusjurandum,
951 4328 1143 4399 inquit,
1170 4336 1218 4383 et
1246 4327 1401 4383 simul
1427 4326 1785 4383 recumbentes.
1832 4327 1901 4382 Et

301 4435 408 4475 cur
432 4422 570 4490 quod
595 4421 807 4491 gravius
841 4428 960 4475 erat
982 4436 1088 4475 non
1117 4419 1386 4475 timuisti?
1414 4419 1547 4474 Nam
1576 4421 1621 4474 si
1646 4420 1788 4490 quod
1818 4430 1901 4477 te-

301 4523 422 4565 stes
453 4511 667 4581 periurii
697 4511 893 4568 habere
925 4510 1279 4577 formidabas,
1312 4511 1479 4566 multo
1505 4512 1673 4583 magis
1695 4512 1898 4569 caedem

304 4601 598 4658 formidare
640 4604 923 4673 oportebat
951 4602 1022 4659 ita
1048 4603 1306 4673 iniquam,
1336 4616 1457 4658 cum
1491 4612 1568 4658 tot
1594 4612 1757 4659 testes
1785 4605 1900 4675 ejus

304 4693 556 4747 haberes.

383 4784 435 4838 5.
478 4784 609 4851 Quia
646 4800 773 4839 vero
793 4792 920 4854 puto
959 4786 1154 4841 multos
1187 4786 1543 4841 accusationis
1569 4802 1634 4842 ex
1664 4802 1768 4858 qua
1795 4802 1900 4843 cae-

304 4878 410 4932 des
434 4886 550 4933 orta
577 4886 661 4932 est
691 4886 1063 4948 argumentum
1095 4878 1343 4949 ignorare
1362 4921 1377 4944 ,
1413 4881 1777 4935 necessarium
1815 4891 1900 4936 est

304 4971 416 5023 hoc
436 4969 595 5024 etiam
624 4969 826 5036 dicere,
860 4979 917 5024 ut
947 4970 1267 5041 legislatoris
1298 4971 1631 5042 prudentiam
1655 4974 1895 5030 discatis.

300 5058 565 5127 Quaenam
593 5072 724 5130 ergo
752 5070 903 5114 vetus
935 5060 1016 5115 lex
1057 5060 1144 5115 illa
1170 5071 1323 5127 erat,
1365 5079 1525 5132 quam
1562 5066 1897 5120 conculcavit

304 5151 580 5219 Herodes,
605 5161 661 5208 et
687 5152 976 5208 vindicavit
994 5152 1272 5209 Joannes?
1300 5155 1428 5225 Ejus
1449 5156 1536 5226 qui
1572 5156 1686 5212 sine
1714 5158 1897 5215 liberis

301 5252 607 5298 moreretur
626 5258 846 5298 uxorem
871 5244 1016 5298 fratri
1044 5244 1160 5298 dari
1186 5245 1467 5314 oportebat
1494 5246 1671 5316 (Deut.
1699 5248 1790 5305 25.
1815 5251 1895 5319 5).

300 5333 441 5401 Quia
460 5334 722 5390 enimnon
741 5334 1070 5389 consolabile
1082 5335 1277 5389 malum
1297 5352 1442 5391 mors
1457 5346 1573 5392 erat
1586 5381 1601 5404 ,
1620 5348 1673 5393 et
1685 5354 1781 5409 pro
1795 5340 1897 5395 vita

297 5427 569 5482 servanda
598 5428 730 5483 nihil
759 5445 864 5483 non
890 5430 1081 5498 agitur,
1112 5430 1283 5498 legem
1314 5431 1529 5494 statuit,
1566 5441 1623 5485 ut
1650 5436 1738 5501 qui
1773 5433 1901 5488 vivit

299 5534 528 5577 uxorem
562 5519 743 5577 fratris
774 5521 1011 5577 defuncti
1058 5522 1260 5589 ducat,
1304 5536 1357 5579 et
1401 5524 1571 5579 filium
1616 5527 1741 5582 hinc
1771 5544 1897 5597 pro-

296 5623 541 5667 creatum
574 5614 769 5667 mortui
794 5615 1011 5669 nomine
1038 5625 1211 5681 vocet,
1243 5617 1314 5671 ita
1344 5628 1399 5671 ut
1425 5617 1618 5673 domus
1645 5618 1761 5688 ejus
1791 5636 1895 5674 non

296 5704 531 5760 excidat.
559 5706 615 5763 Si
639 5706 785 5762 enim
812 5716 1057 5764 mortuus
1085 5709 1222 5765 lilios
1249 5727 1359 5766 non
1388 5711 1755 5782 relinquebat,
1778 5728 1898 5782 qua:

302 5905 313 5912 ο
365 5844 381 5877 ί
415 5845 611 5905 (initam
638 5844 827 5914 habent
854 5857 867 5913 :_
898 5848 949 5892 Et
970 5843 1126 5914 volens
1148 5860 1257 5897 cum
1292 5846 1583 5913 interﬁcere,
1611 5848 1764 5912 posuit
1787 5863 1897 5901 cunt

294 5906 348 5958 in
368 5921 583 5970 currere,
610 5906 918 5959 tinnitcnim
944 5906 1148 5957 turbam.

94 6478 409 6488 .-r|-fI--’--'

1262 436 1325 492 IN
1368 434 1775 492 MATTIIIEUM
1815 428 2046 488 IIOMIL.
2090 429 2316 485 XLVIII.
2357 433 2427 489 al.
2471 432 2657 488 XLIX.

3529 430 3631 486 ire

2049 558 2223 605 tamen
2263 551 2488 607 maxima
2538 560 2622 609 est
2663 551 2854 606 mortis
2892 550 3192 613 consolatio
3216 589 3231 615 ,
3279 548 3634 605 intolerabilis

2037 642 2212 697 luctus
2252 643 2458 697 futurus
2482 651 2621 699 erat.
2662 641 2788 699 Ideo
2817 641 3091 714 legislator
3126 644 3265 697 hanc
3301 639 3633 697 consolatio-

2036 749 2161 789 nem
2199 733 2522 803 excogitavit
2568 725 2667 800 iis,
2692 734 2886 805 quibus
2918 742 3107 789 natura
3142 733 3280 789 filios
3308 742 3628 803 negaverat,

2033 837 2087 881 et
2118 827 2443 881 nasciturum
2475 827 2616 882 illius
2647 827 2864 882 nomine
2892 826 3071 881 vocari
3104 826 3381 897 pramepit.
3409 825 3463 882 Si
3501 842 3631 881 vero

2035 929 2277 974 mortuus
2299 917 2463 973 filium
2490 920 2837 989 relinqueret,
2858 926 2984 976 tunc
3011 932 3117 972 non
3144 917 3343 972 licitum
3363 925 3479 972 erat
3499 933 3630 972 con-

2034 1011 2279 1068 nubium.
2310 1012 2378 1066 Et
2415 1026 2512 1068 cur
2541 1011 2565 1066 τ
2596 1012 2807 1082 inquies
2837 1028 2851 1066 :
2894 1026 3015 1066 nam
3055 1012 3099 1066 si
3127 1009 3283 1074 alteri
3312 1011 3505 1068 licebat
3530 1013 3631 1066 du-

2029 1116 2184 1165 eere,
2219 1102 2391 1159 multo
2432 1104 2604 1174 magis
2652 1103 2826 1158 fratri.
2874 1102 3223 1173 Nequaquam
3265 1117 3279 1157 :
3317 1102 3431 1159 vult
3483 1104 3627 1160 enim

2028 1194 2343 1250 affinitatem
2371 1195 2621 1263 extendi,
2657 1205 2713 1250 et
2743 1195 2940 1250 multas
2972 1195 3154 1251 haberi
3181 1196 3493 1252 occasiones
3530 1213 3627 1251 co-

2028 1288 2293 1356 gnationis
2323 1288 2587 1343 incundze.
2637 1288 2702 1343 Et
2743 1304 2840 1343 cur
2866 1288 2956 1344 illo
2981 1287 3097 1344 sine
3124 1281 3310 1347 liberis
3344 1288 3618 1356 defuncto,

2028 1394 2132 1433 non
2160 1380 2295 1436 alius
2318 1379 2516 1437 ducere
2544 1383 2799 1451 poterat?
2826 1381 2960 1450 Quia
2989 1381 3067 1437 sic
3097 1398 3203 1438 non
3236 1391 3451 1453 putatus
3487 1383 3623 1438 fuis-

2028 1479 2108 1526 set
2145 1485 2266 1527 esse
2308 1472 2503 1528 mortui
2530 1473 2669 1529 filius
2709 1490 2724 1527 :
2771 1488 2913 1528 nunc
2938 1489 3067 1529 vero
3106 1474 3407 1529 scminante
3435 1474 3621 1541 fratre,

2029 1564 2316 1634 probabilis
2350 1576 2466 1620 erat
2492 1566 2735 1621 inventio
2764 1566 2876 1620 illa.
2900 1566 3151 1637 Alioquin
3182 1581 3309 1622 vero
3331 1575 3623 1623 extraneus

2028 1670 2131 1710 non
2172 1658 2867 1726 putasset‘constituendam
2910 1673 3033 1714 esse
3077 1658 3313 1715 defuncti
3356 1660 3620 1715 domum:

2029 1746 2114 1801 hie
2138 1757 2315 1802 autem
2348 1750 2679 1818 cognationis
2713 1749 2802 1820 jus
2838 1750 3089 1806 habebat.
3131 1751 3264 1818 Quia
3294 1767 3423 1822 ergo
3450 1752 3623 1810 Ilero-

2024 1838 2121 1895 des
2150 1855 2369 1895 uxorem
2395 1842 2573 1896 fratris
2588 1842 2692 1908 sui,
2713 1857 2832 1912 qua:
2856 1843 3060 1913 prolem
3088 1842 3337 1908 habebat,
3357 1845 3505 1900 duxit
3521 1843 3620 1919 (a),

2024 1931 2146 1988 ideo
2201 1943 2416 1989 accusat
2480 1934 2628 1988 illum
2692 1934 2957 2005 Joannes,
3018 1943 3074 1991 et
3130 1936 3407 1992 moderate.
3463 1938 3623 1995 simul

2023 2033 2183 2094 atque
2223 2024 2390 2080 libere
2430 2033 2665 2081 accusat.
2698 2025 2780 2081 Tu
2817 2041 2946 2082 vero
2989 2026 3117 2081 mihi
3150 2028 3453 2095 considera,
3484 2045 3621 2099 quo-

2023 2114 2182 2169 modo
2228 2116 2491 2171 theatrum
2540 2125 2708 2171 totum
2754 2117 3049 2172 satauicuin
3081 2126 3136 2174 et
3173 2118 3497 2175 diabolicum
3527 2121 3619 2175 sit.

2025 2206 2203 2262 Primo
2230 2209 2371 2263 enim
2409 2209 2669 2264 ebrietate
2698 2218 2753 2265 et
2780 2208 2990 2265 deliciis
3017 2210 3328 2277 constabat,
3366 2213 3507 2267 unde
3534 2214 3618 2267 ui-

2022 2297 2098 2354 hil
2122 2313 2311 2354 sanum
2341 2300 2468 2355 oriri
2498 2309 2724 2369 poterat.
2768 2299 3038 2369 Secundo,
3059 2312 3393 2372 spectatores
3434 2320 3620 2360 curru.

2022 2397 2140 2458 ptos
2161 2388 2407 2457 habebat,
2434 2400 2489 2445 et
2510 2391 2863 2461 excipientem
2885 2394 3122 2447 omnium
3144 2394 3395 2450 maxime.
3414 2394 3616 2463 Tertio,

2019 2479 2392 2537 delectationis
2433 2496 2603 2554 genus
2633 2483 2841 2541 ratione
2868 2498 3115 2540 vacuum.
3144 2484 3379 2555 Quarto,
3414 2489 3614 2558 puella,

2022 2587 2238 2646 propter
2271 2592 2429 2648 quam
2468 2578 2793 2633 eonnubium
2822 2587 3008 2634 contra
3050 2579 3232 2650 legem
3274 2589 3422 2649 erat,
3458 2599 3616 2652 quam

2018 2672 2274 2727 occultari
2318 2673 2630 2743 oportebat,
2690 2682 2875 2744 utpote
2930 2672 3124 2743 injuria
3164 2672 3357 2730 aﬂ‘ecta
3408 2686 3613 2742 matre,

2019 2763 2313 2834 ingreditur
2353 2778 2474 2819 sese
2509 2774 2826 2832 ostentans,
2869 2764 3017 2835 virgo
3061 2765 3375 2821 meretrices
3417 2781 3608 2820 omnes

2018 2854 2343 2924 impudentia
2391 2870 2673 2926 superans.
2701 2854 2939 2925 Tempus
2985 2858 3148 2912 etiam
3199 2874 3306 2913 non
3350 2858 3613 2914 modicam

2016 2948 2081 3003 ad
2104 2949 2528 3003 criminationem
2561 2950 2754 3019 iniquae
2798 2949 2876 3005 rei
2904 2964 3092 3005 ansam
3136 2951 3357 3021 pmbet.
3391 2951 3615 3020 Quando

2016 3042 2156 3095 enim
2179 3041 2459 3110 oportebat
2484 3055 2605 3096 eum
2631 3041 2830 3111 gratias
2848 3040 3050 3097 referre
3075 3042 3204 3109 Deo,
3231 3042 3372 3112 quod
3404 3043 3494 3097 illo
3525 3043 3614 3098 die

2018 3132 2186 3202 ipsum
2231 3132 2280 3186 in
2305 3133 2476 3187 lucem
2507 3132 2864 3201 produxisset,
2899 3142 3028 3189 tunc
3071 3132 3254 3203 iniqua
3301 3133 3388 3187 illa
3419 3148 3612 3205 aggre-

2013 3225 2156 3279 ditur
2189 3242 2201 3279 :
2249 3224 2461 3296 quando
2491 3224 2724 3277 vinctum
2760 3223 2972 3278 solvere
2998 3225 3301 3294 oportebat,
3333 3233 3457 3279 tunc
3496 3225 3611 3279 \in-

2014 3316 2149 3370 culis
2192 3315 2393 3370 tandem
2435 3313 2638 3384 adjicit.
2672 3313 2870 3369 Audite
2913 3320 3178 3384 quotquot
3226 3313 3308 3369 vel
3357 3314 3612 3385 virgines,

2013 3409 2093 3464 vel
2122 3408 2281 3464 etiam
2314 3405 2548 3462 maxime
2584 3412 2788 3474 nuptm,
2838 3405 3042 3464 alienas
3070 3405 3281 3481 nuptias
3314 3406 3393 3466 sic
3417 3407 3611 3467 detur-

2013 3517 2140 3576 pare
2175 3499 2404 3567 audetis,
2446 3502 2725 3568 saltantes,
2758 3500 3133 3571 tripudiantes,
3177 3510 3233 3558 et
3261 3518 3602 3561 commonent

2011 3609 2253 3653 naturam
2282 3596 2716 3652 dehonestautes.
2745 3594 2940 3649 Audite
2961 3594 3143 3662 etiam,
3165 3595 3286 3663 viri,
3328 3598 3417 3669 qui
3456 3614 3610 3653 sum-

2013 3699 2197 3758 ptuosa
2225 3688 2489 3753 convivia,
2508 3687 2768 3743 ebrietate
2790 3685 2945 3755 plena
2966 3686 3245 3741 sectamini
3271 3704 3285 3741 :
3315 3697 3369 3743 et
3388 3689 3608 3747 metuite

2009 3780 2207 3835 diaboli
2256 3777 2588 3836 barathrum.
2642 3777 2776 3833 Nam
2834 3776 2908 3833 ita
2950 3777 3301 3834 vehementer
3344 3780 3603 3835 miserum

2012 3882 2138 3926 tunc
2180 3871 2329 3925 illum
2375 3870 2587 3936 invasit,
2619 3879 2677 3924 ut
2698 3869 2907 3939 iuraret
2940 3885 3000 3925 se
3040 3869 3325 3927 dimidium
3352 3871 3497 3942 regni
3523 3872 3608 3927 sui

2007 3963 2254 4018 daturum
2284 3978 2425 4019 esse.
2458 3962 2592 4019 Illud
2642 3962 2787 4017 enim
2831 3963 3042 4018 Marcus
3069 3962 3201 4019 dicit
3226 3981 3241 4016 :
3262 3963 3479 4018 Juravit
3504 3964 3604 4031 illi,

2012 4055 2375 4125 Quodcumque
2410 4053 2610 4127 petieris
2637 4070 2671 4107 a
2698 4069 2777 4108 me
2814 4053 2945 4108 dabo
2975 4053 3100 4127 tibi,
3148 4070 3303 4125 usque
3343 4054 3412 4108 ad
3447 4054 3607 4110 dimi-

2008 4146 2149 4200 dium
2187 4147 2333 4218 regni
2366 4146 2463 4200 mei
2493 4147 2512 4216 (
2544 4144 2712 4200 Marc.
2744 4144 2797 4201 6.
2830 4143 2902 4200 23
2923 4144 2964 4216 ).
2999 4143 3156 4201 Tanti
3199 4146 3405 4202 scilicet
3441 4146 3607 4203 ditio-

2008 4256 2131 4295 nem
2175 4256 2327 4294 suam
2359 4238 2629 4307 faciebat;
2660 4238 2731 4297 ita
2771 4238 3059 4309 voluptatis
3097 4239 3341 4309 captivus
3379 4249 3518 4305 erat,
3550 4250 3608 4297 ut

2007 4334 2274 4389 saltationi
2310 4333 2426 4389 lucc
2465 4332 2807 4389 concederet.
2848 4331 3054 4403 Ecquid
3104 4333 3350 4403 miraris,
3387 4334 3433 4390 si
3481 4346 3605 4391 tunc

2008 4426 2123 4481 huic
2148 4425 2286 4480 facta
2308 4434 2450 4490 sunt,
2474 4423 2687 4495 quando
2717 4439 2859 4478 nunc
2888 4424 3051 4479 etiam
3082 4432 3365 4496 postquam
3400 4436 3601 4481 tantam

2007 4518 2257 4574 inivimus
2288 4516 2700 4586 philosophiam,
2746 4516 2816 4571 ob
2858 4515 3101 4570 mollium
3128 4514 3439 4587 bujusmodi
3472 4534 3604 4588 pne-

2006 4625 2187 4664 rorum
2220 4608 2562 4663 saltationem
2607 4607 2759 4661 inulti
2803 4606 3011 4661 animas
3047 4620 3174 4663 suas
3217 4607 3602 4678 prodiderunt,

2007 4702 2133 4756 licet
2154 4701 2441 4772 juramenti
2467 4698 2788 4756 necessitate
2803 4699 3043 4755 adstricti
3075 4715 3195 4754 non.
3209 4713 3392 4756 essent
3410 4701 3444 4757 τ·
3464 4702 3601 4758 Nam

2005 4812 2034 4850 a
2075 4795 2346 4866 voluptate
2395 4793 2590 4864 captivi
2638 4792 2860 4848 abducti.
2884 4792 3039 4863 quasi
3083 4793 3316 4863 pecudes
3350 4805 3602 4867 aguntur.

2005 4903 2112 4958 quo
2156 4887 2312 4957 lupus
2351 4887 2469 4942 illos
2517 4886 2759 4941 traxerit.
2803 4885 3027 4956 quuod
3059 4894 3187 4941 tunc
3231 4887 3321 4941 ille
3362 4887 3602 4946 furimus

2008 4995 2195 5050 passus
2239 4989 2357 5044 est,
2389 4981 2496 5036 duo
2541 4980 2842 5049 turpissima
2886 4966 3225 5050 perpetratis,
3278 4992 3332 5037 et
3359 4982 3502 5053 quod
3537 4983 3604 5035 il-

2007 5074 2112 5127 lam
2153 5072 2424 5128 dominam
2455 5071 2644 5128 fecerit
2688 5072 2766 5126 sic
2795 5070 3050 5126 furiosam
3076 5114 3090 5137 ,
3137 5074 3340 5129 ebriam
3370 5082 3426 5129 et
3467 5074 3608 5131 nihil

2007 5166 2129 5220 mali
2166 5175 2501 5220 recusantem
2533 5180 2548 5228 ;
2578 5172 2632 5219 et
2665 5163 2805 5234 quod
2843 5164 3166 5218 necessitate
3197 5164 3493 5234 juramenti
3531 5167 3602 5222 ita

2004 5271 2064 5312 se
2090 5256 2457 5312 obstrinxerit.
2492 5257 2559 5309 At
2602 5255 2727 5310 licet
2772 5255 2861 5310 ille
2891 5263 2997 5309 tam
3032 5255 3245 5326 iniquus
3284 5268 3461 5325 esset,
3498 5261 3607 5314 ini-

2004 5348 2161 5417 quior
2197 5359 2373 5401 tamen
2416 5357 2469 5400 et
2502 5356 2727 5419 tyranno
2770 5354 2825 5401 et
2864 5346 3042 5416 puella
3070 5357 3185 5402 erat
3229 5348 3444 5407 mulier.
3489 5350 3603 5419 Ipsa

2006 5441 2148 5494 enim
2184 5440 2297 5495 lucc
2322 5439 2461 5497 mala
2484 5439 2661 5495 oninia
2694 5448 2747 5494 et
2767 5448 2935 5494 totum
2959 5438 3145 5493 drama
3179 5437 3435 5497 fabricata
3465 5451 3599 5508 erat,

2005 5551 2125 5604 qua:
2169 5544 2343 5588 tamen
2384 5532 2609 5604 gratiam
2650 5530 2925 5603 propheta:
2955 5531 3155 5589 habere
3191 5532 3282 5588 del
3316 5533 3487 5589 iiSset.
3518 5532 3609 5588 Fi-

2005 5626 2072 5681 lia
2103 5627 2299 5697 quippe
2324 5626 2422 5695 ipsi
2456 5640 2659 5680 morem
2686 5639 2879 5695 gerens
2909 5636 2963 5679 et
2993 5628 3221 5696 turpiter
3248 5626 3378 5696 egit,
3415 5636 3468 5681 ct
3496 5629 3603 5679 sal-

2006 5718 2154 5782 tavit,
2203 5725 2258 5771 et
2293 5716 2498 5772 caedem
2549 5716 2741 5786 petiit,
2786 5715 3135 5786 Herodesque
3172 5716 3242 5772 ab
3293 5718 3407 5788 ipsa
3442 5718 3593 5788 quasi

2072 5849 2145 5917 (ri)
2181 5855 2323 5917 iusta
2346 5846 2491 5917 alios,
2510 5846 2863 5917 ideo_.toannes
2894 5849 3131 5917 accusavit
3169 5847 3596 5917 IICI_'0tIt3IlI.QIIt)II'

2011 5910 2228 5976 Philippo
2247 5912 2395 5961 fratre
2418 5910 2573 5960 adhuc
2597 5911 2813 5971 vivente,
2832 5910 2984 5974 ipsius
3007 5924 3212 5962 uxorem
3233 5912 3474 5960 ιΙυλὶδδει.
