  <div class='ocr_page' id='page_1' title='image "/cluster/home/n/w/nwhite01/storage/ocr_20150623/58/uva.x004914844/035.png"; bbox 0 0 4170 6486; ppageno 0'>
   <div class='ocr_carea' id='block_1_1' title="bbox 682 378 3154 453">
    <p class='ocr_par' dir='ltr' id='par_1_1' title="bbox 682 378 3154 453">
     <span class='ocr_line' id='line_1_1' title="bbox 682 378 3154 453; baseline -0.004 -2"><span class='ocrx_word' id='word_1_1' title='bbox 682 395 776 453; x_wconf 63' lang='grc'><strong>401</strong></span> <span class='ocrx_word' id='word_1_2' title='bbox 1369 390 1422 445; x_wconf 80' lang='lat' dir='ltr'><strong>S.</strong></span> <span class='ocrx_word' id='word_1_3' title='bbox 1461 387 1734 445; x_wconf 71' lang='lat' dir='ltr'><strong>JOANNIS</strong></span> <span class='ocrx_word' id='word_1_4' title='bbox 1769 379 2238 441; x_wconf 71' lang='lat' dir='ltr'><strong>CIIRYSOSTOMI</strong></span> <span class='ocrx_word' id='word_1_5' title='bbox 2279 378 2586 436; x_wconf 77' lang='lat' dir='ltr'><strong>AllClllEP.</strong></span> <span class='ocrx_word' id='word_1_6' title='bbox 2629 382 3154 442; x_wconf 74' lang='lat' dir='ltr'><strong>CONSTANTINUP.</strong></span> 
     </span>
    </p>
   </div>
   <div class='ocr_carea' id='block_1_2' title="bbox 685 497 2247 580">
    <p class='ocr_par' dir='ltr' id='par_1_2' title="bbox 685 497 2247 580">
     <span class='ocr_line' id='line_1_2' title="bbox 685 497 2247 580; baseline -0.008 -17"><span class='ocrx_word' id='word_1_7' title='bbox 685 525 877 580; x_wconf 85' lang='lat' dir='ltr'><strong>sagena</strong></span> <span class='ocrx_word' id='word_1_8' title='bbox 934 513 1120 575; x_wconf 89' lang='lat' dir='ltr'><strong>captus</strong></span> <span class='ocrx_word' id='word_1_9' title='bbox 1170 511 1269 558; x_wconf 89' lang='lat' dir='ltr'><strong>est.</strong></span> <span class='ocrx_word' id='word_1_10' title='bbox 1311 501 1498 556; x_wconf 81' lang='lat' dir='ltr'><strong>Viden’</strong></span> <span class='ocrx_word' id='word_1_11' title='bbox 1524 516 1680 570; x_wconf 87' lang='lat' dir='ltr'><strong>quam</strong></span> <span class='ocrx_word' id='word_1_12' title='bbox 1719 499 1956 569; x_wconf 86' lang='lat' dir='ltr'><strong>apposite</strong></span> <span class='ocrx_word' id='word_1_13' title='bbox 2005 497 2247 553; x_wconf 88' lang='lat' dir='ltr'><strong>Christus</strong></span> 
     </span>
    </p>
   </div>
   <div class='ocr_carea' id='block_1_3' title="bbox 685 592 2247 664">
    <p class='ocr_par' dir='ltr' id='par_1_3' title="bbox 685 592 2247 664">
     <span class='ocr_line' id='line_1_3' title="bbox 685 592 2247 664; baseline -0.009 -9"><span class='ocrx_word' id='word_1_14' title='bbox 685 601 878 655; x_wconf 83' lang='lat' dir='ltr'><strong>dixerit</strong></span> <span class='ocrx_word' id='word_1_15' title='bbox 909 616 922 651; x_wconf 91' lang='lat'>:</span> <span class='ocrx_word' id='word_1_16' title='bbox 960 598 1059 664; x_wconf 81' lang='lat' dir='ltr'><strong>Qui</strong></span> <span class='ocrx_word' id='word_1_17' title='bbox 1086 605 1220 649; x_wconf 81' lang='lat' dir='ltr'><strong>autat</strong></span> <span class='ocrx_word' id='word_1_18' title='bbox 1254 603 1443 664; x_wconf 80' lang='lat' dir='ltr'><strong>patrem</strong></span> <span class='ocrx_word' id='word_1_19' title='bbox 1471 604 1558 647; x_wconf 82' lang='lat' dir='ltr'><strong>aut</strong></span> <span class='ocrx_word' id='word_1_20' title='bbox 1589 603 1796 646; x_wconf 82' lang='lat' dir='ltr'><strong>matrem</strong></span> <span class='ocrx_word' id='word_1_21' title='bbox 1824 592 1936 662; x_wconf 77' lang='lat' dir='ltr'><strong>pius</strong></span> <span class='ocrx_word' id='word_1_22' title='bbox 1969 607 2120 662; x_wconf 87' lang='lat' dir='ltr'><strong>quam</strong></span> <span class='ocrx_word' id='word_1_23' title='bbox 2150 606 2247 653; x_wconf 88' lang='lat' dir='ltr'><strong>me,</strong></span> 
     </span>
    </p>
   </div>
   <div class='ocr_carea' id='block_1_4' title="bbox 683 680 2250 759">
    <p class='ocr_par' dir='ltr' id='par_1_4' title="bbox 683 680 2250 759">
     <span class='ocr_line' id='line_1_4' title="bbox 683 680 2250 759; baseline -0.007 -15"><span class='ocrx_word' id='word_1_24' title='bbox 683 709 784 746; x_wconf 75' lang='lat' dir='ltr'><strong>non</strong></span> <span class='ocrx_word' id='word_1_25' title='bbox 813 699 882 744; x_wconf 80' lang='lat' dir='ltr'><strong>est</strong></span> <span class='ocrx_word' id='word_1_26' title='bbox 903 683 978 742; x_wconf 81' lang='lat' dir='ltr'><strong>me</strong></span> <span class='ocrx_word' id='word_1_27' title='bbox 1003 688 1183 759; x_wconf 81' lang='lat' dir='ltr'><strong>dignus</strong></span> <span class='ocrx_word' id='word_1_28' title='bbox 1207 683 1427 756; x_wconf 75' lang='lat' dir='ltr'><strong>(Matth.</strong></span> <span class='ocrx_word' id='word_1_29' title='bbox 1475 685 1559 740; x_wconf 79' lang='grc'><strong>10.</strong></span> <span class='ocrx_word' id='word_1_30' title='bbox 1593 686 1693 754; x_wconf 78' lang='lat'><strong>37)</strong></span> <span class='ocrx_word' id='word_1_31' title='bbox 1721 683 1892 738; x_wconf 70' lang='lat' dir='ltr'><strong>iNam</strong></span> <span class='ocrx_word' id='word_1_32' title='bbox 1919 683 1960 736; x_wconf 89' lang='lat' dir='ltr'><strong>si</strong></span> <span class='ocrx_word' id='word_1_33' title='bbox 1994 681 2079 735; x_wconf 91' lang='lat' dir='ltr'><strong>illa</strong></span> <span class='ocrx_word' id='word_1_34' title='bbox 2115 680 2250 733; x_wconf 91' lang='lat' dir='ltr'><strong>hanc</strong></span> 
     </span>
    </p>
   </div>
   <div class='ocr_carea' id='block_1_5' title="bbox 685 773 2246 852">
    <p class='ocr_par' dir='ltr' id='par_1_5' title="bbox 685 773 2246 852">
     <span class='ocr_line' id='line_1_5' title="bbox 685 773 2246 852; baseline -0.008 -17"><span class='ocrx_word' id='word_1_35' title='bbox 685 792 904 852; x_wconf 76' lang='lat' dir='ltr'><strong>sequuta</strong></span> <span class='ocrx_word' id='word_1_36' title='bbox 955 787 1097 834; x_wconf 92' lang='lat' dir='ltr'><strong>esset</strong></span> <span class='ocrx_word' id='word_1_37' title='bbox 1142 778 1308 847; x_wconf 82' lang='lat' dir='ltr'><strong>legem</strong></span> <span class='ocrx_word' id='word_1_38' title='bbox 1334 818 1350 844; x_wconf 95' lang='lat'><strong>,</strong></span> <span class='ocrx_word' id='word_1_39' title='bbox 1402 792 1505 831; x_wconf 91' lang='lat' dir='ltr'><strong>non</strong></span> <span class='ocrx_word' id='word_1_40' title='bbox 1550 784 1625 829; x_wconf 89' lang='lat' dir='ltr'><strong>tot</strong></span> <span class='ocrx_word' id='word_1_41' title='bbox 1669 776 1808 845; x_wconf 80' lang='lat' dir='ltr'><strong>leges</strong></span> <span class='ocrx_word' id='word_1_42' title='bbox 1845 773 2111 836; x_wconf 92' lang='lat' dir='ltr'><strong>violasset,</strong></span> <span class='ocrx_word' id='word_1_43' title='bbox 2144 786 2246 826; x_wconf 89' lang='lat' dir='ltr'><strong>non</strong></span> 
     </span>
    </p>
   </div>
   <div class='ocr_carea' id='block_1_6' title="bbox 688 863 2249 940">
    <p class='ocr_par' dir='ltr' id='par_1_6' title="bbox 688 863 2249 940">
     <span class='ocr_line' id='line_1_6' title="bbox 688 863 2249 940; baseline -0.006 -13"><span class='ocrx_word' id='word_1_44' title='bbox 688 875 822 927; x_wconf 89' lang='lat' dir='ltr'><strong>hanc</strong></span> <span class='ocrx_word' id='word_1_45' title='bbox 847 871 1044 926; x_wconf 83' lang='lat' dir='ltr'><strong>ca-dcm</strong></span> <span class='ocrx_word' id='word_1_46' title='bbox 1085 877 1460 940; x_wconf 87' lang='lat' dir='ltr'><strong>perpetrasset.</strong></span> <span class='ocrx_word' id='word_1_47' title='bbox 1492 867 1619 922; x_wconf 90' lang='lat' dir='ltr'><strong>Nam</strong></span> <span class='ocrx_word' id='word_1_48' title='bbox 1645 867 1770 935; x_wconf 90' lang='lat' dir='ltr'><strong>quid</strong></span> <span class='ocrx_word' id='word_1_49' title='bbox 1799 867 1894 918; x_wconf 87' lang='lat' dir='ltr'><strong>hac</strong></span> <span class='ocrx_word' id='word_1_50' title='bbox 1919 863 2249 917; x_wconf 88' lang='lat' dir='ltr'><strong>immanitate</strong></span> 
     </span>
    </p>
   </div>
   <div class='ocr_carea' id='block_1_7' title="bbox 687 953 2247 1029">
    <p class='ocr_par' dir='ltr' id='par_1_7' title="bbox 687 953 2247 1029">
     <span class='ocr_line' id='line_1_7' title="bbox 687 953 2247 1029; baseline -0.009 -9"><span class='ocrx_word' id='word_1_51' title='bbox 687 965 948 1025; x_wconf 88' lang='lat' dir='ltr'><strong>deterius,</strong></span> <span class='ocrx_word' id='word_1_52' title='bbox 980 962 1180 1018; x_wconf 72' lang='lat' dir='ltr'><strong>caadem</strong></span> <span class='ocrx_word' id='word_1_53' title='bbox 1224 970 1280 1015; x_wconf 89' lang='lat' dir='ltr'><strong>ut</strong></span> <span class='ocrx_word' id='word_1_54' title='bbox 1317 961 1535 1029; x_wconf 78' lang='lat' dir='ltr'><strong>gratiam</strong></span> <span class='ocrx_word' id='word_1_55' title='bbox 1563 958 1828 1027; x_wconf 88' lang='lat' dir='ltr'><strong>postulare</strong></span> <span class='ocrx_word' id='word_1_56' title='bbox 1855 997 1870 1021; x_wconf 96' lang='lat'><strong>,</strong></span> <span class='ocrx_word' id='word_1_57' title='bbox 1902 954 2100 1010; x_wconf 62' lang='lat' dir='ltr'><strong>caedem</strong></span> <span class='ocrx_word' id='word_1_58' title='bbox 2146 953 2247 1007; x_wconf 92' lang='lat' dir='ltr'><strong>ini-</strong></span> 
     </span>
    </p>
   </div>
   <div class='ocr_carea' id='block_1_8' title="bbox 687 1048 2248 1129">
    <p class='ocr_par' dir='ltr' id='par_1_8' title="bbox 687 1048 2248 1129">
     <span class='ocr_line' id='line_1_8' title="bbox 687 1048 2248 1129; baseline -0.007 -18"><span class='ocrx_word' id='word_1_59' title='bbox 687 1073 858 1129; x_wconf 90' lang='lat' dir='ltr'><strong>quam,</strong></span> <span class='ocrx_word' id='word_1_60' title='bbox 893 1055 1093 1112; x_wconf 69' lang='lat' dir='ltr'><strong>caedem</strong></span> <span class='ocrx_word' id='word_1_61' title='bbox 1134 1055 1271 1109; x_wconf 91' lang='lat' dir='ltr'><strong>inter</strong></span> <span class='ocrx_word' id='word_1_62' title='bbox 1294 1054 1494 1122; x_wconf 94' lang='lat' dir='ltr'><strong>epulas,</strong></span> <span class='ocrx_word' id='word_1_63' title='bbox 1525 1050 1721 1105; x_wconf 69' lang='lat' dir='ltr'><strong>cazdem</strong></span> <span class='ocrx_word' id='word_1_64' title='bbox 1749 1049 1955 1120; x_wconf 87' lang='lat' dir='ltr'><strong>publice</strong></span> <span class='ocrx_word' id='word_1_65' title='bbox 1985 1057 2037 1102; x_wconf 88' lang='lat' dir='ltr'><strong>et</strong></span> <span class='ocrx_word' id='word_1_66' title='bbox 2076 1048 2248 1116; x_wconf 80' lang='lat' dir='ltr'><strong>impu-</strong></span> 
     </span>
    </p>
   </div>
   <div class='ocr_carea' id='block_1_9' title="bbox 687 1138 2250 1219">
    <p class='ocr_par' dir='ltr' id='par_1_9' title="bbox 687 1138 2250 1219">
     <span class='ocr_line' id='line_1_9' title="bbox 687 1138 2250 1219; baseline -0.009 -14"><span class='ocrx_word' id='word_1_67' title='bbox 687 1151 873 1205; x_wconf 91' lang='lat' dir='ltr'><strong>denter</strong></span> <span class='ocrx_word' id='word_1_68' title='bbox 907 1149 1122 1219; x_wconf 84' lang='lat' dir='ltr'><strong>petitam</strong></span> <span class='ocrx_word' id='word_1_69' title='bbox 1154 1147 1176 1200; x_wconf 68' lang='grc' dir='ltr'><strong>Υ</strong></span> <span class='ocrx_word' id='word_1_70' title='bbox 1204 1145 1384 1214; x_wconf 85' lang='lat' dir='ltr'><strong>Neque</strong></span> <span class='ocrx_word' id='word_1_71' title='bbox 1427 1143 1568 1198; x_wconf 90' lang='lat' dir='ltr'><strong>enim</strong></span> <span class='ocrx_word' id='word_1_72' title='bbox 1606 1155 1844 1196; x_wconf 88' lang='lat' dir='ltr'><strong>seorsum</strong></span> <span class='ocrx_word' id='word_1_73' title='bbox 1877 1139 2101 1197; x_wconf 87' lang='lat' dir='ltr'><strong>accessit</strong></span> <span class='ocrx_word' id='word_1_74' title='bbox 2137 1138 2250 1192; x_wconf 66' lang='lat' dir='ltr'><strong>hare</strong></span> 
     </span>
    </p>
   </div>
   <div class='ocr_carea' id='block_1_10' title="bbox 686 1226 2245 1312">
    <p class='ocr_par' dir='ltr' id='par_1_10' title="bbox 686 1226 2245 1312">
     <span class='ocr_line' id='line_1_10' title="bbox 686 1226 2245 1312; baseline -0.011 -16"><span class='ocrx_word' id='word_1_75' title='bbox 686 1242 908 1312; x_wconf 88' lang='lat' dir='ltr'><strong>petitura</strong></span> <span class='ocrx_word' id='word_1_76' title='bbox 932 1281 945 1305; x_wconf 94' lang='lat'><strong>,</strong></span> <span class='ocrx_word' id='word_1_77' title='bbox 979 1237 1071 1293; x_wconf 90' lang='lat' dir='ltr'><strong>sed</strong></span> <span class='ocrx_word' id='word_1_78' title='bbox 1115 1235 1344 1308; x_wconf 87' lang='lat' dir='ltr'><strong>publice,</strong></span> <span class='ocrx_word' id='word_1_79' title='bbox 1367 1241 1421 1288; x_wconf 92' lang='lat' dir='ltr'><strong>ct</strong></span> <span class='ocrx_word' id='word_1_80' title='bbox 1460 1232 1627 1302; x_wconf 87' lang='lat' dir='ltr'><strong>posita</strong></span> <span class='ocrx_word' id='word_1_81' title='bbox 1667 1231 1831 1295; x_wconf 80' lang='lat' dir='ltr'><strong>larva,</strong></span> <span class='ocrx_word' id='word_1_82' title='bbox 1865 1229 2005 1283; x_wconf 90' lang='lat' dir='ltr'><strong>nudo</strong></span> <span class='ocrx_word' id='word_1_83' title='bbox 2041 1226 2245 1298; x_wconf 84' lang='lat' dir='ltr'><strong>capite,</strong></span> 
     </span>
    </p>
   </div>
   <div class='ocr_carea' id='block_1_11' title="bbox 685 1318 2246 1397">
    <p class='ocr_par' dir='ltr' id='par_1_11' title="bbox 685 1318 2246 1397">
     <span class='ocr_line' id='line_1_11' title="bbox 685 1318 2246 1397; baseline -0.007 -13"><span class='ocrx_word' id='word_1_84' title='bbox 685 1331 876 1385; x_wconf 89' lang='lat' dir='ltr'><strong>diaboli</strong></span> <span class='ocrx_word' id='word_1_85' title='bbox 928 1343 1024 1382; x_wconf 87' lang='lat' dir='ltr'><strong>usa</strong></span> <span class='ocrx_word' id='word_1_86' title='bbox 1068 1324 1395 1397; x_wconf 86' lang='lat' dir='ltr'><strong>patrocinio,</strong></span> <span class='ocrx_word' id='word_1_87' title='bbox 1427 1322 1542 1377; x_wconf 73' lang='lat' dir='ltr'><strong>iure</strong></span> <span class='ocrx_word' id='word_1_88' title='bbox 1586 1321 1676 1375; x_wconf 92' lang='lat' dir='ltr'><strong>illo</strong></span> <span class='ocrx_word' id='word_1_89' title='bbox 1705 1322 1861 1375; x_wconf 89' lang='lat' dir='ltr'><strong>modo</strong></span> <span class='ocrx_word' id='word_1_90' title='bbox 1905 1318 2121 1390; x_wconf 91' lang='lat' dir='ltr'><strong>loquuta</strong></span> <span class='ocrx_word' id='word_1_91' title='bbox 2146 1327 2246 1373; x_wconf 91' lang='lat' dir='ltr'><strong>est.</strong></span> 
     </span>
    </p>
   </div>
   <div class='ocr_carea' id='block_1_12' title="bbox 687 1411 2252 1482">
    <p class='ocr_par' dir='ltr' id='par_1_12' title="bbox 687 1411 2252 1482">
     <span class='ocr_line' id='line_1_12' title="bbox 687 1411 2252 1482; baseline -0.009 -5"><span class='ocrx_word' id='word_1_92' title='bbox 687 1422 814 1477; x_wconf 88' lang='lat' dir='ltr'><strong>Nam</strong></span> <span class='ocrx_word' id='word_1_93' title='bbox 849 1420 898 1474; x_wconf 90' lang='lat' dir='ltr'><strong>id</strong></span> <span class='ocrx_word' id='word_1_94' title='bbox 942 1419 1184 1474; x_wconf 79' lang='lat' dir='ltr'><strong>diabolus</strong></span> <span class='ocrx_word' id='word_1_95' title='bbox 1230 1415 1423 1482; x_wconf 80' lang='lat' dir='ltr'><strong>effecit,</strong></span> <span class='ocrx_word' id='word_1_96' title='bbox 1454 1423 1510 1468; x_wconf 90' lang='lat' dir='ltr'><strong>ut</strong></span> <span class='ocrx_word' id='word_1_97' title='bbox 1550 1414 1634 1467; x_wconf 90' lang='lat' dir='ltr'><strong>illa</strong></span> <span class='ocrx_word' id='word_1_98' title='bbox 1678 1413 1876 1466; x_wconf 89' lang='lat' dir='ltr'><strong>saltans</strong></span> <span class='ocrx_word' id='word_1_99' title='bbox 1902 1411 2152 1481; x_wconf 84' lang='lat' dir='ltr'><strong>placeret,</strong></span> <span class='ocrx_word' id='word_1_100' title='bbox 2197 1417 2252 1463; x_wconf 89' lang='lat' dir='ltr'><strong>et</strong></span> 
     </span>
    </p>
   </div>
   <div class='ocr_carea' id='block_1_13' title="bbox 693 1501 2248 1578">
    <p class='ocr_par' dir='ltr' id='par_1_13' title="bbox 693 1501 2248 1578">
     <span class='ocr_line' id='line_1_13' title="bbox 693 1501 2248 1578; baseline -0.009 -9"><span class='ocrx_word' id='word_1_101' title='bbox 693 1513 953 1569; x_wconf 85' lang='lat' dir='ltr'><strong>Herodem</strong></span> <span class='ocrx_word' id='word_1_102' title='bbox 1006 1519 1129 1566; x_wconf 88' lang='lat' dir='ltr'><strong>tunc</strong></span> <span class='ocrx_word' id='word_1_103' title='bbox 1178 1517 1410 1578; x_wconf 90' lang='lat' dir='ltr'><strong>caperet.</strong></span> <span class='ocrx_word' id='word_1_104' title='bbox 1459 1507 1556 1562; x_wconf 90' lang='lat' dir='ltr'><strong>Ubi</strong></span> <span class='ocrx_word' id='word_1_105' title='bbox 1596 1506 1737 1560; x_wconf 91' lang='lat' dir='ltr'><strong>enim</strong></span> <span class='ocrx_word' id='word_1_106' title='bbox 1764 1504 2008 1568; x_wconf 82' lang='lat' dir='ltr'><strong>saltatio,</strong></span> <span class='ocrx_word' id='word_1_107' title='bbox 2037 1502 2105 1556; x_wconf 92' lang='lat' dir='ltr'><strong>ibi</strong></span> <span class='ocrx_word' id='word_1_108' title='bbox 2133 1501 2248 1556; x_wconf 88' lang='lat' dir='ltr'><strong>dia-</strong></span> 
     </span>
    </p>
   </div>
   <div class='ocr_carea' id='block_1_14' title="bbox 686 1596 2253 1673">
    <p class='ocr_par' dir='ltr' id='par_1_14' title="bbox 686 1596 2253 1673">
     <span class='ocr_line' id='line_1_14' title="bbox 686 1596 2253 1673; baseline -0.007 -14"><span class='ocrx_word' id='word_1_109' title='bbox 686 1606 860 1659; x_wconf 87' lang='lat' dir='ltr'><strong>bolus.</strong></span> <span class='ocrx_word' id='word_1_110' title='bbox 889 1603 1070 1673; x_wconf 84' lang='lat' dir='ltr'><strong>Neque</strong></span> <span class='ocrx_word' id='word_1_111' title='bbox 1097 1601 1238 1657; x_wconf 91' lang='lat' dir='ltr'><strong>enim</strong></span> <span class='ocrx_word' id='word_1_112' title='bbox 1267 1600 1383 1654; x_wconf 89' lang='lat' dir='ltr'><strong>ideo</strong></span> <span class='ocrx_word' id='word_1_113' title='bbox 1413 1598 1574 1669; x_wconf 90' lang='lat' dir='ltr'><strong>pedes</strong></span> <span class='ocrx_word' id='word_1_114' title='bbox 1620 1597 1770 1652; x_wconf 88' lang='lat' dir='ltr'><strong>nobis</strong></span> <span class='ocrx_word' id='word_1_115' title='bbox 1796 1596 1943 1650; x_wconf 89' lang='lat' dir='ltr'><strong>dedit</strong></span> <span class='ocrx_word' id='word_1_116' title='bbox 1983 1596 2149 1660; x_wconf 87' lang='lat' dir='ltr'><strong>Deus,</strong></span> <span class='ocrx_word' id='word_1_117' title='bbox 2195 1602 2253 1648; x_wconf 90' lang='lat' dir='ltr'><strong>ut</strong></span> 
     </span>
    </p>
   </div>
   <div class='ocr_carea' id='block_1_15' title="bbox 686 1686 2253 1764">
    <p class='ocr_par' dir='ltr' id='par_1_15' title="bbox 686 1686 2253 1764">
     <span class='ocr_line' id='line_1_15' title="bbox 686 1686 2253 1764; baseline -0.006 -14"><span class='ocrx_word' id='word_1_118' title='bbox 686 1695 751 1750; x_wconf 91' lang='lat' dir='ltr'><strong>iis</strong></span> <span class='ocrx_word' id='word_1_119' title='bbox 781 1695 1004 1764; x_wconf 88' lang='lat' dir='ltr'><strong>turpiter</strong></span> <span class='ocrx_word' id='word_1_120' title='bbox 1043 1701 1281 1752; x_wconf 88' lang='lat' dir='ltr'><strong>utamur.</strong></span> <span class='ocrx_word' id='word_1_121' title='bbox 1309 1689 1400 1744; x_wconf 87' lang='lat' dir='ltr'><strong>sed</strong></span> <span class='ocrx_word' id='word_1_122' title='bbox 1442 1697 1497 1743; x_wconf 91' lang='lat' dir='ltr'><strong>ut</strong></span> <span class='ocrx_word' id='word_1_123' title='bbox 1524 1698 1666 1744; x_wconf 90' lang='lat' dir='ltr'><strong>recte</strong></span> <span class='ocrx_word' id='word_1_124' title='bbox 1692 1686 1996 1758; x_wconf 74' lang='lat' dir='ltr'><strong>gradiantur</strong></span> <span class='ocrx_word' id='word_1_125' title='bbox 2024 1702 2038 1752; x_wconf 93' lang='lat'><strong>;</strong></span> <span class='ocrx_word' id='word_1_126' title='bbox 2069 1694 2253 1740; x_wconf 90' lang='lat' dir='ltr'><strong>nonut</strong></span> 
     </span>
    </p>
   </div>
   <div class='ocr_carea' id='block_1_16' title="bbox 686 1777 2250 1855">
    <p class='ocr_par' dir='ltr' id='par_1_16' title="bbox 686 1777 2250 1855">
     <span class='ocr_line' id='line_1_16' title="bbox 686 1777 2250 1855; baseline -0.004 -18"><span class='ocrx_word' id='word_1_127' title='bbox 686 1783 908 1855; x_wconf 81' lang='lat' dir='ltr'><strong>perinde</strong></span> <span class='ocrx_word' id='word_1_128' title='bbox 937 1793 1094 1854; x_wconf 89' lang='lat' dir='ltr'><strong>atque</strong></span> <span class='ocrx_word' id='word_1_129' title='bbox 1135 1781 1322 1837; x_wconf 78' lang='lat' dir='ltr'><strong>cameli</strong></span> <span class='ocrx_word' id='word_1_130' title='bbox 1360 1779 1611 1834; x_wconf 90' lang='lat' dir='ltr'><strong>saltemus</strong></span> <span class='ocrx_word' id='word_1_131' title='bbox 1652 1779 1671 1849; x_wconf 96' lang='lat'><strong>(</strong></span> <span class='ocrx_word' id='word_1_132' title='bbox 1701 1793 1820 1833; x_wconf 89' lang='lat' dir='ltr'><strong>nam</strong></span> <span class='ocrx_word' id='word_1_133' title='bbox 1847 1788 1901 1832; x_wconf 91' lang='lat' dir='ltr'><strong>et</strong></span> <span class='ocrx_word' id='word_1_134' title='bbox 1927 1777 2113 1832; x_wconf 88' lang='lat' dir='ltr'><strong>cameli</strong></span> <span class='ocrx_word' id='word_1_135' title='bbox 2145 1777 2250 1830; x_wconf 83' lang='lat' dir='ltr'><strong>sal-</strong></span> 
     </span>
    </p>
   </div>
   <div class='ocr_carea' id='block_1_17' title="bbox 696 1869 2255 1947">
    <p class='ocr_par' dir='ltr' id='par_1_17' title="bbox 696 1869 2255 1947">
     <span class='ocr_line' id='line_1_17' title="bbox 696 1869 2255 1947; baseline -0.008 -14"><span class='ocrx_word' id='word_1_136' title='bbox 696 1869 868 1933; x_wconf 82' lang='lat' dir='ltr'><strong>tantes</strong></span> <span class='ocrx_word' id='word_1_137' title='bbox 906 1877 1164 1947; x_wconf 81' lang='lat' dir='ltr'><strong>ingratum</strong></span> <span class='ocrx_word' id='word_1_138' title='bbox 1195 1872 1552 1943; x_wconf 89' lang='lat' dir='ltr'><strong>spectaculum</strong></span> <span class='ocrx_word' id='word_1_139' title='bbox 1602 1872 1798 1937; x_wconf 90' lang='lat' dir='ltr'><strong>edunt,</strong></span> <span class='ocrx_word' id='word_1_140' title='bbox 1831 1871 2101 1940; x_wconf 78' lang='lat' dir='ltr'><strong>multoque</strong></span> <span class='ocrx_word' id='word_1_141' title='bbox 2141 1885 2255 1923; x_wconf 88' lang='lat' dir='ltr'><strong>ma-</strong></span> 
     </span>
    </p>
   </div>
   <div class='ocr_carea' id='block_1_18' title="bbox 687 1963 2252 2036">
    <p class='ocr_par' dir='ltr' id='par_1_18' title="bbox 687 1963 2252 2036">
     <span class='ocr_line' id='line_1_18' title="bbox 687 1963 2252 2036; baseline -0.005 -13"><span class='ocrx_word' id='word_1_142' title='bbox 687 1970 766 2036; x_wconf 78' lang='lat' dir='ltr'><strong>gis</strong></span> <span class='ocrx_word' id='word_1_143' title='bbox 794 1967 1112 2036; x_wconf 90' lang='lat' dir='ltr'><strong>mulieres),</strong></span> <span class='ocrx_word' id='word_1_144' title='bbox 1156 1964 1249 2020; x_wconf 89' lang='lat' dir='ltr'><strong>sed</strong></span> <span class='ocrx_word' id='word_1_145' title='bbox 1296 1971 1351 2018; x_wconf 91' lang='lat' dir='ltr'><strong>ut</strong></span> <span class='ocrx_word' id='word_1_146' title='bbox 1383 1979 1503 2017; x_wconf 90' lang='lat' dir='ltr'><strong>cum</strong></span> <span class='ocrx_word' id='word_1_147' title='bbox 1535 1963 1736 2033; x_wconf 79' lang='lat' dir='ltr'><strong>angelis</strong></span> <span class='ocrx_word' id='word_1_148' title='bbox 1763 1963 1986 2017; x_wconf 82' lang='lat' dir='ltr'><strong>choreas</strong></span> <span class='ocrx_word' id='word_1_149' title='bbox 2013 1977 2252 2032; x_wconf 89' lang='lat' dir='ltr'><strong>agamus.</strong></span> 
     </span>
    </p>
   </div>
   <div class='ocr_carea' id='block_1_19' title="bbox 686 2051 2254 2125">
    <p class='ocr_par' dir='ltr' id='par_1_19' title="bbox 686 2051 2254 2125">
     <span class='ocr_line' id='line_1_19' title="bbox 686 2051 2254 2125; baseline -0.008 -10"><span class='ocrx_word' id='word_1_150' title='bbox 686 2060 739 2116; x_wconf 88' lang='lat' dir='ltr'><strong>Si</strong></span> <span class='ocrx_word' id='word_1_151' title='bbox 783 2059 922 2113; x_wconf 88' lang='lat' dir='ltr'><strong>enim</strong></span> <span class='ocrx_word' id='word_1_152' title='bbox 971 2070 1164 2125; x_wconf 90' lang='lat' dir='ltr'><strong>corpus</strong></span> <span class='ocrx_word' id='word_1_153' title='bbox 1217 2054 1266 2108; x_wconf 91' lang='lat' dir='ltr'><strong>id</strong></span> <span class='ocrx_word' id='word_1_154' title='bbox 1308 2068 1469 2124; x_wconf 83' lang='lat' dir='ltr'><strong>agens</strong></span> <span class='ocrx_word' id='word_1_155' title='bbox 1513 2060 1664 2122; x_wconf 86' lang='lat' dir='ltr'><strong>turpe</strong></span> <span class='ocrx_word' id='word_1_156' title='bbox 1711 2061 1820 2115; x_wconf 88' lang='lat' dir='ltr'><strong>est,</strong></span> <span class='ocrx_word' id='word_1_157' title='bbox 1869 2051 2033 2105; x_wconf 89' lang='lat' dir='ltr'><strong>multo</strong></span> <span class='ocrx_word' id='word_1_158' title='bbox 2088 2052 2254 2118; x_wconf 77' lang='lat' dir='ltr'><strong>magis</strong></span> 
     </span>
    </p>
   </div>
   <div class='ocr_carea' id='block_1_20' title="bbox 685 2144 2253 2208">
    <p class='ocr_par' dir='ltr' id='par_1_20' title="bbox 685 2144 2253 2208">
     <span class='ocr_line' id='line_1_20' title="bbox 685 2144 2253 2208; baseline -0.005 0"><span class='ocrx_word' id='word_1_159' title='bbox 685 2154 880 2208; x_wconf 80' lang='lat' dir='ltr'><strong>anima.</strong></span> <span class='ocrx_word' id='word_1_160' title='bbox 922 2151 1008 2206; x_wconf 91' lang='lat' dir='ltr'><strong>Sic</strong></span> <span class='ocrx_word' id='word_1_161' title='bbox 1037 2151 1231 2205; x_wconf 81' lang='lat' dir='ltr'><strong>saltant</strong></span> <span class='ocrx_word' id='word_1_162' title='bbox 1258 2147 1529 2203; x_wconf 67' lang='lat' dir='ltr'><strong>daemones</strong></span> <span class='ocrx_word' id='word_1_163' title='bbox 1582 2165 1594 2200; x_wconf 92' lang='lat'>:</span> <span class='ocrx_word' id='word_1_164' title='bbox 1641 2146 1716 2202; x_wconf 89' lang='lat' dir='ltr'><strong>sic</strong></span> <span class='ocrx_word' id='word_1_165' title='bbox 1740 2145 2022 2201; x_wconf 83' lang='lat' dir='ltr'><strong>adulantur</strong></span> <span class='ocrx_word' id='word_1_166' title='bbox 2056 2144 2253 2200; x_wconf 63' lang='lat' dir='ltr'><strong>tla‘mo-</strong></span> 
     </span>
    </p>
   </div>
   <div class='ocr_carea' id='block_1_21' title="bbox 688 2243 1084 2316">
    <p class='ocr_par' dir='ltr' id='par_1_21' title="bbox 688 2243 1084 2316">
     <span class='ocr_line' id='line_1_21' title="bbox 688 2243 1084 2316; baseline -0.008 -18"><span class='ocrx_word' id='word_1_167' title='bbox 688 2261 812 2298; x_wconf 87' lang='lat' dir='ltr'><strong>num</strong></span> <span class='ocrx_word' id='word_1_168' title='bbox 843 2243 1084 2316; x_wconf 78' lang='lat' dir='ltr'><strong>ministri.</strong></span> 
     </span>
    </p>
   </div>
   <div class='ocr_carea' id='block_1_22' title="bbox 754 2329 2252 2403">
    <p class='ocr_par' dir='ltr' id='par_1_22' title="bbox 754 2329 2252 2403">
     <span class='ocr_line' id='line_1_22' title="bbox 754 2329 2252 2403; baseline -0.003 -15"><span class='ocrx_word' id='word_1_169' title='bbox 754 2334 807 2388; x_wconf 74' lang='grc'><strong>4.</strong></span> <span class='ocrx_word' id='word_1_170' title='bbox 839 2334 941 2389; x_wconf 89' lang='lat' dir='ltr'><strong>Sed</strong></span> <span class='ocrx_word' id='word_1_171' title='bbox 974 2333 1275 2403; x_wconf 86' lang='lat' dir='ltr'><strong>petitionem</strong></span> <span class='ocrx_word' id='word_1_172' title='bbox 1319 2332 1484 2401; x_wconf 91' lang='lat' dir='ltr'><strong>ipsam</strong></span> <span class='ocrx_word' id='word_1_173' title='bbox 1521 2330 1812 2387; x_wconf 89' lang='lat' dir='ltr'><strong>considera.</strong></span> <span class='ocrx_word' id='word_1_174' title='bbox 1848 2329 1929 2383; x_wconf 86' lang='lat' dir='ltr'><strong>Da</strong></span> <span class='ocrx_word' id='word_1_175' title='bbox 1961 2330 2080 2384; x_wconf 78' lang='lat' dir='ltr'><strong>mihi</strong></span> <span class='ocrx_word' id='word_1_176' title='bbox 2098 2370 2113 2394; x_wconf 96' lang='lat'><strong>,</strong></span> <span class='ocrx_word' id='word_1_177' title='bbox 2146 2331 2216 2384; x_wconf 90' lang='lat' dir='ltr'><strong>ait</strong></span> <span class='ocrx_word' id='word_1_178' title='bbox 2237 2372 2252 2394; x_wconf 88' lang='lat'><strong>,</strong></span> 
     </span>
    </p>
   </div>
   <div class='ocr_carea' id='block_1_23' title="bbox 689 2421 2251 2495">
    <p class='ocr_par' dir='ltr' id='par_1_23' title="bbox 689 2421 2251 2495">
     <span class='ocr_line' id='line_1_23' title="bbox 689 2421 2251 2495; baseline 0 -20"><span class='ocrx_word' id='word_1_179' title='bbox 689 2427 767 2479; x_wconf 80' lang='lat' dir='ltr'><strong>hic</strong></span> <span class='ocrx_word' id='word_1_180' title='bbox 794 2427 847 2478; x_wconf 82' lang='lat' dir='ltr'><strong>in</strong></span> <span class='ocrx_word' id='word_1_181' title='bbox 873 2424 1009 2479; x_wconf 81' lang='lat' dir='ltr'><strong>disco</strong></span> <span class='ocrx_word' id='word_1_182' title='bbox 1038 2434 1186 2495; x_wconf 87' lang='lat' dir='ltr'><strong>caput</strong></span> <span class='ocrx_word' id='word_1_183' title='bbox 1214 2423 1428 2478; x_wconf 77' lang='lat' dir='ltr'><strong>Joannis</strong></span> <span class='ocrx_word' id='word_1_184' title='bbox 1459 2421 1716 2492; x_wconf 67' lang='lat' dir='ltr'><strong>Baptistae.</strong></span> <span class='ocrx_word' id='word_1_185' title='bbox 1751 2421 1933 2476; x_wconf 80' lang='lat' dir='ltr'><strong>Vidcn&#39;</strong></span> <span class='ocrx_word' id='word_1_186' title='bbox 1973 2422 2251 2490; x_wconf 90' lang='lat' dir='ltr'><strong>impuden-</strong></span> 
     </span>
    </p>
   </div>
   <div class='ocr_carea' id='block_1_24' title="bbox 689 2510 2255 2586">
    <p class='ocr_par' dir='ltr' id='par_1_24' title="bbox 689 2510 2255 2586">
     <span class='ocr_line' id='line_1_24' title="bbox 689 2510 2255 2586; baseline -0.005 -15"><span class='ocrx_word' id='word_1_187' title='bbox 689 2526 814 2582; x_wconf 89' lang='lat' dir='ltr'><strong>tem,</strong></span> <span class='ocrx_word' id='word_1_188' title='bbox 841 2530 957 2586; x_wconf 72' lang='lat' dir='ltr'><strong>qua:</strong></span> <span class='ocrx_word' id='word_1_189' title='bbox 985 2525 1143 2568; x_wconf 92' lang='lat' dir='ltr'><strong>totam</strong></span> <span class='ocrx_word' id='word_1_190' title='bbox 1168 2514 1375 2568; x_wconf 89' lang='lat' dir='ltr'><strong>diabolo</strong></span> <span class='ocrx_word' id='word_1_191' title='bbox 1403 2528 1462 2567; x_wconf 90' lang='lat' dir='ltr'><strong>se</strong></span> <span class='ocrx_word' id='word_1_192' title='bbox 1488 2512 1730 2567; x_wconf 80' lang='lat' dir='ltr'><strong>dedidit?</strong></span> <span class='ocrx_word' id='word_1_193' title='bbox 1758 2512 2068 2581; x_wconf 80' lang='lat' dir='ltr'><strong>Dignitatem</strong></span> <span class='ocrx_word' id='word_1_194' title='bbox 2095 2510 2255 2566; x_wconf 85' lang='lat' dir='ltr'><strong>Joan-</strong></span> 
     </span>
    </p>
   </div>
   <div class='ocr_carea' id='block_1_25' title="bbox 687 2603 2254 2674">
    <p class='ocr_par' dir='ltr' id='par_1_25' title="bbox 687 2603 2254 2674">
     <span class='ocr_line' id='line_1_25' title="bbox 687 2603 2254 2674; baseline 0 -16"><span class='ocrx_word' id='word_1_195' title='bbox 687 2608 768 2659; x_wconf 89' lang='lat' dir='ltr'><strong>nis</strong></span> <span class='ocrx_word' id='word_1_196' title='bbox 795 2617 1070 2670; x_wconf 84' lang='lat' dir='ltr'><strong>memorat,</strong></span> <span class='ocrx_word' id='word_1_197' title='bbox 1101 2619 1270 2674; x_wconf 89' lang='lat' dir='ltr'><strong>neque</strong></span> <span class='ocrx_word' id='word_1_198' title='bbox 1295 2615 1467 2658; x_wconf 89' lang='lat' dir='ltr'><strong>tamen</strong></span> <span class='ocrx_word' id='word_1_199' title='bbox 1494 2605 1569 2657; x_wconf 90' lang='lat' dir='ltr'><strong>sic</strong></span> <span class='ocrx_word' id='word_1_200' title='bbox 1592 2603 1874 2667; x_wconf 86' lang='lat' dir='ltr'><strong>erubescit,</strong></span> <span class='ocrx_word' id='word_1_201' title='bbox 1903 2603 1995 2658; x_wconf 90' lang='lat' dir='ltr'><strong>sed</strong></span> <span class='ocrx_word' id='word_1_202' title='bbox 2024 2618 2086 2657; x_wconf 89' lang='lat' dir='ltr'><strong>ac</strong></span> <span class='ocrx_word' id='word_1_203' title='bbox 2115 2603 2157 2656; x_wconf 91' lang='lat' dir='ltr'><strong>si</strong></span> <span class='ocrx_word' id='word_1_204' title='bbox 2186 2603 2254 2658; x_wconf 90' lang='lat' dir='ltr'><strong>de</strong></span> 
     </span>
    </p>
   </div>
   <div class='ocr_carea' id='block_1_26' title="bbox 687 2693 2251 2767">
    <p class='ocr_par' dir='ltr' id='par_1_26' title="bbox 687 2693 2251 2767">
     <span class='ocr_line' id='line_1_26' title="bbox 687 2693 2251 2767; baseline -0.001 -18"><span class='ocrx_word' id='word_1_205' title='bbox 687 2698 805 2752; x_wconf 74' lang='grc' dir='ltr'><strong>ιίὺο</strong></span> <span class='ocrx_word' id='word_1_206' title='bbox 834 2697 1078 2767; x_wconf 89' lang='lat' dir='ltr'><strong>quopiam</strong></span> <span class='ocrx_word' id='word_1_207' title='bbox 1110 2697 1432 2765; x_wconf 80' lang='lat' dir='ltr'><strong>loqueretur,</strong></span> <span class='ocrx_word' id='word_1_208' title='bbox 1464 2696 1541 2749; x_wconf 89' lang='lat' dir='ltr'><strong>sic</strong></span> <span class='ocrx_word' id='word_1_209' title='bbox 1570 2710 1777 2749; x_wconf 86' lang='lat' dir='ltr'><strong>sacrum</strong></span> <span class='ocrx_word' id='word_1_210' title='bbox 1801 2704 1855 2749; x_wconf 85' lang='lat' dir='ltr'><strong>et</strong></span> <span class='ocrx_word' id='word_1_211' title='bbox 1883 2695 2090 2748; x_wconf 90' lang='lat' dir='ltr'><strong>beatum</strong></span> <span class='ocrx_word' id='word_1_212' title='bbox 2122 2693 2251 2748; x_wconf 92' lang='lat' dir='ltr'><strong>illud</strong></span> 
     </span>
    </p>
   </div>
   <div class='ocr_carea' id='block_1_27' title="bbox 687 2785 2248 2858">
    <p class='ocr_par' dir='ltr' id='par_1_27' title="bbox 687 2785 2248 2858">
     <span class='ocr_line' id='line_1_27' title="bbox 687 2785 2248 2858; baseline -0.003 -14"><span class='ocrx_word' id='word_1_213' title='bbox 687 2799 844 2858; x_wconf 79' lang='lat' dir='ltr'><strong>caput</strong></span> <span class='ocrx_word' id='word_1_214' title='bbox 883 2789 934 2843; x_wconf 92' lang='lat' dir='ltr'><strong>in</strong></span> <span class='ocrx_word' id='word_1_215' title='bbox 971 2788 1119 2844; x_wconf 89' lang='lat' dir='ltr'><strong>disco</strong></span> <span class='ocrx_word' id='word_1_216' title='bbox 1158 2787 1330 2842; x_wconf 77' lang='lat' dir='ltr'><strong>ell‘erri</strong></span> <span class='ocrx_word' id='word_1_217' title='bbox 1379 2788 1527 2858; x_wconf 88' lang='lat' dir='ltr'><strong>petit.</strong></span> <span class='ocrx_word' id='word_1_218' title='bbox 1568 2785 1769 2840; x_wconf 77' lang='lat' dir='ltr'><strong>Nullam</strong></span> <span class='ocrx_word' id='word_1_219' title='bbox 1808 2786 1960 2839; x_wconf 80' lang='lat' dir='ltr'><strong>affert</strong></span> <span class='ocrx_word' id='word_1_220' title='bbox 1995 2800 2205 2840; x_wconf 86' lang='lat' dir='ltr'><strong>causam</strong></span> <span class='ocrx_word' id='word_1_221' title='bbox 2237 2803 2248 2839; x_wconf 95' lang='lat'>:</span> 
     </span>
    </p>
   </div>
   <div class='ocr_carea' id='block_1_28' title="bbox 688 2877 2251 2951">
    <p class='ocr_par' dir='ltr' id='par_1_28' title="bbox 688 2877 2251 2951">
     <span class='ocr_line' id='line_1_28' title="bbox 688 2877 2251 2951; baseline -0.003 -17"><span class='ocrx_word' id='word_1_222' title='bbox 688 2896 856 2951; x_wconf 91' lang='lat' dir='ltr'><strong>neque</strong></span> <span class='ocrx_word' id='word_1_223' title='bbox 882 2882 1022 2936; x_wconf 91' lang='lat' dir='ltr'><strong>enim</strong></span> <span class='ocrx_word' id='word_1_224' title='bbox 1055 2888 1295 2950; x_wconf 85' lang='lat' dir='ltr'><strong>poterat;</strong></span> <span class='ocrx_word' id='word_1_225' title='bbox 1333 2879 1426 2933; x_wconf 91' lang='lat' dir='ltr'><strong>sed</strong></span> <span class='ocrx_word' id='word_1_226' title='bbox 1466 2877 1776 2947; x_wconf 86' lang='lat' dir='ltr'><strong>simpliciter</strong></span> <span class='ocrx_word' id='word_1_227' title='bbox 1803 2878 1991 2946; x_wconf 69' lang='lat' dir='ltr'><strong>qumrit</strong></span> <span class='ocrx_word' id='word_1_228' title='bbox 2030 2879 2251 2931; x_wconf 85' lang='lat' dir='ltr'><strong>aliorum</strong></span> 
     </span>
    </p>
   </div>
   <div class='ocr_carea' id='block_1_29' title="bbox 686 2969 2250 3034">
    <p class='ocr_par' dir='ltr' id='par_1_29' title="bbox 686 2969 2250 3034">
     <span class='ocr_line' id='line_1_29' title="bbox 686 2969 2250 3034; baseline -0.001 -8"><span class='ocrx_word' id='word_1_229' title='bbox 686 2972 1069 3028; x_wconf 87' lang='lat' dir='ltr'><strong>calamitatibus</strong></span> <span class='ocrx_word' id='word_1_230' title='bbox 1090 2971 1356 3025; x_wconf 87' lang='lat' dir='ltr'><strong>honorari.</strong></span> <span class='ocrx_word' id='word_1_231' title='bbox 1381 2969 1493 3024; x_wconf 86' lang='lat' dir='ltr'><strong>Non</strong></span> <span class='ocrx_word' id='word_1_232' title='bbox 1513 2969 1665 3034; x_wconf 75' lang='lat' dir='ltr'><strong>dixit,</strong></span> <span class='ocrx_word' id='word_1_233' title='bbox 1689 2969 1935 3023; x_wconf 84' lang='lat' dir='ltr'><strong>Introduc</strong></span> <span class='ocrx_word' id='word_1_234' title='bbox 1963 2970 2105 3023; x_wconf 91' lang='lat' dir='ltr'><strong>illum</strong></span> <span class='ocrx_word' id='word_1_235' title='bbox 2127 2969 2250 3034; x_wconf 88' lang='lat' dir='ltr'><strong>huc,</strong></span> 
     </span>
    </p>
   </div>
   <div class='ocr_carea' id='block_1_30' title="bbox 687 3062 2249 3133">
    <p class='ocr_par' dir='ltr' id='par_1_30' title="bbox 687 3062 2249 3133">
     <span class='ocr_line' id='line_1_30' title="bbox 687 3062 2249 3133; baseline -0.002 -13"><span class='ocrx_word' id='word_1_236' title='bbox 687 3077 740 3120; x_wconf 90' lang='lat' dir='ltr'><strong>ct</strong></span> <span class='ocrx_word' id='word_1_237' title='bbox 769 3065 978 3120; x_wconf 90' lang='lat' dir='ltr'><strong>immola</strong></span> <span class='ocrx_word' id='word_1_238' title='bbox 1010 3084 1023 3120; x_wconf 88' lang='lat'><strong>:</strong></span> <span class='ocrx_word' id='word_1_239' title='bbox 1057 3077 1226 3133; x_wconf 90' lang='lat' dir='ltr'><strong>neque</strong></span> <span class='ocrx_word' id='word_1_240' title='bbox 1255 3064 1395 3117; x_wconf 91' lang='lat' dir='ltr'><strong>enim</strong></span> <span class='ocrx_word' id='word_1_241' title='bbox 1437 3063 1675 3117; x_wconf 89' lang='lat' dir='ltr'><strong>morituri</strong></span> <span class='ocrx_word' id='word_1_242' title='bbox 1717 3062 1961 3131; x_wconf 88' lang='lat' dir='ltr'><strong>loquendi</strong></span> <span class='ocrx_word' id='word_1_243' title='bbox 2008 3062 2249 3117; x_wconf 89' lang='lat' dir='ltr'><strong>fiduciam</strong></span> 
     </span>
    </p>
   </div>
   <div class='ocr_carea' id='block_1_31' title="bbox 690 3152 2250 3210">
    <p class='ocr_par' dir='ltr' id='par_1_31' title="bbox 690 3152 2250 3210">
     <span class='ocr_line' id='line_1_31' title="bbox 690 3152 2250 3210; baseline 0.002 -5"><span class='ocrx_word' id='word_1_244' title='bbox 690 3155 914 3210; x_wconf 86' lang='lat' dir='ltr'><strong>tulisset.</strong></span> <span class='ocrx_word' id='word_1_245' title='bbox 946 3153 1077 3209; x_wconf 90' lang='lat' dir='ltr'><strong>Nam</strong></span> <span class='ocrx_word' id='word_1_246' title='bbox 1108 3154 1324 3208; x_wconf 88' lang='lat' dir='ltr'><strong>timebat</strong></span> <span class='ocrx_word' id='word_1_247' title='bbox 1350 3152 1431 3207; x_wconf 86' lang='lat' dir='ltr'><strong>vel</strong></span> <span class='ocrx_word' id='word_1_248' title='bbox 1461 3152 1671 3207; x_wconf 88' lang='lat' dir='ltr'><strong>mactati</strong></span> <span class='ocrx_word' id='word_1_249' title='bbox 1711 3167 1895 3208; x_wconf 89' lang='lat' dir='ltr'><strong>vocem</strong></span> <span class='ocrx_word' id='word_1_250' title='bbox 1932 3153 2111 3208; x_wconf 85' lang='lat' dir='ltr'><strong>audire</strong></span> <span class='ocrx_word' id='word_1_251' title='bbox 2141 3162 2250 3208; x_wconf 85' lang='lat' dir='ltr'><strong>ter-</strong></span> 
     </span>
    </p>
   </div>
   <div class='ocr_carea' id='block_1_32' title="bbox 689 3243 2252 3313">
    <p class='ocr_par' dir='ltr' id='par_1_32' title="bbox 689 3243 2252 3313">
     <span class='ocr_line' id='line_1_32' title="bbox 689 3243 2252 3313; baseline 0.001 -14"><span class='ocrx_word' id='word_1_252' title='bbox 689 3245 890 3300; x_wconf 90' lang='lat' dir='ltr'><strong>ribilem</strong></span> <span class='ocrx_word' id='word_1_253' title='bbox 917 3263 929 3298; x_wconf 94' lang='lat'>:</span> <span class='ocrx_word' id='word_1_254' title='bbox 953 3259 1122 3313; x_wconf 89' lang='lat' dir='ltr'><strong>neque</strong></span> <span class='ocrx_word' id='word_1_255' title='bbox 1141 3243 1280 3298; x_wconf 80' lang='lat' dir='ltr'><strong>etiim</strong></span> <span class='ocrx_word' id='word_1_256' title='bbox 1298 3243 1466 3312; x_wconf 89' lang='lat' dir='ltr'><strong>capite</strong></span> <span class='ocrx_word' id='word_1_257' title='bbox 1489 3243 1821 3297; x_wconf 88' lang='lat' dir='ltr'><strong>mulctandus</strong></span> <span class='ocrx_word' id='word_1_258' title='bbox 1843 3244 2105 3300; x_wconf 65' lang='lat' dir='ltr'><strong>tacuisset.</strong></span> <span class='ocrx_word' id='word_1_259' title='bbox 2134 3245 2252 3300; x_wconf 88' lang='lat' dir='ltr'><strong>Ideo</strong></span> 
     </span>
    </p>
   </div>
   <div class='ocr_carea' id='block_1_33' title="bbox 687 3331 2250 3402">
    <p class='ocr_par' dir='ltr' id='par_1_33' title="bbox 687 3331 2250 3402">
     <span class='ocr_line' id='line_1_33' title="bbox 687 3331 2250 3402; baseline 0.002 -14"><span class='ocrx_word' id='word_1_260' title='bbox 687 3335 791 3388; x_wconf 86' lang='lat' dir='ltr'><strong>ait:</strong></span> <span class='ocrx_word' id='word_1_261' title='bbox 825 3333 904 3386; x_wconf 90' lang='lat' dir='ltr'><strong>Da</strong></span> <span class='ocrx_word' id='word_1_262' title='bbox 925 3334 1045 3386; x_wconf 81' lang='lat' dir='ltr'><strong>mihi</strong></span> <span class='ocrx_word' id='word_1_263' title='bbox 1072 3333 1152 3387; x_wconf 79' lang='lat' dir='ltr'><strong>hic</strong></span> <span class='ocrx_word' id='word_1_264' title='bbox 1176 3335 1226 3386; x_wconf 85' lang='lat' dir='ltr'><strong>in</strong></span> <span class='ocrx_word' id='word_1_265' title='bbox 1249 3332 1384 3387; x_wconf 83' lang='lat' dir='ltr'><strong>disco</strong></span> <span class='ocrx_word' id='word_1_266' title='bbox 1410 3351 1422 3387; x_wconf 94' lang='lat'>:</span> <span class='ocrx_word' id='word_1_267' title='bbox 1454 3348 1572 3386; x_wconf 88' lang='lat' dir='ltr'><strong>nam</strong></span> <span class='ocrx_word' id='word_1_268' title='bbox 1597 3331 1824 3402; x_wconf 89' lang='lat' dir='ltr'><strong>linguam</strong></span> <span class='ocrx_word' id='word_1_269' title='bbox 1846 3333 1989 3389; x_wconf 89' lang='lat' dir='ltr'><strong>illam</strong></span> <span class='ocrx_word' id='word_1_270' title='bbox 2009 3337 2250 3391; x_wconf 88' lang='lat' dir='ltr'><strong>silentem</strong></span> 
     </span>
    </p>
   </div>
   <div class='ocr_carea' id='block_1_34' title="bbox 688 3423 2249 3495">
    <p class='ocr_par' dir='ltr' id='par_1_34' title="bbox 688 3423 2249 3495">
     <span class='ocr_line' id='line_1_34' title="bbox 688 3423 2249 3495; baseline 0.004 -18"><span class='ocrx_word' id='word_1_271' title='bbox 688 3426 864 3480; x_wconf 75' lang='lat' dir='ltr'><strong>videre</strong></span> <span class='ocrx_word' id='word_1_272' title='bbox 897 3425 1072 3494; x_wconf 88' lang='lat' dir='ltr'><strong>cupio.</strong></span> <span class='ocrx_word' id='word_1_273' title='bbox 1109 3423 1290 3494; x_wconf 86' lang='lat' dir='ltr'><strong>Neque</strong></span> <span class='ocrx_word' id='word_1_274' title='bbox 1318 3423 1549 3494; x_wconf 83' lang='lat' dir='ltr'><strong>effugere</strong></span> <span class='ocrx_word' id='word_1_275' title='bbox 1576 3424 1742 3478; x_wconf 90' lang='lat' dir='ltr'><strong>solum</strong></span> <span class='ocrx_word' id='word_1_276' title='bbox 1783 3425 1922 3480; x_wconf 91' lang='lat' dir='ltr'><strong>illius</strong></span> <span class='ocrx_word' id='word_1_277' title='bbox 1958 3426 2249 3495; x_wconf 84' lang='lat' dir='ltr'><strong>reprehen-</strong></span> 
     </span>
    </p>
   </div>
   <div class='ocr_carea' id='block_1_35' title="bbox 684 3514 2245 3583">
    <p class='ocr_par' dir='ltr' id='par_1_35' title="bbox 684 3514 2245 3583">
     <span class='ocr_line' id='line_1_35' title="bbox 684 3514 2245 3583; baseline 0.003 -14"><span class='ocrx_word' id='word_1_278' title='bbox 684 3518 860 3570; x_wconf 87' lang='lat' dir='ltr'><strong>siones</strong></span> <span class='ocrx_word' id='word_1_279' title='bbox 886 3515 1111 3582; x_wconf 87' lang='lat' dir='ltr'><strong>volebat,</strong></span> <span class='ocrx_word' id='word_1_280' title='bbox 1138 3515 1229 3569; x_wconf 90' lang='lat' dir='ltr'><strong>sed</strong></span> <span class='ocrx_word' id='word_1_281' title='bbox 1254 3514 1506 3569; x_wconf 88' lang='lat' dir='ltr'><strong>insultare</strong></span> <span class='ocrx_word' id='word_1_282' title='bbox 1522 3515 1714 3583; x_wconf 89' lang='lat' dir='ltr'><strong>jacenti</strong></span> <span class='ocrx_word' id='word_1_283' title='bbox 1737 3525 1790 3570; x_wconf 90' lang='lat' dir='ltr'><strong>et</strong></span> <span class='ocrx_word' id='word_1_284' title='bbox 1814 3516 2054 3573; x_wconf 90' lang='lat' dir='ltr'><strong>deridere</strong></span> <span class='ocrx_word' id='word_1_285' title='bbox 2081 3518 2245 3573; x_wconf 91' lang='lat' dir='ltr'><strong>illum.</strong></span> 
     </span>
    </p>
   </div>
   <div class='ocr_carea' id='block_1_36' title="bbox 685 3605 2251 3676">
    <p class='ocr_par' dir='ltr' id='par_1_36' title="bbox 685 3605 2251 3676">
     <span class='ocr_line' id='line_1_36' title="bbox 685 3605 2251 3676; baseline 0.001 -14"><span class='ocrx_word' id='word_1_286' title='bbox 685 3608 824 3662; x_wconf 79' lang='lat' dir='ltr'><strong>Deus</strong></span> <span class='ocrx_word' id='word_1_287' title='bbox 849 3622 975 3661; x_wconf 87' lang='lat' dir='ltr'><strong>vero</strong></span> <span class='ocrx_word' id='word_1_288' title='bbox 1005 3607 1055 3660; x_wconf 90' lang='lat' dir='ltr'><strong>id</strong></span> <span class='ocrx_word' id='word_1_289' title='bbox 1087 3606 1341 3675; x_wconf 87' lang='lat' dir='ltr'><strong>permisit,</strong></span> <span class='ocrx_word' id='word_1_290' title='bbox 1379 3620 1477 3659; x_wconf 89' lang='lat' dir='ltr'><strong>nec</strong></span> <span class='ocrx_word' id='word_1_291' title='bbox 1517 3605 1712 3660; x_wconf 90' lang='lat' dir='ltr'><strong>fulmen</strong></span> <span class='ocrx_word' id='word_1_292' title='bbox 1743 3622 1970 3676; x_wconf 87' lang='lat' dir='ltr'><strong>superne</strong></span> <span class='ocrx_word' id='word_1_293' title='bbox 2001 3610 2161 3675; x_wconf 90' lang='lat' dir='ltr'><strong>misit,</strong></span> <span class='ocrx_word' id='word_1_294' title='bbox 2196 3620 2251 3664; x_wconf 91' lang='lat' dir='ltr'><strong>ut</strong></span> 
     </span>
    </p>
   </div>
   <div class='ocr_carea' id='block_1_37' title="bbox 687 3695 2251 3770">
    <p class='ocr_par' dir='ltr' id='par_1_37' title="bbox 687 3695 2251 3770">
     <span class='ocr_line' id='line_1_37' title="bbox 687 3695 2251 3770; baseline 0.003 -18"><span class='ocrx_word' id='word_1_295' title='bbox 687 3697 1043 3768; x_wconf 89' lang='lat' dir='ltr'><strong>impudentem</strong></span> <span class='ocrx_word' id='word_1_296' title='bbox 1083 3697 1222 3751; x_wconf 87' lang='lat' dir='ltr'><strong>illam</strong></span> <span class='ocrx_word' id='word_1_297' title='bbox 1259 3695 1444 3752; x_wconf 80' lang='lat' dir='ltr'><strong>faciem</strong></span> <span class='ocrx_word' id='word_1_298' title='bbox 1481 3698 1860 3755; x_wconf 89' lang='lat' dir='ltr'><strong>combureret:</strong></span> <span class='ocrx_word' id='word_1_299' title='bbox 1895 3715 2063 3770; x_wconf 90' lang='lat' dir='ltr'><strong>neque</strong></span> <span class='ocrx_word' id='word_1_300' title='bbox 2095 3701 2251 3770; x_wconf 89' lang='lat' dir='ltr'><strong>jussit</strong></span> 
     </span>
    </p>
   </div>
   <div class='ocr_carea' id='block_1_38' title="bbox 687 3787 2249 3858">
    <p class='ocr_par' dir='ltr' id='par_1_38' title="bbox 687 3787 2249 3858">
     <span class='ocr_line' id='line_1_38' title="bbox 687 3787 2249 3858; baseline 0.006 -19"><span class='ocrx_word' id='word_1_301' title='bbox 687 3800 878 3843; x_wconf 84' lang='lat' dir='ltr'><strong>terram</strong></span> <span class='ocrx_word' id='word_1_302' title='bbox 912 3788 1052 3843; x_wconf 84' lang='lat' dir='ltr'><strong>hiatu</strong></span> <span class='ocrx_word' id='word_1_303' title='bbox 1091 3797 1256 3843; x_wconf 93' lang='lat' dir='ltr'><strong>totum</strong></span> <span class='ocrx_word' id='word_1_304' title='bbox 1289 3787 1412 3842; x_wconf 92' lang='lat' dir='ltr'><strong>illud</strong></span> <span class='ocrx_word' id='word_1_305' title='bbox 1455 3788 1691 3858; x_wconf 89' lang='lat' dir='ltr'><strong>iniquum</strong></span> <span class='ocrx_word' id='word_1_306' title='bbox 1733 3792 2034 3846; x_wconf 84' lang='lat' dir='ltr'><strong>convivium</strong></span> <span class='ocrx_word' id='word_1_307' title='bbox 2063 3793 2249 3848; x_wconf 89' lang='lat' dir='ltr'><strong>absor-</strong></span> 
     </span>
    </p>
   </div>
   <div class='ocr_carea' id='block_1_39' title="bbox 684 3880 2246 3955">
    <p class='ocr_par' dir='ltr' id='par_1_39' title="bbox 684 3880 2246 3955">
     <span class='ocr_line' id='line_1_39' title="bbox 684 3880 2246 3955; baseline 0.004 -21"><span class='ocrx_word' id='word_1_308' title='bbox 684 3881 809 3934; x_wconf 90' lang='lat' dir='ltr'><strong>bere</strong></span> <span class='ocrx_word' id='word_1_309' title='bbox 836 3922 849 3942; x_wconf 95' lang='lat'><strong>,</strong></span> <span class='ocrx_word' id='word_1_310' title='bbox 893 3889 948 3933; x_wconf 91' lang='lat' dir='ltr'><strong>ut</strong></span> <span class='ocrx_word' id='word_1_311' title='bbox 987 3880 1142 3934; x_wconf 83' lang='lat' dir='ltr'><strong>simul</strong></span> <span class='ocrx_word' id='word_1_312' title='bbox 1181 3882 1379 3948; x_wconf 86' lang='lat' dir='ltr'><strong>justum</strong></span> <span class='ocrx_word' id='word_1_313' title='bbox 1412 3882 1605 3935; x_wconf 87' lang='lat' dir='ltr'><strong>clarius</strong></span> <span class='ocrx_word' id='word_1_314' title='bbox 1635 3893 1911 3937; x_wconf 88' lang='lat' dir='ltr'><strong>coronaret</strong></span> <span class='ocrx_word' id='word_1_315' title='bbox 1935 3925 1947 3948; x_wconf 93' lang='lat'><strong>,</strong></span> <span class='ocrx_word' id='word_1_316' title='bbox 1982 3894 2035 3938; x_wconf 93' lang='lat' dir='ltr'><strong>et</strong></span> <span class='ocrx_word' id='word_1_317' title='bbox 2069 3884 2131 3938; x_wconf 87' lang='lat' dir='ltr'><strong>iis</strong></span> <span class='ocrx_word' id='word_1_318' title='bbox 2160 3888 2246 3955; x_wconf 89' lang='lat' dir='ltr'><strong>qui</strong></span> 
     </span>
    </p>
   </div>
   <div class='ocr_carea' id='block_1_40' title="bbox 684 3970 2249 4045">
    <p class='ocr_par' dir='ltr' id='par_1_40' title="bbox 684 3970 2249 4045">
     <span class='ocr_line' id='line_1_40' title="bbox 684 3970 2249 4045; baseline 0.004 -21"><span class='ocrx_word' id='word_1_319' title='bbox 684 3971 857 4041; x_wconf 87' lang='lat' dir='ltr'><strong>iniqua</strong></span> <span class='ocrx_word' id='word_1_320' title='bbox 905 3970 1108 4041; x_wconf 87' lang='lat' dir='ltr'><strong>passuri</strong></span> <span class='ocrx_word' id='word_1_321' title='bbox 1154 3982 1333 4040; x_wconf 88' lang='lat' dir='ltr'><strong>postea</strong></span> <span class='ocrx_word' id='word_1_322' title='bbox 1380 3981 1594 4037; x_wconf 69' lang='lat' dir='ltr'><strong>casent,</strong></span> <span class='ocrx_word' id='word_1_323' title='bbox 1639 3989 1878 4044; x_wconf 85' lang='lat' dir='ltr'><strong>magnam</strong></span> <span class='ocrx_word' id='word_1_324' title='bbox 1928 3976 2249 4045; x_wconf 88' lang='lat' dir='ltr'><strong>relinqueret</strong></span> 
     </span>
    </p>
   </div>
   <div class='ocr_carea' id='block_1_41' title="bbox 681 4063 2247 4138">
    <p class='ocr_par' dir='ltr' id='par_1_41' title="bbox 681 4063 2247 4138">
     <span class='ocr_line' id='line_1_41' title="bbox 681 4063 2247 4138; baseline 0.003 -19"><span class='ocrx_word' id='word_1_325' title='bbox 681 4065 1118 4119; x_wconf 87' lang='lat' dir='ltr'><strong>consolationem.</strong></span> <span class='ocrx_word' id='word_1_326' title='bbox 1153 4063 1437 4119; x_wconf 84' lang='lat' dir='ltr'><strong>Audiamus</strong></span> <span class='ocrx_word' id='word_1_327' title='bbox 1479 4066 1636 4135; x_wconf 84' lang='lat' dir='ltr'><strong>igitur</strong></span> <span class='ocrx_word' id='word_1_328' title='bbox 1675 4075 1933 4136; x_wconf 77' lang='lat' dir='ltr'><strong>quotquot</strong></span> <span class='ocrx_word' id='word_1_329' title='bbox 1961 4068 2025 4122; x_wconf 92' lang='lat' dir='ltr'><strong>ab</strong></span> <span class='ocrx_word' id='word_1_330' title='bbox 2056 4069 2247 4138; x_wconf 81' lang='lat' dir='ltr'><strong>iniquis</strong></span> 
     </span>
    </p>
   </div>
   <div class='ocr_carea' id='block_1_42' title="bbox 685 4156 2245 4228">
    <p class='ocr_par' dir='ltr' id='par_1_42' title="bbox 685 4156 2245 4228">
     <span class='ocr_line' id='line_1_42' title="bbox 685 4156 2245 4228; baseline 0.004 -20"><span class='ocrx_word' id='word_1_331' title='bbox 685 4156 982 4211; x_wconf 86' lang='lat' dir='ltr'><strong>hominibus</strong></span> <span class='ocrx_word' id='word_1_332' title='bbox 1003 4157 1178 4228; x_wconf 82' lang='lat' dir='ltr'><strong>gravia</strong></span> <span class='ocrx_word' id='word_1_333' title='bbox 1207 4157 1431 4226; x_wconf 84' lang='lat' dir='ltr'><strong>patimur</strong></span> <span class='ocrx_word' id='word_1_334' title='bbox 1455 4157 1576 4210; x_wconf 92' lang='lat' dir='ltr'><strong>dum</strong></span> <span class='ocrx_word' id='word_1_335' title='bbox 1605 4169 1747 4213; x_wconf 89' lang='lat' dir='ltr'><strong>recte</strong></span> <span class='ocrx_word' id='word_1_336' title='bbox 1774 4159 2014 4213; x_wconf 81' lang='lat' dir='ltr'><strong>vivimus.</strong></span> <span class='ocrx_word' id='word_1_337' title='bbox 2039 4161 2245 4216; x_wconf 88' lang='lat' dir='ltr'><strong>Etenim</strong></span> 
     </span>
    </p>
   </div>
   <div class='ocr_carea' id='block_1_43' title="bbox 684 4250 2243 4320">
    <p class='ocr_par' dir='ltr' id='par_1_43' title="bbox 684 4250 2243 4320">
     <span class='ocr_line' id='line_1_43' title="bbox 684 4250 2243 4320; baseline 0.003 -18"><span class='ocrx_word' id='word_1_338' title='bbox 684 4258 808 4304; x_wconf 90' lang='lat' dir='ltr'><strong>tunc</strong></span> <span class='ocrx_word' id='word_1_339' title='bbox 834 4250 972 4304; x_wconf 88' lang='lat' dir='ltr'><strong>Deus</strong></span> <span class='ocrx_word' id='word_1_340' title='bbox 1001 4263 1186 4318; x_wconf 87' lang='lat' dir='ltr'><strong>passus</strong></span> <span class='ocrx_word' id='word_1_341' title='bbox 1215 4259 1295 4303; x_wconf 92' lang='lat' dir='ltr'><strong>est</strong></span> <span class='ocrx_word' id='word_1_342' title='bbox 1318 4264 1436 4303; x_wconf 90' lang='lat' dir='ltr'><strong>eum</strong></span> <span class='ocrx_word' id='word_1_343' title='bbox 1460 4290 1474 4313; x_wconf 94' lang='lat'><strong>,</strong></span> <span class='ocrx_word' id='word_1_344' title='bbox 1502 4251 1587 4318; x_wconf 87' lang='lat' dir='ltr'><strong>qui</strong></span> <span class='ocrx_word' id='word_1_345' title='bbox 1621 4250 1670 4303; x_wconf 92' lang='lat' dir='ltr'><strong>in</strong></span> <span class='ocrx_word' id='word_1_346' title='bbox 1700 4251 1980 4306; x_wconf 90' lang='lat' dir='ltr'><strong>solitudine</strong></span> <span class='ocrx_word' id='word_1_347' title='bbox 2006 4253 2207 4320; x_wconf 75' lang='lat' dir='ltr'><strong>vixerat</strong></span> <span class='ocrx_word' id='word_1_348' title='bbox 2231 4297 2243 4318; x_wconf 95' lang='lat'><strong>,</strong></span> 
     </span>
    </p>
   </div>
   <div class='ocr_carea' id='block_1_44' title="bbox 681 4341 2244 4415">
    <p class='ocr_par' dir='ltr' id='par_1_44' title="bbox 681 4341 2244 4415">
     <span class='ocr_line' id='line_1_44' title="bbox 681 4341 2244 4415; baseline 0.004 -21"><span class='ocrx_word' id='word_1_349' title='bbox 681 4343 770 4410; x_wconf 85' lang='lat' dir='ltr'><strong>qui</strong></span> <span class='ocrx_word' id='word_1_350' title='bbox 802 4342 851 4395; x_wconf 91' lang='lat' dir='ltr'><strong>in</strong></span> <span class='ocrx_word' id='word_1_351' title='bbox 880 4356 1009 4395; x_wconf 89' lang='lat' dir='ltr'><strong>zona</strong></span> <span class='ocrx_word' id='word_1_352' title='bbox 1042 4341 1280 4410; x_wconf 88' lang='lat' dir='ltr'><strong>pellicea,</strong></span> <span class='ocrx_word' id='word_1_353' title='bbox 1310 4341 1397 4410; x_wconf 89' lang='lat' dir='ltr'><strong>qui</strong></span> <span class='ocrx_word' id='word_1_354' title='bbox 1441 4341 1491 4395; x_wconf 93' lang='lat' dir='ltr'><strong>in</strong></span> <span class='ocrx_word' id='word_1_355' title='bbox 1535 4342 1726 4408; x_wconf 89' lang='lat' dir='ltr'><strong>cilicio,</strong></span> <span class='ocrx_word' id='word_1_356' title='bbox 1758 4345 2087 4413; x_wconf 83' lang='lat' dir='ltr'><strong>prophetam,</strong></span> <span class='ocrx_word' id='word_1_357' title='bbox 2123 4362 2244 4415; x_wconf 81' lang='lat' dir='ltr'><strong>pro-</strong></span> 
     </span>
    </p>
   </div>
   <div class='ocr_carea' id='block_1_45' title="bbox 681 4433 2247 4506">
    <p class='ocr_par' dir='ltr' id='par_1_45' title="bbox 681 4433 2247 4506">
     <span class='ocr_line' id='line_1_45' title="bbox 681 4433 2247 4506; baseline 0.005 -20"><span class='ocrx_word' id='word_1_358' title='bbox 681 4434 855 4503; x_wconf 88' lang='lat' dir='ltr'><strong>phctis</strong></span> <span class='ocrx_word' id='word_1_359' title='bbox 898 4433 1188 4502; x_wconf 90' lang='lat' dir='ltr'><strong>majorem,</strong></span> <span class='ocrx_word' id='word_1_360' title='bbox 1227 4448 1331 4502; x_wconf 91' lang='lat' dir='ltr'><strong>quo</strong></span> <span class='ocrx_word' id='word_1_361' title='bbox 1381 4435 1552 4488; x_wconf 91' lang='lat' dir='ltr'><strong>nullus</strong></span> <span class='ocrx_word' id='word_1_362' title='bbox 1589 4435 1755 4504; x_wconf 86' lang='lat' dir='ltr'><strong>major</strong></span> <span class='ocrx_word' id='word_1_363' title='bbox 1800 4451 2044 4506; x_wconf 88' lang='lat' dir='ltr'><strong>umquam</strong></span> <span class='ocrx_word' id='word_1_364' title='bbox 2075 4438 2247 4494; x_wconf 82' lang='lat' dir='ltr'><strong>fuerat</strong></span> 
     </span>
    </p>
   </div>
   <div class='ocr_carea' id='block_1_46' title="bbox 682 4524 2246 4599">
    <p class='ocr_par' dir='ltr' id='par_1_46' title="bbox 682 4524 2246 4599">
     <span class='ocr_line' id='line_1_46' title="bbox 682 4524 2246 4599; baseline 0.006 -23"><span class='ocrx_word' id='word_1_365' title='bbox 682 4527 821 4582; x_wconf 88' lang='lat' dir='ltr'><strong>inter</strong></span> <span class='ocrx_word' id='word_1_366' title='bbox 847 4535 999 4581; x_wconf 88' lang='lat' dir='ltr'><strong>natos</strong></span> <span class='ocrx_word' id='word_1_367' title='bbox 1027 4525 1305 4580; x_wconf 87' lang='lat' dir='ltr'><strong>mulierum</strong></span> <span class='ocrx_word' id='word_1_368' title='bbox 1350 4524 1564 4592; x_wconf 78' lang='lat' dir='ltr'><strong>(Matth.</strong></span> <span class='ocrx_word' id='word_1_369' title='bbox 1599 4527 1682 4581; x_wconf 80' lang='grc'><strong>11.</strong></span> <span class='ocrx_word' id='word_1_370' title='bbox 1726 4526 1784 4581; x_wconf 80' lang='grc' dir='ltr'>Η</span> <span class='ocrx_word' id='word_1_371' title='bbox 1810 4529 1857 4595; x_wconf 84' lang='grc'><strong>),</strong></span> <span class='ocrx_word' id='word_1_372' title='bbox 1887 4528 2112 4584; x_wconf 85' lang='lat' dir='ltr'><strong>interfici</strong></span> <span class='ocrx_word' id='word_1_373' title='bbox 2152 4545 2246 4599; x_wconf 91' lang='lat' dir='ltr'><strong>per</strong></span> 
     </span>
    </p>
   </div>
   <div class='ocr_carea' id='block_1_47' title="bbox 683 4618 2246 4688">
    <p class='ocr_par' dir='ltr' id='par_1_47' title="bbox 683 4618 2246 4688">
     <span class='ocr_line' id='line_1_47' title="bbox 683 4618 2246 4688; baseline 0.004 -17"><span class='ocrx_word' id='word_1_374' title='bbox 683 4619 907 4688; x_wconf 76' lang='lat' dir='ltr'><strong>puellam</strong></span> <span class='ocrx_word' id='word_1_375' title='bbox 963 4618 1278 4688; x_wconf 90' lang='lat' dir='ltr'><strong>impudicam</strong></span> <span class='ocrx_word' id='word_1_376' title='bbox 1329 4627 1384 4672; x_wconf 91' lang='lat' dir='ltr'><strong>et</strong></span> <span class='ocrx_word' id='word_1_377' title='bbox 1435 4629 1730 4687; x_wconf 86' lang='lat' dir='ltr'><strong>corruptam</strong></span> <span class='ocrx_word' id='word_1_378' title='bbox 1786 4621 2117 4676; x_wconf 86' lang='lat' dir='ltr'><strong>meretricem</strong></span> <span class='ocrx_word' id='word_1_379' title='bbox 2153 4632 2246 4677; x_wconf 91' lang='lat' dir='ltr'><strong>:et</strong></span> 
     </span>
    </p>
   </div>
   <div class='ocr_carea' id='block_1_48' title="bbox 681 4709 2247 4784">
    <p class='ocr_par' dir='ltr' id='par_1_48' title="bbox 681 4709 2247 4784">
     <span class='ocr_line' id='line_1_48' title="bbox 681 4709 2247 4784; baseline 0.004 -21"><span class='ocrx_word' id='word_1_380' title='bbox 681 4709 797 4765; x_wconf 78' lang='lat' dir='ltr'><strong>lucc</strong></span> <span class='ocrx_word' id='word_1_381' title='bbox 821 4710 945 4765; x_wconf 87' lang='lat' dir='ltr'><strong>dum</strong></span> <span class='ocrx_word' id='word_1_382' title='bbox 974 4709 1177 4765; x_wconf 84' lang='lat' dir='ltr'><strong>divinas</strong></span> <span class='ocrx_word' id='word_1_383' title='bbox 1205 4712 1346 4781; x_wconf 88' lang='lat' dir='ltr'><strong>leges</strong></span> <span class='ocrx_word' id='word_1_384' title='bbox 1375 4719 1628 4766; x_wconf 88' lang='lat' dir='ltr'><strong>tueretur.</strong></span> <span class='ocrx_word' id='word_1_385' title='bbox 1660 4710 1780 4765; x_wconf 71' lang='lat' dir='ltr'><strong>Hzec</strong></span> <span class='ocrx_word' id='word_1_386' title='bbox 1810 4711 1985 4781; x_wconf 80' lang='lat' dir='ltr'><strong>itaque</strong></span> <span class='ocrx_word' id='word_1_387' title='bbox 2012 4715 2247 4784; x_wconf 84' lang='lat' dir='ltr'><strong>cogitan-</strong></span> 
     </span>
    </p>
   </div>
   <div class='ocr_carea' id='block_1_49' title="bbox 681 4801 2240 4874">
    <p class='ocr_par' dir='ltr' id='par_1_49' title="bbox 681 4801 2240 4874">
     <span class='ocr_line' id='line_1_49' title="bbox 681 4801 2240 4874; baseline 0.003 -19"><span class='ocrx_word' id='word_1_388' title='bbox 681 4812 791 4867; x_wconf 88' lang='lat' dir='ltr'><strong>tcs,</strong></span> <span class='ocrx_word' id='word_1_389' title='bbox 834 4801 1062 4857; x_wconf 83' lang='lat' dir='ltr'><strong>feramus</strong></span> <span class='ocrx_word' id='word_1_390' title='bbox 1102 4817 1357 4871; x_wconf 86' lang='lat' dir='ltr'><strong>generose</strong></span> <span class='ocrx_word' id='word_1_391' title='bbox 1395 4802 1568 4857; x_wconf 85' lang='lat' dir='ltr'><strong>omnia</strong></span> <span class='ocrx_word' id='word_1_392' title='bbox 1604 4819 1949 4874; x_wconf 78' lang='lat' dir='ltr'><strong>qtuecumque</strong></span> <span class='ocrx_word' id='word_1_393' title='bbox 1993 4807 2240 4874; x_wconf 87' lang='lat' dir='ltr'><strong>patimur.</strong></span> 
     </span>
    </p>
   </div>
   <div class='ocr_carea' id='block_1_50' title="bbox 680 4892 2244 4962">
    <p class='ocr_par' dir='ltr' id='par_1_50' title="bbox 680 4892 2244 4962">
     <span class='ocr_line' id='line_1_50' title="bbox 680 4892 2244 4962; baseline 0.003 -15"><span class='ocrx_word' id='word_1_394' title='bbox 680 4893 808 4948; x_wconf 84' lang='lat' dir='ltr'><strong>Nam</strong></span> <span class='ocrx_word' id='word_1_395' title='bbox 838 4903 891 4949; x_wconf 92' lang='lat' dir='ltr'><strong>et</strong></span> <span class='ocrx_word' id='word_1_396' title='bbox 921 4903 1045 4947; x_wconf 91' lang='lat' dir='ltr'><strong>tunc</strong></span> <span class='ocrx_word' id='word_1_397' title='bbox 1072 4892 1401 4961; x_wconf 84' lang='lat' dir='ltr'><strong>sanguinaria</strong></span> <span class='ocrx_word' id='word_1_398' title='bbox 1444 4893 1530 4945; x_wconf 90' lang='lat' dir='ltr'><strong>illa</strong></span> <span class='ocrx_word' id='word_1_399' title='bbox 1571 4903 1624 4946; x_wconf 90' lang='lat' dir='ltr'><strong>et</strong></span> <span class='ocrx_word' id='word_1_400' title='bbox 1663 4894 1836 4962; x_wconf 89' lang='lat' dir='ltr'><strong>iniqua</strong></span> <span class='ocrx_word' id='word_1_401' title='bbox 1882 4903 2080 4949; x_wconf 91' lang='lat' dir='ltr'><strong>tantum</strong></span> <span class='ocrx_word' id='word_1_402' title='bbox 2126 4910 2244 4952; x_wconf 88' lang='lat' dir='ltr'><strong>sese</strong></span> 
     </span>
    </p>
   </div>
   <div class='ocr_carea' id='block_1_51' title="bbox 677 4985 2242 5058">
    <p class='ocr_par' dir='ltr' id='par_1_51' title="bbox 677 4985 2242 5058">
     <span class='ocr_line' id='line_1_51' title="bbox 677 4985 2242 5058; baseline 0.002 -18"><span class='ocrx_word' id='word_1_403' title='bbox 677 4987 742 5041; x_wconf 90' lang='lat' dir='ltr'><strong>de</strong></span> <span class='ocrx_word' id='word_1_404' title='bbox 768 5001 852 5051; x_wconf 90' lang='lat' dir='ltr'><strong>co,</strong></span> <span class='ocrx_word' id='word_1_405' title='bbox 880 4986 968 5056; x_wconf 91' lang='lat' dir='ltr'><strong>qui</strong></span> <span class='ocrx_word' id='word_1_406' title='bbox 992 4986 1088 5040; x_wconf 91' lang='lat' dir='ltr'><strong>sibi</strong></span> <span class='ocrx_word' id='word_1_407' title='bbox 1112 4985 1350 5040; x_wconf 72' lang='lat' dir='ltr'><strong>dolorem</strong></span> <span class='ocrx_word' id='word_1_408' title='bbox 1376 4986 1642 5050; x_wconf 70' lang='lat' dir='ltr'><strong>attulerat,</strong></span> <span class='ocrx_word' id='word_1_409' title='bbox 1666 4986 1967 5054; x_wconf 87' lang='lat' dir='ltr'><strong>vindicavit,</strong></span> <span class='ocrx_word' id='word_1_410' title='bbox 1991 4999 2242 5058; x_wconf 87' lang='lat' dir='ltr'><strong>quantum</strong></span> 
     </span>
    </p>
   </div>
   <div class='ocr_carea' id='block_1_52' title="bbox 676 5078 2244 5151">
    <p class='ocr_par' dir='ltr' id='par_1_52' title="bbox 676 5078 2244 5151">
     <span class='ocr_line' id='line_1_52' title="bbox 676 5078 2244 5151; baseline 0.001 -19"><span class='ocrx_word' id='word_1_411' title='bbox 676 5080 860 5143; x_wconf 81' lang='lat' dir='ltr'><strong>voluit,</strong></span> <span class='ocrx_word' id='word_1_412' title='bbox 886 5080 1014 5134; x_wconf 88' lang='lat' dir='ltr'><strong>iram</strong></span> <span class='ocrx_word' id='word_1_413' title='bbox 1041 5088 1200 5131; x_wconf 87' lang='lat' dir='ltr'><strong>totam</strong></span> <span class='ocrx_word' id='word_1_414' title='bbox 1223 5079 1448 5140; x_wconf 83' lang='lat' dir='ltr'><strong>satiavit,</strong></span> <span class='ocrx_word' id='word_1_415' title='bbox 1472 5089 1525 5132; x_wconf 89' lang='lat' dir='ltr'><strong>et</strong></span> <span class='ocrx_word' id='word_1_416' title='bbox 1549 5079 1682 5131; x_wconf 82' lang='lat' dir='ltr'><strong>Deus</strong></span> <span class='ocrx_word' id='word_1_417' title='bbox 1703 5078 1751 5132; x_wconf 92' lang='lat' dir='ltr'><strong>id</strong></span> <span class='ocrx_word' id='word_1_418' title='bbox 1777 5079 2044 5147; x_wconf 89' lang='lat' dir='ltr'><strong>permisit:</strong></span> <span class='ocrx_word' id='word_1_419' title='bbox 2068 5097 2244 5151; x_wconf 89' lang='lat' dir='ltr'><strong>quam-</strong></span> 
     </span>
    </p>
   </div>
   <div class='ocr_carea' id='block_1_53' title="bbox 674 5170 2238 5242">
    <p class='ocr_par' dir='ltr' id='par_1_53' title="bbox 674 5170 2238 5242">
     <span class='ocr_line' id='line_1_53' title="bbox 674 5170 2238 5242; baseline 0 -16"><span class='ocrx_word' id='word_1_420' title='bbox 674 5188 831 5242; x_wconf 88' lang='lat' dir='ltr'><strong>quam</strong></span> <span class='ocrx_word' id='word_1_421' title='bbox 858 5171 986 5227; x_wconf 91' lang='lat' dir='ltr'><strong>nihil</strong></span> <span class='ocrx_word' id='word_1_422' title='bbox 1008 5171 1081 5227; x_wconf 91' lang='lat' dir='ltr'><strong>illi</strong></span> <span class='ocrx_word' id='word_1_423' title='bbox 1102 5171 1334 5226; x_wconf 80' lang='lat' dir='ltr'><strong>Joannes</strong></span> <span class='ocrx_word' id='word_1_424' title='bbox 1355 5170 1579 5233; x_wconf 83' lang='lat' dir='ltr'><strong>dixerat,</strong></span> <span class='ocrx_word' id='word_1_425' title='bbox 1604 5186 1700 5225; x_wconf 90' lang='lat' dir='ltr'><strong>nec</strong></span> <span class='ocrx_word' id='word_1_426' title='bbox 1721 5171 1860 5225; x_wconf 88' lang='lat' dir='ltr'><strong>illam</strong></span> <span class='ocrx_word' id='word_1_427' title='bbox 1882 5183 2238 5236; x_wconf 88' lang='lat' dir='ltr'><strong>accusaverat,</strong></span> 
     </span>
    </p>
   </div>
   <div class='ocr_carea' id='block_1_54' title="bbox 675 5262 2243 5321">
    <p class='ocr_par' dir='ltr' id='par_1_54' title="bbox 675 5262 2243 5321">
     <span class='ocr_line' id='line_1_54' title="bbox 675 5262 2243 5321; baseline 0.002 -3"><span class='ocrx_word' id='word_1_428' title='bbox 675 5264 768 5318; x_wconf 86' lang='lat' dir='ltr'><strong>sed</strong></span> <span class='ocrx_word' id='word_1_429' title='bbox 795 5265 961 5319; x_wconf 87' lang='lat' dir='ltr'><strong>virum</strong></span> <span class='ocrx_word' id='word_1_430' title='bbox 988 5273 1209 5319; x_wconf 90' lang='lat' dir='ltr'><strong>tantum.</strong></span> <span class='ocrx_word' id='word_1_431' title='bbox 1242 5262 1347 5318; x_wconf 92' lang='lat' dir='ltr'><strong>Sed</strong></span> <span class='ocrx_word' id='word_1_432' title='bbox 1375 5263 1692 5317; x_wconf 90' lang='lat' dir='ltr'><strong>conscientia</strong></span> <span class='ocrx_word' id='word_1_433' title='bbox 1722 5264 1941 5319; x_wconf 88' lang='lat' dir='ltr'><strong>acerbus</strong></span> <span class='ocrx_word' id='word_1_434' title='bbox 1969 5277 2243 5321; x_wconf 88' lang='lat' dir='ltr'><strong>accusator</strong></span> 
     </span>
    </p>
   </div>
   <div class='ocr_carea' id='block_1_55' title="bbox 675 5354 2241 5426">
    <p class='ocr_par' dir='ltr' id='par_1_55' title="bbox 675 5354 2241 5426">
     <span class='ocr_line' id='line_1_55' title="bbox 675 5354 2241 5426; baseline 0.001 -16"><span class='ocrx_word' id='word_1_435' title='bbox 675 5363 813 5410; x_wconf 87' lang='lat' dir='ltr'><strong>erat.</strong></span> <span class='ocrx_word' id='word_1_436' title='bbox 844 5355 1069 5426; x_wconf 87' lang='lat' dir='ltr'><strong>Ideoque</strong></span> <span class='ocrx_word' id='word_1_437' title='bbox 1091 5355 1141 5410; x_wconf 89' lang='lat' dir='ltr'><strong>in</strong></span> <span class='ocrx_word' id='word_1_438' title='bbox 1171 5354 1372 5424; x_wconf 87' lang='lat' dir='ltr'><strong>majora</strong></span> <span class='ocrx_word' id='word_1_439' title='bbox 1396 5354 1707 5423; x_wconf 88' lang='lat' dir='ltr'><strong>erumpebat</strong></span> <span class='ocrx_word' id='word_1_440' title='bbox 1732 5355 1887 5422; x_wconf 89' lang='lat' dir='ltr'><strong>mala,</strong></span> <span class='ocrx_word' id='word_1_441' title='bbox 1914 5355 2121 5423; x_wconf 90' lang='lat' dir='ltr'><strong>dolens,</strong></span> <span class='ocrx_word' id='word_1_442' title='bbox 2150 5357 2241 5412; x_wconf 89' lang='lat' dir='ltr'><strong>sti-</strong></span> 
     </span>
    </p>
   </div>
   <div class='ocr_carea' id='block_1_56' title="bbox 676 5447 2235 5520">
    <p class='ocr_par' dir='ltr' id='par_1_56' title="bbox 676 5447 2235 5520">
     <span class='ocr_line' id='line_1_56' title="bbox 676 5447 2235 5520; baseline 0.001 -19"><span class='ocrx_word' id='word_1_443' title='bbox 676 5449 831 5503; x_wconf 85' lang='lat' dir='ltr'><strong>mulis</strong></span> <span class='ocrx_word' id='word_1_444' title='bbox 854 5449 1074 5517; x_wconf 81' lang='lat' dir='ltr'><strong>agitata;</strong></span> <span class='ocrx_word' id='word_1_445' title='bbox 1096 5449 1364 5518; x_wconf 83' lang='lat' dir='ltr'><strong>simulque</strong></span> <span class='ocrx_word' id='word_1_446' title='bbox 1391 5447 1732 5504; x_wconf 89' lang='lat' dir='ltr'><strong>dedecoravit</strong></span> <span class='ocrx_word' id='word_1_447' title='bbox 1755 5463 1962 5516; x_wconf 89' lang='lat' dir='ltr'><strong>omnes,</strong></span> <span class='ocrx_word' id='word_1_448' title='bbox 1990 5451 2235 5520; x_wconf 88' lang='lat' dir='ltr'><strong>seipsam,</strong></span> 
     </span>
    </p>
   </div>
   <div class='ocr_carea' id='block_1_57' title="bbox 676 5526 2236 5613">
    <p class='ocr_par' dir='ltr' id='par_1_57' title="bbox 676 5526 2236 5613">
     <span class='ocr_line' id='line_1_57' title="bbox 676 5526 2236 5613; baseline 0.003 -19"><span class='ocrx_word' id='word_1_449' title='bbox 676 5539 856 5603; x_wconf 84' lang='lat' dir='ltr'><strong>filiam,</strong></span> <span class='ocrx_word' id='word_1_450' title='bbox 874 5541 1147 5596; x_wconf 87' lang='lat' dir='ltr'><strong>dimissum</strong></span> <span class='ocrx_word' id='word_1_451' title='bbox 1170 5541 1360 5608; x_wconf 89' lang='lat' dir='ltr'><strong>virum,</strong></span> <span class='ocrx_word' id='word_1_452' title='bbox 1384 5541 1646 5596; x_wconf 76' lang='lat' dir='ltr'><strong>viventem</strong></span> <span class='ocrx_word' id='word_1_453' title='bbox 1674 5544 1959 5608; x_wconf 62' lang='lat' dir='ltr'><strong>moechum,</strong></span> <span class='ocrx_word' id='word_1_454' title='bbox 1989 5526 2040 5596; x_wconf 83' lang='lat' dir='ltr'><strong>et</strong></span> <span class='ocrx_word' id='word_1_455' title='bbox 2066 5545 2236 5613; x_wconf 88' lang='lat' dir='ltr'><strong>priora</strong></span> 
     </span>
    </p>
   </div>
   <div class='ocr_carea' id='block_1_58' title="bbox 673 5633 2240 5705">
    <p class='ocr_par' dir='ltr' id='par_1_58' title="bbox 673 5633 2240 5705">
     <span class='ocr_line' id='line_1_58' title="bbox 673 5633 2240 5705; baseline 0.004 -18"><span class='ocrx_word' id='word_1_456' title='bbox 673 5649 921 5703; x_wconf 70' lang='lat' dir='ltr'><strong>supcrat“:</strong></span> <span class='ocrx_word' id='word_1_457' title='bbox 945 5633 1202 5689; x_wconf 86' lang='lat' dir='ltr'><strong>certabat.</strong></span> <span class='ocrx_word' id='word_1_458' title='bbox 1232 5634 1286 5689; x_wconf 89' lang='lat' dir='ltr'><strong>Si</strong></span> <span class='ocrx_word' id='word_1_459' title='bbox 1311 5634 1481 5700; x_wconf 86' lang='lat' dir='ltr'><strong>doles,</strong></span> <span class='ocrx_word' id='word_1_460' title='bbox 1514 5635 1701 5704; x_wconf 87' lang='lat' dir='ltr'><strong>inquit,</strong></span> <span class='ocrx_word' id='word_1_461' title='bbox 1727 5635 1864 5705; x_wconf 88' lang='lat' dir='ltr'><strong>quod</strong></span> <span class='ocrx_word' id='word_1_462' title='bbox 1896 5635 1984 5690; x_wconf 89' lang='lat' dir='ltr'><strong>ille</strong></span> <span class='ocrx_word' id='word_1_463' title='bbox 2009 5639 2240 5694; x_wconf 81' lang='lat' dir='ltr'><strong>moecho-</strong></span> 
     </span>
    </p>
   </div>
   <div class='ocr_carea' id='block_1_59' title="bbox 677 5726 2234 5797">
    <p class='ocr_par' dir='ltr' id='par_1_59' title="bbox 677 5726 2234 5797">
     <span class='ocr_line' id='line_1_59' title="bbox 677 5726 2234 5797; baseline 0.004 -16"><span class='ocrx_word' id='word_1_464' title='bbox 677 5739 788 5789; x_wconf 87' lang='lat' dir='ltr'><strong>tur,</strong></span> <span class='ocrx_word' id='word_1_465' title='bbox 816 5743 915 5796; x_wconf 83' lang='lat' dir='ltr'><strong>ego</strong></span> <span class='ocrx_word' id='word_1_466' title='bbox 958 5728 1105 5784; x_wconf 88' lang='lat' dir='ltr'><strong>illum</strong></span> <span class='ocrx_word' id='word_1_467' title='bbox 1147 5726 1459 5784; x_wconf 89' lang='lat' dir='ltr'><strong>homicidam</strong></span> <span class='ocrx_word' id='word_1_468' title='bbox 1490 5727 1673 5785; x_wconf 88' lang='lat' dir='ltr'><strong>faciam</strong></span> <span class='ocrx_word' id='word_1_469' title='bbox 1701 5770 1716 5797; x_wconf 93' lang='lat'><strong>,</strong></span> <span class='ocrx_word' id='word_1_470' title='bbox 1745 5739 1796 5785; x_wconf 88' lang='lat' dir='ltr'><strong>et</strong></span> <span class='ocrx_word' id='word_1_471' title='bbox 1829 5731 2125 5786; x_wconf 86' lang='lat' dir='ltr'><strong>accusantis</strong></span> <span class='ocrx_word' id='word_1_472' title='bbox 2156 5732 2234 5787; x_wconf 81' lang='lat' dir='ltr'><strong>in~</strong></span> 
     </span>
    </p>
   </div>
   <div class='ocr_carea' id='block_1_60' title="bbox 673 5819 1025 5878">
    <p class='ocr_par' dir='ltr' id='par_1_60' title="bbox 673 5819 1025 5878">
     <span class='ocr_line' id='line_1_60' title="bbox 673 5819 1025 5878; baseline 0.006 -6"><span class='ocrx_word' id='word_1_473' title='bbox 673 5819 1025 5878; x_wconf 78' lang='lat' dir='ltr'><strong>terfectorcm.</strong></span> 
     </span>
    </p>
   </div>
   <div class='ocr_carea' id='block_1_61' title="bbox 3822 390 3925 445">
    <p class='ocr_par' dir='ltr' id='par_1_61' title="bbox 3822 390 3925 445">
     <span class='ocr_line' id='line_1_61' title="bbox 3822 390 3925 445; baseline 0.019 -2"><span class='ocrx_word' id='word_1_474' title='bbox 3822 390 3925 445; x_wconf 66' lang='lat'><strong>‘93</strong></span> 
     </span>
    </p>
   </div>
   <div class='ocr_carea' id='block_1_62' title="bbox 2429 490 3926 571">
    <p class='ocr_par' dir='ltr' id='par_1_62' title="bbox 2429 490 3926 571">
     <span class='ocr_line' id='line_1_62' title="bbox 2429 490 3926 571; baseline 0.012 -26"><span class='ocrx_word' id='word_1_475' title='bbox 2429 490 2827 564; x_wconf 82' lang='lat' dir='ltr'><strong>Imprudentium</strong></span> <span class='ocrx_word' id='word_1_476' title='bbox 2847 499 3248 567; x_wconf 81' lang='lat' dir='ltr'><strong>jurameatorum</strong></span> <span class='ocrx_word' id='word_1_477' title='bbox 3279 509 3326 554; x_wconf 80' lang='lat' dir='ltr'><strong>et</strong></span> <span class='ocrx_word' id='word_1_478' title='bbox 3353 500 3694 571; x_wconf 79' lang='lat' dir='ltr'><strong>fomicatiouis</strong></span> <span class='ocrx_word' id='word_1_479' title='bbox 3718 514 3926 563; x_wconf 75' lang='lat' dir='ltr'><strong>damna.</strong></span> 
     </span>
    </p>
   </div>
   <div class='ocr_carea' id='block_1_63' title="bbox 2352 586 3926 670">
    <p class='ocr_par' dir='ltr' id='par_1_63' title="bbox 2352 586 3926 670">
     <span class='ocr_line' id='line_1_63' title="bbox 2352 586 3926 670; baseline 0.011 -32"><span class='ocrx_word' id='word_1_480' title='bbox 2352 615 2422 624; x_wconf 89' lang='lat'>—</span> <span class='ocrx_word' id='word_1_481' title='bbox 2451 586 2639 642; x_wconf 78' lang='lat' dir='ltr'><strong>Audite</strong></span> <span class='ocrx_word' id='word_1_482' title='bbox 2663 600 2919 659; x_wconf 85' lang='lat' dir='ltr'><strong>quotquot</strong></span> <span class='ocrx_word' id='word_1_483' title='bbox 2947 591 3080 644; x_wconf 90' lang='lat' dir='ltr'><strong>ultra</strong></span> <span class='ocrx_word' id='word_1_484' title='bbox 3107 608 3267 661; x_wconf 87' lang='lat' dir='ltr'><strong>quam</strong></span> <span class='ocrx_word' id='word_1_485' title='bbox 3293 593 3369 648; x_wconf 85' lang='lat' dir='ltr'><strong>fas</strong></span> <span class='ocrx_word' id='word_1_486' title='bbox 3403 603 3486 650; x_wconf 88' lang='lat' dir='ltr'><strong>est</strong></span> <span class='ocrx_word' id='word_1_487' title='bbox 3525 598 3774 654; x_wconf 78' lang='lat' dir='ltr'><strong>uxoribus</strong></span> <span class='ocrx_word' id='word_1_488' title='bbox 3815 603 3926 670; x_wconf 78' lang='lat' dir='ltr'><strong>pls-</strong></span> 
     </span>
    </p>
   </div>
   <div class='ocr_carea' id='block_1_64' title="bbox 2353 681 3930 762">
    <p class='ocr_par' dir='ltr' id='par_1_64' title="bbox 2353 681 3930 762">
     <span class='ocr_line' id='line_1_64' title="bbox 2353 681 3930 762; baseline 0.01 -30"><span class='ocrx_word' id='word_1_489' title='bbox 2353 693 2472 734; x_wconf 86' lang='lat' dir='ltr'><strong>cere</strong></span> <span class='ocrx_word' id='word_1_490' title='bbox 2501 681 2738 734; x_wconf 77' lang='lat' dir='ltr'><strong>stridetis.</strong></span> <span class='ocrx_word' id='word_1_491' title='bbox 2774 683 2962 738; x_wconf 84' lang='lat' dir='ltr'><strong>Audite</strong></span> <span class='ocrx_word' id='word_1_492' title='bbox 2987 693 3243 754; x_wconf 87' lang='lat' dir='ltr'><strong>quotquot</strong></span> <span class='ocrx_word' id='word_1_493' title='bbox 3262 688 3402 742; x_wconf 91' lang='lat' dir='ltr'><strong>circa</strong></span> <span class='ocrx_word' id='word_1_494' title='bbox 3425 705 3510 744; x_wconf 90' lang='lat' dir='ltr'><strong>res</strong></span> <span class='ocrx_word' id='word_1_495' title='bbox 3537 690 3764 747; x_wconf 90' lang='lat' dir='ltr'><strong>incertas</strong></span> <span class='ocrx_word' id='word_1_496' title='bbox 3783 693 3930 762; x_wconf 57' lang='lat' dir='ltr'><strong>jura.</strong></span> 
     </span>
    </p>
   </div>
   <div class='ocr_carea' id='block_1_65' title="bbox 2356 774 3926 850">
    <p class='ocr_par' dir='ltr' id='par_1_65' title="bbox 2356 774 3926 850">
     <span class='ocr_line' id='line_1_65' title="bbox 2356 774 3926 850; baseline 0.009 -26"><span class='ocrx_word' id='word_1_497' title='bbox 2356 781 2529 824; x_wconf 89' lang='lat' dir='ltr'><strong>menta</strong></span> <span class='ocrx_word' id='word_1_498' title='bbox 2561 774 2826 841; x_wconf 72' lang='lat' dir='ltr'><strong>przebetis,</strong></span> <span class='ocrx_word' id='word_1_499' title='bbox 2857 775 3078 844; x_wconf 89' lang='lat' dir='ltr'><strong>aliisque</strong></span> <span class='ocrx_word' id='word_1_500' title='bbox 3109 777 3356 844; x_wconf 90' lang='lat' dir='ltr'><strong>perniciei</strong></span> <span class='ocrx_word' id='word_1_501' title='bbox 3389 790 3575 834; x_wconf 72' lang='lat' dir='ltr'><strong>vestrae</strong></span> <span class='ocrx_word' id='word_1_502' title='bbox 3613 792 3926 850; x_wconf 82' lang='lat' dir='ltr'><strong>potestatem</strong></span> 
     </span>
    </p>
   </div>
   <div class='ocr_carea' id='block_1_66' title="bbox 2357 861 3929 929">
    <p class='ocr_par' dir='ltr' id='par_1_66' title="bbox 2357 861 3929 929">
     <span class='ocr_line' id='line_1_66' title="bbox 2357 861 3929 929; baseline 0.011 -17"><span class='ocrx_word' id='word_1_503' title='bbox 2357 861 2614 927; x_wconf 85' lang='lat' dir='ltr'><strong>tribuitis,</strong></span> <span class='ocrx_word' id='word_1_504' title='bbox 2644 878 2705 917; x_wconf 89' lang='lat' dir='ltr'><strong>ac</strong></span> <span class='ocrx_word' id='word_1_505' title='bbox 2741 864 2886 918; x_wconf 85' lang='lat' dir='ltr'><strong>vobis</strong></span> <span class='ocrx_word' id='word_1_506' title='bbox 2928 864 3228 920; x_wconf 86' lang='lat' dir='ltr'><strong>barathrum</strong></span> <span class='ocrx_word' id='word_1_507' title='bbox 3270 867 3523 924; x_wconf 69' lang='lat' dir='ltr'><strong>effoditis.</strong></span> <span class='ocrx_word' id='word_1_508' title='bbox 3568 872 3656 926; x_wconf 89' lang='lat' dir='ltr'><strong>Sic</strong></span> <span class='ocrx_word' id='word_1_509' title='bbox 3692 872 3929 929; x_wconf 81' lang='lat' dir='ltr'><strong>Herodes</strong></span> 
     </span>
    </p>
   </div>
   <div class='ocr_carea' id='block_1_67' title="bbox 2355 952 3932 1028">
    <p class='ocr_par' dir='ltr' id='par_1_67' title="bbox 2355 952 3932 1028">
     <span class='ocr_line' id='line_1_67' title="bbox 2355 952 3932 1028; baseline 0.008 -23"><span class='ocrx_word' id='word_1_510' title='bbox 2355 952 2526 1018; x_wconf 89' lang='lat' dir='ltr'><strong>periit.</strong></span> <span class='ocrx_word' id='word_1_511' title='bbox 2561 952 2785 1008; x_wconf 89' lang='lat' dir='ltr'><strong>Putabat</strong></span> <span class='ocrx_word' id='word_1_512' title='bbox 2823 955 2964 1009; x_wconf 89' lang='lat' dir='ltr'><strong>enim</strong></span> <span class='ocrx_word' id='word_1_513' title='bbox 3010 955 3174 1025; x_wconf 88' lang='lat' dir='ltr'><strong>ipsam</strong></span> <span class='ocrx_word' id='word_1_514' title='bbox 3206 958 3474 1028; x_wconf 88' lang='lat' dir='ltr'><strong>quidpiam</strong></span> <span class='ocrx_word' id='word_1_515' title='bbox 3518 963 3759 1017; x_wconf 82' lang='lat' dir='ltr'><strong>convivio</strong></span> <span class='ocrx_word' id='word_1_516' title='bbox 3801 980 3932 1018; x_wconf 80' lang='lat' dir='ltr'><strong>con-</strong></span> 
     </span>
    </p>
   </div>
   <div class='ocr_carea' id='block_1_68' title="bbox 2354 1045 3932 1118">
    <p class='ocr_par' dir='ltr' id='par_1_68' title="bbox 2354 1045 3932 1118">
     <span class='ocr_line' id='line_1_68' title="bbox 2354 1045 3932 1118; baseline 0.008 -23"><span class='ocrx_word' id='word_1_517' title='bbox 2354 1053 2661 1098; x_wconf 89' lang='lat' dir='ltr'><strong>scntaneum</strong></span> <span class='ocrx_word' id='word_1_518' title='bbox 2691 1045 2971 1112; x_wconf 90' lang='lat' dir='ltr'><strong>petituram</strong></span> <span class='ocrx_word' id='word_1_519' title='bbox 2994 1062 3132 1110; x_wconf 91' lang='lat' dir='ltr'><strong>esse,</strong></span> <span class='ocrx_word' id='word_1_520' title='bbox 3162 1049 3494 1118; x_wconf 88' lang='lat' dir='ltr'><strong>puellamque</strong></span> <span class='ocrx_word' id='word_1_521' title='bbox 3517 1053 3566 1105; x_wconf 91' lang='lat' dir='ltr'><strong>in</strong></span> <span class='ocrx_word' id='word_1_522' title='bbox 3594 1056 3932 1108; x_wconf 85' lang='lat' dir='ltr'><strong>solemnitate</strong></span> 
     </span>
    </p>
   </div>
   <div class='ocr_carea' id='block_1_69' title="bbox 2354 1132 3929 1208">
    <p class='ocr_par' dir='ltr' id='par_1_69' title="bbox 2354 1132 3929 1208">
     <span class='ocr_line' id='line_1_69' title="bbox 2354 1132 3929 1208; baseline 0.01 -23"><span class='ocrx_word' id='word_1_523' title='bbox 2354 1143 2406 1186; x_wconf 91' lang='lat' dir='ltr'><strong>et</strong></span> <span class='ocrx_word' id='word_1_524' title='bbox 2444 1132 2580 1187; x_wconf 89' lang='lat' dir='ltr'><strong>inter</strong></span> <span class='ocrx_word' id='word_1_525' title='bbox 2613 1136 2815 1203; x_wconf 91' lang='lat' dir='ltr'><strong>epulas,</strong></span> <span class='ocrx_word' id='word_1_526' title='bbox 2852 1152 2958 1191; x_wconf 89' lang='lat' dir='ltr'><strong>rem</strong></span> <span class='ocrx_word' id='word_1_527' title='bbox 2993 1140 3277 1207; x_wconf 89' lang='lat' dir='ltr'><strong>gratiosam</strong></span> <span class='ocrx_word' id='word_1_528' title='bbox 3308 1149 3361 1194; x_wconf 91' lang='lat' dir='ltr'><strong>et</strong></span> <span class='ocrx_word' id='word_1_529' title='bbox 3391 1141 3588 1208; x_wconf 70' lang='lat' dir='ltr'><strong>lmtam,</strong></span> <span class='ocrx_word' id='word_1_530' title='bbox 3620 1161 3722 1199; x_wconf 90' lang='lat' dir='ltr'><strong>non</strong></span> <span class='ocrx_word' id='word_1_531' title='bbox 3751 1155 3929 1200; x_wconf 89' lang='lat' dir='ltr'><strong>autem</strong></span> 
     </span>
    </p>
   </div>
   <div class='ocr_carea' id='block_1_70' title="bbox 2353 1226 3930 1304">
    <p class='ocr_par' dir='ltr' id='par_1_70' title="bbox 2353 1226 3930 1304">
     <span class='ocr_line' id='line_1_70' title="bbox 2353 1226 3930 1304; baseline 0.01 -27"><span class='ocrx_word' id='word_1_532' title='bbox 2353 1234 2509 1295; x_wconf 90' lang='lat' dir='ltr'><strong>caput</strong></span> <span class='ocrx_word' id='word_1_533' title='bbox 2533 1226 2628 1279; x_wconf 88' lang='lat' dir='ltr'><strong>viri</strong></span> <span class='ocrx_word' id='word_1_534' title='bbox 2665 1230 3041 1295; x_wconf 84' lang='lat' dir='ltr'><strong>postulaturam</strong></span> <span class='ocrx_word' id='word_1_535' title='bbox 3067 1247 3224 1295; x_wconf 86' lang='lat' dir='ltr'><strong>esse;</strong></span> <span class='ocrx_word' id='word_1_536' title='bbox 3261 1243 3313 1287; x_wconf 88' lang='lat' dir='ltr'><strong>et</strong></span> <span class='ocrx_word' id='word_1_537' title='bbox 3337 1232 3596 1304; x_wconf 85' lang='lat' dir='ltr'><strong>deceptus</strong></span> <span class='ocrx_word' id='word_1_538' title='bbox 3620 1246 3719 1290; x_wconf 89' lang='lat' dir='ltr'><strong>est.</strong></span> <span class='ocrx_word' id='word_1_539' title='bbox 3773 1241 3930 1292; x_wconf 82' lang='lat' dir='ltr'><strong>Atta-</strong></span> 
     </span>
    </p>
   </div>
   <div class='ocr_carea' id='block_1_71' title="bbox 2354 1317 3930 1392">
    <p class='ocr_par' dir='ltr' id='par_1_71' title="bbox 2354 1317 3930 1392">
     <span class='ocr_line' id='line_1_71' title="bbox 2354 1317 3930 1392; baseline 0.009 -23"><span class='ocrx_word' id='word_1_540' title='bbox 2354 1331 2473 1370; x_wconf 89' lang='lat' dir='ltr'><strong>men</strong></span> <span class='ocrx_word' id='word_1_541' title='bbox 2506 1317 2635 1371; x_wconf 91' lang='lat' dir='ltr'><strong>nihil</strong></span> <span class='ocrx_word' id='word_1_542' title='bbox 2671 1318 2857 1373; x_wconf 86' lang='lat' dir='ltr'><strong>ltorum</strong></span> <span class='ocrx_word' id='word_1_543' title='bbox 2891 1321 3060 1388; x_wconf 89' lang='lat' dir='ltr'><strong>ipsum</strong></span> <span class='ocrx_word' id='word_1_544' title='bbox 3095 1323 3353 1392; x_wconf 85' lang='lat' dir='ltr'><strong>purgabit.</strong></span> <span class='ocrx_word' id='word_1_545' title='bbox 3397 1325 3618 1380; x_wconf 87' lang='lat' dir='ltr'><strong>Etiamsi</strong></span> <span class='ocrx_word' id='word_1_546' title='bbox 3660 1329 3799 1382; x_wconf 91' lang='lat' dir='ltr'><strong>enim</strong></span> <span class='ocrx_word' id='word_1_547' title='bbox 3840 1330 3930 1384; x_wconf 89' lang='lat' dir='ltr'><strong>illa</strong></span> 
     </span>
    </p>
   </div>
   <div class='ocr_carea' id='block_1_72' title="bbox 2353 1407 3930 1482">
    <p class='ocr_par' dir='ltr' id='par_1_72' title="bbox 2353 1407 3930 1482">
     <span class='ocr_line' id='line_1_72' title="bbox 2353 1407 3930 1482; baseline 0.009 -22"><span class='ocrx_word' id='word_1_548' title='bbox 2353 1421 2470 1460; x_wconf 90' lang='lat' dir='ltr'><strong>cum</strong></span> <span class='ocrx_word' id='word_1_549' title='bbox 2501 1407 2620 1462; x_wconf 79' lang='lat' dir='ltr'><strong>feris</strong></span> <span class='ocrx_word' id='word_1_550' title='bbox 2651 1413 2991 1478; x_wconf 77' lang='lat' dir='ltr'><strong>pugnantium</strong></span> <span class='ocrx_word' id='word_1_551' title='bbox 3024 1413 3253 1466; x_wconf 77' lang='lat' dir='ltr'><strong>virorum</strong></span> <span class='ocrx_word' id='word_1_552' title='bbox 3286 1416 3517 1469; x_wconf 89' lang='lat' dir='ltr'><strong>animum</strong></span> <span class='ocrx_word' id='word_1_553' title='bbox 3548 1417 3814 1482; x_wconf 88' lang='lat' dir='ltr'><strong>habuerit,</strong></span> <span class='ocrx_word' id='word_1_554' title='bbox 3849 1430 3930 1474; x_wconf 86' lang='lat' dir='ltr'><strong>at-</strong></span> 
     </span>
    </p>
   </div>
   <div class='ocr_carea' id='block_1_73' title="bbox 2356 1501 3929 1580">
    <p class='ocr_par' dir='ltr' id='par_1_73' title="bbox 2356 1501 3929 1580">
     <span class='ocr_line' id='line_1_73' title="bbox 2356 1501 3929 1580; baseline 0.01 -28"><span class='ocrx_word' id='word_1_555' title='bbox 2356 1508 2528 1554; x_wconf 87' lang='lat' dir='ltr'><strong>tamen</strong></span> <span class='ocrx_word' id='word_1_556' title='bbox 2561 1515 2662 1554; x_wconf 90' lang='lat' dir='ltr'><strong>non</strong></span> <span class='ocrx_word' id='word_1_557' title='bbox 2691 1501 2865 1556; x_wconf 89' lang='lat' dir='ltr'><strong>decuit</strong></span> <span class='ocrx_word' id='word_1_558' title='bbox 2896 1505 3036 1557; x_wconf 88' lang='lat' dir='ltr'><strong>illum</strong></span> <span class='ocrx_word' id='word_1_559' title='bbox 3069 1519 3126 1558; x_wconf 91' lang='lat' dir='ltr'><strong>se</strong></span> <span class='ocrx_word' id='word_1_560' title='bbox 3155 1509 3222 1559; x_wconf 90' lang='lat' dir='ltr'><strong>ita</strong></span> <span class='ocrx_word' id='word_1_561' title='bbox 3254 1506 3622 1576; x_wconf 87' lang='lat' dir='ltr'><strong>decipiendum</strong></span> <span class='ocrx_word' id='word_1_562' title='bbox 3655 1513 3892 1580; x_wconf 71' lang='lat' dir='ltr'><strong>prmbcrc</strong></span> <span class='ocrx_word' id='word_1_563' title='bbox 3913 1555 3929 1576; x_wconf 95' lang='lat'><strong>,</strong></span> 
     </span>
    </p>
   </div>
   <div class='ocr_carea' id='block_1_74' title="bbox 2357 1593 3928 1673">
    <p class='ocr_par' dir='ltr' id='par_1_74' title="bbox 2357 1593 3928 1673">
     <span class='ocr_line' id='line_1_74' title="bbox 2357 1593 3928 1673; baseline 0.01 -29"><span class='ocrx_word' id='word_1_564' title='bbox 2357 1607 2456 1646; x_wconf 89' lang='lat' dir='ltr'><strong>nec</strong></span> <span class='ocrx_word' id='word_1_565' title='bbox 2486 1594 2760 1662; x_wconf 78' lang='lat' dir='ltr'><strong>tyrannica</strong></span> <span class='ocrx_word' id='word_1_566' title='bbox 2785 1593 2999 1665; x_wconf 87' lang='lat' dir='ltr'><strong>obsequi</strong></span> <span class='ocrx_word' id='word_1_567' title='bbox 3029 1597 3270 1664; x_wconf 90' lang='lat' dir='ltr'><strong>imperio.</strong></span> <span class='ocrx_word' id='word_1_568' title='bbox 3297 1599 3472 1653; x_wconf 45' lang='lat' dir='ltr'><strong>Prin‘io</strong></span> <span class='ocrx_word' id='word_1_569' title='bbox 3496 1603 3659 1666; x_wconf 89' lang='lat' dir='ltr'><strong>enim,</strong></span> <span class='ocrx_word' id='word_1_570' title='bbox 3683 1605 3798 1673; x_wconf 91' lang='lat' dir='ltr'><strong>quis</strong></span> <span class='ocrx_word' id='word_1_571' title='bbox 3821 1622 3928 1659; x_wconf 90' lang='lat' dir='ltr'><strong>non</strong></span> 
     </span>
    </p>
   </div>
   <div class='ocr_carea' id='block_1_75' title="bbox 2355 1681 3930 1762">
    <p class='ocr_par' dir='ltr' id='par_1_75' title="bbox 2355 1681 3930 1762">
     <span class='ocr_line' id='line_1_75' title="bbox 2355 1681 3930 1762; baseline 0.007 -26"><span class='ocrx_word' id='word_1_572' title='bbox 2355 1681 2632 1736; x_wconf 82' lang='lat' dir='ltr'><strong>exhorruit</strong></span> <span class='ocrx_word' id='word_1_573' title='bbox 2666 1698 2872 1737; x_wconf 88' lang='lat' dir='ltr'><strong>sacrmn</strong></span> <span class='ocrx_word' id='word_1_574' title='bbox 2912 1684 3038 1738; x_wconf 90' lang='lat' dir='ltr'><strong>illud</strong></span> <span class='ocrx_word' id='word_1_575' title='bbox 3075 1696 3231 1754; x_wconf 82' lang='lat' dir='ltr'><strong>caput</strong></span> <span class='ocrx_word' id='word_1_576' title='bbox 3258 1688 3441 1744; x_wconf 89' lang='lat' dir='ltr'><strong>videns</strong></span> <span class='ocrx_word' id='word_1_577' title='bbox 3471 1693 3778 1762; x_wconf 85' lang='lat' dir='ltr'><strong>sanguinem</strong></span> <span class='ocrx_word' id='word_1_578' title='bbox 3811 1695 3930 1747; x_wconf 82' lang='lat' dir='ltr'><strong>stil-</strong></span> 
     </span>
    </p>
   </div>
   <div class='ocr_carea' id='block_1_76' title="bbox 2356 1772 3933 1851">
    <p class='ocr_par' dir='ltr' id='par_1_76' title="bbox 2356 1772 3933 1851">
     <span class='ocr_line' id='line_1_76' title="bbox 2356 1772 3933 1851; baseline 0.008 -26"><span class='ocrx_word' id='word_1_579' title='bbox 2356 1772 2495 1838; x_wconf 90' lang='lat' dir='ltr'><strong>lare,</strong></span> <span class='ocrx_word' id='word_1_580' title='bbox 2527 1782 2579 1827; x_wconf 90' lang='lat' dir='ltr'><strong>et</strong></span> <span class='ocrx_word' id='word_1_581' title='bbox 2605 1774 2741 1827; x_wconf 86' lang='lat' dir='ltr'><strong>inter</strong></span> <span class='ocrx_word' id='word_1_582' title='bbox 2765 1774 2946 1842; x_wconf 82' lang='lat' dir='ltr'><strong>epulas</strong></span> <span class='ocrx_word' id='word_1_583' title='bbox 2975 1777 3206 1844; x_wconf 84' lang='lat' dir='ltr'><strong>reponi?</strong></span> <span class='ocrx_word' id='word_1_584' title='bbox 3235 1779 3301 1831; x_wconf 73' lang='lat' dir='ltr'><strong>At</strong></span> <span class='ocrx_word' id='word_1_585' title='bbox 3329 1794 3432 1832; x_wconf 91' lang='lat' dir='ltr'><strong>non</strong></span> <span class='ocrx_word' id='word_1_586' title='bbox 3470 1779 3682 1851; x_wconf 90' lang='lat' dir='ltr'><strong>iniquus</strong></span> <span class='ocrx_word' id='word_1_587' title='bbox 3710 1784 3795 1836; x_wconf 90' lang='lat' dir='ltr'><strong>ille</strong></span> <span class='ocrx_word' id='word_1_588' title='bbox 3827 1783 3933 1838; x_wconf 81' lang='lat' dir='ltr'><strong>lle-</strong></span> 
     </span>
    </p>
   </div>
   <div class='ocr_carea' id='block_1_77' title="bbox 2357 1862 3933 1943">
    <p class='ocr_par' dir='ltr' id='par_1_77' title="bbox 2357 1862 3933 1943">
     <span class='ocr_line' id='line_1_77' title="bbox 2357 1862 3933 1943; baseline 0.006 -26"><span class='ocrx_word' id='word_1_589' title='bbox 2357 1862 2546 1929; x_wconf 86' lang='lat' dir='ltr'><strong>rodes,</strong></span> <span class='ocrx_word' id='word_1_590' title='bbox 2595 1880 2699 1918; x_wconf 89' lang='lat' dir='ltr'><strong>non</strong></span> <span class='ocrx_word' id='word_1_591' title='bbox 2743 1865 3115 1920; x_wconf 83' lang='lat' dir='ltr'><strong>exsecrabilior</strong></span> <span class='ocrx_word' id='word_1_592' title='bbox 3157 1867 3245 1922; x_wconf 92' lang='lat' dir='ltr'><strong>illo</strong></span> <span class='ocrx_word' id='word_1_593' title='bbox 3290 1869 3500 1924; x_wconf 88' lang='lat' dir='ltr'><strong>mulier.</strong></span> <span class='ocrx_word' id='word_1_594' title='bbox 3542 1872 3697 1928; x_wconf 86' lang='lat' dir='ltr'><strong>Tales</strong></span> <span class='ocrx_word' id='word_1_595' title='bbox 3736 1875 3933 1943; x_wconf 88' lang='lat' dir='ltr'><strong>quippe</strong></span> 
     </span>
    </p>
   </div>
   <div class='ocr_carea' id='block_1_78' title="bbox 2355 1958 3934 2030">
    <p class='ocr_par' dir='ltr' id='par_1_78' title="bbox 2355 1958 3934 2030">
     <span class='ocr_line' id='line_1_78' title="bbox 2355 1958 3934 2030; baseline 0.008 -20"><span class='ocrx_word' id='word_1_596' title='bbox 2355 1966 2478 2011; x_wconf 92' lang='lat' dir='ltr'><strong>sunt</strong></span> <span class='ocrx_word' id='word_1_597' title='bbox 2505 1958 2808 2012; x_wconf 88' lang='lat' dir='ltr'><strong>meretrices</strong></span> <span class='ocrx_word' id='word_1_598' title='bbox 2834 1977 2848 2011; x_wconf 87' lang='lat'><strong>:</strong></span> <span class='ocrx_word' id='word_1_599' title='bbox 2873 1959 3106 2014; x_wconf 91' lang='lat' dir='ltr'><strong>omnium</strong></span> <span class='ocrx_word' id='word_1_600' title='bbox 3138 1961 3571 2030; x_wconf 76' lang='lat' dir='ltr'><strong>petulantissima:</strong></span> <span class='ocrx_word' id='word_1_601' title='bbox 3596 1975 3647 2021; x_wconf 88' lang='lat' dir='ltr'><strong>et</strong></span> <span class='ocrx_word' id='word_1_602' title='bbox 3674 1968 3934 2022; x_wconf 84' lang='lat' dir='ltr'><strong>crudelis-</strong></span> 
     </span>
    </p>
   </div>
   <div class='ocr_carea' id='block_1_79' title="bbox 2355 2050 3931 2130">
    <p class='ocr_par' dir='ltr' id='par_1_79' title="bbox 2355 2050 3931 2130">
     <span class='ocr_line' id='line_1_79' title="bbox 2355 2050 3931 2130; baseline 0.006 -27"><span class='ocrx_word' id='word_1_603' title='bbox 2355 2051 2522 2104; x_wconf 67' lang='lat' dir='ltr'><strong>simae.</strong></span> <span class='ocrx_word' id='word_1_604' title='bbox 2553 2050 2682 2105; x_wconf 90' lang='lat' dir='ltr'><strong>Nam</strong></span> <span class='ocrx_word' id='word_1_605' title='bbox 2708 2052 2749 2104; x_wconf 90' lang='lat' dir='ltr'><strong>si</strong></span> <span class='ocrx_word' id='word_1_606' title='bbox 2773 2066 2869 2106; x_wconf 87' lang='lat' dir='ltr'><strong>nos</strong></span> <span class='ocrx_word' id='word_1_607' title='bbox 2896 2053 3007 2107; x_wconf 68' lang='lat' dir='ltr'><strong>hare</strong></span> <span class='ocrx_word' id='word_1_608' title='bbox 3027 2052 3301 2109; x_wconf 88' lang='lat' dir='ltr'><strong>audientes</strong></span> <span class='ocrx_word' id='word_1_609' title='bbox 3326 2057 3796 2124; x_wconf 86' lang='lat' dir='ltr'><strong>perhorrescimus,</strong></span> <span class='ocrx_word' id='word_1_610' title='bbox 3822 2076 3931 2130; x_wconf 84' lang='lat' dir='ltr'><strong>quo</strong></span> 
     </span>
    </p>
   </div>
   <div class='ocr_carea' id='block_1_80' title="bbox 2354 2141 3934 2219">
    <p class='ocr_par' dir='ltr' id='par_1_80' title="bbox 2354 2141 3934 2219">
     <span class='ocr_line' id='line_1_80' title="bbox 2354 2141 3934 2219; baseline 0.009 -25"><span class='ocrx_word' id='word_1_611' title='bbox 2354 2143 2531 2196; x_wconf 90' lang='lat' dir='ltr'><strong>animo</strong></span> <span class='ocrx_word' id='word_1_612' title='bbox 2557 2141 2719 2198; x_wconf 90' lang='lat' dir='ltr'><strong>fuisse</strong></span> <span class='ocrx_word' id='word_1_613' title='bbox 2757 2144 3045 2214; x_wconf 90' lang='lat' dir='ltr'><strong>putandum</strong></span> <span class='ocrx_word' id='word_1_614' title='bbox 3085 2156 3166 2200; x_wconf 87' lang='lat' dir='ltr'><strong>est</strong></span> <span class='ocrx_word' id='word_1_615' title='bbox 3202 2161 3296 2202; x_wconf 89' lang='lat' dir='ltr'><strong>eos</strong></span> <span class='ocrx_word' id='word_1_616' title='bbox 3321 2149 3408 2216; x_wconf 91' lang='lat' dir='ltr'><strong>qui</strong></span> <span class='ocrx_word' id='word_1_617' title='bbox 3451 2149 3563 2203; x_wconf 82' lang='lat' dir='ltr'><strong>haec</strong></span> <span class='ocrx_word' id='word_1_618' title='bbox 3599 2149 3724 2219; x_wconf 86' lang='lat' dir='ltr'><strong>ipsis</strong></span> <span class='ocrx_word' id='word_1_619' title='bbox 3761 2153 3934 2207; x_wconf 87' lang='lat' dir='ltr'><strong>oculis</strong></span> 
     </span>
    </p>
   </div>
   <div class='ocr_carea' id='block_1_81' title="bbox 2354 2234 3934 2308">
    <p class='ocr_par' dir='ltr' id='par_1_81' title="bbox 2354 2234 3934 2308">
     <span class='ocr_line' id='line_1_81' title="bbox 2354 2234 3934 2308; baseline 0.005 -22"><span class='ocrx_word' id='word_1_620' title='bbox 2354 2234 2676 2288; x_wconf 85' lang='lat' dir='ltr'><strong>cernerent?</strong></span> <span class='ocrx_word' id='word_1_621' title='bbox 2699 2234 2823 2304; x_wconf 88' lang='lat' dir='ltr'><strong>quid</strong></span> <span class='ocrx_word' id='word_1_622' title='bbox 2851 2235 2992 2304; x_wconf 86' lang='lat' dir='ltr'><strong>passi</strong></span> <span class='ocrx_word' id='word_1_623' title='bbox 3019 2243 3142 2289; x_wconf 91' lang='lat' dir='ltr'><strong>sunt</strong></span> <span class='ocrx_word' id='word_1_624' title='bbox 3168 2238 3404 2291; x_wconf 73' lang='lat' dir='ltr'><strong>conviva:</strong></span> <span class='ocrx_word' id='word_1_625' title='bbox 3431 2248 3588 2308; x_wconf 90' lang='lat' dir='ltr'><strong>caput</strong></span> <span class='ocrx_word' id='word_1_626' title='bbox 3611 2256 3796 2296; x_wconf 90' lang='lat' dir='ltr'><strong>recens</strong></span> <span class='ocrx_word' id='word_1_627' title='bbox 3816 2257 3934 2296; x_wconf 84' lang='lat' dir='ltr'><strong>am-</strong></span> 
     </span>
    </p>
   </div>
   <div class='ocr_carea' id='block_1_82' title="bbox 2357 2315 3933 2396">
    <p class='ocr_par' dir='ltr' id='par_1_82' title="bbox 2357 2315 3933 2396">
     <span class='ocr_line' id='line_1_82' title="bbox 2357 2315 3933 2396; baseline 0.007 -20"><span class='ocrx_word' id='word_1_628' title='bbox 2357 2332 2592 2392; x_wconf 89' lang='lat' dir='ltr'><strong>putatum</strong></span> <span class='ocrx_word' id='word_1_629' title='bbox 2634 2334 2688 2379; x_wconf 91' lang='lat' dir='ltr'><strong>et</strong></span> <span class='ocrx_word' id='word_1_630' title='bbox 2735 2326 3046 2396; x_wconf 88' lang='lat' dir='ltr'><strong>sanguinem</strong></span> <span class='ocrx_word' id='word_1_631' title='bbox 3091 2315 3332 2383; x_wconf 66' lang='lat' dir='ltr'><strong>videntes</strong></span> <span class='ocrx_word' id='word_1_632' title='bbox 3376 2327 3427 2382; x_wconf 92' lang='lat' dir='ltr'><strong>in</strong></span> <span class='ocrx_word' id='word_1_633' title='bbox 3469 2330 3646 2385; x_wconf 90' lang='lat' dir='ltr'><strong>medio</strong></span> <span class='ocrx_word' id='word_1_634' title='bbox 3687 2333 3933 2387; x_wconf 91' lang='lat' dir='ltr'><strong>convivio</strong></span> 
     </span>
    </p>
   </div>
   <div class='ocr_carea' id='block_1_83' title="bbox 2359 2415 3932 2491">
    <p class='ocr_par' dir='ltr' id='par_1_83' title="bbox 2359 2415 3932 2491">
     <span class='ocr_line' id='line_1_83' title="bbox 2359 2415 3932 2491; baseline 0.006 -24"><span class='ocrx_word' id='word_1_635' title='bbox 2359 2415 2646 2486; x_wconf 85' lang='lat' dir='ltr'><strong>repositum</strong></span> <span class='ocrx_word' id='word_1_636' title='bbox 2672 2417 2695 2468; x_wconf 90' lang='lat'><strong>?</strong></span> <span class='ocrx_word' id='word_1_637' title='bbox 2725 2418 2790 2469; x_wconf 88' lang='lat' dir='ltr'><strong>At</strong></span> <span class='ocrx_word' id='word_1_638' title='bbox 2821 2432 2923 2470; x_wconf 87' lang='lat' dir='ltr'><strong>non</strong></span> <span class='ocrx_word' id='word_1_639' title='bbox 2953 2418 3287 2485; x_wconf 85' lang='lat' dir='ltr'><strong>sanguinaria</strong></span> <span class='ocrx_word' id='word_1_640' title='bbox 3321 2419 3403 2473; x_wconf 91' lang='lat' dir='ltr'><strong>illa</strong></span> <span class='ocrx_word' id='word_1_641' title='bbox 3435 2427 3488 2473; x_wconf 90' lang='lat' dir='ltr'><strong>et</strong></span> <span class='ocrx_word' id='word_1_642' title='bbox 3518 2421 3645 2491; x_wconf 89' lang='lat' dir='ltr'><strong>ipsis</strong></span> <span class='ocrx_word' id='word_1_643' title='bbox 3677 2422 3821 2485; x_wconf 86' lang='lat' dir='ltr'><strong>furiis</strong></span> <span class='ocrx_word' id='word_1_644' title='bbox 3851 2423 3932 2477; x_wconf 81' lang='lat' dir='ltr'><strong>fe-</strong></span> 
     </span>
    </p>
   </div>
   <div class='ocr_carea' id='block_1_84' title="bbox 2357 2505 3928 2576">
    <p class='ocr_par' dir='ltr' id='par_1_84' title="bbox 2357 2505 3928 2576">
     <span class='ocr_line' id='line_1_84' title="bbox 2357 2505 3928 2576; baseline 0.007 -19"><span class='ocrx_word' id='word_1_645' title='bbox 2357 2506 2531 2559; x_wconf 88' lang='lat' dir='ltr'><strong>rocior</strong></span> <span class='ocrx_word' id='word_1_646' title='bbox 2560 2505 2651 2559; x_wconf 94' lang='lat' dir='ltr'><strong>illo</strong></span> <span class='ocrx_word' id='word_1_647' title='bbox 2679 2519 2940 2560; x_wconf 87' lang='lat' dir='ltr'><strong>commota</strong></span> <span class='ocrx_word' id='word_1_648' title='bbox 2973 2507 3070 2560; x_wconf 90' lang='lat' dir='ltr'><strong>fuit</strong></span> <span class='ocrx_word' id='word_1_649' title='bbox 3097 2510 3401 2576; x_wconf 86' lang='lat' dir='ltr'><strong>spectaculo</strong></span> <span class='ocrx_word' id='word_1_650' title='bbox 3421 2553 3434 2572; x_wconf 91' lang='lat'><strong>,</strong></span> <span class='ocrx_word' id='word_1_651' title='bbox 3466 2512 3558 2566; x_wconf 92' lang='lat' dir='ltr'><strong>sed</strong></span> <span class='ocrx_word' id='word_1_652' title='bbox 3586 2513 3884 2567; x_wconf 80' lang='lat' dir='ltr'><strong>exsultabat</strong></span> <span class='ocrx_word' id='word_1_653' title='bbox 3915 2533 3928 2568; x_wconf 92' lang='lat'><strong>:</strong></span> 
     </span>
    </p>
   </div>
   <div class='ocr_carea' id='block_1_85' title="bbox 2354 2597 3932 2671">
    <p class='ocr_par' dir='ltr' id='par_1_85' title="bbox 2354 2597 3932 2671">
     <span class='ocr_line' id='line_1_85' title="bbox 2354 2597 3932 2671; baseline 0.006 -22"><span class='ocrx_word' id='word_1_654' title='bbox 2354 2597 2520 2666; x_wconf 87' lang='lat' dir='ltr'><strong>atqui,</strong></span> <span class='ocrx_word' id='word_1_655' title='bbox 2546 2597 2644 2652; x_wconf 88' lang='lat' dir='ltr'><strong>etsi</strong></span> <span class='ocrx_word' id='word_1_656' title='bbox 2676 2615 2779 2652; x_wconf 90' lang='lat' dir='ltr'><strong>non</strong></span> <span class='ocrx_word' id='word_1_657' title='bbox 2807 2598 3039 2661; x_wconf 88' lang='lat' dir='ltr'><strong>aliunde,</strong></span> <span class='ocrx_word' id='word_1_658' title='bbox 3069 2616 3132 2655; x_wconf 85' lang='lat' dir='ltr'><strong>ex</strong></span> <span class='ocrx_word' id='word_1_659' title='bbox 3162 2601 3278 2655; x_wconf 91' lang='lat' dir='ltr'><strong>solo</strong></span> <span class='ocrx_word' id='word_1_660' title='bbox 3305 2612 3520 2671; x_wconf 89' lang='lat' dir='ltr'><strong>aspectu</strong></span> <span class='ocrx_word' id='word_1_661' title='bbox 3552 2605 3738 2659; x_wconf 89' lang='lat' dir='ltr'><strong>saltem</strong></span> <span class='ocrx_word' id='word_1_662' title='bbox 3779 2607 3932 2660; x_wconf 86' lang='lat' dir='ltr'><strong>fasti-</strong></span> 
     </span>
    </p>
   </div>
   <div class='ocr_carea' id='block_1_86' title="bbox 2353 2689 3931 2762">
    <p class='ocr_par' dir='ltr' id='par_1_86' title="bbox 2353 2689 3931 2762">
     <span class='ocr_line' id='line_1_86' title="bbox 2353 2689 3931 2762; baseline 0.008 -21"><span class='ocrx_word' id='word_1_663' title='bbox 2353 2689 2496 2742; x_wconf 89' lang='lat' dir='ltr'><strong>dium</strong></span> <span class='ocrx_word' id='word_1_664' title='bbox 2535 2703 2889 2760; x_wconf 88' lang='lat' dir='ltr'><strong>nauseamque</strong></span> <span class='ocrx_word' id='word_1_665' title='bbox 2930 2691 3224 2761; x_wconf 83' lang='lat' dir='ltr'><strong>ingenerari</strong></span> <span class='ocrx_word' id='word_1_666' title='bbox 3265 2709 3360 2762; x_wconf 90' lang='lat' dir='ltr'><strong>par</strong></span> <span class='ocrx_word' id='word_1_667' title='bbox 3400 2704 3532 2749; x_wconf 88' lang='lat' dir='ltr'><strong>erat.</strong></span> <span class='ocrx_word' id='word_1_668' title='bbox 3565 2697 3758 2752; x_wconf 78' lang='lat' dir='ltr'><strong>Verum</strong></span> <span class='ocrx_word' id='word_1_669' title='bbox 3799 2697 3931 2753; x_wconf 88' lang='lat' dir='ltr'><strong>nihil</strong></span> 
     </span>
    </p>
   </div>
   <div class='ocr_carea' id='block_1_87' title="bbox 2356 2779 3930 2858">
    <p class='ocr_par' dir='ltr' id='par_1_87' title="bbox 2356 2779 3930 2858">
     <span class='ocr_line' id='line_1_87' title="bbox 2356 2779 3930 2858; baseline 0.008 -27"><span class='ocrx_word' id='word_1_670' title='bbox 2356 2779 2650 2848; x_wconf 87' lang='lat' dir='ltr'><strong>hujusmodi</strong></span> <span class='ocrx_word' id='word_1_671' title='bbox 2684 2795 2836 2850; x_wconf 88' lang='lat' dir='ltr'><strong>passa</strong></span> <span class='ocrx_word' id='word_1_672' title='bbox 2867 2791 2948 2835; x_wconf 91' lang='lat' dir='ltr'><strong>est</strong></span> <span class='ocrx_word' id='word_1_673' title='bbox 2979 2782 3063 2836; x_wconf 89' lang='lat' dir='ltr'><strong>illa</strong></span> <span class='ocrx_word' id='word_1_674' title='bbox 3091 2783 3400 2854; x_wconf 89' lang='lat' dir='ltr'><strong>sanguinem</strong></span> <span class='ocrx_word' id='word_1_675' title='bbox 3431 2786 3616 2842; x_wconf 89' lang='lat' dir='ltr'><strong>sitiens</strong></span> <span class='ocrx_word' id='word_1_676' title='bbox 3655 2788 3930 2858; x_wconf 88' lang='lat' dir='ltr'><strong>propheti-</strong></span> 
     </span>
    </p>
   </div>
   <div class='ocr_carea' id='block_1_88' title="bbox 2356 2869 3931 2946">
    <p class='ocr_par' dir='ltr' id='par_1_88' title="bbox 2356 2869 3931 2946">
     <span class='ocr_line' id='line_1_88' title="bbox 2356 2869 3931 2946; baseline 0.011 -26"><span class='ocrx_word' id='word_1_677' title='bbox 2356 2885 2495 2922; x_wconf 88' lang='lat' dir='ltr'><strong>eutn.</strong></span> <span class='ocrx_word' id='word_1_678' title='bbox 2524 2869 2668 2924; x_wconf 82' lang='lat' dir='ltr'><strong>Talis</strong></span> <span class='ocrx_word' id='word_1_679' title='bbox 2696 2879 2777 2924; x_wconf 90' lang='lat' dir='ltr'><strong>est</strong></span> <span class='ocrx_word' id='word_1_680' title='bbox 2815 2870 3091 2926; x_wconf 85' lang='lat' dir='ltr'><strong>fornicalio</strong></span> <span class='ocrx_word' id='word_1_681' title='bbox 3119 2891 3134 2926; x_wconf 89' lang='lat'><strong>:</strong></span> <span class='ocrx_word' id='word_1_682' title='bbox 3168 2889 3270 2927; x_wconf 92' lang='lat' dir='ltr'><strong>non</strong></span> <span class='ocrx_word' id='word_1_683' title='bbox 3305 2876 3528 2930; x_wconf 87' lang='lat' dir='ltr'><strong>lascivos</strong></span> <span class='ocrx_word' id='word_1_684' title='bbox 3565 2886 3766 2933; x_wconf 88' lang='lat' dir='ltr'><strong>tantum</strong></span> <span class='ocrx_word' id='word_1_685' title='bbox 3792 2921 3806 2946; x_wconf 99' lang='lat'><strong>,</strong></span> <span class='ocrx_word' id='word_1_686' title='bbox 3836 2881 3931 2937; x_wconf 81' lang='lat' dir='ltr'><strong>sed</strong></span> 
     </span>
    </p>
   </div>
   <div class='ocr_carea' id='block_1_89' title="bbox 2355 2959 3933 3062">
    <p class='ocr_par' dir='ltr' id='par_1_89' title="bbox 2355 2959 3933 3062">
     <span class='ocr_line' id='line_1_89' title="bbox 2355 2959 3933 3062; baseline 0.008 -48"><span class='ocrx_word' id='word_1_687' title='bbox 2355 2967 2418 3062; x_wconf 41' lang='lat' dir='ltr'><strong>et.</strong></span> <span class='ocrx_word' id='word_1_688' title='bbox 2436 2959 2726 3062; x_wconf 77' lang='lat' dir='ltr'><strong>homicidas</strong></span> <span class='ocrx_word' id='word_1_689' title='bbox 2771 2962 2952 3018; x_wconf 80' lang='lat' dir='ltr'><strong>efﬁcit.</strong></span> <span class='ocrx_word' id='word_1_690' title='bbox 2997 2963 3128 3019; x_wconf 91' lang='lat' dir='ltr'><strong>Nam</strong></span> <span class='ocrx_word' id='word_1_691' title='bbox 3167 2966 3407 3022; x_wconf 90' lang='lat' dir='ltr'><strong>adulterii</strong></span> <span class='ocrx_word' id='word_1_692' title='bbox 3437 2969 3642 3040; x_wconf 75' lang='lat' dir='ltr'><strong>cupida:</strong></span> <span class='ocrx_word' id='word_1_693' title='bbox 3680 2972 3933 3062; x_wconf 56' lang='lat' dir='ltr'><strong>mulieres</strong></span> 
     </span>
    </p>
   </div>
   <div class='ocr_carea' id='block_1_90' title="bbox 2353 3050 3930 3130">
    <p class='ocr_par' dir='ltr' id='par_1_90' title="bbox 2353 3050 3930 3130">
     <span class='ocr_line' id='line_1_90' title="bbox 2353 3050 3930 3130; baseline 0.011 -26"><span class='ocrx_word' id='word_1_694' title='bbox 2353 3050 2420 3104; x_wconf 89' lang='lat' dir='ltr'><strong>ad</strong></span> <span class='ocrx_word' id='word_1_695' title='bbox 2448 3051 2645 3107; x_wconf 58' lang='lat' dir='ltr'><strong>caedem</strong></span> <span class='ocrx_word' id='word_1_696' title='bbox 2677 3063 2798 3108; x_wconf 89' lang='lat' dir='ltr'><strong>sunt</strong></span> <span class='ocrx_word' id='word_1_697' title='bbox 2825 3065 3022 3124; x_wconf 76' lang='lat' dir='ltr'><strong>parata:</strong></span> <span class='ocrx_word' id='word_1_698' title='bbox 3049 3057 3318 3124; x_wconf 89' lang='lat' dir='ltr'><strong>virorum,</strong></span> <span class='ocrx_word' id='word_1_699' title='bbox 3347 3061 3434 3129; x_wconf 89' lang='lat' dir='ltr'><strong>qui</strong></span> <span class='ocrx_word' id='word_1_700' title='bbox 3465 3062 3653 3130; x_wconf 89' lang='lat' dir='ltr'><strong>injuria</strong></span> <span class='ocrx_word' id='word_1_701' title='bbox 3683 3050 3930 3121; x_wconf 78' lang='lat' dir='ltr'><strong>afﬁciun-</strong></span> 
     </span>
    </p>
   </div>
   <div class='ocr_carea' id='block_1_91' title="bbox 2357 3149 3934 3218">
    <p class='ocr_par' dir='ltr' id='par_1_91' title="bbox 2357 3149 3934 3218">
     <span class='ocr_line' id='line_1_91' title="bbox 2357 3149 3934 3218; baseline 0.011 -21"><span class='ocrx_word' id='word_1_702' title='bbox 2357 3153 2471 3210; x_wconf 88' lang='lat' dir='ltr'><strong>tur;</strong></span> <span class='ocrx_word' id='word_1_703' title='bbox 2498 3160 2594 3200; x_wconf 88' lang='lat' dir='ltr'><strong>nec</strong></span> <span class='ocrx_word' id='word_1_704' title='bbox 2619 3161 2776 3201; x_wconf 89' lang='lat' dir='ltr'><strong>unam</strong></span> <span class='ocrx_word' id='word_1_705' title='bbox 2802 3157 3001 3201; x_wconf 91' lang='lat' dir='ltr'><strong>tantum</strong></span> <span class='ocrx_word' id='word_1_706' title='bbox 3030 3149 3108 3204; x_wconf 85' lang='lat' dir='ltr'><strong>vel</strong></span> <span class='ocrx_word' id='word_1_707' title='bbox 3138 3149 3289 3218; x_wconf 88' lang='lat' dir='ltr'><strong>duas,</strong></span> <span class='ocrx_word' id='word_1_708' title='bbox 3312 3153 3404 3206; x_wconf 88' lang='lat' dir='ltr'><strong>sed</strong></span> <span class='ocrx_word' id='word_1_709' title='bbox 3425 3162 3480 3208; x_wconf 89' lang='lat' dir='ltr'><strong>et</strong></span> <span class='ocrx_word' id='word_1_710' title='bbox 3501 3155 3801 3212; x_wconf 84' lang='lat' dir='ltr'><strong>innumeras</strong></span> <span class='ocrx_word' id='word_1_711' title='bbox 3826 3175 3934 3215; x_wconf 60' lang='lat' dir='ltr'><strong>cce-</strong></span> 
     </span>
    </p>
   </div>
   <div class='ocr_carea' id='block_1_92' title="bbox 2354 3235 3930 3314">
    <p class='ocr_par' dir='ltr' id='par_1_92' title="bbox 2354 3235 3930 3314">
     <span class='ocr_line' id='line_1_92' title="bbox 2354 3235 3930 3314; baseline 0.011 -26"><span class='ocrx_word' id='word_1_712' title='bbox 2354 3235 2449 3290; x_wconf 89' lang='lat' dir='ltr'><strong>des</strong></span> <span class='ocrx_word' id='word_1_713' title='bbox 2477 3236 2590 3291; x_wconf 89' lang='lat' dir='ltr'><strong>fieri</strong></span> <span class='ocrx_word' id='word_1_714' title='bbox 2627 3235 2780 3294; x_wconf 86' lang='lat' dir='ltr'><strong>facile</strong></span> <span class='ocrx_word' id='word_1_715' title='bbox 2804 3241 3122 3295; x_wconf 86' lang='lat' dir='ltr'><strong>curaverint.</strong></span> <span class='ocrx_word' id='word_1_716' title='bbox 3156 3241 3414 3298; x_wconf 90' lang='lat' dir='ltr'><strong>Similium</strong></span> <span class='ocrx_word' id='word_1_717' title='bbox 3447 3260 3605 3314; x_wconf 76' lang='lat' dir='ltr'><strong>pono</strong></span> <span class='ocrx_word' id='word_1_718' title='bbox 3635 3247 3930 3305; x_wconf 90' lang='lat' dir='ltr'><strong>facinorum</strong></span> 
     </span>
    </p>
   </div>
   <div class='ocr_carea' id='block_1_93' title="bbox 2355 3325 3934 3409">
    <p class='ocr_par' dir='ltr' id='par_1_93' title="bbox 2355 3325 3934 3409">
     <span class='ocr_line' id='line_1_93' title="bbox 2355 3325 3934 3409; baseline 0.014 -31"><span class='ocrx_word' id='word_1_719' title='bbox 2355 3325 2507 3380; x_wconf 91' lang='lat' dir='ltr'><strong>multi</strong></span> <span class='ocrx_word' id='word_1_720' title='bbox 2546 3335 2707 3382; x_wconf 85' lang='lat' dir='ltr'><strong>testes</strong></span> <span class='ocrx_word' id='word_1_721' title='bbox 2744 3337 2884 3384; x_wconf 93' lang='lat' dir='ltr'><strong>sunt.</strong></span> <span class='ocrx_word' id='word_1_722' title='bbox 2927 3330 2982 3384; x_wconf 91' lang='lat' dir='ltr'><strong>ld</strong></span> <span class='ocrx_word' id='word_1_723' title='bbox 3024 3332 3180 3386; x_wconf 87' lang='lat' dir='ltr'><strong>etiam</strong></span> <span class='ocrx_word' id='word_1_724' title='bbox 3230 3334 3317 3388; x_wconf 89' lang='lat' dir='ltr'><strong>illa</strong></span> <span class='ocrx_word' id='word_1_725' title='bbox 3359 3344 3482 3391; x_wconf 90' lang='lat' dir='ltr'><strong>tunc</strong></span> <span class='ocrx_word' id='word_1_726' title='bbox 3523 3337 3677 3406; x_wconf 89' lang='lat' dir='ltr'><strong>fecit,</strong></span> <span class='ocrx_word' id='word_1_727' title='bbox 3710 3355 3934 3409; x_wconf 82' lang='lat' dir='ltr'><strong>Sperans</strong></span> 
     </span>
    </p>
   </div>
   <div class='ocr_carea' id='block_1_94' title="bbox 2357 3418 3926 3487">
    <p class='ocr_par' dir='ltr' id='par_1_94' title="bbox 2357 3418 3926 3487">
     <span class='ocr_line' id='line_1_94' title="bbox 2357 3418 3926 3487; baseline 0.012 -19"><span class='ocrx_word' id='word_1_728' title='bbox 2357 3426 2554 3470; x_wconf 85' lang='lat' dir='ltr'><strong>tantum</strong></span> <span class='ocrx_word' id='word_1_729' title='bbox 2587 3418 2787 3473; x_wconf 88' lang='lat' dir='ltr'><strong>facinus</strong></span> <span class='ocrx_word' id='word_1_730' title='bbox 2816 3421 2868 3475; x_wconf 93' lang='lat' dir='ltr'><strong>in</strong></span> <span class='ocrx_word' id='word_1_731' title='bbox 2896 3420 3213 3478; x_wconf 85' lang='lat' dir='ltr'><strong>oblivionem</strong></span> <span class='ocrx_word' id='word_1_732' title='bbox 3246 3426 3453 3481; x_wconf 89' lang='lat' dir='ltr'><strong>tandem</strong></span> <span class='ocrx_word' id='word_1_733' title='bbox 3479 3443 3598 3484; x_wconf 89' lang='lat' dir='ltr'><strong>esse</strong></span> <span class='ocrx_word' id='word_1_734' title='bbox 3626 3440 3926 3487; x_wconf 83' lang='lat' dir='ltr'><strong>venturum.</strong></span> 
     </span>
    </p>
   </div>
   <div class='ocr_carea' id='block_1_95' title="bbox 2354 3505 3931 3592">
    <p class='ocr_par' dir='ltr' id='par_1_95' title="bbox 2354 3505 3931 3592">
     <span class='ocr_line' id='line_1_95' title="bbox 2354 3505 3931 3592; baseline 0.013 -32"><span class='ocrx_word' id='word_1_735' title='bbox 2354 3505 2458 3560; x_wconf 89' lang='lat' dir='ltr'><strong>Sed</strong></span> <span class='ocrx_word' id='word_1_736' title='bbox 2497 3509 2819 3563; x_wconf 90' lang='lat' dir='ltr'><strong>contrarium</strong></span> <span class='ocrx_word' id='word_1_737' title='bbox 2862 3526 3080 3580; x_wconf 87' lang='lat' dir='ltr'><strong>prorsus</strong></span> <span class='ocrx_word' id='word_1_738' title='bbox 3116 3516 3293 3570; x_wconf 90' lang='lat' dir='ltr'><strong>evenit</strong></span> <span class='ocrx_word' id='word_1_739' title='bbox 3323 3533 3335 3570; x_wconf 90' lang='lat'><strong>:</strong></span> <span class='ocrx_word' id='word_1_740' title='bbox 3369 3533 3490 3572; x_wconf 89' lang='lat' dir='ltr'><strong>nam</strong></span> <span class='ocrx_word' id='word_1_741' title='bbox 3531 3520 3683 3592; x_wconf 85' lang='lat' dir='ltr'><strong>longe</strong></span> <span class='ocrx_word' id='word_1_742' title='bbox 3715 3523 3931 3580; x_wconf 83' lang='lat' dir='ltr'><strong>clariori</strong></span> 
     </span>
    </p>
   </div>
   <div class='ocr_carea' id='block_1_96' title="bbox 2354 3599 3247 3668">
    <p class='ocr_par' dir='ltr' id='par_1_96' title="bbox 2354 3599 3247 3668">
     <span class='ocr_line' id='line_1_96' title="bbox 2354 3599 3247 3668; baseline 0.013 -20"><span class='ocrx_word' id='word_1_743' title='bbox 2354 3613 2483 3653; x_wconf 90' lang='lat' dir='ltr'><strong>voce</strong></span> <span class='ocrx_word' id='word_1_744' title='bbox 2513 3608 2692 3668; x_wconf 89' lang='lat' dir='ltr'><strong>postea</strong></span> <span class='ocrx_word' id='word_1_745' title='bbox 2719 3599 2952 3658; x_wconf 82' lang='lat' dir='ltr'><strong>Joannes</strong></span> <span class='ocrx_word' id='word_1_746' title='bbox 2978 3603 3247 3660; x_wconf 87' lang='lat' dir='ltr'><strong>clamavit.</strong></span> 
     </span>
    </p>
   </div>
   <div class='ocr_carea' id='block_1_97' title="bbox 2421 3690 3929 3775">
    <p class='ocr_par' dir='ltr' id='par_1_97' title="bbox 2421 3690 3929 3775">
     <span class='ocr_line' id='line_1_97' title="bbox 2421 3690 3929 3775; baseline 0.013 -31"><span class='ocrx_word' id='word_1_747' title='bbox 2421 3691 2475 3744; x_wconf 81' lang='lat'><strong>5.</strong></span> <span class='ocrx_word' id='word_1_748' title='bbox 2510 3690 2744 3761; x_wconf 82' lang='lat' dir='ltr'><strong>Nequitia</strong></span> <span class='ocrx_word' id='word_1_749' title='bbox 2779 3696 2847 3747; x_wconf 84' lang='lat' dir='ltr'><strong>ad</strong></span> <span class='ocrx_word' id='word_1_750' title='bbox 2884 3712 3102 3765; x_wconf 69' lang='lat' dir='ltr'><strong>prazseus</strong></span> <span class='ocrx_word' id='word_1_751' title='bbox 3128 3709 3320 3769; x_wconf 79' lang='lat' dir='ltr'><strong>tempus</strong></span> <span class='ocrx_word' id='word_1_752' title='bbox 3343 3702 3504 3756; x_wconf 78' lang='lat' dir='ltr'><strong>soluat</strong></span> <span class='ocrx_word' id='word_1_753' title='bbox 3544 3707 3764 3775; x_wconf 67' lang='lat' dir='ltr'><strong>respicit.</strong></span> <span class='ocrx_word' id='word_1_754' title='bbox 3793 3707 3929 3763; x_wconf 79' lang='lat' dir='ltr'><strong>Pec-</strong></span> 
     </span>
    </p>
   </div>
   <div class='ocr_carea' id='block_1_98' title="bbox 2353 3788 3934 3870">
    <p class='ocr_par' dir='ltr' id='par_1_98' title="bbox 2353 3788 3934 3870">
     <span class='ocr_line' id='line_1_98' title="bbox 2353 3788 3934 3870; baseline 0.016 -38"><span class='ocrx_word' id='word_1_755' title='bbox 2353 3792 2516 3834; x_wconf 80' lang='lat' dir='ltr'><strong>catum</strong></span> <span class='ocrx_word' id='word_1_756' title='bbox 2542 3801 2640 3838; x_wconf 85' lang='lat' dir='ltr'><strong>uou</strong></span> <span class='ocrx_word' id='word_1_757' title='bbox 2669 3788 2848 3856; x_wconf 86' lang='lat' dir='ltr'><strong>tegitur</strong></span> <span class='ocrx_word' id='word_1_758' title='bbox 2875 3806 2962 3857; x_wconf 85' lang='lat' dir='ltr'><strong>per</strong></span> <span class='ocrx_word' id='word_1_759' title='bbox 2987 3791 3129 3844; x_wconf 84' lang='lat' dir='ltr'><strong>aliud</strong></span> <span class='ocrx_word' id='word_1_760' title='bbox 3157 3803 3431 3861; x_wconf 78' lang='lat' dir='ltr'><strong>peccatum,</strong></span> <span class='ocrx_word' id='word_1_761' title='bbox 3459 3797 3548 3850; x_wconf 84' lang='lat' dir='ltr'><strong>sed</strong></span> <span class='ocrx_word' id='word_1_762' title='bbox 3573 3815 3662 3867; x_wconf 84' lang='lat' dir='ltr'><strong>per</strong></span> <span class='ocrx_word' id='word_1_763' title='bbox 3688 3803 3934 3870; x_wconf 67' lang='lat' dir='ltr'><strong>pwtitea-</strong></span> 
     </span>
    </p>
   </div>
   <div class='ocr_carea' id='block_1_99' title="bbox 2353 3872 3929 3955">
    <p class='ocr_par' dir='ltr' id='par_1_99' title="bbox 2353 3872 3929 3955">
     <span class='ocr_line' id='line_1_99' title="bbox 2353 3872 3929 3955; baseline 0.015 -31"><span class='ocrx_word' id='word_1_764' title='bbox 2353 3872 2493 3925; x_wconf 83' lang='lat' dir='ltr'><strong>tiam.</strong></span> <span class='ocrx_word' id='word_1_765' title='bbox 2519 3874 2750 3930; x_wconf 81' lang='lat' dir='ltr'><strong>Convivia</strong></span> <span class='ocrx_word' id='word_1_766' title='bbox 2775 3895 2837 3932; x_wconf 76' lang='lat' dir='ltr'><strong>ex</strong></span> <span class='ocrx_word' id='word_1_767' title='bbox 2860 3880 3049 3950; x_wconf 83' lang='lat' dir='ltr'><strong>rapinis</strong></span> <span class='ocrx_word' id='word_1_768' title='bbox 3079 3894 3224 3951; x_wconf 79' lang='lat' dir='ltr'><strong>parta</strong></span> <span class='ocrx_word' id='word_1_769' title='bbox 3246 3902 3395 3955; x_wconf 86' lang='lat' dir='ltr'><strong>quam</strong></span> <span class='ocrx_word' id='word_1_770' title='bbox 3422 3889 3615 3942; x_wconf 85' lang='lat' dir='ltr'><strong>odiosa.</strong></span> <span class='ocrx_word' id='word_1_771' title='bbox 3635 3921 3706 3931; x_wconf 89' lang='lat'><strong>-—</strong></span> <span class='ocrx_word' id='word_1_772' title='bbox 3732 3890 3929 3948; x_wconf 84' lang='lat' dir='ltr'><strong>Verum</strong></span> 
     </span>
    </p>
   </div>
   <div class='ocr_carea' id='block_1_100' title="bbox 2351 3965 3929 4048">
    <p class='ocr_par' dir='ltr' id='par_1_100' title="bbox 2351 3965 3929 4048">
     <span class='ocr_line' id='line_1_100' title="bbox 2351 3965 3929 4048; baseline 0.013 -28"><span class='ocrx_word' id='word_1_773' title='bbox 2351 3965 2580 4034; x_wconf 88' lang='lat' dir='ltr'><strong>nequitia</strong></span> <span class='ocrx_word' id='word_1_774' title='bbox 2606 3967 2670 4022; x_wconf 90' lang='lat' dir='ltr'><strong>ad</strong></span> <span class='ocrx_word' id='word_1_775' title='bbox 2704 3985 2936 4038; x_wconf 73' lang='lat' dir='ltr'><strong>prmsens</strong></span> <span class='ocrx_word' id='word_1_776' title='bbox 2964 3982 3160 4027; x_wconf 88' lang='lat' dir='ltr'><strong>tantum</strong></span> <span class='ocrx_word' id='word_1_777' title='bbox 3192 3984 3398 4045; x_wconf 89' lang='lat' dir='ltr'><strong>tempus</strong></span> <span class='ocrx_word' id='word_1_778' title='bbox 3421 3980 3653 4048; x_wconf 89' lang='lat' dir='ltr'><strong>respicit,</strong></span> <span class='ocrx_word' id='word_1_779' title='bbox 3683 3982 3822 4038; x_wconf 87' lang='lat' dir='ltr'><strong>sicut</strong></span> <span class='ocrx_word' id='word_1_780' title='bbox 3847 3985 3929 4040; x_wconf 83' lang='lat' dir='ltr'><strong>fe-</strong></span> 
     </span>
    </p>
   </div>
   <div class='ocr_carea' id='block_1_101' title="bbox 2351 4057 3932 4145">
    <p class='ocr_par' dir='ltr' id='par_1_101' title="bbox 2351 4057 3932 4145">
     <span class='ocr_line' id='line_1_101' title="bbox 2351 4057 3932 4145; baseline 0.013 -33"><span class='ocrx_word' id='word_1_781' title='bbox 2351 4057 2675 4125; x_wconf 90' lang='lat' dir='ltr'><strong>bricitantes,</strong></span> <span class='ocrx_word' id='word_1_782' title='bbox 2708 4078 2827 4117; x_wconf 93' lang='lat' dir='ltr'><strong>cum</strong></span> <span class='ocrx_word' id='word_1_783' title='bbox 2855 4080 3044 4135; x_wconf 88' lang='lat' dir='ltr'><strong>aquam</strong></span> <span class='ocrx_word' id='word_1_784' title='bbox 3075 4065 3316 4136; x_wconf 88' lang='lat' dir='ltr'><strong>frigidam</strong></span> <span class='ocrx_word' id='word_1_785' title='bbox 3348 4071 3714 4141; x_wconf 84' lang='lat' dir='ltr'><strong>intempestive</strong></span> <span class='ocrx_word' id='word_1_786' title='bbox 3746 4086 3932 4145; x_wconf 79' lang='lat' dir='ltr'><strong>postu-</strong></span> 
     </span>
    </p>
   </div>
   <div class='ocr_carea' id='block_1_102' title="bbox 2352 4151 3928 4230">
    <p class='ocr_par' dir='ltr' id='par_1_102' title="bbox 2352 4151 3928 4230">
     <span class='ocr_line' id='line_1_102' title="bbox 2352 4151 3928 4230; baseline 0.012 -27"><span class='ocrx_word' id='word_1_787' title='bbox 2352 4151 2478 4205; x_wconf 88' lang='lat' dir='ltr'><strong>lant.</strong></span> <span class='ocrx_word' id='word_1_788' title='bbox 2505 4152 2710 4208; x_wconf 85' lang='lat' dir='ltr'><strong>Etenim</strong></span> <span class='ocrx_word' id='word_1_789' title='bbox 2735 4155 2833 4210; x_wconf 91' lang='lat' dir='ltr'><strong>nisi</strong></span> <span class='ocrx_word' id='word_1_790' title='bbox 2854 4167 3214 4214; x_wconf 88' lang='lat' dir='ltr'><strong>accusatorem</strong></span> <span class='ocrx_word' id='word_1_791' title='bbox 3233 4161 3543 4230; x_wconf 87' lang='lat' dir='ltr'><strong>jugulasset,</strong></span> <span class='ocrx_word' id='word_1_792' title='bbox 3573 4164 3776 4222; x_wconf 88' lang='lat' dir='ltr'><strong>facinus</strong></span> <span class='ocrx_word' id='word_1_793' title='bbox 3799 4167 3928 4222; x_wconf 86' lang='lat' dir='ltr'><strong>illud</strong></span> 
     </span>
    </p>
   </div>
   <div class='ocr_carea' id='block_1_103' title="bbox 2353 4244 3926 4327">
    <p class='ocr_par' dir='ltr' id='par_1_103' title="bbox 2353 4244 3926 4327">
     <span class='ocr_line' id='line_1_103' title="bbox 2353 4244 3926 4327; baseline 0.011 -32"><span class='ocrx_word' id='word_1_794' title='bbox 2353 4259 2456 4296; x_wconf 91' lang='lat' dir='ltr'><strong>non</strong></span> <span class='ocrx_word' id='word_1_795' title='bbox 2505 4244 2573 4297; x_wconf 89' lang='lat' dir='ltr'><strong>ita</strong></span> <span class='ocrx_word' id='word_1_796' title='bbox 2617 4246 2916 4316; x_wconf 87' lang='lat' dir='ltr'><strong>cvulgatum</strong></span> <span class='ocrx_word' id='word_1_797' title='bbox 2963 4249 3165 4304; x_wconf 87' lang='lat' dir='ltr'><strong>fuisset.</strong></span> <span class='ocrx_word' id='word_1_798' title='bbox 3218 4251 3465 4320; x_wconf 89' lang='lat' dir='ltr'><strong>Discipuli</strong></span> <span class='ocrx_word' id='word_1_799' title='bbox 3511 4270 3739 4326; x_wconf 89' lang='lat' dir='ltr'><strong>namque</strong></span> <span class='ocrx_word' id='word_1_800' title='bbox 3774 4258 3926 4327; x_wconf 86' lang='lat' dir='ltr'><strong>ejus,</strong></span> 
     </span>
    </p>
   </div>
   <div class='ocr_carea' id='block_1_104' title="bbox 2351 4337 3926 4419">
    <p class='ocr_par' dir='ltr' id='par_1_104' title="bbox 2351 4337 3926 4419">
     <span class='ocr_line' id='line_1_104' title="bbox 2351 4337 3926 4419; baseline 0.008 -28"><span class='ocrx_word' id='word_1_801' title='bbox 2351 4337 2561 4407; x_wconf 84' lang='lat' dir='ltr'><strong>quando</strong></span> <span class='ocrx_word' id='word_1_802' title='bbox 2591 4339 2642 4394; x_wconf 93' lang='lat' dir='ltr'><strong>in</strong></span> <span class='ocrx_word' id='word_1_803' title='bbox 2670 4355 2937 4397; x_wconf 84' lang='lat' dir='ltr'><strong>carcerem</strong></span> <span class='ocrx_word' id='word_1_804' title='bbox 2977 4344 3247 4412; x_wconf 89' lang='lat' dir='ltr'><strong>conjectus</strong></span> <span class='ocrx_word' id='word_1_805' title='bbox 3287 4343 3376 4398; x_wconf 83' lang='lat' dir='ltr'><strong>fuit</strong></span> <span class='ocrx_word' id='word_1_806' title='bbox 3406 4387 3420 4409; x_wconf 92' lang='lat'><strong>,</strong></span> <span class='ocrx_word' id='word_1_807' title='bbox 3455 4347 3583 4400; x_wconf 90' lang='lat' dir='ltr'><strong>nihil</strong></span> <span class='ocrx_word' id='word_1_808' title='bbox 3626 4348 3926 4419; x_wconf 84' lang='lat' dir='ltr'><strong>bujusmndi</strong></span> 
     </span>
    </p>
   </div>
   <div class='ocr_carea' id='block_1_105' title="bbox 2350 4429 3930 4505">
    <p class='ocr_par' dir='ltr' id='par_1_105' title="bbox 2350 4429 3930 4505">
     <span class='ocr_line' id='line_1_105' title="bbox 2350 4429 3930 4505; baseline 0.008 -22"><span class='ocrx_word' id='word_1_809' title='bbox 2350 4429 2597 4488; x_wconf 83' lang='lat' dir='ltr'><strong>dixerunt</strong></span> <span class='ocrx_word' id='word_1_810' title='bbox 2627 4451 2638 4486; x_wconf 91' lang='lat'>:</span> <span class='ocrx_word' id='word_1_811' title='bbox 2663 4449 2784 4488; x_wconf 91' lang='lat' dir='ltr'><strong>cum</strong></span> <span class='ocrx_word' id='word_1_812' title='bbox 2811 4445 2984 4491; x_wconf 88' lang='lat' dir='ltr'><strong>autem</strong></span> <span class='ocrx_word' id='word_1_813' title='bbox 3014 4437 3317 4492; x_wconf 85' lang='lat' dir='ltr'><strong>interfectus</strong></span> <span class='ocrx_word' id='word_1_814' title='bbox 3347 4438 3461 4505; x_wconf 94' lang='lat' dir='ltr'><strong>fuit,</strong></span> <span class='ocrx_word' id='word_1_815' title='bbox 3493 4450 3600 4494; x_wconf 90' lang='lat' dir='ltr'><strong>tum</strong></span> <span class='ocrx_word' id='word_1_816' title='bbox 3633 4442 3777 4495; x_wconf 87' lang='lat' dir='ltr'><strong>necis</strong></span> <span class='ocrx_word' id='word_1_817' title='bbox 3802 4459 3930 4497; x_wconf 85' lang='lat' dir='ltr'><strong>cau-</strong></span> 
     </span>
    </p>
   </div>
   <div class='ocr_carea' id='block_1_106' title="bbox 2350 4525 3929 4604">
    <p class='ocr_par' dir='ltr' id='par_1_106' title="bbox 2350 4525 3929 4604">
     <span class='ocr_line' id='line_1_106' title="bbox 2350 4525 3929 4604; baseline 0.009 -28"><span class='ocrx_word' id='word_1_818' title='bbox 2350 4537 2461 4577; x_wconf 91' lang='lat' dir='ltr'><strong>sam</strong></span> <span class='ocrx_word' id='word_1_819' title='bbox 2485 4525 2753 4594; x_wconf 90' lang='lat' dir='ltr'><strong>publicare</strong></span> <span class='ocrx_word' id='word_1_820' title='bbox 2773 4529 2938 4582; x_wconf 89' lang='lat' dir='ltr'><strong>coacti</strong></span> <span class='ocrx_word' id='word_1_821' title='bbox 2965 4539 3105 4582; x_wconf 88' lang='lat' dir='ltr'><strong>sunt.</strong></span> <span class='ocrx_word' id='word_1_822' title='bbox 3139 4529 3441 4584; x_wconf 82' lang='lat' dir='ltr'><strong>Adulteram</strong></span> <span class='ocrx_word' id='word_1_823' title='bbox 3467 4532 3716 4602; x_wconf 88' lang='lat' dir='ltr'><strong>obtegere</strong></span> <span class='ocrx_word' id='word_1_824' title='bbox 3745 4537 3929 4604; x_wconf 83' lang='lat' dir='ltr'><strong>cupie-</strong></span> 
     </span>
    </p>
   </div>
   <div class='ocr_carea' id='block_1_107' title="bbox 2352 4616 3927 4689">
    <p class='ocr_par' dir='ltr' id='par_1_107' title="bbox 2352 4616 3927 4689">
     <span class='ocr_line' id='line_1_107' title="bbox 2352 4616 3927 4689; baseline 0.007 -20"><span class='ocrx_word' id='word_1_825' title='bbox 2352 4616 2508 4682; x_wconf 91' lang='lat' dir='ltr'><strong>bant,</strong></span> <span class='ocrx_word' id='word_1_826' title='bbox 2539 4633 2637 4672; x_wconf 91' lang='lat' dir='ltr'><strong>nec</strong></span> <span class='ocrx_word' id='word_1_827' title='bbox 2672 4619 2874 4674; x_wconf 91' lang='lat' dir='ltr'><strong>alienas</strong></span> <span class='ocrx_word' id='word_1_828' title='bbox 2902 4621 3228 4675; x_wconf 86' lang='lat' dir='ltr'><strong>calamitates</strong></span> <span class='ocrx_word' id='word_1_829' title='bbox 3269 4621 3568 4689; x_wconf 87' lang='lat' dir='ltr'><strong>publicare;</strong></span> <span class='ocrx_word' id='word_1_830' title='bbox 3600 4639 3719 4678; x_wconf 91' lang='lat' dir='ltr'><strong>cum</strong></span> <span class='ocrx_word' id='word_1_831' title='bbox 3747 4637 3927 4680; x_wconf 89' lang='lat' dir='ltr'><strong>autem</strong></span> 
     </span>
    </p>
   </div>
   <div class='ocr_carea' id='block_1_108' title="bbox 2351 4710 3928 4782">
    <p class='ocr_par' dir='ltr' id='par_1_108' title="bbox 2351 4710 3928 4782">
     <span class='ocr_line' id='line_1_108' title="bbox 2351 4710 3928 4782; baseline 0.006 -18"><span class='ocrx_word' id='word_1_832' title='bbox 2351 4710 2401 4764; x_wconf 92' lang='lat' dir='ltr'><strong>in</strong></span> <span class='ocrx_word' id='word_1_833' title='bbox 2437 4712 2683 4766; x_wconf 88' lang='lat' dir='ltr'><strong>narrandi</strong></span> <span class='ocrx_word' id='word_1_834' title='bbox 2728 4714 3098 4768; x_wconf 87' lang='lat' dir='ltr'><strong>necessitatem</strong></span> <span class='ocrx_word' id='word_1_835' title='bbox 3139 4714 3346 4770; x_wconf 87' lang='lat' dir='ltr'><strong>deducti</strong></span> <span class='ocrx_word' id='word_1_836' title='bbox 3381 4726 3534 4782; x_wconf 88' lang='lat' dir='ltr'><strong>sunt,</strong></span> <span class='ocrx_word' id='word_1_837' title='bbox 3572 4728 3694 4772; x_wconf 86' lang='lat' dir='ltr'><strong>lllttc</strong></span> <span class='ocrx_word' id='word_1_838' title='bbox 3724 4718 3928 4774; x_wconf 83' lang='lat' dir='ltr'><strong>facinus</strong></span> 
     </span>
    </p>
   </div>
   <div class='ocr_carea' id='block_1_109' title="bbox 2349 4805 3923 4875">
    <p class='ocr_par' dir='ltr' id='par_1_109' title="bbox 2349 4805 3923 4875">
     <span class='ocr_line' id='line_1_109' title="bbox 2349 4805 3923 4875; baseline 0.006 -21"><span class='ocrx_word' id='word_1_839' title='bbox 2349 4817 2506 4858; x_wconf 91' lang='lat' dir='ltr'><strong>omne</strong></span> <span class='ocrx_word' id='word_1_840' title='bbox 2537 4813 2834 4858; x_wconf 90' lang='lat' dir='ltr'><strong>recensent.</strong></span> <span class='ocrx_word' id='word_1_841' title='bbox 2868 4805 2942 4859; x_wconf 91' lang='lat' dir='ltr'><strong>Ne</strong></span> <span class='ocrx_word' id='word_1_842' title='bbox 2970 4805 3088 4875; x_wconf 91' lang='lat' dir='ltr'><strong>quis</strong></span> <span class='ocrx_word' id='word_1_843' title='bbox 3117 4805 3256 4859; x_wconf 90' lang='lat' dir='ltr'><strong>enim</strong></span> <span class='ocrx_word' id='word_1_844' title='bbox 3286 4821 3500 4860; x_wconf 87' lang='lat' dir='ltr'><strong>causam</strong></span> <span class='ocrx_word' id='word_1_845' title='bbox 3532 4809 3691 4862; x_wconf 65' lang='lat' dir='ltr'><strong>caulis</strong></span> <span class='ocrx_word' id='word_1_846' title='bbox 3730 4811 3923 4864; x_wconf 84' lang='lat' dir='ltr'><strong>malam</strong></span> 
     </span>
    </p>
   </div>
   <div class='ocr_carea' id='block_1_110' title="bbox 2349 4895 3927 4962">
    <p class='ocr_par' dir='ltr' id='par_1_110' title="bbox 2349 4895 3927 4962">
     <span class='ocr_line' id='line_1_110' title="bbox 2349 4895 3927 4962; baseline 0.006 -15"><span class='ocrx_word' id='word_1_847' title='bbox 2349 4908 2467 4948; x_wconf 89' lang='lat' dir='ltr'><strong>esse</strong></span> <span class='ocrx_word' id='word_1_848' title='bbox 2495 4895 2870 4962; x_wconf 86' lang='lat' dir='ltr'><strong>suspicaretur,</strong></span> <span class='ocrx_word' id='word_1_849' title='bbox 2907 4906 2962 4949; x_wconf 91' lang='lat' dir='ltr'><strong>ut</strong></span> <span class='ocrx_word' id='word_1_850' title='bbox 2995 4898 3044 4950; x_wconf 92' lang='lat' dir='ltr'><strong>in</strong></span> <span class='ocrx_word' id='word_1_851' title='bbox 3077 4896 3290 4952; x_wconf 90' lang='lat' dir='ltr'><strong>Theuda</strong></span> <span class='ocrx_word' id='word_1_852' title='bbox 3317 4905 3371 4952; x_wconf 91' lang='lat' dir='ltr'><strong>et</strong></span> <span class='ocrx_word' id='word_1_853' title='bbox 3397 4897 3529 4952; x_wconf 88' lang='lat' dir='ltr'><strong>Jnda</strong></span> <span class='ocrx_word' id='word_1_854' title='bbox 3560 4901 3799 4962; x_wconf 74' lang='lat' dir='ltr'><strong>contigit.</strong></span> <span class='ocrx_word' id='word_1_855' title='bbox 3838 4919 3927 4957; x_wconf 81' lang='lat' dir='ltr'><strong>ve-</strong></span> 
     </span>
    </p>
   </div>
   <div class='ocr_carea' id='block_1_111' title="bbox 2351 4987 3963 5071">
    <p class='ocr_par' dir='ltr' id='par_1_111' title="bbox 2351 4987 3963 5071">
     <span class='ocr_line' id='line_1_111' title="bbox 2351 4987 3963 5071; baseline 0.002 -31"><span class='ocrx_word' id='word_1_856' title='bbox 2351 5003 2462 5040; x_wconf 89' lang='lat' dir='ltr'><strong>ram</strong></span> <span class='ocrx_word' id='word_1_857' title='bbox 2503 4987 2665 5042; x_wconf 73' lang='lat' dir='ltr'><strong>ccedis</strong></span> <span class='ocrx_word' id='word_1_858' title='bbox 2704 5002 2914 5042; x_wconf 89' lang='lat' dir='ltr'><strong>causam</strong></span> <span class='ocrx_word' id='word_1_859' title='bbox 2962 4987 3159 5043; x_wconf 88' lang='lat' dir='ltr'><strong>referre</strong></span> <span class='ocrx_word' id='word_1_860' title='bbox 3197 5000 3472 5059; x_wconf 88' lang='lat' dir='ltr'><strong>coguntur.</strong></span> <span class='ocrx_word' id='word_1_861' title='bbox 3519 4991 3697 5060; x_wconf 75' lang='lat' dir='ltr'><strong>Itaque</strong></span> <span class='ocrx_word' id='word_1_862' title='bbox 3727 5004 3927 5062; x_wconf 76' lang='lat' dir='ltr'><strong>quanto</strong></span> <span class='ocrx_word' id='word_1_863' title='bbox 3959 5065 3963 5071; x_wconf 78' lang='lat'><strong>_</strong></span> 
     </span>
    </p>
   </div>
   <div class='ocr_carea' id='block_1_112' title="bbox 2352 5081 3926 5150">
    <p class='ocr_par' dir='ltr' id='par_1_112' title="bbox 2352 5081 3926 5150">
     <span class='ocr_line' id='line_1_112' title="bbox 2352 5081 3926 5150; baseline 0.004 -18"><span class='ocrx_word' id='word_1_864' title='bbox 2352 5081 2515 5150; x_wconf 85' lang='lat' dir='ltr'><strong>magis</strong></span> <span class='ocrx_word' id='word_1_865' title='bbox 2555 5088 2824 5147; x_wconf 88' lang='lat' dir='ltr'><strong>peccatum</strong></span> <span class='ocrx_word' id='word_1_866' title='bbox 2855 5081 3126 5136; x_wconf 84' lang='lat' dir='ltr'><strong>occultare</strong></span> <span class='ocrx_word' id='word_1_867' title='bbox 3155 5081 3254 5135; x_wconf 88' lang='lat' dir='ltr'><strong>hoc</strong></span> <span class='ocrx_word' id='word_1_868' title='bbox 3286 5083 3442 5137; x_wconf 92' lang='lat' dir='ltr'><strong>modo</strong></span> <span class='ocrx_word' id='word_1_869' title='bbox 3469 5083 3705 5138; x_wconf 88' lang='lat' dir='ltr'><strong>volueris</strong></span> <span class='ocrx_word' id='word_1_870' title='bbox 3729 5125 3743 5149; x_wconf 94' lang='lat'><strong>,</strong></span> <span class='ocrx_word' id='word_1_871' title='bbox 3780 5093 3926 5138; x_wconf 84' lang='lat' dir='ltr'><strong>tanto</strong></span> 
     </span>
    </p>
   </div>
   <div class='ocr_carea' id='block_1_113' title="bbox 2351 5171 3920 5246">
    <p class='ocr_par' dir='ltr' id='par_1_113' title="bbox 2351 5171 3920 5246">
     <span class='ocr_line' id='line_1_113' title="bbox 2351 5171 3920 5246; baseline 0.003 -22"><span class='ocrx_word' id='word_1_872' title='bbox 2351 5173 2516 5241; x_wconf 86' lang='lat' dir='ltr'><strong>magis</strong></span> <span class='ocrx_word' id='word_1_873' title='bbox 2534 5171 2660 5225; x_wconf 87' lang='lat' dir='ltr'><strong>illud</strong></span> <span class='ocrx_word' id='word_1_874' title='bbox 2677 5171 2911 5240; x_wconf 73' lang='lat' dir='ltr'><strong>evulgas.</strong></span> <span class='ocrx_word' id='word_1_875' title='bbox 2933 5174 3207 5227; x_wconf 76' lang='lat' dir='ltr'><strong>Peccatum</strong></span> <span class='ocrx_word' id='word_1_876' title='bbox 3227 5174 3366 5226; x_wconf 88' lang='lat' dir='ltr'><strong>enim</strong></span> <span class='ocrx_word' id='word_1_877' title='bbox 3388 5190 3488 5228; x_wconf 90' lang='lat' dir='ltr'><strong>non</strong></span> <span class='ocrx_word' id='word_1_878' title='bbox 3510 5191 3604 5246; x_wconf 90' lang='lat' dir='ltr'><strong>per</strong></span> <span class='ocrx_word' id='word_1_879' title='bbox 3620 5177 3816 5243; x_wconf 86' lang='lat' dir='ltr'><strong>peccati</strong></span> <span class='ocrx_word' id='word_1_880' title='bbox 3833 5177 3920 5228; x_wconf 53' lang='lat' dir='ltr'><strong>ad.</strong></span> 
     </span>
    </p>
   </div>
   <div class='ocr_carea' id='block_1_114' title="bbox 2351 5264 3921 5335">
    <p class='ocr_par' dir='ltr' id='par_1_114' title="bbox 2351 5264 3921 5335">
     <span class='ocr_line' id='line_1_114' title="bbox 2351 5264 3921 5335; baseline 0.002 -17"><span class='ocrx_word' id='word_1_881' title='bbox 2351 5264 2694 5318; x_wconf 89' lang='lat' dir='ltr'><strong>ditamcntum</strong></span> <span class='ocrx_word' id='word_1_882' title='bbox 2724 5267 2935 5334; x_wconf 81' lang='lat' dir='ltr'><strong>tegitur,</strong></span> <span class='ocrx_word' id='word_1_883' title='bbox 2956 5264 3047 5320; x_wconf 91' lang='lat' dir='ltr'><strong>sed</strong></span> <span class='ocrx_word' id='word_1_884' title='bbox 3076 5282 3168 5335; x_wconf 89' lang='lat' dir='ltr'><strong>per</strong></span> <span class='ocrx_word' id='word_1_885' title='bbox 3188 5268 3548 5334; x_wconf 69' lang='lat' dir='ltr'><strong>pmnitentiam</strong></span> <span class='ocrx_word' id='word_1_886' title='bbox 3572 5279 3621 5322; x_wconf 90' lang='lat' dir='ltr'><strong>et</strong></span> <span class='ocrx_word' id='word_1_887' title='bbox 3644 5268 3921 5323; x_wconf 65' lang='lat' dir='ltr'><strong>confeSsiw</strong></span> 
     </span>
    </p>
   </div>
   <div class='ocr_carea' id='block_1_115' title="bbox 2351 5356 3923 5428">
    <p class='ocr_par' dir='ltr' id='par_1_115' title="bbox 2351 5356 3923 5428">
     <span class='ocr_line' id='line_1_115' title="bbox 2351 5356 3923 5428; baseline 0 -18"><span class='ocrx_word' id='word_1_888' title='bbox 2351 5373 2490 5412; x_wconf 90' lang='lat' dir='ltr'><strong>nem.</strong></span> <span class='ocrx_word' id='word_1_889' title='bbox 2521 5356 2796 5424; x_wconf 85' lang='lat' dir='ltr'><strong>Perpende</strong></span> <span class='ocrx_word' id='word_1_890' title='bbox 2824 5367 2997 5410; x_wconf 90' lang='lat' dir='ltr'><strong>autem</strong></span> <span class='ocrx_word' id='word_1_891' title='bbox 3024 5357 3288 5426; x_wconf 87' lang='lat' dir='ltr'><strong>quomodo</strong></span> <span class='ocrx_word' id='word_1_892' title='bbox 3320 5357 3432 5412; x_wconf 63' lang='lat' dir='ltr'><strong>haec</strong></span> <span class='ocrx_word' id='word_1_893' title='bbox 3459 5359 3776 5428; x_wconf 84' lang='lat' dir='ltr'><strong>evangelista</strong></span> <span class='ocrx_word' id='word_1_894' title='bbox 3807 5376 3923 5411; x_wconf 86' lang='lat' dir='ltr'><strong>mn-</strong></span> 
     </span>
    </p>
   </div>
   <div class='ocr_carea' id='block_1_116' title="bbox 2349 5449 3922 5517">
    <p class='ocr_par' dir='ltr' id='par_1_116' title="bbox 2349 5449 3922 5517">
     <span class='ocr_line' id='line_1_116' title="bbox 2349 5449 3922 5517; baseline 0.001 -15"><span class='ocrx_word' id='word_1_895' title='bbox 2349 5449 2531 5504; x_wconf 89' lang='lat' dir='ltr'><strong>dcratc</strong></span> <span class='ocrx_word' id='word_1_896' title='bbox 2557 5455 2764 5512; x_wconf 87' lang='lat' dir='ltr'><strong>narret,</strong></span> <span class='ocrx_word' id='word_1_897' title='bbox 2796 5457 2848 5502; x_wconf 90' lang='lat' dir='ltr'><strong>et</strong></span> <span class='ocrx_word' id='word_1_898' title='bbox 2877 5457 3127 5517; x_wconf 89' lang='lat' dir='ltr'><strong>quantmn</strong></span> <span class='ocrx_word' id='word_1_899' title='bbox 3159 5449 3280 5504; x_wconf 89' lang='lat' dir='ltr'><strong>licet</strong></span> <span class='ocrx_word' id='word_1_900' title='bbox 3311 5449 3510 5504; x_wconf 90' lang='lat' dir='ltr'><strong>crimen</strong></span> <span class='ocrx_word' id='word_1_901' title='bbox 3543 5451 3763 5504; x_wconf 89' lang='lat' dir='ltr'><strong>minuat.</strong></span> <span class='ocrx_word' id='word_1_902' title='bbox 3794 5450 3922 5505; x_wconf 84' lang='lat' dir='ltr'><strong>Nam</strong></span> 
     </span>
    </p>
   </div>
   <div class='ocr_carea' id='block_1_117' title="bbox 2350 5539 3921 5610">
    <p class='ocr_par' dir='ltr' id='par_1_117' title="bbox 2350 5539 3921 5610">
     <span class='ocr_line' id='line_1_117' title="bbox 2350 5539 3921 5610; baseline -0.001 -14"><span class='ocrx_word' id='word_1_903' title='bbox 2350 5540 2608 5596; x_wconf 84' lang='lat' dir='ltr'><strong>Herodem</strong></span> <span class='ocrx_word' id='word_1_904' title='bbox 2638 5539 2686 5593; x_wconf 89' lang='lat' dir='ltr'><strong>id</strong></span> <span class='ocrx_word' id='word_1_905' title='bbox 2720 5539 2907 5595; x_wconf 89' lang='lat' dir='ltr'><strong>fecisse</strong></span> <span class='ocrx_word' id='word_1_906' title='bbox 2935 5539 3062 5594; x_wconf 89' lang='lat' dir='ltr'><strong>dicit</strong></span> <span class='ocrx_word' id='word_1_907' title='bbox 3092 5551 3305 5610; x_wconf 92' lang='lat' dir='ltr'><strong>propter</strong></span> <span class='ocrx_word' id='word_1_908' title='bbox 3331 5540 3685 5609; x_wconf 86' lang='lat' dir='ltr'><strong>juramentum</strong></span> <span class='ocrx_word' id='word_1_909' title='bbox 3716 5551 3772 5596; x_wconf 92' lang='lat' dir='ltr'><strong>ct</strong></span> <span class='ocrx_word' id='word_1_910' title='bbox 3793 5557 3921 5596; x_wconf 89' lang='lat' dir='ltr'><strong>cou-</strong></span> 
     </span>
    </p>
   </div>
   <div class='ocr_carea' id='block_1_118' title="bbox 2350 5631 3924 5702">
    <p class='ocr_par' dir='ltr' id='par_1_118' title="bbox 2350 5631 3924 5702">
     <span class='ocr_line' id='line_1_118' title="bbox 2350 5631 3924 5702; baseline 0.002 -18"><span class='ocrx_word' id='word_1_911' title='bbox 2350 5635 2492 5688; x_wconf 81' lang='lat' dir='ltr'><strong>vivas</strong></span> <span class='ocrx_word' id='word_1_912' title='bbox 2515 5673 2528 5697; x_wconf 93' lang='lat'><strong>,</strong></span> <span class='ocrx_word' id='word_1_913' title='bbox 2559 5634 2835 5702; x_wconf 88' lang='lat' dir='ltr'><strong>ipsumque</strong></span> <span class='ocrx_word' id='word_1_914' title='bbox 2863 5631 3233 5686; x_wconf 85' lang='lat' dir='ltr'><strong>contristatum</strong></span> <span class='ocrx_word' id='word_1_915' title='bbox 3263 5632 3425 5687; x_wconf 89' lang='lat' dir='ltr'><strong>fuisse</strong></span> <span class='ocrx_word' id='word_1_916' title='bbox 3458 5650 3470 5684; x_wconf 88' lang='lat'><strong>:</strong></span> <span class='ocrx_word' id='word_1_917' title='bbox 3500 5632 3566 5687; x_wconf 90' lang='lat' dir='ltr'><strong>de</strong></span> <span class='ocrx_word' id='word_1_918' title='bbox 3592 5632 3762 5701; x_wconf 90' lang='lat' dir='ltr'><strong>puella</strong></span> <span class='ocrx_word' id='word_1_919' title='bbox 3799 5646 3924 5687; x_wconf 85' lang='lat' dir='ltr'><strong>vero</strong></span> 
     </span>
    </p>
   </div>
   <div class='ocr_carea' id='block_1_119' title="bbox 2348 5723 3921 5796">
    <p class='ocr_par' dir='ltr' id='par_1_119' title="bbox 2348 5723 3921 5796">
     <span class='ocr_line' id='line_1_119' title="bbox 2348 5723 3921 5796; baseline -0.003 -16"><span class='ocrx_word' id='word_1_920' title='bbox 2348 5726 2466 5780; x_wconf 89' lang='lat' dir='ltr'><strong>dicit</strong></span> <span class='ocrx_word' id='word_1_921' title='bbox 2501 5727 2664 5796; x_wconf 86' lang='lat' dir='ltr'><strong>ipsam</strong></span> <span class='ocrx_word' id='word_1_922' title='bbox 2696 5742 2725 5778; x_wconf 88' lang='lat' dir='ltr'><strong>a</strong></span> <span class='ocrx_word' id='word_1_923' title='bbox 2755 5737 2922 5781; x_wconf 87' lang='lat' dir='ltr'><strong>matre</strong></span> <span class='ocrx_word' id='word_1_924' title='bbox 2953 5724 3319 5794; x_wconf 72' lang='lat' dir='ltr'><strong>prtemonitam</strong></span> <span class='ocrx_word' id='word_1_925' title='bbox 3351 5723 3509 5776; x_wconf 88' lang='lat' dir='ltr'><strong>fuisse</strong></span> <span class='ocrx_word' id='word_1_926' title='bbox 3530 5762 3545 5784; x_wconf 91' lang='lat'><strong>,</strong></span> <span class='ocrx_word' id='word_1_927' title='bbox 3577 5731 3633 5786; x_wconf 89' lang='lat' dir='ltr'><strong>et</strong></span> <span class='ocrx_word' id='word_1_928' title='bbox 3661 5731 3817 5790; x_wconf 88' lang='lat' dir='ltr'><strong>caput</strong></span> <span class='ocrx_word' id='word_1_929' title='bbox 3842 5731 3921 5775; x_wconf 85' lang='lat' dir='ltr'><strong>at-</strong></span> 
     </span>
    </p>
   </div>
   <div class='ocr_carea' id='block_1_120' title="bbox 2351 5814 3920 5887">
    <p class='ocr_par' dir='ltr' id='par_1_120' title="bbox 2351 5814 3920 5887">
     <span class='ocr_line' id='line_1_120' title="bbox 2351 5814 3920 5887; baseline -0.004 -11"><span class='ocrx_word' id='word_1_930' title='bbox 2351 5823 2530 5877; x_wconf 68' lang='lat' dir='ltr'><strong>tulisse</strong></span> <span class='ocrx_word' id='word_1_931' title='bbox 2560 5822 2728 5886; x_wconf 86' lang='lat' dir='ltr'><strong>matri,</strong></span> <span class='ocrx_word' id='word_1_932' title='bbox 2765 5837 2823 5874; x_wconf 85' lang='lat' dir='ltr'><strong>ac</strong></span> <span class='ocrx_word' id='word_1_933' title='bbox 2855 5821 2894 5876; x_wconf 83' lang='lat' dir='ltr'><strong>si</strong></span> <span class='ocrx_word' id='word_1_934' title='bbox 2929 5821 3148 5879; x_wconf 87' lang='lat' dir='ltr'><strong>diceret.</strong></span> <span class='ocrx_word' id='word_1_935' title='bbox 3183 5817 3322 5873; x_wconf 82' lang='lat' dir='ltr'><strong>Illius</strong></span> <span class='ocrx_word' id='word_1_936' title='bbox 3344 5817 3488 5887; x_wconf 70' lang='lat' dir='ltr'><strong>jussu</strong></span> <span class='ocrx_word' id='word_1_937' title='bbox 3517 5814 3920 5886; x_wconf 75' lang='lat' dir='ltr'><strong>exsequebatur.</strong></span> 
     </span>
    </p>
   </div>
  </div>
