4170 6488
302 446 409 501 ωδ

270 545 277 549 ’
309 562 425 619 Non
455 563 604 618 enim
640 563 709 619 de
752 564 817 618 iis
853 564 941 633 qui
980 562 1118 617 mala
1163 564 1462 632 patiuntur,
1496 561 1590 617 sed
1625 561 1692 616 de
1732 562 1796 615 iis
1824 561 1913 628 qui

311 656 451 710 mala
480 653 742 720 inferunt,
772 654 955 709 dolere
981 654 1155 709 solent
1180 652 1301 722 justi
1332 668 1540 719 omnes,
1569 652 1688 723 quia
1722 651 1772 705 hi
1803 669 1916 705 ma-

309 750 460 802 xime
497 755 628 801 sunt
659 746 748 814 qui
788 747 925 800 male
968 746 1258 815 patiuntur.
1299 744 1480 815 Neque
1509 744 1650 799 enim
1682 743 1914 799 Joannes

314 839 475 892 laesus
503 838 631 900 fuit,
665 838 759 892 sed
805 838 837 891 ii
879 839 965 907 qui
1007 838 1120 891 hare
1160 836 1443 893 machinati
1485 846 1628 890 sunt.
1669 838 1775 891 llos
1815 852 1912 890 nos

312 946 525 999 quoque
547 931 840 995 imitemur,
869 945 1041 1000 neque
1062 929 1377 983 insultemus
1406 929 1635 997 peccatis
1659 928 1907 996 proximi,

310 1027 408 1075 sed
439 1034 693 1091 quantum
722 1019 799 1076 fas
826 1033 907 1077 est
931 1022 1258 1076 occultemus
1283 1038 1365 1076 ca.
1400 1024 1643 1077 Aniinum
1678 1022 1914 1091 philoso-

311 1132 326 1182 ι
352 1113 531 1168 hicum
558 1130 907 1169 assumamus.
940 1115 1146 1168 Etenim
1179 1116 1500 1184 evangelista
1532 1114 1598 1169 de
1620 1100 1908 1171 incretricc

307 1215 369 1260 et
407 1207 743 1277 sanguinaria
789 1206 1013 1261 muliere
1055 1206 1325 1260 moderate
1359 1218 1616 1276 quantum
1649 1207 1793 1260 licuit
1825 1207 1907 1260 lu-

305 1306 509 1368 qnutus
533 1309 629 1353 est.
660 1298 774 1352 Non
798 1300 937 1351 enim
959 1299 1112 1362 dixit,
1142 1301 1183 1351 Α
1212 1300 1547 1368 sanguinaria
1574 1309 1627 1354 ct
1655 1300 1901 1365 scelesta,

306 1388 429 1452 sed,
456 1390 498 1442 Α
521 1398 680 1442 matre
699 1389 1015 1459 prwmonita,
1042 1390 1433 1444 honestioribus
1455 1407 1581 1443 usus
1610 1389 1901 1445 vocabulis.

303 1478 393 1533 Tu
423 1495 546 1534 vero
577 1482 874 1549 proximum
900 1480 1221 1535 contumelia
1248 1493 1301 1534 et
1326 1480 1568 1536 convicio
1590 1480 1777 1544 afﬁcis,
1807 1498 1903 1538 nec

305 1574 384 1626 ita
411 1572 649 1627 modeste
678 1584 827 1641 putes
855 1572 920 1627 de
952 1572 1112 1627 fratre
1135 1573 1222 1642 qui
1257 1584 1308 1627 te
1339 1573 1529 1643 injuria
1560 1574 1798 1629 al'fererit
1826 1577 1900 1629 lo-

301 1667 438 1736 qui,
470 1678 520 1721 ut
564 1666 652 1722 ille
687 1666 755 1721 de
801 1667 1082 1722 meretrice
1113 1667 1458 1736 loquebatur,
1492 1668 1584 1722 sed
1614 1670 1899 1724 admodum

302 1760 577 1823 ferociter,
607 1772 659 1815 ct
683 1776 803 1814 cum
830 1776 915 1830 op.
940 1761 1151 1825 l‘Ubl‘llS,
1180 1761 1466 1816 scelestum
1494 1777 1671 1827 vocas,
1703 1764 1905 1833 impru-

301 1850 436 1907 bum
462 1895 475 1914 .
507 1853 709 1907 vafrum
733 1896 746 1916 ,
789 1854 1044 1919 stultum,
1075 1864 1122 1907 et
1166 1853 1358 1908 similia
1399 1855 1622 1910 adhibes
1661 1856 1895 1911 nomina.

298 1944 439 1999 Nam
461 1944 742 2003 ederamnr
766 1946 986 2000 oinnino
1012 1956 1063 1999 ct
1090 1946 1237 2015 quasi
1266 1945 1333 2001 de
1360 1946 1652 2018 alienigena
1685 1947 1899 2005 homine

296 2038 591 2106 loquimur,
622 2037 1026 2101 maledicentes,
1055 2034 1315 2090 conviciis
1333 2049 1385 2091 et
1411 2038 1749 2093 contumeliis
1777 2037 1898 2093 affi-

294 2130 525 2185 cientes.
548 2130 616 2184 At
639 2145 742 2184 non
768 2129 837 2183 ita
859 2140 1005 2184 certe
1029 2131 1198 2184 sancti
1223 2147 1236 2184 :
1265 2129 1359 2185 sed
1387 2130 1565 2201 potius
1589 2138 1898 2200 peccatores

294 2223 505 2290 lugent,
532 2236 688 2291 quam
720 2221 849 2289 ipsis
880 2220 1221 2276 maledicam.
1249 2219 1362 2276 Hoc
1392 2230 1446 2275 et
1471 2235 1571 2278 nos
1597 2216 1852 2277 faciamus
1878 2241 1893 2277 :

294 2314 577 2382 lugeamus
618 2311 1006 2377 Het'odiadem,
1041 2321 1095 2367 et
1130 2327 1225 2367 eos
1268 2313 1357 2383 qui
1408 2313 1551 2368 illam
1596 2314 1892 2369 imitantur.

293 2404 464 2460 Multa
497 2420 725 2475 namque
754 2404 914 2460 etiam
945 2419 1087 2458 nunc
1106 2414 1107 2419 ‘
1127 2400 1431 2474 huiusmodi
1464 2400 1711 2460 convivia
1741 2407 1892 2463 cele-

292 2494 545 2550 brantur.
571 2498 745 2566 Atque
766 2496 974 2550 etiamsi
1003 2494 1236 2551 Joannes
1262 2510 1371 2565 non
1398 2496 1763 2565 interficiatur,
1796 2501 1891 2556 sed

288 2585 500 2641 Christi
534 2587 773 2642 membra
802 2588 959 2657 longe
985 2590 1202 2657 gravius
1228 2588 1577 2658 impetuntur.
1602 2590 1718 2646 Non
1747 2596 1890 2650 enim

287 2690 457 2747 caput
485 2679 536 2732 in
563 2679 711 2735 disco
737 2685 924 2749 petunt
956 2678 989 2734 ii
1013 2680 1102 2750 qui
1130 2696 1271 2735 nunc
1299 2677 1622 2752 tripudiant,
1648 2682 1743 2744 sed
1769 2690 1890 2744 ani-

286 2789 419 2830 mas
440 2775 597 2831 simul
637 2777 1084 2833 recumbentium.
1108 2777 1240 2835 Cum
1271 2791 1447 2837 autem
1488 2783 1605 2838 illos
1635 2785 1686 2839 in
1718 2786 1888 2863 servi-

287 2877 467 2923 tutem
498 2870 795 2941 redegerint
818 2913 832 2934 ,
864 2882 916 2925 et
951 2872 1015 2925 ad
1050 2873 1260 2944 iniquos
1301 2875 1611 2931 induxerint
1638 2893 1885 2949 amores,

286 2963 715 3033 meretricesque
763 2963 1144 3031 adhibuerim,
1186 2981 1292 3021 non
1336 2978 1493 3037 caput
1532 2964 1883 3037 abscindunt,

284 3053 391 3109 sed
414 3053 644 3109 animam
661 3056 923 3126 iugulant,
948 3056 1074 3111 dum
1100 3058 1223 3113 illos
1244 3044 1505 3124 moechos,
1528 3059 1883 3129 etl'eminatos,

281 3152 347 3199 et
372 3145 608 3200 exoletos
634 3146 881 3201 reddunt.
909 3147 1092 3217 Neque
1114 3149 1256 3205 enim
1284 3150 1411 3203 mihi
1439 3150 1659 3216 dixeris,
1686 3162 1736 3206 te
1764 3153 1886 3207 vino

279 3244 505 3306 captum
532 3247 583 3290 et
609 3237 818 3292 ebrium
853 3240 1132 3294 mulierem
1160 3241 1463 3307 saltantem,
1487 3257 1605 3309 qua:
1632 3243 1883 3298 obscaena

279 3328 554 3397 loquitur,
587 3329 701 3383 sine
731 3329 837 3383 ullo
866 3332 1315 3400 concupiscentiae
1355 3341 1500 3386 motu
1533 3334 1715 3387 videre
1736 3376 1750 3399 ,
1786 3350 1883 3389 ne-

279 3440 395 3493 que
433 3425 697 3495 voluptate
739 3428 932 3481 victum
970 3427 1037 3480 ad
1080 3428 1348 3481 lasciviam
1388 3426 1535 3482 ferri.
1572 3428 1706 3484 lllud
1736 3442 1883 3485 certe

278 3516 545 3571 horribile
574 3519 802 3593 pateris,
836 3528 891 3572 ut
932 3520 1170 3573 membra
1200 3516 1399 3573 Christi
1442 3517 1606 3573 facias
1642 3521 1881 3575 membra

276 3607 603 3664 meretricis.
629 3607 762 3663 Nam
800 3610 898 3663 etsi
941 3624 1046 3665 non
1082 3609 1223 3663 adsit
1262 3609 1365 3663 tilia
1404 3609 1752 3677 llerodiadis,
1786 3610 1881 3666 sed

273 3700 377 3771 qui
408 3715 501 3769 per
535 3700 677 3754 illam
714 3709 840 3755 tunc
881 3701 1099 3755 saltavit
1134 3699 1379 3755 diabolus
1404 3743 1417 3765 ,
1458 3717 1552 3771 per
1586 3703 1701 3757 illas
1741 3718 1882 3759 nunc

274 3792 510 3847 choreas
547 3792 692 3862 agit,
724 3791 1189 3863 abitqueanimas
1228 3793 1675 3847 discumbentium
1716 3810 1879 3864 agens

274 3884 538 3954 captivas.
572 3884 723 3953 Quod
766 3886 810 3939 si
853 3899 947 3938 vos
988 3885 1213 3953 potestis
1240 3883 1556 3940 ebrietatem
1593 3886 1797 3952 vitare,
1826 3895 1881 3941 at

272 3976 503 4032 alterius
540 3978 739 4046 peccati
776 3977 1073 4048 gravissimi
1109 3977 1390 4046 participes
1429 3976 1559 4031 estis
1594 3996 1605 4031 :
1639 3979 1880 4048 plurimis

272 4088 513 4143 namque
541 4073 743 4143 rapinis
784 4070 1086 4142 linjnsmodi
1118 4070 1358 4125 cn‘nvivia
1388 4080 1655 4126 constant.
1683 4070 1761 4125 Ne
1786 4087 1878 4141 ap-

271 4165 483 4235 positas
503 4179 691 4218 carnes
716 4164 1031 4232 reSpexeris,
1058 4177 1155 4216 nec
1176 4164 1475 4231 placentas;
1494 4163 1587 4217 sed
1612 4163 1874 4217 undenam

269 4258 399 4313 lucc
421 4257 643 4313 collecta
673 4258 780 4312 sint
807 4258 1001 4325 cogita,
1031 4266 1084 4310 et
1114 4255 1319 4310 videbis
1346 4256 1432 4310 illa
1463 4271 1527 4312 ex
1552 4256 1794 4324 avaritia,
1823 4268 1873 4313 et

271 4351 355 4409 vi.
387 4358 442 4405 et
472 4350 653 4418 rapina
685 4349 969 4418 proficisci.
1004 4347 1224 4412 Verum,
1259 4349 1485 4418 inquies,
1518 4349 1632 4405 lucc
1668 4366 1771 4405 non
1805 4352 1874 4406 ita

270 4451 428 4511 parta
458 4449 619 4506 sunt;
647 4440 825 4494 absit!
874 4440 926 4495 id
966 4455 1066 4509 ego
1107 4440 1328 4494 minime
1368 4440 1544 4495 velim.
1592 4440 1787 4496 Verum
1827 4444 1874 4498 si

273 4535 381 4590 hac
407 4534 458 4589 in
484 4545 635 4606 parte
663 4534 910 4589 convivia
940 4534 1047 4588 sint
1071 4548 1199 4602 pura
1221 4572 1236 4597 ,
1267 4548 1371 4586 non
1403 4540 1580 4587 tamen
1612 4533 1699 4588 illa
1724 4550 1873 4589 sum-

272 4640 466 4700 ptuosa
512 4627 752 4683 cenvivia
797 4642 1014 4697 prorsu‘l
1061 4637 1188 4681 sunt
1233 4626 1460 4682 crimine
1502 4642 1687 4682 vacua.
1737 4628 1873 4682 Audi

272 4720 418 4776 enim
463 4718 733 4790 quomodo
774 4719 865 4772 illa
907 4718 991 4773 vel
1038 4716 1358 4786 supradictis
1404 4732 1568 4772 vacua
1614 4718 1874 4789 prepbeta

271 4811 637 4881 reprehendat
665 4811 749 4875 his
778 4810 957 4865 verbis
986 4829 1002 4863 :
1041 4808 1131 4864 Vw
1156 4811 1242 4880 qui
1268 4810 1432 4865 bibitis
1467 4810 1769 4882 defwcatum
1796 4813 1875 4866 ui-

270 4920 417 4965 uunt.
442 4913 489 4957 et
513 4902 780 4973 unguentis
806 4902 982 4972 primis
1015 4901 1263 4971 ungimini
1285 4900 1464 4967 (Amos
1507 4905 1560 4957 6.
1591 4901 1669 4973 6).
1709 4901 1873 4960 Vides

264 4995 504 5068 qualiter
525 4994 611 5049 hic
626 4993 847 5050 delicias
864 4992 1226 5063 reprehendat
1245 4993 1269 5046 ?
1286 4991 1473 5062 Neque
1488 4994 1629 5048 enim
1653 4992 1737 5049 his
1762 5010 1873 5051 ver-

266 5086 360 5143 bis
386 5086 661 5141 avaritiam
691 5084 1011 5148 insectatur,
1040 5084 1135 5139 sed
1164 5083 1361 5141 etl‘usas
1385 5084 1608 5139 delicias
1640 5094 1865 5142 tantum.

348 5179 401 5231 6.
443 5177 519 5232 Tu
548 5176 789 5232 comedis
816 5176 957 5231 ultra
1000 5191 1305 5231 mensuram
1328 5217 1344 5238 ,
1373 5191 1494 5231 cum
1524 5175 1769 5235 Christus
1803 5194 1870 5233 ne

264 5269 488 5342 quidem
530 5268 831 5325 necessaria
862 5267 1085 5332 habent;
1122 5278 1177 5319 tu
1209 5268 1480 5336 placentas
1514 5267 1751 5334 atl'atim,
1780 5270 1869 5325 ille

266 5377 346 5418 ne
372 5376 559 5431 panem
595 5360 811 5431 quidem
857 5358 1106 5424 aridum;
1158 5367 1212 5411 ιιι
1253 5352 1507 5430 Thasium
1546 5359 1727 5412 vintnn
1758 5361 1865 5425 (α),

263 5455 375 5525 ipsi
405 5468 536 5508 vero
580 5468 649 5508 ne
694 5452 916 5506 calicem
960 5451 1173 5520 quidem
1219 5466 1373 5520 aqua:
1420 5448 1627 5519 frigida:
1669 5452 1865 5506 sitienti

262 5544 498 5611 dedisti;
530 5555 585 5601 tu
617 5544 670 5599 in
704 5543 845 5599 lecto
875 5542 1033 5596 molli
1086 5552 1141 5595 et
1181 5550 1372 5596 ornato
1397 5540 1540 5610 iaces
1564 5582 1580 5605 ,
1623 5541 1709 5594 ille
1740 5558 1868 5597 vero

261 5637 369 5697 sub
391 5638 583 5711 frigido
612 5652 742 5693 acre
764 5634 929 5705 alget.
963 5632 1172 5689 Idcirco
1188 5634 1397 5688 etiamsi
1440 5634 1665 5687 avaritia
1704 5650 1865 5689 vactia

328 5794 401 5857 (α)
434 5794 595 5845 Thasii
622 5791 722 5859 vini
746 5790 863 5840 olim
883 5787 1422 5859 celeberrimt__mentio
1455 5786 1690 5859 frequens
1715 5786 1868 5859 habef

260 5850 505 5973 ιτέιιιιιό
551 5858 852 5921 scriptores,
889 5850 1136 5914 Plautum,
1179 5850 1407 5913 Plinium,
1454 5850 1771 5910 Athenaeum,
1816 5856 1869 5900 et

260 5934 287 5969 a

1285 446 1348 502 IN
1385 446 1792 502 ΜΑΤΤΙΙίΕυΜ
1836 443 2066 498 1101111..
2113 444 2343 501 XLVIII.
2386 450 2455 504 al.
2500 450 2687 506 XLIX.

3513 466 3614 523 illi

2024 572 2202 615 essent
2232 564 2472 617 convivia
2502 574 2610 629 tua,
2635 576 2809 622 tamen
2840 568 2962 625 ideo
2986 569 3242 641 ﬂagitiosa
3290 585 3449 644 sunt,
3473 582 3616 651 quod

2024 662 2078 707 tu
2118 670 2278 725 supra
2331 660 2703 714 necessitatem
2762 662 2941 717 omnia
3000 663 3194 735 facias,
3243 668 3317 723 illi
3371 685 3499 725 vero
3550 690 3618 729 ne

2020 745 2236 815 quidem
2264 750 2561 803 necessaria
2594 751 2856 821 praebeas,
2885 769 3006 808 cum
3059 772 3120 810 ex
3172 760 3336 828 ipsius
3366 761 3519 821 bonis
3562 764 3614 819 in

2020 838 2229 894 deliciis
2259 841 2423 896 vivas.
2453 841 2615 899 Certe
2654 847 2697 898 si
2730 847 2880 916 pueri
2911 849 3205 921 cujuspiam
3250 864 3395 911 tutor
3421 872 3570 915 esses
3595 901 3613 925 ,

2020 941 2072 985 et
2090 930 2257 1001 ipsius
2289 933 2425 990 bona
2446 937 2847 1001 administrans,
2876 941 3046 1011 ipsum
3076 945 3126 997 in
3164 950 3424 1004 extremis
3464 953 3613 1020 posi-

2020 1034 2129 1079 tum
2177 1026 2516 1097 deSpiceres,
2568 1043 2853 1090 sexcentos
2902 1037 3129 1094 haberes
3156 1054 3516 1111 accusatores,
3550 1062 3614 1102 ac

2018 1121 2311 1175 secundum
2362 1122 2508 1193 leges
2553 1140 2740 1195 pmoas
2784 1128 2944 1184 dares
2978 1147 2990 1183 :
3024 1146 3145 1191 cum
3181 1145 3360 1191 autem
3390 1152 3451 1191 ea
3491 1154 3611 1209 quas

2014 1210 2215 1267 Christi
2246 1224 2367 1268 sunt
2390 1217 2687 1285 acceperis,
2717 1227 2770 1278 et
2805 1220 2882 1275 sic
2908 1219 3104 1277 frustra
3132 1224 3402 1294 insumas,
3429 1244 3608 1285 annon

2018 1316 2171 1374 putas
2199 1316 2251 1362 te
2282 1309 2544 1364 rationem
2582 1312 2914 1367 redditurum
2946 1316 3114 1372 esse?
3142 1318 3270 1374 Hmc
3316 1336 3475 1390 porro
3500 1339 3607 1380 non

2012 1398 2080 1454 de
2131 1398 2233 1452 illis
2260 1400 2401 1468 dico,
2452 1402 2540 1473 qui
2581 1405 2893 1462 meretrices
2931 1409 2999 1462 ad
3056 1427 3294 1467 mensam
3347 1412 3612 1474 inducunt

2014 1490 2140 1561 (illis
2180 1492 2376 1564 quippe
2402 1510 2508 1547 non
2554 1497 2723 1567 magis
2757 1514 2916 1569 quam
2953 1503 3175 1558 canibus
3221 1506 3599 1581 loquendum),

2014 1600 2110 1635 nec
2141 1584 2207 1638 de
2238 1587 2538 1653 raptouibus
2561 1590 2649 1657 qui
2676 1590 2903 1645 aliorum
2945 1604 3161 1651 ventres
3188 1597 3411 1667 implent
3432 1600 3449 1670 (
3474 1600 3615 1659 nihil

2010 1677 2153 1729 enim
2186 1691 2471 1733 commune
2515 1695 2636 1735 cum
2680 1682 2784 1737 illis
2818 1682 2989 1740 habeo
3014 1728 3027 1750 ,
3057 1695 3238 1745 utnec
3274 1706 3396 1745 cum
3424 1695 3605 1763 porcis

2007 1766 2091 1822 vel
2114 1766 2305 1840 lupis),
2341 1769 2435 1823 sed
2465 1768 2533 1825 de
2553 1771 2657 1825 illis
2678 1775 2853 1845 agitur
2879 1778 2969 1845 qui
2996 1777 3151 1834 bonis
3178 1779 3427 1838 fruuntur
3446 1786 3557 1842 suis
3583 1828 3599 1853 ,

2007 1875 2108 1917 nec
2132 1863 2253 1918 aliis
2298 1865 2623 1935 largiuntur;
2666 1867 2735 1923 de
2760 1868 2825 1924 iis
2845 1870 2935 1940 qui
2966 1882 3186 1941 paterna
3225 1875 3365 1931 bona
3408 1878 3600 1936 frustra

2005 1964 2346 2011 consumunt.
2375 1957 2559 2029 Neque
2582 1960 2724 2015 enim
2754 1960 2805 2015 lii
2848 1962 3075 2023 crimine
3100 1968 3251 2022 vacui
3282 1979 3426 2025 sunt.
3466 1972 3599 2028 Nam

2004 2058 2295 2117 quomoao,
2330 2066 2537 2119 quisse,
2574 2054 2943 2110 accusationes
2981 2067 3037 2113 et
3085 2060 3299 2131 culpam
3351 2062 3595 2136 etl‘ngiaq,

2003 2142 2219 2212 quando
2265 2145 2530 2213 parasitus
2561 2155 2802 2203 ventrem
2847 2150 3050 2221 implet,
3097 2161 3155 2208 ut
3199 2166 3252 2211 et
3288 2158 3458 2225 canis,
3501 2163 3593 2229 qui

2002 2234 2208 2299 adstat;
2231 2234 2356 2291 dum
2385 2236 2630 2293 Christus
2659 2256 2726 2296 ne
2758 2241 2860 2298 hoc
2879 2243 3092 2313 quidem
3116 2246 3377 2304 beneficio
3405 2250 3596 2323 dignus

2001 2330 2142 2401 apud
2173 2341 2224 2386 te
2248 2330 2474 2387 habetur
2492 2332 2516 2374 ν
2541 2334 2755 2404 quando
2783 2335 2847 2401 is,
2873 2338 2962 2407 qui
2989 2338 3153 2395 risum
3184 2335 3364 2398 movet
3390 2385 3406 2409 ,
3450 2355 3594 2401 tanta

1999 2424 2223 2494 accipit;
2253 2424 2341 2480 ille
2361 2437 2561 2494 autem,
2590 2428 2681 2498 qui
2704 2444 2925 2499 regnum
2942 2432 3196 2488 calorum
3214 2433 3266 2488 in
3292 2438 3592 2494 mercedem

1999 2516 2176 2581 otl'ert,
2204 2532 2301 2573 ne-
2326 2519 2601 2589 minimam
2643 2521 2859 2593 quidem
2888 2523 3079 2580 borum
3133 2528 3379 2596 partem?
3417 2530 3506 2586 ille
3534 2542 3595 2587 ut

2000 2608 2169 2665 facete
2209 2610 2408 2681 aliquid
2450 2611 2612 2678 dicat,
2659 2614 2884 2670 satiatus
2923 2615 3063 2681 abit;
3094 2617 3181 2675 hie
3224 2635 3355 2677 vero
3400 2622 3487 2690 qui
3525 2639 3591 2678 ea

1998 2701 2174 2765 docet,
2206 2716 2327 2770 qua:
2357 2702 2461 2756 nisi
2491 2701 2873 2771 didicerimus,
2905 2707 3034 2761 nihil
3069 2725 3097 2761 a
3129 2711 3351 2765 canibus
3378 2711 3594 2768 differe-

1998 2810 2139 2852 mus.
2169 2809 2276 2850 non
2305 2794 2494 2850 eodem
2533 2812 2640 2863 quo
2667 2798 2758 2855 ille
2788 2798 3051 2855 beneficio
3076 2802 3357 2873 dignatur?
3388 2805 3589 2863 Horre-

1994 2889 2102 2942 scis
2129 2885 2243 2943 haec
2258 2886 2566 2945 audiendo?
2592 2888 2856 2947 llorresce
2874 2904 3005 2962 ergo
3031 2892 3099 2951 de
3127 2892 3299 2951 factis.
3325 2896 3471 2967 Ejice
3491 2915 3586 2968 pa-

1994 2980 2212 3047 rasitos,
2241 2991 2296 3036 et
2315 2980 2400 3037 fac
2425 2991 2600 3037 tecum
2625 2983 2949 3063 accumbere
2980 2986 3271 3045 Christum.
3302 2990 3367 3047 'Si
3400 2994 3512 3049 sale
3534 3004 3590 3050 et

1994 3088 2178 3129 mensa
2209 3085 2383 3130 tecum
2411 3077 2912 3144 eommnnicaverit,
2943 3091 3254 3140 mansuetus
3292 3083 3396 3139 tibi
3422 3083 3589 3154 judex

1992 3165 2096 3219 erit
2125 3183 2138 3219 :
2172 3166 2312 3221 solet
2334 3169 2567 3222 revereri
2616 3183 2879 3223 mensam.
2910 3169 2971 3225 Si
3010 3187 3241 3242 namque
3270 3175 3322 3229 id
3352 3177 3589 3234 latrones

1991 3256 2225 3322 faciant,
2259 3270 2458 3329 quanto
2487 3263 2658 3331 magis
2695 3262 2996 3318 Dominus?
3033 3251 3220 3337 Cogita
3258 3269 3401 3325 enim
3447 3288 3587 3340 qun-

1993 3351 2153 3406 modo
2170 3354 2507 3408 meretricem
2535 3354 2678 3409 illam
2698 3370 2729 3408 a
2745 3370 2931 3410 mensa
2952 3366 3010 3412 ιιι
3016 3356 3217 3426 justam
3238 3360 3583 3432 laudaverit‘,

1989 3457 2053 3497 ac
2074 3441 2277 3499 Simoni
2318 3443 2726 3515 exprobraverit
2772 3447 2961 3503 dicens
2997 3467 3012 3504 :
3045 3449 3297 3507 Osculum
3324 3456 3453 3512 mihi
3480 3474 3583 3511 non

1990 3536 2173 3590 dediin
2200 3534 2221 3609 (
2252 3534 2378 3591 Luc.
2413 3538 2464 3590 7.
2492 3538 2563 3596 65
2588 3540 2631 3608 ).
2654 3538 2806 3605 Quod
2835 3539 2880 3595 si
2910 3548 2961 3595 te
2988 3539 3105 3597 haec
3144 3559 3254 3599 non
3298 3544 3584 3603 facientem

1991 3628 2179 3691 nutrit,
2216 3630 2385 3682 mnlto
2418 3630 2585 3699 magis
2629 3629 2916 3686 facientem
2948 3634 3199 3691 mercede
3239 3636 3484 3693 donabit.
3506 3639 3585 3697 Ne

1990 3722 2201 3791 inopem
2222 3722 2509 3791 dQSpICiaS,
2533 3722 2677 3793 quod
2702 3723 2950 3783 Sordidus
2968 3737 3021 3782 et
3043 3727 3318 3797 squalidus
3329 3731 3583 3799 accedat;

1988 3814 2086 3871 sed
2112 3813 2308 3884 cogita,
2336 3814 2609 3871 Clirismm
2640 3831 2736 3885 per
2762 3815 2935 3886 ipsum
2962 3817 3184 3873 domum
3220 3829 3364 3876 tuam
3392 3822 3542 3893 adire
3563 3868 3582 3892 ,

1988 3922 2057 3963 ne
2087 3923 2277 3979 pergas
2304 3908 2450 3962 illum
2484 3902 2790 3965 inhumanis
2834 3912 3014 3967 verbis
3052 3912 3358 3983 incessere,
3388 3917 3584 3987 quibus

1986 4002 2304 4057 accedentes
2352 4002 2618 4061 lacessere
2674 4004 2855 4069 soles,
2905 4004 3242 4075 importunus
3299 4010 3581 4078 vocando,

1987 4095 2195 4149 otiosos
2214 4135 2228 4159 ,
2256 4095 2706 4168 gravioribusque
2749 4098 2872 4154 aliis
2898 4099 3207 4154 nominibus
3236 4103 3581 4171 appellando.

1985 4186 2199 4258 Cogites
2229 4187 2386 4243 velim
2419 4190 2633 4260 quando
2655 4190 2774 4245 haec
2802 4191 2957 4255 dicis,
2985 4208 3104 4263 qua:
3131 4194 3222 4248 tibi
3241 4211 3404 4264 opera
3433 4212 3586 4265 para-

1983 4283 2070 4336 siti
2096 4265 2311 4349 faciant,
2342 4298 2407 4335 an
2437 4281 2489 4337 in
2529 4282 2710 4353 aliquo
2747 4281 2993 4338 humiliari
3029 4285 3104 4340 rei
3139 4292 3241 4339 tum
3266 4287 3373 4341 sint
3403 4288 3580 4344 utiles.

1985 4374 2297 4439 Prandium,
2353 4375 2582 4445 inquies,
2630 4375 2848 4429 suavius
2896 4375 3145 4431 reddunt.
3197 4378 3263 4433 Et
3312 4380 3584 4449 quomodo

1982 4466 2218 4529 suavius,
2244 4465 2368 4520 dum
2392 4464 2561 4534 alapis
2584 4464 2865 4520 caeduntur
2879 4480 2943 4522 ac
2969 4468 3141 4536 turpia
3160 4468 3491 4540 loquuntur?
3518 4472 3584 4527 Iit

1981 4559 2107 4625 quid
2139 4557 2236 4611 hac
2265 4572 2323 4611 re
2352 4557 2627 4612 insuavius
2655 4599 2669 4621 ,
2715 4557 2931 4628 quando
2969 4557 3015 4613 is
3053 4560 3143 4629 qui
3185 4561 3253 4616 ad
3292 4561 3581 4634 imaginem

1984 4651 2076 4705 Dei
2110 4650 2278 4705 factus
2308 4659 2392 4704 est
2410 4650 2654 4715 caeditur,
2679 4658 2737 4704 et
2750 4665 2815 4705 ex
2835 4649 2934 4705 hac
2950 4652 3274 4708 contumelia
3305 4656 3581 4726 voluptate

1982 4740 2234 4806 afliceris,
2267 4740 2410 4796 mdes
2428 4749 2547 4795 tuas
2567 4742 2617 4794 in
2652 4740 2916 4797 theatrum
2943 4752 3284 4812 convertens,
3309 4762 3371 4800 ac
3399 4740 3581 4801 mimis

1984 4830 2294 4884 convivium
2310 4830 2541 4897 replens,
2557 4830 2913 4901 scenicosque
2924 4846 3083 4888 rasos
3096 4832 3471 4899 Imitaris,cum
3488 4848 3579 4889 no-

1987 4918 2111 4973 bilis
2125 4918 2366 4988 liberque
2387 4919 2460 4973 sis
2473 4918 2637 4973 lNam
2658 4920 2731 4975 ibi
2749 4920 2895 4976 risus
2908 4922 3142 4993 etalapa:
3154 4924 3419 4981 visuntur.
3432 4924 3580 4982 Ilaec-

1985 5011 2127 5075 eine,
2152 5026 2359 5080 quaso,
2389 5010 2716 5081 voluptatem
2749 5015 3011 5084 appellas,
3040 5031 3163 5085 quat
3197 5018 3382 5073 multis
3412 5018 3574 5089 digna

1986 5112 2117 5157 sunt
2141 5103 2413 5174 lacrymis,
2430 5104 2644 5159 ﬂetibus
2659 5146 2673 5169 ,
2693 5107 3159 5176 gemitibuslrum
3182 5121 3458 5181 oporteret
3478 5126 3573 5167 eos

1979 5204 2044 5258 ad
2076 5205 2233 5257 vitam
2267 5201 2490 5271 probam
2519 5214 2795 5267 revocare,
2823 5199 2888 5255 ad
2915 5200 3151 5256 ofﬁcium
3182 5203 3404 5269 hortari,
3431 5216 3483 5258 tu
3505 5206 3575 5260 ad

1980 5298 2237 5367 pcrjuria,
2271 5297 2543 5363 verbaque
2584 5295 2755 5363 turpia
2802 5308 3086 5365 provocas,
3115 5295 3306 5353 ethoc
3330 5297 3579 5367 volupta-

1979 5401 2084 5444 tem
2112 5390 2387 5459 appellas?
2411 5387 2660 5459 quodque
2679 5386 2746 5441 ad
2774 5386 3075 5457 gehennam
3093 5387 3258 5455 ducit,
3291 5387 3580 5459 voluptatis

1977 5492 2349 5552 argumentum
2373 5497 2491 5535 csse
2520 5480 2712 5550 putas?
2732 5480 2863 5534 Cum
2883 5480 3028 5535 enim
3057 5481 3229 5537 facete
3249 5481 3376 5553 quid
3397 5481 3579 5538 dicere

1980 5574 2196 5643 parasiti
2243 5590 2344 5627 non
2379 5583 2634 5641 possunt,
2677 5571 3001 5640 iuramentis
3049 5587 3112 5627 ac
3158 5574 3409 5643 periuriis
3457 5588 3580 5629 sese

1979 5665 2104 5720 hinc
2128 5663 2434 5733 expediunt.
2482 5662 2729 5719 llmccine
2777 5662 2887 5728 risu
2935 5662 3139 5735 digna?
3178 5681 3359 5720 annon
3404 5663 3579 5736 potius

1994 5946 1999 5951 .
2046 5908 2057 5937 ι
2080 5912 2223 5957 Juxta
2243 5904 2381 5955 savii.
2405 5889 2668 5968 legendum
2696 5913 2849 5967 esset,
2869 5917 2901 5953 α
2917 5917 3083 5956 mensa
3105 5915 3266 5957 autem
3287 5903 3541 5958 reddider.
