4170 6512
663 443 762 497 193

663 556 908 627 lacrymis
933 551 1244 608 etﬁctibus?
1273 549 1335 603 Et
1365 547 1478 616 quis
1517 554 1694 600 mente
1729 543 1910 599 valens
1938 543 2016 598 sic
2043 540 2227 612 loqua-

663 650 784 703 tur?

735 740 785 793 7.
831 738 950 792 [hec
975 750 1130 805 porro
1174 733 1313 797 dico,
1357 747 1459 786 non
1485 745 1590 802 quo
1630 727 1933 799 prohibeam
1979 727 2226 781 alimenta

669 832 792 899 ipsis
815 827 1157 898 suppeditari,
1186 825 1278 880 sed
1307 840 1372 879 ne
1394 823 1491 878 hac
1519 822 1586 878 de
1606 837 1761 876 causa
1787 819 2187 888 suppeditentur
2211 834 2222 868 :

667 918 1022 980 humanitatis,
1044 933 1147 970 non
1178 914 1514 968 immanitatis
1534 927 1688 967 causa
1717 911 2045 974 nutriantur;
2071 910 2228 962 mise-

669 1007 889 1066 ricordia
920 1008 1078 1074 adsit,
1108 1023 1209 1062 non
1239 1005 1577 1060 c0iitumelia.
1611 1003 1870 1056 Alimenta
1903 1001 1999 1070 ipsi
2028 999 2223 1069 przebe,

663 1105 784 1174 quia
826 1118 1024 1172 pauper
1056 1110 1176 1166 est,
1225 1109 1279 1155 et
1307 1101 1426 1169 quia
1466 1099 1517 1152 in
1549 1097 1639 1152 illo
1679 1095 1945 1152 Christum
1970 1093 2092 1158 alis,
2123 1107 2226 1146 non

665 1206 838 1250 autem
878 1195 1000 1264 quia
1045 1193 1277 1248 satanica
1307 1191 1504 1245 inducit
1547 1189 1726 1254 verba,
1775 1203 2030 1258 suamque
2067 1187 2227 1241 vitam

664 1287 926 1353 deturpat.
953 1284 1068 1339 Noli
1093 1283 1401 1352 conspicere
1429 1280 1710 1345 ridentem,
1737 1279 1829 1334 sed
1851 1278 2227 1334 conscientiam

664 1376 778 1444 ejus
808 1375 1042 1444 explora,
1071 1383 1124 1428 et
1146 1382 1268 1427 tunc
1292 1371 1493 1427 videbis
1524 1372 1692 1440 ipsum
1723 1384 1841 1425 sese
1856 1370 2047 1425 millies
2068 1369 2229 1424 male-

663 1468 945 1530 dicentem,
975 1474 1270 1536 gementem
1293 1475 1447 1531 atque
1469 1463 1822 1533 plangentem.
1855 1462 2022 1528 Quam
2052 1476 2162 1516 rem
2185 1460 2230 1515 si

664 1559 910 1624 occultat,
936 1569 1146 1628 propter
1174 1569 1223 1611 te
1239 1557 1484 1612 Occultat.
1517 1553 1774 1610 Convivas
1809 1552 2060 1607 adhibeto
2087 1553 2230 1606 viros

672 1664 926 1718 pauperes
973 1649 1293 1718 liberosque.
1344 1662 1448 1701 non
1493 1647 1737 1716 perjuros
1789 1646 1871 1700 vel
1920 1645 2130 1700 mimos.
2173 1643 2231 1699 Si

667 1739 798 1793 velis
819 1748 992 1793 autem
1021 1748 1076 1793 ut
1100 1738 1327 1808 aliquam
1352 1737 1446 1792 tibi
1472 1739 1638 1792 vicem
1662 1736 1952 1806 rependant
1972 1779 1985 1800 ,
2005 1735 2153 1805 jube,
2186 1736 2229 1788 si

667 1831 789 1901 quid
815 1831 1040 1886 viderint
1067 1831 1394 1893 indecorum,
1437 1830 1730 1899 increpare,
1763 1843 1983 1883 monere
2005 1869 2019 1893 ,
2049 1843 2231 1883 curam

667 1923 854 1978 domus
876 1933 929 1976 et
957 1921 1167 1977 familia:
1189 1922 1403 1978 habere.
1445 1919 1606 1976 Filios
1648 1919 1852 1975 habes?
1893 1921 2009 1973 Sint
2060 1927 2231 1973 tecum

670 2028 843 2085 patres
875 2014 1128 2083 ipsorum,
1158 2021 1213 2068 et
1233 2013 1490 2083 magistri,
1510 2013 1651 2068 lucra
1685 2011 1776 2066 tibi
1819 2019 2088 2081 reportent
2127 2011 2235 2064 Deo

670 2109 879 2179 placita.
927 2107 984 2161 ln
1034 2106 1438 2177 negotiationem
1468 2103 1792 2173 spiritualem
1837 2104 1956 2158 illos
1987 2103 2228 2157 immitte.

668 2198 724 2254 Si
756 2206 997 2264 egentem
1045 2195 1339 2268 patrocinio
1371 2195 1584 2261 videris,
1630 2194 1829 2264 impera
1873 2204 1930 2248 ut
1979 2194 2231 2247 auxilium

669 2298 920 2360 priestent
953 2300 1007 2346 et
1032 2288 1453 2344 subministrent.
1484 2286 1682 2341 Horum
1715 2286 2010 2340 ministerio
2040 2300 2235 2340 venare

671 2380 993 2451 peregrinos,
1021 2380 1191 2434 nudos
1220 2379 1379 2434 indue
1404 2419 1419 2444 ,
1454 2379 1506 2433 in
1529 2392 1795 2433 carcerem
1824 2378 1973 2432 mitte
1997 2419 2011 2442 ,
2036 2377 2236 2433 alienas

669 2473 816 2527 solve
845 2471 1207 2527 necessitates.
1239 2469 1387 2526 Hanc
1408 2469 1502 2524 tibi
1531 2469 1600 2524 ob
1628 2467 2016 2538 suppeditatam
2053 2468 2238 2522 alimo-

670 2565 810 2618 niam
841 2564 1008 2618 vicem
1039 2561 1351 2632 rependant,
1382 2576 1500 2632 qute
1541 2570 1597 2616 et
1625 2559 1716 2615 tibi
1744 2569 1798 2614 et
1822 2560 1924 2614 illis
1953 2559 2115 2628 prosit
2140 2600 2154 2624 ,
2185 2568 2241 2614 et

669 2669 788 2726 qua
817 2653 1099 2724 improbari
1134 2666 1415 2722 numquam
1442 2659 1634 2721 potest.
1667 2650 1799 2705 Hinc
1823 2651 2087 2704 strictiore
2106 2651 2240 2703 ami-

670 2747 810 2802 citia:
836 2746 1042 2801 vinculo
1064 2743 1376 2816 jungemini.
1400 2743 1548 2798 Nunc
1567 2743 1730 2809 enim,
1754 2743 1957 2796 etiamsi
1981 2750 2164 2810 putent
2181 2756 2239 2796 se

673 2838 862 2903 amari,
891 2847 1122 2892 attamen
1153 2836 1473 2891 erubescunt
1507 2834 1658 2904 quasi
1686 2833 1850 2904 gratis
1895 2832 2032 2902 apud
2080 2842 2134 2887 te
2163 2832 2241 2886 vi-

678 2941 898 2996 ventes;
929 2930 972 2985 si
1001 2939 1176 2984 autem
1199 2929 1313 2984 haec
1340 2927 1682 2998 perfecerint,
1718 2925 1936 2981 liberius
1965 2935 2159 2996 agent,
2188 2937 2242 2980 et

673 3031 732 3078 tu
760 3022 1011 3078 libentius
1043 3036 1277 3075 mensam
1309 3020 1604 3090 prtebebis,
1645 3027 1825 3088 utpote
1861 3019 1948 3088 qui
1999 3029 2241 3087 sumptus

674 3129 779 3168 non
818 3113 934 3167 sine
981 3111 1153 3166 fructu
1195 3109 1524 3181 profundas:
1556 3110 1630 3165 illi
1672 3125 1790 3164 cum
1823 3108 2008 3163 ﬁducia
2065 3120 2239 3164 tecum

676 3205 875 3269 vivent,
901 3213 956 3258 et
978 3218 1098 3257 cum
1121 3203 1328 3258 decenti
1358 3201 1621 3265 libertate,
1647 3199 1940 3270 domusque
1968 3210 2052 3254 tua
2077 3241 2090 3266 ,
2123 3216 2241 3270 qua:

680 3295 941 3348 theatrum
972 3301 1109 3359 erat,
1131 3292 1356 3350 ecclesia
1379 3291 1599 3358 evadet,
1626 3291 1866 3346 diabolus
1892 3290 2125 3362 aufugiet
2148 3333 2162 3356 ,
2191 3293 2242 3346 in

676 3401 792 3440 eam
811 3385 1050 3440 Christus
1077 3401 1194 3440 cum
1223 3384 1530 3454 angelorum
1554 3384 1717 3438 choro
1749 3382 1980 3438 intrabit.
2007 3383 2136 3436 Nam
2155 3382 2244 3437 ubi

676 3478 938 3544 Christus,
981 3468 1050 3532 ibi
1076 3479 1246 3548 angeli
1279 3479 1294 3508 ‘
1332 3496 1346 3532 :
1376 3477 1462 3532 ubi
1491 3491 1618 3532 vero
1651 3475 1891 3535 Christus
1942 3487 1997 3532 et
2034 3476 2241 3547 angeli,

679 3568 747 3622 ibi
774 3568 982 3632 caelum,
1013 3567 1081 3623 ibi
1112 3568 1198 3622 lux
1225 3568 1384 3623 solari
1414 3567 1760 3638 splendidior.
1792 3567 1848 3622 Si
1874 3576 2048 3622 autem
2087 3568 2243 3621 aliam

677 3658 834 3712 abiis
863 3659 988 3728 ipsis
1026 3658 1439 3713 consolationem
1479 3659 1556 3713 vis
1584 3659 1674 3713 tibi
1701 3673 1905 3728 parere,
1949 3674 2043 3727 per
2079 3659 2243 3713 otium

677 3749 800 3819 iube
827 3748 943 3804 illos
963 3749 1192 3803 divinam
1221 3748 1387 3818 legem
1418 3749 1468 3803 in‘
1501 3749 1634 3804 libro
1670 3750 1865 3820 legere.
1896 3749 2169 3805 Libentius
2192 3750 2245 3804 in

746 3955 757 3975 ι
797 3952 920 4005 Haec,
958 3953 1074 4008 Nam
1112 3943 1192 3995 ubi
1226 3943 1455 4005 Christus,
1489 3943 1557 4008 ibi
1594 3944 1770 4008 angeli,
1806 3946 1983 3998 desunt
2015 3960 2062 3994 tn
2102 3945 2240 3996 Sarii.

676 4015 838 4066 Iltlttt',
863 4015 916 4056 ut
939 4005 1145 4066 videtur,
1169 4020 1254 4069 per
1277 4005 1705 4057 boniteoteleutou.

1183 4097 1203 4124 \

1395 433 1446 489 S.
1490 426 1760 487 JOANNIS
1794 418 2264 482 CIIBYSUSTOMI
2303 423 2614 482 AltClllEP.
2655 426 3180 485 CONSTANTINOP.

3796 437 3903 492 N6

2334 540 2414 594 his
2445 542 2535 595 tibi
2565 558 2764 599 morem
2787 555 2990 616 gerent,
3011 562 3168 616 quam
3201 547 3250 601 iu
3279 547 3414 602 aliis.
3443 546 3567 605 [huc
3591 553 3732 606 enim
3775 563 3826 607 et
3853 565 3908 608 te

2332 643 2385 688 et
2414 633 2528 688 illos
2569 634 2902 691 honestiores
2945 637 3210 706 efﬁciunt;
3255 639 3342 694 illa
3387 656 3533 705 vero,
3583 659 3701 712 qua:
3743 659 3909 712 supra

2333 726 2555 780 diximus
2577 766 2592 791 ,
2621 742 2807 782 omnes
2849 728 3007 782 simul
3046 728 3372 785 dedecorant
3403 751 3417 787 :
3451 739 3500 787 te
3533 742 3589 786 ut
3624 742 3909 790 contume-

2333 818 2521 904 liosum
2542 829 2594 876 et
2625 821 2988 888 temulentum,
3015 823 3135 880 illos
3166 834 3223 878 ut
3250 825 3473 880 miseros
3501 837 3555 882 et
3587 830 3750 882 ventri
3783 844 3909 884 ser-

2331 912 2554 966 vientes.
2583 911 2711 966 Nam
2755 915 2800 967 si
2848 913 2912 967 ad
2941 916 3313 971 contumeliam
3345 918 3544 972 nutrias
3565 960 3579 983 ,
3603 919 3651 972 id
3693 922 3912 988 gravius

2331 1014 2432 1070 est,
2463 1019 2617 1073 quam
2639 1005 2683 1060 si
2707 1005 3010 1071 occideres;
3067 1008 3147 1061 sin
3179 1008 3244 1062 ad
3295 1009 3570 1065 utilitatem
3599 1019 3652 1063 et
3678 1011 3913 1077 lucrum,

2333 1093 2384 1149 id
2410 1093 2728 1150 fructuosius
2752 1104 2853 1160 est,
2885 1112 3042 1165 quam
3061 1097 3106 1151 si
3133 1097 3200 1152 ad
3225 1109 3451 1155 mortem
3482 1101 3735 1155 abductos
3767 1103 3912 1159 libe-

2334 1201 2499 1241 rares.
2529 1187 2677 1242 Nunc
2693 1197 2866 1242 autem
2896 1187 3014 1243 illos
3028 1190 3197 1258 magis
3215 1205 3370 1259 quam
3386 1207 3575 1246 servos
3594 1193 3914 1260 dedecoras,

2332 1287 2387 1332 et
2411 1278 2550 1332 servi
2579 1276 2763 1348 majori
2792 1278 2929 1348 apud
2960 1287 3012 1335 te
3040 1278 3228 1335 ﬁducia
3255 1296 3315 1335 ac
3352 1283 3595 1338 libertate
3634 1283 3912 1349 fruuntur;

2333 1369 2424 1424 illo
2449 1381 2623 1425 autem
2651 1372 2808 1426 modo
2837 1372 2954 1426 illos
2978 1373 3180 1442 angelis
3208 1389 3360 1444 pares
3390 1373 3544 1430 facis.
3578 1375 3642 1429 Et
3673 1386 3722 1430 te
3748 1376 3916 1446 igitur

2334 1470 2388 1516 ct
2417 1460 2535 1516 illos
2562 1461 2725 1517 libera
2752 1503 2767 1528 ,
2811 1463 3160 1531 parasitorum
3193 1481 3383 1520 nomen
3435 1465 3503 1522 de
3542 1466 3719 1520 medio
3746 1466 3876 1522 tolle
3896 1506 3919 1533 .

2333 1554 2589 1608 convivas
2617 1553 2842 1623 appella,
2870 1563 2925 1609 et
2953 1555 3104 1623 pulso
3132 1556 3464 1612 adulatorum
3493 1558 3706 1613 nomine
3724 1601 3739 1624 ,
3765 1559 3910 1613 ami-

2335 1662 2518 1703 corum
2549 1647 2706 1702 induc
2724 1648 3150 1718 appellationem.
3181 1648 3303 1704 ltleo
3317 1651 3576 1705 amicitias
3599 1652 3721 1707 fecit
3746 1651 3918 1716 Deus,

2338 1755 2442 1794 non
2487 1740 2539 1794 in
2572 1738 2823 1794 damnum
2875 1740 3186 1795 dilectarum
3230 1750 3284 1796 et
3323 1742 3674 1813 diligentium,
3705 1742 3798 1798 sed
3838 1741 3915 1797 ad

2337 1846 2520 1886 eorum
2551 1830 2745 1886 bonum
2770 1839 2928 1901 atque
2950 1833 3247 1887 utilitatem.
3297 1831 3404 1887 Illae
3449 1844 3622 1889 autem
3665 1834 3921 1890 amicitia

2341 1924 2612 1980 inimicitia
2649 1926 2792 1979 omni
2835 1934 2958 1979 sunt
2985 1926 3259 1995 graviores
3288 1941 3301 1977 :
3333 1941 3454 1980 nam
3493 1926 3560 1981 ab
3589 1926 3835 1994 inimicis,
3869 1927 3922 1982 si

2340 2017 2584 2082 velimus,
2605 2016 2801 2087 aliquid
2823 2017 2955 2071 lucri
2976 2015 3176 2071 referre
3193 2031 3504 2086 possumus;
3531 2017 3599 2072 ab
3627 2017 3710 2072 his
3736 2026 3922 2072 autem

2340 2108 2640 2165 necessario
2665 2108 2934 2163 lzedimur.
2949 2107 3024 2164 Ne
3052 2108 3286 2164 retineas
3303 2108 3504 2164 amicos
3533 2107 3711 2164 damni
3743 2109 3920 2178 magi-

2339 2207 2510 2263 stros;
2539 2214 2606 2254 ne
2632 2198 2862 2254 retineas
2885 2199 3108 2266 amicos,
3138 2199 3228 2268 qui
3255 2214 3493 2255 mensam
3520 2200 3687 2270 magis
3721 2207 3921 2256 curant

2339 2305 2496 2361 quam
2524 2289 2830 2346 amicitiam.
2852 2290 2916 2345 Hi
2936 2290 3128 2360 quippe
3153 2304 3359 2354 omnes,
3391 2291 3434 2345 si
3462 2305 3659 2346 mensa:
3689 2291 3916 2346 delicias

2342 2383 2538 2450 solvas,
2567 2383 2852 2438 amicitiam
2889 2384 3123 2438 solvunt.
3156 2382 3254 2449 Qui
3290 2391 3466 2439 autent
3506 2385 3718 2440 virtutis
3759 2400 3926 2441 causa

2346 2488 2516 2533 tecum
2546 2485 2848 2542 versantur,
2877 2486 3091 2533 manent
3122 2485 3399 2547 perpetuo,
3448 2492 3662 2532 omnem
3690 2477 3930 2533 ferentes

2345 2571 2566 2625 fortuna:
2585 2569 3070 2638 insequabilitatem.
3102 2568 3460 2624 Parasitorum
3503 2585 3628 2624 vero
3661 2583 3829 2640 genus
3871 2577 3932 2624 te

2343 2677 2486 2733 stupe
2505 2663 2660 2718 etiam
2685 2662 2974 2726 ulciscitur,
2999 2671 3054 2717 et
3080 2661 3268 2716 malam
3294 2661 3362 2717 de
3390 2670 3441 2716 te
3476 2661 3930 2716 existitiiationem

2345 2755 2562 2824 spargit.
2591 2752 2720 2809 Novi
2751 2762 2896 2809 certe
2919 2753 3110 2808 multos
3137 2751 3395 2822 ingenuos
3419 2751 3581 2815 viros,
3613 2752 3700 2820 qui
3725 2750 3930 2805 malam

2347 2849 2469 2903 inde
2490 2848 2680 2901 famam
2710 2846 2808 2902 sibi
2854 2855 3194 2914 pepererunt,
3223 2853 3278 2899 et
3305 2843 3398 2897 alii
3415 2844 3482 2898 de
3511 2843 3766 2898 maleﬁcis
3789 2842 3932 2896 arti—

2350 2941 2465 3002 bus,
2513 2940 2599 2993 alii
2634 2938 2701 2992 de
2747 2936 3025 3000 adulterio,
3056 2935 3145 2989 alii
3186 2935 3254 2991 de
3302 2949 3584 3003 puerorum
3623 2933 3931 3002 corruptela

2347 3030 2575 3085 accusziti
2603 3036 2744 3082 sunt.
2775 3026 2906 3080 Cum
2940 3027 3080 3081 enim
3125 3023 3253 3079 nihil
3291 3024 3471 3096 operis
3511 3024 3592 3078 vel
3630 3022 3789 3084 ofﬁcii
3827 3023 3934 3078 ha-

2348 3122 2530 3187 beant,
2556 3119 2649 3174 sed
2675 3128 2733 3172 ut
2764 3134 2919 3173 casus
2947 3118 3048 3172 fert
3070 3117 3233 3171 vitam
3262 3126 3444 3187 agant,
3476 3118 3527 3171 in
3568 3116 3930 3186 suspicionem

2349 3214 2586 3277 veniunt,
2614 3210 2756 3282 quod
2799 3208 2937 3262 idem
2965 3221 3028 3261 ac
3051 3207 3204 3275 pueri
3233 3207 3599 3262 ministerium
3617 3205 3933 3262 exhibeant.

2347 3305 2530 3360 Talem
2560 3316 2686 3372 ergo
2709 3301 2898 3353 famam
2937 3307 2994 3353 ut
3040 3297 3431 3367 propulsemus,
3455 3295 3506 3348 in
3543 3292 3726 3363 primis
3748 3300 3806 3346 ut
3849 3294 3934 3346 fu-

2352 3403 2526 3449 turam
2573 3383 2867 3461 gehennam
2898 3390 3145 3452 vitemus,
3178 3395 3232 3441 et
3262 3387 3368 3442 Deo
3418 3385 3608 3454 placita
3646 3382 3930 3446 faciamus,

2353 3485 2490 3539 hanc
2519 3482 2830 3539 diabolicam
2871 3476 3312 3532 consuetudinem
3358 3476 3649 3538 solvamus;
3686 3482 3741 3527 ut
3774 3487 3936 3526 man-

2352 3577 2607 3633 ducantes
2628 3583 2682 3630 et
2709 3572 2950 3629 bibentes
2971 3569 3143 3624 omnia
3167 3569 3232 3624 ad
3262 3555 3481 3639 gloriam
3526 3568 3616 3622 Dei
3650 3566 3935 3631 faciamus,

2352 3680 2406 3725 et
2428 3670 2594 3738 ipsius
2615 3665 2799 3738 gloria:
2851 3665 3017 3718 simus
3051 3671 3327 3717 consortes
3370 3659 3467 3731 (2.
3499 3659 3615 3713 Cor.
3653 3659 3738 3711 10.
3765 3658 3824 3712 51
3865 3655 3882 3726 )
3921 3673 3934 3709 :

2351 3777 2508 3834 quam
2535 3775 2631 3814 nos
2655 3771 2840 3812 omnes
2867 3755 3076 3824 assequi
3105 3754 3389 3823 contingat,
3421 3750 3584 3821 gratia
3609 3759 3662 3804 et
3683 3747 3936 3817 benigni-

2355 3863 2460 3909 tale
2488 3850 2694 3907 Domini
2730 3847 2896 3903 nOSIri
2928 3847 3056 3902 Jesu
3101 3845 3332 3908 Christi,
3355 3843 3439 3899 cui
3467 3843 3636 3913 gloria
3675 3851 3730 3896 ct
3758 3841 3935 3909 impc-

2353 3950 2485 4004 rium
2512 3963 2650 4001 nunc
2678 3955 2731 4001 et
2747 3958 2981 4013 semper,
3000 3949 3054 3997 et
3080 3941 3130 3995 in
3157 3939 3348 3996 saecula
3374 3937 3712 3994 sazculorum.
3733 3937 3938 3989 Arnen.

2127 4128 3942 4154 ..ῳ-..Μ

1861 4217 2198 4278 HOMILIA
2248 4218 2478 4277 XLIX.
2529 4216 2613 4276 al.
2667 4216 2740 4274 L.

681 4359 807 4415 Car.
861 4362 938 4414 Η.
986 4376 1034 4412 v.
1068 4361 1155 4414 l3.
1201 4359 1408 4412 Etcum
1447 4358 1665 4411 audisset
1692 4357 1859 4422 Iesus,
1903 4360 2101 4413 recessit
2137 4360 2256 4412 inde

755 4453 804 4502 in
832 4451 1062 4503 navicula
1086 4491 1098 4510 ,
1129 4450 1180 4501 iu
1207 4448 1453 4501 desertum
1477 4449 1640 4500 locum
1661 4463 1880 4500 seorsum
1911 4463 1930 4500 ε
1954 4458 2001 4501 et
2022 4465 2135 4500 cum
2164 4467 2255 4501 au-

750 4542 933 4595 dissent
962 4540 1148 4606 turbat,
1177 4554 1395 4611 sequuta:
1442 4550 1556 4593 sunt
1598 4555 1711 4593 eum
1757 4539 1962 4607 pedibus
1996 4539 2056 4594 de
2084 4540 2256 4594 civita-

756 4634 902 4688 tibus.

759 4730 809 4781 t.
843 4727 972 4784 Vide
1016 4729 1162 4782 illum
1201 4740 1345 4796 smpe
1391 4724 1722 4780 secedentem
1748 4763 1764 4789 ,
1791 4734 1988 4779 etcum
2033 4726 2256 4780 traditus

685 4830 765 4874 est
786 4819 1036 4885 Joannes,
1058 4828 1112 4873 et
1138 4833 1258 4873 cum
1296 4817 1501 4871 occisus
1539 4825 1637 4879 est,
1661 4823 1714 4868 et
1737 4830 1858 4869 cum
1880 4814 2047 4869 Judaei
2077 4816 2258 4872 audie-

677 4918 826 4974 runt,
858 4909 1026 4980 ipsum
1061 4909 1312 4980 plurimos
1343 4908 1515 4962 facere
1556 4907 1860 4976 discipulos.
1919 4907 2077 4961 Multa
2115 4923 2256 4962 enim

693 5001 903 5056 volebat
951 5003 1182 5055 humano
1208 5016 1356 5056 more
1403 5015 1672 5070 peragere,
1705 5015 1823 5053 cum
1857 4999 2087 5054 ttondqu
2122 5010 2256 5054 tem-

687 5111 782 5164 pus
816 5093 1118 5149 advenisset
1142 5109 1246 5162 quo
1287 5092 1534 5148 deitatem
1566 5106 1711 5144 suam
1740 5091 1931 5144 clarius
1977 5092 2256 5145 revelaret.

691 5187 811 5242 lileo
840 5184 1111 5256 discipulis
1138 5183 1348 5239 dicebat
1372 5222 1384 5246 ,
1415 5181 1614 5235 nemini
1658 5189 1715 5234 ut
1751 5181 2007 5242 dicerent,
2039 5197 2097 5235 se
2142 5196 2261 5236 csse

689 5278 956 5332 Christum
984 5294 996 5331 :
1027 5291 1146 5330 nam
1187 5283 1302 5344 post
1331 5272 1771 5328 resurrectionem
1806 5287 1955 5325 suam
1999 5270 2048 5324 id
2079 5279 2258 5325 notum

696 5368 808 5421 tieri
834 5368 1041 5422 volebat
1072 5385 1084 5420 :
1118 5373 1438 5435 quapropter
1467 5377 1572 5416 non
1593 5377 1810 5417 severus
1839 5361 1930 5416 fuit
1969 5363 2018 5415 in
2048 5363 2260 5418 Judaaos

692 5459 780 5529 qui
811 5469 930 5514 ante
961 5459 1084 5513 illud
1108 5468 1315 5527 tempus
1345 5471 1446 5510 non
1468 5455 1764 5518 crederent,
1791 5456 1883 5509 sed
1913 5455 1961 5509 id
1986 5456 2088 5510 illis
2109 5456 2262 5512 facile

695 5549 1045 5605 con-donabat.
1069 5548 1333 5603 Secedens
1363 5561 1523 5616 porro
1549 5561 1653 5600 nou
1683 5546 1731 5599 in
1759 5546 2023 5600 civitatem
2050 5560 2108 5601 se
2135 5562 2263 5601 con-

694 5642 811 5704 fert,
829 5640 920 5694 sed
943 5640 992 5693 in
1009 5639 1297 5702 desertum,
1314 5647 1469 5706 atque
1486 5639 1538 5690 in
1558 5637 1792 5691 navicula
1808 5636 2017 5705 trajicit,
2033 5648 2089 5692 ut
2105 5652 2262 5692 nemo

694 5742 1024 5802 sequeretur.
1048 5730 1125 5786 'l‘u
1154 5747 1277 5785 vero
1303 5731 1426 5786 tnihi
1453 5729 1725 5786 coosidera
1755 5731 2020 5800 quomodo
2045 5732 2262 5787 Joannis

697 5823 937 5894 discipuli
967 5821 1220 5892 deinceps
1249 5821 1369 5878 .lcsu
1398 5824 1560 5893 magis
1594 5823 1860 5878 laeserint.
1909 5821 2008 5894 lpsi
2037 5839 2262 5893 namque

2368 4362 2673 4415 nuntiarunt
2721 4359 2792 4421 ei,
2834 4359 2959 4426 quid
3011 4358 3152 4412 circa
3193 4355 3453 4412 Joannem
3498 4363 3705 4426 gestum
3742 4365 3885 4410 esset
3925 4375 3938 4406 :

2361 4455 2714 4523 olunihusque
2758 4452 2958 4507 relictis
2984 4452 3052 4507 ad
3079 4454 3251 4521 ipsum
3291 4451 3465 4506 solum
3493 4450 3821 4520 confugiunt.
3851 4449 3946 4504 Sic

2363 4565 2472 4602 rem
2495 4564 2597 4601 non
2619 4546 2877 4601 modicam
2897 4558 3013 4616 post
3031 4545 3382 4601 calamitatem
3402 4544 3566 4606 illam,
3587 4553 3639 4597 et
3662 4554 3944 4613 postquam

2362 4657 2426 4695 ex
2458 4640 2799 4708 responsione
2829 4655 2986 4707 supra
3016 4639 3172 4692 allata
3198 4647 3364 4692 totum
3391 4647 3536 4692 recte
3556 4636 3891 4708 disposuerat
3921 4679 3936 4700 .

2363 4740 2611 4801 operatus
2639 4740 2740 4783 est.
2772 4728 2876 4782 Sed
2915 4743 3011 4782 cur
3037 4743 3142 4782 non
3174 4728 3394 4782 recessit
3433 4736 3714 4797 antequam
3762 4726 3812 4781 id
3865 4727 3943 4781 illi

2365 4820 2689 4884 nuntiarent,
2716 4819 2806 4889 qui
2844 4833 2956 4872 rem
2989 4816 3221 4872 nondum
3274 4818 3563 4871 nuntiatam
3609 4817 3770 4887 probe
3797 4817 3944 4872 scie-

2366 4911 2454 4965 bat
2477 4911 2499 4964 ?
2525 4910 2594 4966 Ut
2621 4926 2714 4980 per
2741 4911 2917 4964 omnia
2947 4910 3257 4964 oeconomiae
3292 4909 3566 4963 veritatem
3608 4907 3946 4964 demonstra-

2365 5011 2466 5056 ret.
2493 5001 2606 5056 Non
2634 5002 2775 5056 enim
2805 5015 2870 5055 ex
2899 5001 3012 5055 visu
3042 5010 3266 5064 tantum,
3299 4999 3389 5054 sed
3416 4999 3573 5054 etiam
3597 5016 3658 5054 ex
3691 4999 3947 5068 operibus

2367 5093 2416 5147 id
2448 5091 2748 5147 conﬁrmari
2781 5091 3010 5155 volebat,
3031 5092 3172 5159 quod
3202 5089 3396 5144 diaboli
3428 5089 3712 5144 versutiam
3738 5099 3955 5158 nosset,-

2366 5184 2453 5254 qui
2478 5184 2606 5237 nihil
2633 5199 2734 5236 non
2757 5182 2943 5253 agebat
2971 5193 3026 5235 ut
3053 5182 3190 5236 hanc
3223 5181 3429 5236 tolleret
3455 5181 3776 5250 opinionem.
3820 5179 3953 5236 Ideo

2368 5274 2522 5342 igitur
2544 5274 2629 5328 ille
2649 5273 2889 5327 secessit.
2915 5272 3106 5326 Turbte
3135 5281 3312 5326 autem
3342 5287 3513 5342 neque
3533 5273 3610 5327 sic
3628 5272 3946 5335 abscedunt,

2367 5365 2461 5418 sed
2487 5374 2778 5433 sequuntur
2806 5363 3068 5417 harreutes
3097 5363 3215 5432 ipsi,
3252 5378 3420 5432 neque
3449 5362 3639 5417 terruit
3667 5378 3760 5417 eos
3784 5361 3950 5416 Joan-

2368 5456 2450 5509 nis
2481 5455 2742 5509 interitus.
2771 5453 2913 5508 Talis
2933 5464 3014 5508 est
3038 5453 3272 5517 dilectio,
3297 5453 3415 5507 talis
3440 5467 3612 5519 amor,
3635 5453 3724 5523 qui
3766 5454 3946 5507 omnia

2367 5545 2544 5615 gravia
2585 5553 2800 5615 superet
2831 5555 2884 5600 et
2926 5546 3188 5616 expulset.
3246 5545 3369 5600 Ideo
3416 5545 3594 5599 statim
3647 5543 3949 5599 mercedem

2368 5651 2684 5707 acceperunt
2710 5654 2723 5691 :
2750 5635 2834 5690 14.
2859 5635 2983 5690 Cum
3004 5636 3145 5691 enim
3169 5637 3368 5700 exisset,
3391 5635 3483 5696 ait.
3510 5633 3680 5698 λειω,
3707 5635 3826 5688 cidit
3848 5643 3950 5686 tur-

2369 5729 2483 5783 bam
2530 5728 2779 5791 multam,
2807 5737 2852 5782 rt
2895 5729 3123 5781 misertus
3156 5737 3226 5782 est
3258 5728 3348 5792 cis,
3374 5737 3418 5781 et
3461 5729 3650 5780 curarit
3683 5726 3950 5796 languidos

2368 5840 2558 5878 wi'ttttt.
2616 5823 2832 5878 L'Iiatusi
2881 5822 3024 5877 cuiui
3077 5835 3269 5892 magno
3313 5820 3388 5877 illi
3441 5819 3614 5876 studio
3661 5821 3949 5886 haererent,
