4170 6488
224 436 321 492 ta:

219 569 449 611 attamen
477 569 544 610 ea
572 569 730 627 quam
759 566 787 607 a
817 550 1032 607 Christo
1057 550 1394 619 excipiebant
1424 565 1651 618 merces,
1698 559 1809 605 stn-

218 649 358 702 tlinm
401 662 590 702 eorum
625 647 780 715 longe
803 644 1105 714 superabat.
1141 640 1344 697 Idcirco
1376 643 1532 712 lmjus
1577 643 1811 698 curatio-

216 743 294 794 uis
323 755 540 794 causam
575 740 721 808 punit
747 779 760 799 .
792 751 986 805 nempe
1039 736 1435 790 miserationem
1463 775 1478 799 ,
1506 734 1807 789 miseratio—

215 848 350 896 nem,
383 832 602 901 inquam
630 871 646 894 ,
677 828 1047 884 vehementem
1097 848 1110 882 :
1155 840 1448 896 omnesque
1496 836 1667 881 Curat.
1712 826 1809 881 llic

214 925 361 976 tidem
393 940 499 977 non
528 923 746 992 espetit.
778 921 905 975 Nam
926 918 1067 989 quod
1099 918 1376 981 accedant,
1401 916 1540 988 quod
1565 918 1815 972 civitates

212 1014 528 1085 relinquant,
560 1013 700 1084 quod
727 1013 1008 1082 diligenter
1031 1011 1202 1079 ipsum
1230 1019 1492 1078 qumraut,
1515 1010 1655 1081 quod
1684 1025 1803 1063 cum

210 1107 296 1160 illo
324 1115 596 1172 maneant,
631 1106 909 1175 ingruente
935 1102 1092 1167 fame,
1130 1101 1286 1155 ﬁdem
1314 1102 1522 1155 illorum
1549 1101 1801 1156 declarat.

210 1200 466 1253 Alimenta
502 1211 662 1266 porro
696 1197 798 1248 illis
841 1194 1275 1263 suppeditaturus
1302 1203 1401 1247 est.
1437 1192 1492 1246 ld
1536 1208 1664 1246 vero
1694 1206 1800 1245 non

207 1308 232 1344 a
254 1292 427 1360 seipse
452 1289 599 1352 facit,
623 1288 714 1343 sed
745 1294 1016 1356 exSpectat
1038 1284 1211 1339 donec
1239 1293 1477 1354 rogetur,
1512 1283 1640 1338 illud
1662 1298 1805 1338 sem-

208 1399 294 1452 per
321 1383 637 1445 observans,
678 1391 729 1433 ιιι
756 1380 864 1448 jam
894 1377 1025 1443 dixi,
1059 1391 1126 1431 ne
1147 1377 1294 1446 prior
1323 1376 1389 1429 ad
1420 1375 1676 1429 miracula
1708 1391 1801 1443 pa-

207 1473 389 1527 tranda
418 1488 478 1527 se
509 1474 767 1533 conferat,
797 1469 888 1523 sed
918 1479 1135 1539 rogatus
1163 1476 1386 1521 tantum.
1424 1468 1494 1521 At
1518 1483 1803 1522 curtnetno

203 1579 265 1618 ex
298 1563 447 1618 turba
471 1563 734 1619 accedens
760 1560 1030 1615 Christum
1057 1575 1153 1629 pro
1179 1560 1308 1621 ipsis
1334 1559 1588 1629 rogavit?
1610 1560 1799 1614 Mirum

206 1655 253 1707 in
303 1653 519 1707 modum
551 1651 933 1707 reverebantur
974 1651 1167 1720 ipsum,
1198 1662 1357 1718 atque
1385 1666 1449 1703 ex
1495 1649 1662 1719 ipsius
1706 1666 1801 1703 au-

199 1746 367 1801 diendi
391 1754 438 1799 cl
464 1744 725 1814 sequendi
741 1743 1026 1807 desiderio,
1053 1757 1121 1796 ne
1141 1741 1331 1796 famem
1352 1742 1567 1812 quidem
1597 1743 1797 1797 sentie-

203 1842 340 1892 bant.
367 1838 557 1908 Neque
584 1837 826 1908 discipuli
856 1852 952 1906 pro
977 1836 1127 1890 turba
1153 1838 1354 1907 precati
1386 1847 1528 1901 sunt,
1557 1848 1613 1891 ut
1636 1838 1803 1893 aleret

198 1945 310 1997 eos,
332 1930 455 2001 quia
484 1928 663 1984 adhuc
697 1927 1117 1999 imperfectiores
1172 1937 1344 1982 erant.
1398 1928 1536 1996 Quid
1588 1929 1792 1996 igitur?

200 2023 281 2077 l5.
325 2021 545 2092 Vespere
570 2032 738 2075 autem
766 2025 901 2091 facto
926 2061 941 2083 ,
972 2020 1141 2093 inquit
1164 2060 1179 2085 ,
1210 2029 1526 2075 accesserunt
1556 2020 1795 2085 discipuli

195 2116 295 2185 ejus
319 2114 543 2168 dicentes
571 2130 592 2168 :
621 2113 854 2167 Desertus
882 2121 955 2166 est
984 2114 1143 2178 locus,
1183 2121 1230 2166 et
1270 2114 1396 2165 hora
1426 2114 1543 2183 jam
1575 2125 1790 2182 prazter-

194 2205 293 2259 iit:
317 2206 512 2259 dimitte
575 2204 767 2270 turbas,
800 2213 851 2257 ut
886 2214 1058 2258 euntes
1100 2213 1265 2257 emant
1310 2200 1411 2258 sibi
1448 2194 1606 2259 escas.
1664 2205 1795 2259 Nam

195 2300 233 2352 si
282 2309 398 2368 post
440 2297 640 2353 factum
698 2297 1009 2352 miraculum
1061 2297 1187 2366 ejus
1221 2296 1371 2350 obliti
1412 2306 1558 2360 sunt,
1588 2297 1631 2350 si
1680 2309 1797 2365 post

194 2404 393 2463 spartas
422 2394 541 2448 illas
592 2392 844 2463 putabant
896 2392 1045 2446 illum
1098 2391 1165 2445 de
1211 2390 1435 2460 panibus
1468 2389 1634 2460 loqui,
1670 2404 1792 2443 cum

195 2485 478 2551 doctrinam
506 2483 899 2538 Pharismorum
926 2481 1245 2536 fermentum
1274 2481 1559 2551 appellavit
1579 2480 1791 2553 (Matth.

197 2575 276 2630 lli.
306 2578 358 2646 6)
394 2592 409 2631 :
439 2577 611 2630 multo
657 2577 831 2630 minus
856 2617 870 2641 ,
902 2591 1023 2629 eum
1084 2573 1189 2629 tale
1238 2575 1447 2643 signum
1504 2589 1791 2642 numquam

193 2670 487 2736 vidissent,
540 2667 828 2739 quidquam
885 2667 1185 2737 hujusmodi
1239 2666 1559 2737 suspieaturi
1615 2672 1791 2720 erant.

195 2761 405 2816 l'ltiamsi
453 2762 603 2830 prius
650 2761 850 2813 multos
885 2768 1127 2814 curasset
1161 2758 1435 2824 infirmos,
1460 2773 1566 2811 non
1615 2767 1791 2811 tamen

194 2855 302 2908 ideo
331 2855 470 2925 quod
500 2856 569 2911 de
600 2855 821 2924 panibus
854 2856 1085 2906 futurum
1115 2860 1234 2906 erat
1262 2849 1685 2921 exspectabant:
1718 2851 1789 2902 ita

192 2954 334 3001 erant
354 2947 534 3002 adhuc
558 2944 873 3015 imperfecti.
892 2943 971 2998 Tn
992 2959 1121 2997 vero
1146 2943 1273 2996 mihi
1306 2942 1548 2995 Doctoris
1575 2940 1788 3011 sapien-

194 3039 308 3093 tiam
348 3037 643 3109 perpende,
678 3036 944 3107 quomodo
973 3036 1118 3105 ipsos
1147 3035 1293 3089 clare
1320 3034 1386 3088 ad
1414 3033 1570 3087 fidem
1610 3042 1787 3088 vocet.

191 3128 362 3198 Neque
390 3130 536 3184 enim
564 3130 741 3183 statim
767 3128 921 3192 dixit,
949 3129 1100 3181 Alam
1126 3141 1221 3181 eos
1250 3144 1262 3179 :
1290 3142 1465 3197 neque
1487 3126 1628 3181 enim
1662 3126 1790 3181 illud

191 3220 335 3279 facile
363 3221 625 3277 credituri
667 3230 840 3276 erant.
874 3217 975 3272 Sed
1010 3217 1137 3285 quid
1172 3217 1341 3271 dixit?
1376 3216 1461 3268 lli.
1497 3212 1650 3269 Jcsus
1683 3230 1781 3265 au-

192 3306 792 3375 mn,inquit,diriteis:
820 3305 942 3360 Non
972 3303 1155 3358 habent
1187 3320 1384 3360 necesse
1413 3306 1501 3367 ire,
1534 3304 1648 3356 date
1687 3303 1789 3356 illis

191 3417 267 3455 ros
291 3402 624 3456 manducare.
666 3400 781 3455 Non
809 3400 975 3467 dixit,
1011 3399 1158 3453 Dabo
1202 3398 1313 3462 eis;
1343 3396 1435 3453 sed
1458 3440 1471 3464 ,
1505 3396 1612 3451 Vos
1640 3397 1785 3452 date.

190 3492 310 3548 Nam
337 3494 490 3549 illum
530 3493 705 3547 adhuc
743 3503 800 3547 ut
826 3492 1099 3546 hominem
1130 3489 1417 3544 habebant.
1449 3488 1527 3542 illi
1562 3503 1689 3541 vero
1720 3504 1787 3543 ne

192 3595 306 3642 tunc
329 3586 545 3658 quidem
571 3584 635 3640 ad
658 3586 846 3640 altiora
873 3584 1169 3654 eriguntur,
1197 3581 1289 3636 sed
1312 3580 1487 3635 adhuc
1514 3579 1786 3633 ntbomini

189 3679 513 3751 respondent.
553 3696 567 3732 :
614 3680 700 3733 Π.
735 3676 856 3731 Non
884 3676 1125 3729 habemus
1153 3674 1250 3727 nisi
1275 3674 1493 3744 quinque
1517 3690 1672 3744 panes
1694 3713 1708 3738 ,
1740 3683 1787 3725 et

188 3771 306 3826 duos
335 3774 514 3840 pisces.
549 3770 670 3826 ldeo
696 3770 900 3824 Marcus
926 3765 1253 3839 (Cap.8.l7)
1277 3765 1369 3827 ait.
1402 3765 1547 3833 ipsos
1579 3780 1683 3818 non
1708 3766 1788 3818 in-

190 3862 447 3918 tellexisse
492 3863 543 3916 id
575 3862 715 3931 quod
766 3860 1073 3922 dicebatur,
1104 3866 1221 3911 erat
1268 3857 1409 3910 enim
1464 3872 1560 3909 cor
1598 3870 1784 3910 eorum

188 3964 529 4011 oocmcatum.
586 3953 717 4022 Quia
767 3952 926 4022 igitur
969 3951 1144 4005 adhuc
1172 3949 1316 4003 humi
1362 3949 1636 4019 repcbaut,
1668 3965 1785 4019 qua:

188 4060 273 4099 sua
327 4058 486 4101 erant
520 4044 630 4115 jam
675 4043 877 4098 inducit
903 4052 956 4097 et
983 4045 1097 4095 ait:
1134 4040 1220 4097 18.
1267 4040 1458 4108 Alfene
1497 4042 1614 4096 illos
1656 4042 1780 4095 mihi

190 4139 299 4193 huc.
323 4140 552 4195 Etiamsi
583 4138 724 4192 enim
752 4138 995 4192 desertus
1021 4145 1104 4189 est
1128 4135 1297 4194 locus.
1330 4134 1423 4189 sed
1470 4135 1513 4189 is
1562 4136 1651 4204 qui
1696 4151 1785 4190 or-

189 4232 303 4286 bem
328 4232 421 4286 alit
451 4231 543 4284 hic
566 4230 757 4295 adest;
793 4229 892 4283 etsi
948 4244 1074 4282 vero
1118 4226 1248 4280 hora
1301 4228 1543 4292 transiit,
1576 4235 1670 4282 sed
1702 4229 1781 4294 is,

189 4323 269 4390 qui
298 4324 445 4376 bone
467 4321 745 4389 subjectus
773 4334 877 4373 non
902 4329 1003 4383 est,
1024 4318 1132 4387 jam
1160 4332 1255 4372 vos
1284 4318 1591 4387 alloquitur.
1612 4318 1781 4373 Joan-

194 4415 325 4485 tzes(
355 4418 491 4483 Cap.
522 4414 576 4467 6.
604 4412 675 4482 9)
733 4426 865 4466 vero
892 4411 965 4464 ait
1010 4424 1173 4479 panes
1212 4408 1536 4464 hordeaceus
1584 4409 1784 4477 fuisse;

191 4520 352 4574 neque
381 4507 505 4558 sine
526 4518 685 4558 causa
716 4501 932 4571 adjicit,
962 4501 1053 4557 sed
1086 4510 1142 4554 ιιι
1167 4515 1264 4554 nos
1294 4502 1532 4555 instituat
1571 4501 1634 4554 ad
1670 4501 1785 4554 lau-

193 4607 290 4651 tam
318 4612 567 4651 mensam
598 4593 1037 4650 conculeaudam.
1079 4593 1226 4647 Talis
1274 4608 1465 4662 nempe
1503 4601 1621 4647 erat
1662 4608 1779 4663 pro-

192 4691 465 4757 phetarum
519 4690 842 4747 menSa.19.
900 4688 1026 4744 Cum
1053 4689 1206 4757 igitur
1250 4690 1523 4755 accepisset
1567 4690 1787 4759 quinque

191 4798 337 4849 panes
357 4824 371 4845 ,
403 4793 450 4837 et
486 4783 612 4835 duos
642 4782 803 4849 pisces
827 4822 843 4845 ,
874 4790 920 4833 et
958 4780 1193 4852 jussisset
1222 4780 1391 4833 turbas
1419 4782 1706 4834 recumbere
1734 4782 1787 4835 in

191 4873 339 4939 (mna.
367 4874 649 4941 respiciens
675 4874 728 4926 in
766 4875 943 4926 caelum
975 4872 1223 4925 benedixit
1254 4888 1273 4924 :
1300 4888 1511 4942 cumque
1535 4874 1784 4944 fregisset,

190 4965 318 5019 dedit
364 4966 634 5037 discipulis
674 4965 778 5019 suis
802 5005 818 5029 ,
848 4963 1086 5031 discipuli
1134 4974 1300 5018 autem
1345 4965 1501 5020 turbis
1542 4982 1560 5021 :
1608 4967 1699 5022 20.
1740 4977 1787 5021 et

190 5059 613 5111 manducarerunt
641 5072 830 5121 oumes,
858 5067 901 5111 et
926 5057 1141 5111 saturati
1167 5066 1283 5111 sunt
1313 5072 1333 5110 :
1351 5066 1398 5111 et
1425 5057 1643 5111 tulerunt
1664 5060 1787 5112 reli-

191 5151 327 5210 quias
383 5154 787 5221 [ragmeutorum
839 5148 1104 5202 duodecim
1150 5148 1400 5218 cophinos
1454 5150 1649 5218 plenos.
1693 5150 1783 5205 21.

196 5240 611 5298 ﬂanducautium
641 5251 808 5293 autem
853 5242 946 5311 fuit
974 5256 1207 5294 numerus
1230 5242 1388 5309 ferme
1413 5242 1629 5311 quinque
1665 5243 1780 5295 mil-

194 5334 257 5387 lia
286 5337 509 5389 uirorum
533 5377 550 5399 ,
579 5334 797 5403 exceptis
844 5332 1135 5386 mulieribus
1161 5344 1207 5386 et
1238 5333 1427 5402 pueris.

256 5427 308 5481 2.
333 5426 567 5482 Christus
595 5427 745 5479 modo
771 5442 884 5489 suo,
915 5423 1268 5485 modo_Patris
1299 5427 1499 5480 nantiue
1524 5444 1679 5498 agens
1700 5469 1712 5488 ,
1741 5439 1787 5481 et

194 5530 381 5575 natura
417 5530 466 5574 et
497 5518 751 5573 missionis
779 5517 1087 5585 divinitatem
1116 5517 1361 5587 probauit.
1394 5520 1523 5572 Ante
1564 5537 1785 5573 mensam

195 5613 364 5680 gratia
405 5610 637 5684 agendat.
673 5609 861 5665 Contra
893 5608 1204 5663 Marciorum
1240 5621 1287 5663 et
1329 5610 1691 5665 Manichmmu.
1716 5644 1787 5655 ——

194 5703 295 5757 tIur
316 5706 554 5775 respexit
581 5704 633 5757 in
664 5702 853 5757 exulum
878 5711 933 5757 et
959 5702 1231 5756 benedixit
1255 5702 1278 5756 ’ἲ
1308 5703 1376 5758 Ut
1400 5705 1730 5770 crederetur,
1758 5724 1784 5758 a

194 5793 343 5853 Patre
392 5799 564 5867 ipsum
610 5795 871 5860 exivisse,
915 5796 1119 5865 ipsique
1161 5797 1421 5866 mqualem
1460 5813 1597 5855 esse.
1642 5801 1787 5866 Qua-

199 5904 304 5945 rum
347 5908 523 5948 rcrum
571 5890 919 5963 probationes
956 5904 1194 5961 pugnare
1237 5902 1422 5947 tnutuo
1451 5892 1783 5949 videbantur.

1252 434 1315 488 IN
1356 432 1759 488 MATTIM‘IITM
1804 435 2012 493 liUillL
2080 442 2261 497 XLIX.
2317 444 2384 499 ιιι.
2429 445 2490 500 L.

3411 460 3435 509 ,4
3448 458 3514 513 03

1916 553 2292 627 IEquatitatem
2318 562 2736 629 demonstrabat,
2768 566 2909 637 quod
2932 569 3109 624 omnia
3134 578 3257 626 cum
3283 583 3510 641 potesta-

1918 659 1969 705 te
1996 649 2226 717 faceret;
2252 669 2281 709 a
2311 654 2467 710 Patre
2495 672 2622 711 vero
2657 659 2829 728 ipsum
2861 675 3015 729 esse,
3049 678 3157 718 non
3202 664 3310 720 alio
3352 668 3509 724 modo

1913 745 2287 815 credidissent,
2316 766 2474 820 quam
2505 753 2549 806 si
2577 768 2696 807 cum
2730 754 3031 812 humilitate
3055 758 3222 813 multa
3252 771 3307 816 et
3332 766 3512 817 omnia

1910 838 1977 892 ad
2010 838 2179 909 ipsum
2226 842 2464 899 referens
2501 857 2855 916 operaretur,
2889 859 2944 904 et
2990 861 3206 907 vocaret
3243 854 3309 909 ad
3348 870 3512 927 opera

1910 944 2028 999 qua:
2048 931 2265 991 ﬁebant.
2293 934 2413 990 Ideo
2434 952 2608 1007 neque
2628 939 2751 1006 hoc,
2782 955 2956 1011 neque
2979 942 3108 998 illud
3133 952 3335 999 tantum
3362 924 3510 1013 facit,
3586 924 3589 943 λ

1910 1033 1968 1078 ιιι
1997 1036 2280 1098 utrumque
2320 1030 2709 1100 confirmetur;
2738 1033 2834 1089 sed
2872 1035 3034 1091 modo
3072 1051 3194 1092 cum
3226 1047 3516 1107 potestate,

1908 1120 2069 1173 modo
2099 1120 2309 1178 Patrem
2356 1125 2632 1193 invocans,
2662 1129 2915 1184 miracula
2946 1129 3078 1187 edit.
3108 1131 3311 1187 Deinde
3338 1148 3405 1187 ne
3434 1134 3516 1188 vi-

1906 1209 2124 1266 derelnr
2146 1212 2244 1268 hac
2264 1214 2316 1268 in
2340 1231 2398 1269 re
2419 1232 2593 1286 pugna
2622 1218 2865 1288 quadam
2884 1236 3025 1287 esse,
3046 1221 3096 1276 in
3118 1222 3415 1279 minoribus
3447 1222 3513 1282 atl

1906 1304 2092 1357 caelum
2123 1306 2356 1375 respicit;
2374 1308 2423 1361 in
2445 1308 2733 1377 majoribus
2757 1326 2882 1366 vero
2902 1326 3023 1366 cum
3050 1322 3314 1382 potestate
3330 1313 3514 1371 omnia

1906 1395 2051 1459 facit,
2087 1408 2141 1455 ut
2165 1398 2343 1455 discas
2369 1403 2529 1456 etiam
2564 1403 2616 1457 in
2649 1405 2945 1460 minoribus
2974 1406 3126 1463 illum
3156 1424 3262 1463 non
3291 1408 3512 1465 aliunde

1907 1500 2223 1556 potestatem
2250 1493 2515 1563 accipere,
2536 1496 2628 1551 sed
2652 1497 2919 1554 honorare
2936 1500 3147 1555 Patrem
3170 1515 3348 1561 suum.
3373 1501 3511 1557 Cum

1904 1582 2046 1636 enim
2080 1594 2296 1653 peccata
2324 1586 2546 1653 dimisit,
2576 1598 2629 1643 et
2658 1590 2961 1659 paradisum
2991 1574 3221 1662 aperuit,
3249 1603 3307 1649 ut
3332 1610 3398 1650 eo
3429 1594 3510 1649 la-

1907 1684 2110 1730 trnnetn
2140 1677 2522 1748 introduceret,
2556 1690 2611 1737 et
2637 1698 2756 1736 cum
2787 1683 2957 1753 legem
2985 1694 3222 1741 veterem
3250 1702 3371 1743 cum
3402 1689 3504 1743 im-

1905 1767 2051 1834 perio
2073 1767 2365 1837 abrogavit,
2387 1786 2615 1840 cumque
2635 1786 2925 1830 sexcentos
2946 1785 3185 1832 mortuos
3204 1779 3505 1845 suscitavit,

1902 1877 2051 1916 mare
2097 1861 2362 1928 frenavit,
2409 1874 2615 1920 secreta
2670 1864 2946 1921 hominum
2991 1870 3247 1939 aperuit,
3284 1872 3503 1926 oculum

1902 1954 2101 2007 creavit
2123 1996 2135 2017 ,
2165 1971 2282 2023 qua:
2314 1956 2405 2010 Dei
2446 1956 2611 2010 solius
2638 1962 2802 2027 ‘opera
2830 1967 2956 2013 sunt
2983 1998 3000 2025 ,
3027 1969 3082 2013 et
3109 1975 3214 2015 non
3240 1961 3460 2017 alterius
3482 2003 3501 2030 ,

1903 2061 2190 2112 numquam
2222 2062 2447 2115 prec-aus
2474 2046 2743 2102 inducitur
2767 2065 2779 2101 :
2804 2064 2923 2103 eum
2954 2066 3081 2106 vero
3117 2066 3281 2121 panes
3309 2069 3503 2123 super-

1899 2134 2172 2191 abundare
2197 2137 2423 2202 curavit,
2452 2138 2593 2208 quod
2624 2138 2687 2193 iis
2712 2140 2964 2196 omnibus
2992 2141 3148 2212 longe
3175 2146 3354 2199 minus
3378 2156 3462 2200 εει
3479 2186 3499 2215 ,

1900 2236 2025 2284 tunc
2056 2230 2109 2283 in
2134 2230 2323 2285 cmlum
2358 2232 2572 2301 respicit
2597 2250 2610 2286 :
2634 2233 2792 2287 simul
2825 2234 2938 2289 haec
2956 2250 3075 2304 qua:
3100 2234 3208 2291 dixi
3242 2236 3499 2308 probans,

1899 2322 2163 2393 simulque
2194 2323 2447 2379 erudiens
2472 2340 2599 2390 nos,
2624 2340 2692 2379 ne
2716 2336 2840 2381 ante
2867 2341 3109 2382 mensam
3137 2331 3458 2399 attingamus
3478 2371 3497 2397 ,

1898 2428 2054 2482 quam
2079 2414 2279 2482 gratias
2306 2414 2575 2484 egerimus
2603 2416 2650 2469 ei
2678 2417 2770 2487 qui
2803 2416 2959 2473 nobis
2978 2433 3157 2473 eseam
3186 2421 3408 2486 praebet.
3432 2422 3500 2478 Et

1897 2518 1993 2558 cur
2023 2521 2184 2574 panes
2216 2522 2322 2561 non
2352 2506 2474 2561 fecit
2498 2524 2564 2563 ex
2586 2523 2689 2563 non
2718 2510 3097 2566 exstantibus?
3119 2510 3186 2567 Ut
3215 2512 3498 2571 Marcionis

1896 2608 1951 2652 et
1980 2599 2257 2653 lllanicbaei
2288 2615 2379 2655 ora
2404 2600 2724 2668 Obstrueret,
2750 2603 2982 2672 quicum
3006 2620 3111 2659 non
3138 2620 3257 2660 esse
3283 2615 3497 2662 creato-

1898 2702 2004 2746 tem
2033 2692 2445 2760 asseverabant,
2478 2703 2531 2749 et
2563 2710 2657 2762 per
2687 2695 2799 2765 ipsa
2831 2710 2996 2765 opera
3025 2696 3243 2753 doceret
3262 2739 3278 2764 ,
3308 2697 3495 2753 visibi-

1896 2783 1964 2837 lia
1992 2785 2167 2838 omnia
2197 2784 2312 2854 ejus
2342 2801 2460 2839 esse
2485 2796 2539 2841 et
2572 2802 2737 2856 opera
2774 2795 2829 2842 et
2862 2798 3139 2844 creaturas
3162 2791 3178 2821 ³
3206 2832 3220 2856 ,
3247 2790 3499 2846 ostende-

1895 2885 2082 2944 retque
2113 2890 2171 2929 se
2202 2874 2405 2929 fructus
2425 2876 2575 2943 dare,
2600 2877 2782 2947 qui'ab
2810 2878 2962 2933 initio
2990 2879 3217 2935 dixerit:
3241 2879 3496 2934 Germinet

1893 2971 2035 3017 terra
2060 2963 2273 3017 herbam
2298 2965 2459 3033 (certi;
2490 2974 2561 3025 et,
2592 2965 2837 3019 Educant
2859 2982 3011 3035 aqua:
3029 2966 3242 3035 reptilia
3267 2965 3482 3017 anima-

1894 3072 2013 3109 rum
2035 3057 2353 3115 viventium‘
2380 3055 2531 3119 (Gen.
2560 3059 2612 3113 l.
2635 3059 2694 3113 ll
2718 3070 2766 3112 ct
2790 3058 2906 3129 20).
2925 3058 3113 3128 Neque
3134 3058 3279 3111 enim
3300 3056 3485 3112 minus

1894 3147 1997 3202 hoc
2027 3158 2108 3201 est
2150 3148 2259 3202 illo.
2292 3147 2423 3201 Nam
2454 3148 2553 3203 etsi
2586 3147 2672 3202 illa
2713 3148 2819 3203 sint
2856 3164 2922 3204 ex
2965 3164 3074 3202 non
3116 3149 3449 3204 exstantibus
3472 3188 3493 3217 ,

1893 3251 2124 3296 attamen
2155 3258 2221 3296 ex
2249 3257 2383 3311 aqua
2411 3250 2573 3307 sunt;
2603 3257 2775 3312 neque
2820 3242 2997 3296 minus
3039 3251 3213 3297 estex
3255 3243 3493 3314 quinque

1894 3332 2119 3400 panibus
2144 3340 2221 3385 tot
2249 3347 2413 3401 panes
2446 3334 2760 3401 producere,
2784 3340 2839 3387 et
2862 3333 3037 3402 pisces
3062 3329 3246 3387 itidem
3273 3348 3493 3403 augere,

1892 3439 2050 3493 quam
2092 3439 2155 3479 ex
2184 3434 2325 3479 terra
2356 3424 2601 3495 proferre
2632 3422 2892 3493 fructum,
2923 3432 2975 3478 et
3002 3438 3069 3479 ex
3102 3426 3254 3495 aquis
3281 3424 3491 3495 reptilia

1889 3518 2155 3581 viventia;
2184 3518 2325 3588 quod
2372 3519 2580 3587 signum
2625 3528 2739 3572 erat
2769 3519 2940 3587 ipsum
2977 3527 3033 3573 et
3064 3528 3219 3573 terra:
3262 3528 3316 3573 et
3356 3518 3492 3575 mari

1891 3611 2171 3678 imperare.
2198 3611 2328 3679 Quia
2359 3613 2498 3665 enim
2528 3612 2581 3666 in
2615 3612 2838 3666 infirmis
2860 3625 3073 3681 semper
3100 3612 3247 3682 signa
3276 3612 3491 3682 edebat,

1889 3705 2095 3759 confert
2120 3716 2174 3760 et
2197 3706 2495 3761 universale
2525 3706 2861 3770 beneficium,
2888 3721 2956 3761 uc
2986 3707 3137 3761 multi
3165 3716 3493 3777 spectatores

1893 3806 2095 3850 tantum
2139 3807 2321 3851 essent
2346 3812 2530 3851 eorum
2572 3814 2691 3867 qua:
2720 3797 2838 3852 aliis
2867 3798 3285 3869 contingebant,
3317 3798 3410 3853 sed
3437 3808 3494 3854 et

1890 3888 1991 3956 ipsi
2018 3886 2160 3943 dono
2184 3886 2506 3943 fruerentur.
2539 3888 2605 3942 Et
2629 3890 2769 3959 quod
2796 3889 3038 3945 mirabile
3064 3890 3264 3945 Judzeis
3285 3890 3493 3945 videba-

1892 3987 1978 4032 tur
2005 3979 2057 4032 iu
2084 3979 2298 4035 deserto
2323 4019 2338 4045 ,
2366 3996 2486 4034 cum
2515 3979 2756 4035 dicerent
2781 3998 2793 4033 :
2821 3980 3088 4051 Numquid
3110 3990 3157 4034 et
3185 3998 3369 4049 panem
3401 3999 3493 4051 po-

1890 4072 2001 4125 terit
2030 4073 2174 4137 dare,
2202 4081 2288 4125 aut
2310 4088 2494 4141 parare
2514 4089 2737 4127 mensam
2765 4074 2815 4127 in
2842 4074 3038 4127 deserto
3057 4072 3229 4143 (Psal.
3251 4075 3335 4128 77.
3358 4072 3493 4145 20)?

1891 4163 1992 4218 hoc
2018 4165 2131 4233 ipse
2156 4165 2412 4233 operibus
2441 4163 2703 4219 exhibuit.
2730 4162 2962 4235 Ideoque
2990 4165 3040 4219 in
3071 4165 3342 4219 desertum
3372 4165 3491 4219 illos

1889 4254 2150 4317 adduxit,
2182 4264 2233 4308 ut
2266 4256 2381 4309 sine
2422 4254 2527 4308 ulla
2576 4269 2793 4323 prorsus
2836 4254 3143 4324 suspicione
3176 4255 3490 4309 miraculum

1888 4345 2058 4410 ﬁeret,
2086 4360 2349 4416 nemoque
2378 4354 2605 4415 putaret,
2630 4344 2914 4416 quemdam
2943 4347 3172 4402 vicinum
3199 4348 3374 4401 vicum
3401 4360 3491 4417 pa-

1891 4453 2011 4491 nem
2040 4440 2090 4491 in
2133 4453 2372 4492 mensam
2417 4438 2677 4494 intulisse.
2711 4438 2913 4492 Idcirco
2942 4454 3045 4492 non
3090 4439 3262 4493 locum
3292 4437 3490 4503 modo,

1890 4530 1983 4584 sed
2032 4531 2191 4584 etiam
2240 4530 2424 4583 horam
2476 4541 2756 4585 memorat.
2790 4531 2948 4586 Aliud
2993 4532 3151 4585 etiam
3198 4532 3488 4597 discimus,

1892 4640 2083 4694 nempe
2113 4625 2492 4694 discipulorum
2519 4625 2934 4695 philosophiam,
2967 4641 3124 4696 quam
3148 4626 3227 4681 vel
3257 4627 3309 4680 in
3330 4627 3491 4683 rebus

1892 4718 2209 4772 necessariis
2236 4717 2559 4773 exhibebant
2586 4762 2601 4783 ,
2630 4730 2681 4773 et
2710 4728 2965 4789 quantum
3001 4720 3218 4775 delicias
3266 4735 3491 4790 sperne-

1890 4821 2029 4867 rent.
2060 4812 2190 4866 Nam
2217 4812 2496 4867 duodecim
2523 4830 2643 4867 cuin
2673 4822 2875 4880 essent,
2909 4816 3142 4885 quinque
3174 4830 3339 4884 panes
3371 4825 3491 4871 tan-

1896 4914 2005 4958 tum
2034 4904 2271 4974 duosque
2304 4906 2477 4974 pisces
2521 4906 2815 4970 habebant;
2846 4924 3013 4976 uSque
3057 4908 3193 4963 adeo
3230 4924 3488 4979 eurporca

1889 4997 2289 5065 despiciebant,
2318 4998 2720 5070 spiritualiaque
2747 5000 2920 5055 solum
2953 5001 3242 5069 curabant;
3272 5003 3378 5057 imo
3422 5020 3491 5059 ne

1893 5107 2056 5158 pauca
2086 5091 2170 5144 illa
2207 5107 2329 5161 quae
2358 5092 2625 5147 habebant
2654 5094 2926 5149 retinuere
2946 5138 2959 5159 ,
2991 5095 3084 5150 sed
3116 5096 3282 5166 rogati
3323 5095 3491 5152 dede-

1892 5193 2036 5238 runt.
2068 5184 2199 5240 Inde
2226 5186 2495 5241 discamus
2520 5228 2534 5251 ,
2563 5187 2662 5241 etsi
2694 5202 2860 5257 pauca
2894 5189 3048 5244 nobis
3066 5190 3173 5243 sint
3195 5231 3210 5255 ,
3241 5190 3326 5243 illa
3357 5205 3487 5260 ege-

1892 5279 1975 5332 nis
2013 5293 2134 5333 esse
2181 5279 2521 5347 proferenda.
2550 5280 2692 5335 .lussi
2734 5296 2862 5349 ergo
2910 5291 3113 5351 septem
3160 5283 3277 5336 illos
3327 5299 3492 5352 panes

1891 5370 2111 5436 efferre,
2143 5388 2248 5425 non
2279 5372 2497 5426 dicunt:
2522 5372 2640 5440 Quo
2683 5374 2841 5443 igitur
2869 5374 2987 5428 cibo
3022 5384 3203 5442 postea
3233 5378 3489 5431 utemur?

1893 5466 2035 5518 unde
2064 5463 2257 5519 famem
2286 5465 2476 5520 sedare
2493 5466 2826 5536 poterimus?
2850 5468 2942 5523 sed
2972 5467 3149 5520 statim
3174 5479 3485 5537 paruerunt.

1891 5554 2095 5609 Prmter
2128 5570 2189 5609 ea
2232 5572 2350 5626 quae
2387 5570 2545 5632 supra
2574 5556 2804 5613 diximus
2827 5599 2839 5622 ,
2866 5557 2984 5612 ideo
3012 5556 3218 5613 videtur
3243 5558 3489 5617 Christus

1957 5844 1974 5907 ε
2010 5843 2210 5901 Quidam
2234 5856 2343 5891 eum
2368 5844 2555 5901 5torel.,
2578 5848 2622 5893 et
2646 5856 2794 5907 opera
2814 5851 2859 5895 et
2882 5845 3241 5907 possessionem.

1956 5906 1975 5936 ²
2010 5906 2223 5966 quidam,
2248 5907 2453 5955 educunt
2474 5919 2613 5968 aqua:
2632 5905 2841 5956 animum
2866 5905 3107 5970 reptit'ium
3133 5905 3389 5956 arentium
