4170 6492
724 445 827 503 899

722 580 780 614 ιεκ
809 561 889 614 his
904 557 1126 628 panibus
1143 555 1345 626 signum
1369 555 1546 620 edere,
1565 566 1621 609 ut
1641 556 1782 624 ipsos
1799 554 1864 610 ad
1884 552 2038 608 tidem
2054 551 2284 608 deduce-

720 663 799 707 ret
823 672 835 706 :
857 650 1026 706 adlme
1051 650 1190 704 enim
1218 649 1535 703 infirmiores
1554 658 1723 703 erant.
1745 649 2076 717 Quapropter
2105 647 2156 701 in
2182 662 2286 700 ca:-

720 746 822 796 lmn
849 742 1078 812 reSpicit.
1104 742 1339 796 Aliorum
1361 742 1553 811 quippe
1578 743 1844 811 signorum
1863 744 2024 797 multa
2041 740 2280 809 exempla

717 833 995 898 habebant;
1020 821 1172 902 hujus
1200 842 1372 886 autem
1402 833 1619 886 nullum.
1649 833 1908 901 Acceptos
1934 832 2092 902 igitur
2120 848 2281 903 panes

715 923 863 991 fregit
883 965 896 988 ,
915 932 970 977 et
997 939 1091 992 per
1116 922 1401 992 discipulos
1423 923 1594 983 dedit,
1621 923 1720 976 hoc
1747 923 1938 976 collato
1963 923 2090 992 ipsis
2117 923 2279 978 hono-

715 1029 798 1074 re;
828 1029 922 1068 nec
948 1014 1164 1068 honoris
1198 1022 1396 1068 tantum
1431 1028 1585 1067 causa
1616 1013 1764 1075 fecit,
1793 1012 1884 1068 sed
1918 1022 1992 1079 ut,
2034 1028 2153 1068 cum
2179 1013 2281 1068 mi-

713 1106 944 1159 raeulum
970 1115 1263 1170 cernerent,
1289 1120 1458 1175 neque
1483 1104 1640 1160 ﬁdem
1669 1116 1940 1175 negarent,
1974 1105 2055 1159 vel
2099 1115 2276 1174 postea

713 1197 874 1263 ipsius
903 1195 1357 1260 obliviscerentur,
1389 1210 1509 1250 cum
1539 1195 1664 1266 ipsa:
1691 1211 1878 1250 manus
1901 1211 2086 1251 eorum
2119 1205 2277 1250 testes

708 1296 903 1341 essent.
948 1287 1276 1357 QuaprOpter
1318 1287 1462 1356 prius
1515 1287 1750 1355 permisit
1801 1295 1859 1340 ut
1911 1287 2086 1360 turba;
2124 1287 2275 1341 famis

708 1393 864 1433 sensu
888 1379 1211 1444 laborarent,
1242 1380 1665 1448 exspectavitque
1693 1387 1747 1432 ut
1778 1379 1850 1434 illi
1881 1378 2197 1434 accederent
2221 1388 2275 1434 et

709 1471 1110 1541 interrogarent.
1127 1471 1229 1525 Per
1243 1472 1383 1540 ipsos
1405 1472 1526 1524 item
1544 1471 1702 1540 jussit
1721 1472 1920 1538 plebem
1941 1471 2266 1536 recumbere,

711 1578 806 1628 per
825 1562 968 1631 ipsos
995 1578 1201 1632 quoque
1226 1562 1520 1626 distribuit,
1551 1562 1786 1631 singulos
1811 1564 2021 1631 prepria
2058 1563 2270 1618 confes-

706 1655 854 1708 sione
882 1663 935 1709 et
962 1655 1207 1721 Operibus
1235 1657 1414 1709 volens
1438 1669 1825 1725 przeoccupare.
1855 1654 2053 1710 Idcirco
2080 1655 2270 1711 abillis

707 1761 866 1814 panes
893 1747 1098 1815 accipit,
1127 1755 1181 1801 ut
1201 1749 1361 1802 multa
1391 1750 1460 1801 rei
1491 1748 1782 1801 testimonia
1807 1757 2002 1811 essent,
2029 1763 2090 1802 ac
2113 1745 2270 1802 mira-

701 1838 804 1891 ruli
852 1845 1188 1892 monumenta
1229 1837 1504 1892 haberent.
1528 1837 1659 1891 Nam
1688 1839 1730 1892 si
1762 1837 1843 1892 his
1882 1841 1951 1892 ita
1993 1841 2153 1909 gestis
2191 1840 2266 1892 rei

701 1927 851 1981 obliti
876 1937 1017 1994 sunt,
1047 1928 1169 1997 quid
1197 1929 1462 1992 fecissent,
1490 1929 1532 1982 si
1561 1944 1672 1983 rem
1700 1944 1802 1983 non
1832 1930 1900 1984 ita
1926 1931 2268 1985 adornasset?

699 2019 854 2072 .lubet
882 2020 1039 2074 etiam
1070 2021 1187 2074 illos
1216 2021 1266 2074 in
1298 2023 1438 2076 freno
1462 2020 1812 2086 discumbere,
1843 2021 2022 2075 turbas
2048 2021 2112 2075 ad
2147 2022 2262 2088 phi-

702 2111 1078 2181 losophandum
1108 2112 1180 2182 (a)
1204 2113 1501 2168 instituens.
1526 2113 1637 2166 Non
1660 2114 1799 2167 enim
1830 2121 2030 2167 tantum
2057 2114 2264 2168 volebat

698 2202 764 2255 ali
796 2216 1035 2270 corpora,
1069 2203 1159 2258 sed
1188 2203 1414 2256 animam
1443 2219 1646 2274 quoque
1679 2203 1897 2258 institui.

769 2296 820 2348 5.
865 2297 938 2349 lix
977 2295 1093 2350 loco
1142 2296 1333 2365 igitur,
1363 2312 1426 2351 es
1470 2312 1534 2350 eo
1564 2297 1701 2366 quod
1748 2297 1954 2351 nonnisi
2004 2313 2164 2368 panes
2207 2310 2262 2354 et

700 2384 869 2450 pisces
911 2384 1099 2450 daret,
1127 2385 1369 2455 quodque
1411 2387 1593 2441 eadem
1639 2397 1692 2440 et
1743 2387 1792 2440 in
1837 2389 2104 2442 communi
2149 2387 2260 2443 dari

695 2477 924 2543 jusserit,
951 2494 1047 2532 nec
1072 2479 1202 2533 alius
1226 2479 1340 2546 plus
1369 2494 1522 2548 quam
1549 2479 1683 2533 alius
1710 2479 1970 2545 habuerit,
1999 2481 2261 2536 humilita-

694 2580 820 2639 tem,
847 2571 1265 2639 temperantiam,
1293 2572 1670 2640 caritatemque
1691 2571 1888 2638 docuit,
1917 2573 2182 2643 voluitque
2204 2583 2259 2628 ut

694 2660 804 2728 pari
827 2671 1003 2714 essent
1018 2676 1202 2717 omnes
1221 2677 1343 2732 erga
1367 2663 1496 2716 alios
1515 2663 1726 2728 atl‘eetu,
1741 2674 1794 2718 et
1817 2666 1990 2719 omnia
2012 2666 2257 2721 omnibus

691 2753 987 2805 eninmunia
1032 2767 1152 2807 esse
1199 2762 1460 2822 putarent.
1493 2755 1556 2809 Et
1599 2755 1777 2810 t'ractis
1824 2757 2082 2825 panibus,
2112 2756 2257 2812 dedit

690 2857 784 2896 eus
820 2842 1122 2912 discipulis,
1152 2844 1394 2916 discipuli
1444 2861 1567 2900 vero
1606 2847 1762 2915 plebi.
1807 2847 2048 2918 Quinque
2095 2864 2255 2918 panes

689 2931 880 2986 fractos
906 2933 1070 2998 dedit,
1100 2945 1151 2988 et
1182 2936 1250 2988 illi
1275 2939 1504 3008 quinque
1535 2939 1584 2991 in
1615 2940 1856 2994 manibus
1877 2941 2250 3009 discipulorum

687 3025 737 3078 in
767 3025 924 3080 fontis
950 3043 1148 3082 morem
1180 3029 1551 3086 scaturiebant.
1580 3030 1759 3101 Neque
1787 3031 1871 3088 hic
1906 3034 2051 3088 stetit
2094 3034 2255 3089 mira-

685 3118 862 3171 culum
887 3135 900 3170 :
925 3118 1016 3173 sed
1057 3119 1105 3172 id
1152 3120 1272 3174 fecit
1312 3122 1552 3175 utetiam
1585 3123 2108 3191 superabundarent,
2144 3140 2248 3182 non

687 3210 842 3262 modo
874 3226 1052 3279 panes,
1084 3211 1174 3265 sed
1205 3222 1256 3265 et
1288 3211 1607 3281 fragmenta;
1642 3223 1697 3267 ut
1723 3214 2018 3268 ostenderet
2045 3216 2247 3270 illurttttt

685 3318 874 3371 panum
922 3304 1015 3357 has
1051 3318 1168 3358 esse
1218 3305 1496 3375 reliquias,
1529 3314 1688 3376 utque
1727 3307 1973 3362 absentes
1992 3323 2199 3378 quoque
2231 3310 2244 3340 ¹

684 3404 898 3465 possent
935 3395 983 3449 id
1014 3396 1150 3465 quod
1183 3403 1383 3466 gestum
1414 3406 1527 3450 erat
1553 3397 1808 3451 ediscere.
1845 3397 2043 3453 Idcirco
2070 3399 2247 3454 turbas

680 3489 884 3542 esurire
931 3488 1205 3556 permisit,
1236 3503 1300 3542 ne
1330 3489 1446 3558 quis
1491 3491 1809 3558 putaret,id
1854 3491 1992 3559 quod
2037 3502 2242 3561 gestum

679 3579 1278 3649 eratesscphantasiatu.
1301 3579 1523 3647 lde‘nque
1543 3581 1820 3637 duodecim
1850 3582 2103 3652 cophinos
2126 3584 2247 3640 red-

681 3671 879 3726 undare
910 3673 1176 3740 permisit,
1211 3680 1268 3725 ut
1310 3682 1362 3727 et
1402 3672 1563 3728 Judas
1603 3690 1754 3728 suum
1790 3685 2037 3743 portaret.
2070 3676 2246 3732 Potuit

678 3766 835 3814 etiam
864 3762 1027 3831 ipsam
1054 3761 1241 3816 sedare
1269 3762 1458 3818 famem
1483 3805 1495 3828 ,
1529 3765 1619 3818 sed
1645 3767 1760 3833 ejus
1787 3769 2072 3835 potentiam
2109 3783 2241 3838 apu-

678 3856 798 3910 stoli
845 3870 948 3909 non
995 3855 1452 3928 novissentzvuam
1497 3868 1548 3910 et
1599 3858 1696 3910 sub
1741 3857 1850 3912 Elia
1901 3858 2000 3914 hoc
2046 3858 2239 3914 factum

680 3951 866 4004 iuerat.
895 3950 968 4004 De
997 3949 1092 4004 hac
1120 3951 1187 4004 ita
1209 3950 1485 4020 stupefacti
1517 3961 1638 4004 sunt
1667 3951 1863 4014 Judaei,
1897 3963 1953 4008 ut
1977 3955 2122 4008 illum
2153 3971 2239 4010 re-

674 4057 793 4113 gem
821 4045 1140 4099 constituere
1170 4045 1396 4108 vellent;
1425 4045 1513 4112 qui
1555 4057 1727 4099 tamen
1759 4047 1810 4100 in
1850 4047 1967 4102 aliis
2000 4047 2163 4117 signis
2188 4049 2238 4104 id

675 4152 957 4207 numquam
995 4146 1340 4192 tentaverant.
1371 4137 1496 4204 Quis
1527 4153 1652 4207 ergo
1693 4139 1867 4194 verbis
1893 4142 2235 4209 expresserit,

673 4243 778 4298 quo
819 4237 969 4295 parto
996 4243 1158 4296 panes
1193 4227 1349 4280 ttmtis
1375 4242 1521 4281 more
1560 4230 1913 4282 seaturirent?
1937 4245 2043 4298 quo
2089 4242 2239 4299 pacto

676 4320 724 4373 in
766 4318 1046 4373 Solitudine
1085 4317 1340 4373 ﬂuerent?
1368 4318 1632 4387 quomodo
1676 4327 1752 4372 tot
1794 4319 2094 4374 hominibus
2121 4319 2235 4375 lue-

673 4413 773 4465 rint
799 4401 926 4466 satis
949 4413 971 4463 ἱ)
996 4411 1122 4464 Nam
1150 4411 1425 4480 quinquies
1455 4410 1595 4464 mille
1620 4421 1785 4477 erant,
1816 4427 1918 4467 non
1949 4416 2237 4468 numeratis

672 4503 978 4557 mulieribus
1007 4512 1058 4556 et
1083 4501 1334 4572 parvulis,
1356 4519 1470 4571 qua:
1493 4502 1719 4556 maxima
1747 4504 1921 4572 pepuli
1941 4504 2074 4568 laus,
2095 4506 2234 4574 quod

669 4604 720 4646 et
735 4594 984 4647 mulieres
999 4603 1053 4647 et
1073 4593 1166 4645 viri
1188 4592 1397 4645 Christo
1416 4591 1695 4646 hzrrerent.
1712 4592 1984 4658 Quomodo
2002 4595 2235 4665 reliquid:

670 4687 855 4740 fuere?
884 4685 1090 4740 Etenim
1119 4684 1220 4740 hoc
1241 4685 1412 4755 priore
1436 4700 1539 4738 non
1564 4686 1738 4740 minus
1763 4697 1862 4739 est.
1898 4687 1961 4742 Et
1987 4697 2059 4743 tot
2087 4689 2234 4744 fuere

669 4776 958 4844 fragmenta
979 4818 994 4842 ,
1027 4786 1082 4829 ut
1111 4776 1321 4846 c0pbiui
1361 4775 1630 4847 discipulis
1670 4793 1822 4845 pares
1850 4793 2066 4833 numero
2089 4821 2104 4846 ,
2136 4795 2233 4834 nec

669 4868 868 4935 plures,
887 4883 983 4920 nec
1000 4868 1274 4937 pauciores
1292 4880 1485 4923 essent.
1502 4873 1727 4939 Accepta
1748 4871 1904 4940 igitur
1919 4871 2229 4942 fragmenta,

666 4976 767 5013 non
800 4959 985 5025 turbis,
1020 4961 1108 5013 sed
1139 4962 1404 5030 discipulis
1433 4962 1572 5016 dedit
1593 4981 1606 5017 :
1626 4965 1821 5019 etenim
1856 4965 2015 5019 turba:
2043 4965 2232 5034 imper-

667 5053 907 5106 tectiores
934 5063 1084 5106 erant
1111 5053 1382 5123 discipulis

735 5146 918 5201 Christi
954 5147 1003 5200 in
1033 5148 1275 5202 miraculo
1305 5149 1732 5217 multrplicatiouis
1761 5166 1941 5217 panum
1971 5150 2226 5203 sinceritas

661 5251 706 5292 et
746 5239 1004 5292 modestia.
1036 5240 1311 5294 Ostentatw
1360 5243 1616 5314 fugienda.
1649 5243 1725 5294 Ad
1773 5260 1963 5297 sacrant
2007 5261 2225 5298 mensam

660 5347 758 5398 qtto
807 5341 951 5398 pacto
997 5333 1352 5386 accedendum.
1385 5365 1454 5374 --
1490 5333 1651 5404 Signo
1699 5345 1869 5388 autem
1926 5337 2062 5389 tacto
2087 5377 2100 5404 ,
2132 5335 2220 5390 92.

663 5421 845 5474 Statim
875 5426 1030 5491 coegit
1059 5423 1329 5492 discipulos
1355 5425 1543 5477 intrare
1571 5427 1620 5477 in
1650 5425 1896 5491 navigium
1921 5469 1935 5491 ,
1964 5437 2010 5478 et
2034 5443 2222 5494 prlece-

658 5517 774 5567 dire
815 5533 925 5569 eum
967 5517 1033 5570 ad
1079 5518 1360 5571 ulteriorem
1408 5519 1611 5587 ripam,
1644 5519 1799 5570 datm:
1829 5520 2224 5587 ipse'dimitteret

721 5704 734 5732 ¹
766 5699 848 5750 Αἱἱί
874 5700 1049 5756 ferunt,
1074 5713 1248 5764 anates,
1274 5715 1378 5762 pro,
1399 5700 1607 5764 absentes
1630 5714 1845 5764 quoque;
1869 5701 2025 5749 minus
2040 5709 2198 5764 recte.

716 5765 786 5824 (υ)
824 5776 1048 5822 asperum
1075 5763 1260 5811 vivendi
1279 5761 1468 5824 genus,
1498 5761 1651 5823 quale
1683 5761 1755 5811 est
1784 5763 1830 5811 in
1873 5763 1998 5811 farno
2020 5763 2224 5812 discum-

657 5824 794 5881 bere,
819 5826 911 5873 eihi
933 5825 1153 5872 sumendi
1179 5838 1336 5885 causa,
1364 5824 1703 5887 philosophiam
1730 5827 1825 5880 hie.
1853 5831 1902 5873 ut
1932 5837 2062 5887 saepe
2085 5824 2219 5886 alias,

658 5897 789 5935 vorat
812 5887 1186 5948 Clay-testentus.
1789 5899 1794 5902 '

1447 437 1502 494 S.
1528 437 1804 495 JOANNIS
1836 429 2307 492 CllllYSOSTUMI
2339 430 2648 486 AlttllllEP.
2687 431 3217 490 CUNSTANTINUP.

3857 435 3956 488 tuo

2393 549 2580 602 turbas.
2612 549 2742 603 Nam
2779 550 2823 604 si
2855 565 3086 619 prmsetts
3114 548 3382 606 videretur
3410 549 3458 604 id
3501 565 3595 620 per
3631 551 3952 621 phantasiam

2390 637 2609 702 fecisse,
2641 654 2742 693 non
2787 641 3074 694 secundum
3117 642 3192 694 rei
3241 643 3552 708 veritatem,
3583 642 3773 695 absens
3811 654 3954 698 certe

2387 745 2490 783 non
2520 730 2664 783 item.
2700 731 2926 801 Ideoque
2962 741 3209 785 accurato
3239 733 3466 785 examini
3511 732 3702 786 factum
3733 737 3952 801 permit-

2388 830 2501 874 tens
2521 863 2535 887 ,
2565 837 2688 884 eos,
2717 823 2806 891 qui
2837 833 3181 876 monumenta
3212 832 3264 876 et
3293 823 3655 892 probationem
3687 825 3950 893 signorum

2383 921 2711 981 acceperant,
2738 912 2895 980 jussit
2925 912 2991 966 ab
3016 929 3073 966 se
3099 915 3351 982 separari.
3381 914 3627 984 Alioquin
3659 931 3804 982 vero,
3831 930 3950 970 cum

2383 1018 2568 1072 magna
2613 1014 2860 1073 operatus
2908 1005 3110 1070 fuerat,
3147 1006 3325 1060 turbas
3363 1015 3417 1060 et
3458 1007 3744 1076 discipulos
3785 1008 3853 1060 ab
3893 1021 3952 1061 se

2383 1094 2725 1159 removebat,
2770 1105 2828 1148 ut
2878 1095 3030 1150 nobis
3079 1096 3324 1151 suaderet
3367 1112 3622 1166 nusquam
3667 1081 3948 1152 humanam

2378 1185 2599 1251 gloriam
2621 1195 2672 1239 ct
2692 1201 2874 1240 auram
2904 1201 3023 1240 esse
3049 1187 3487 1256 persequendam,
3524 1204 3696 1258 neque
3723 1191 3946 1243 multitu-

2377 1275 2554 1329 dinem
2585 1279 2970 1345 attrahendam.
2988 1280 3120 1334 Cum
3142 1291 3316 1334 autem
3335 1280 3481 1345 dicit,
3506 1281 3696 1353 Coegit,
3716 1283 3947 1338 declarat

2376 1369 2664 1440 discipulos
2699 1371 2814 1440 ejus
2845 1388 3135 1441 prmsenus‘.
3164 1373 3383 1430 :nultum
3431 1374 3666 1430 Ιιςιεεὶεεθ.
3702 1375 3765 1430 Et
3803 1378 3946 1432 misit

2376 1474 2467 1513 eos
2493 1502 2506 1526 ,
2536 1461 2704 1516 turba:
2731 1471 2788 1515 ut
2815 1463 3023 1518 videtur
3053 1465 3276 1519 vitanda:
3313 1480 3465 1520 causa
3493 1508 3508 1532 ,
3539 1469 3648 1536 ipse
3676 1480 3850 1524 autem
3892 1471 3942 1524 in

2377 1562 2608 1606 montem
2625 1553 2832 1608 volebat
2847 1556 3152 1622 ascendere,
3174 1567 3229 1610 ut
3257 1573 3353 1611 nos
3369 1557 3602 1625 doceret,
3625 1561 3824 1614 turbam
3845 1578 3942 1616 nec

2373 1644 2582 1700 assidue
2599 1645 3048 1715 frequentandam,
3074 1663 3242 1718 neque
3259 1664 3470 1718 semper
3487 1649 3780 1721 fugiendam
3799 1667 3938 1718 esse,

2372 1737 2464 1790 SCti
2496 1746 2774 1809 utrumque
2799 1739 2863 1793 ad
2887 1741 3160 1794 utilitatem
3192 1740 3506 1809 faciendum,
3539 1753 3590 1798 et
3618 1744 3937 1808 alternatim,

2374 1839 2528 1896 prout
2556 1828 2738 1897 decet,
2761 1831 3041 1900 agendum.
3071 1832 3343 1887 Discamus
3369 1843 3422 1888 et
3447 1849 3541 1888 nos
3567 1850 3774 1904 quoque
3813 1836 3937 1890 Jesu

2369 1921 2584 1976 Christo
2614 1922 2836 1988 haerere,
2865 1939 2969 1977 non
3003 1939 3097 1992 pro
3126 1925 3471 1993 impetrandis
3497 1927 3820 1982 sensibilium
3849 1942 3940 1982 re-

2368 2030 2483 2068 rum
2526 2015 2679 2069 donis
2702 2057 2717 2083 ,
2751 2031 2817 2070 ne
2861 2016 2910 2070 id
2941 2017 3092 2072 nobis
3131 2017 3326 2086 probro
3363 2017 3518 2072 detur
3543 2018 3680 2073 sicut
3719 2019 3933 2074 Judazis.

2371 2105 2604 2170 Quam'tis
2630 2123 2708 2160 me
2729 2149 2745 2174 ,
2779 2107 2948 2178 inquit
2970 2149 2985 2174 ,
3018 2125 3118 2161 non
3143 2109 3261 2180 quia
3285 2110 3430 2179 signa
3456 2111 3648 2164 vidistis
3665 2151 3678 2174 ,
3710 2111 3798 2165 sed
3819 2112 3938 2182 quia

2366 2214 2427 2248 ea:
2471 2198 2683 2266 panibus
2730 2199 3008 2252 temer/istis
3052 2209 3097 2252 ct
3140 2201 3352 2252 saturati
3381 2201 3497 2254 estis
3529 2200 3702 2271 (Joan.
3735 2203 3787 2256 6.
3817 2202 3934 2271 26).

2367 2287 2487 2344 Ideo
2511 2305 2614 2344 non
2642 2289 2942 2361 frequenter
2971 2293 3069 2347 hoc
3093 2293 3298 2362 signum
3328 2293 3467 2355 facit,
3493 2295 3583 2348 sed
3610 2295 3687 2349 bis
3713 2307 3933 2362 unitum,

2366 2390 2422 2434 ut
2460 2381 2721 2437 discerent
2755 2399 2858 2436 non
2886 2385 3054 2437 ventri
3086 2398 3205 2439 esse
3245 2384 3580 2439 serviendum
3602 2427 3617 2452 ,
3645 2387 3736 2440 sed
3775 2388 3936 2455 spiri-

2367 2472 2594 2527 tualibus
2631 2473 2840 2527 assidue
2878 2473 3205 2528 haerendum.
3237 2475 3327 2530 llis
3353 2491 3452 2529 nos
3477 2492 3688 2547 quoque
3727 2477 3934 2531 harrea-

2364 2579 2480 2618 mus
2505 2605 2520 2631 ,
2547 2575 2600 2619 et
2645 2581 2943 2634 qmeramus
2991 2583 3178 2634 panem
3223 2568 3485 2623 caelestem
3511 2611 3526 2636 ,
3574 2586 3677 2639 quo
3716 2582 3935 2640 accepto

2361 2673 2574 2712 omnem
2609 2659 2914 2713 saecularem
2961 2674 3141 2714 curam
3186 2660 3476 2730 ejiciamus.
3506 2662 3636 2719 Nam
3680 2663 3721 2716 si
3766 2664 3838 2717 illi
3880 2673 3935 2717 et

2359 2748 2543 2804 domos
2563 2760 2616 2805 et
2655 2749 2896 2804 civitates
2920 2759 2973 2804 et
2997 2759 3247 2820 cognatos
3287 2762 3340 2806 et
3375 2755 3551 2807 omnia
3581 2753 3929 2816 dimiserunt,

2358 2849 2514 2910 atque
2559 2842 2608 2894 in
2652 2842 2935 2896 solitudine
2981 2843 3359 2908 versabantur,
3409 2844 3742 2914 instanteque
3791 2843 3934 2899 htme

2357 2947 2460 2986 non
2489 2933 2803 2986 recedebant
2825 2951 2840 2990 :
2864 2934 3027 2987 multo
3049 2935 3213 3004 magis
3240 2950 3335 2988 nos
3360 2950 3477 2988 cum
3503 2934 3568 2990 ad
3599 2935 3752 2989 talem
3781 2951 3933 2988 meu-

2355 3041 2468 3080 sam
2500 3025 2800 3082 accedimus
2825 3069 2838 3087 ,
2873 3027 3124 3096 majorem
3154 3027 3406 3083 exhibere
3444 3037 3653 3097 Oportet
3697 3029 3932 3098 philoso-

2355 3117 2530 3188 phiam
2563 3126 2617 3172 et
2653 3117 3002 3188 spiritualium
3031 3134 3265 3174 amorem
3287 3160 3300 3184 ,
3335 3120 3708 3190 sensibiliaque
3745 3131 3928 3190 postea

2354 3225 2611 3280 quaerere.
2645 3210 2774 3264 Nam
2804 3219 2858 3264 et
2886 3211 2956 3264 illi
2985 3210 3387 3277 accusabantur,
3421 3227 3527 3266 non
3552 3211 3689 3282 quod
3717 3228 3930 3280 qumrc-

2353 3313 2472 3357 rent
2497 3304 2668 3372 ipsum
2699 3312 2911 3372 propter
2939 3319 3157 3372 panem;
3187 3303 3277 3357 sed
3305 3302 3736 3373 quodpropterea
3752 3303 3928 3358 solum

2351 3403 2666 3463 quzererent,
2695 3404 2748 3448 et
2777 3403 2990 3463 propter
3019 3393 3116 3448 hoc
3143 3395 3424 3463 praecipue.
3449 3393 3577 3447 Nam
3603 3395 3646 3448 si
3675 3394 3792 3464 quis
3811 3409 3928 3448 ma-

2349 3503 2450 3554 gna
2477 3487 2613 3541 dona
2645 3486 2918 3556 despiciat,
2944 3488 3119 3555 parvis
3143 3495 3316 3539 autem
3345 3485 3562 3552 intereat,
3584 3501 3700 3555 qua:
3723 3485 3926 3555 despici

2349 3581 2460 3635 vult
2485 3580 2529 3635 is
2558 3580 2645 3649 qui
2677 3579 2784 3644 dat,
2811 3578 2998 3633 abillis
3027 3578 3184 3632 etiam
3215 3577 3409 3632 excidit
3433 3596 3445 3630 :
3472 3586 3529 3632 ut
3555 3579 3805 3639 contra,si
3835 3576 3926 3633 illa

2347 3673 2728 3735 desideremus,
2759 3672 2869 3726 tunc
2893 3671 3049 3726 etiam
3076 3670 3253 3739 adjicit
3273 3687 3286 3720 :
3306 3686 3424 3724 nam
3450 3670 3561 3724 haec
3585 3669 3637 3723 in
3663 3671 3929 3726 accessio-

2347 3780 2468 3819 nem
2498 3764 2722 3828 dantur;
2747 3765 2816 3817 ita
2849 3778 3037 3830 nempe
3063 3763 3184 3816 vilia
3224 3772 3383 3826 sunt,
3413 3763 3456 3816 si
3481 3777 3601 3815 cum
3633 3760 3735 3815 illis
3775 3777 3928 3815 cum-

2348 3864 2637 3926 parentur,
2670 3855 2878 3909 etiamsi
2927 3869 3114 3924 magna
3160 3854 3456 3909 videantur.
3504 3855 3616 3910 Non
3662 3870 3789 3924 ergo
3839 3854 3926 3910 his

2349 3947 2673 4013 Studeamus,
2705 3957 2861 4016 atque
2889 3961 3072 4001 eorum
3104 3946 3214 4001 sive
3244 3947 3652 4015 possessionem,
3685 3949 3796 4002 sive
3823 3949 3929 4016 pri-

2344 4042 2608 4095 vationem
2659 4039 3044 4095 inditl'erentem
3097 4040 3924 4110 arbitremur:quemadmodum

2343 4143 2397 4188 et
2435 4134 2574 4198 Job,
2616 4133 2703 4201 qui
2749 4148 2845 4186 nec
2890 4131 3239 4202 prmsentibus
3291 4131 3556 4199 merebat,
3605 4147 3702 4187 nec
3748 4133 3924 4189 ablata

2344 4225 2634 4294 quaerebat.
2665 4224 2794 4278 Nam
2827 4237 3053 4293 χρήματα
3080 4238 3181 4275 non
3208 4223 3285 4277 sic
3311 4232 3580 4288 vocantur,
3611 4235 3666 4278 ut
3695 4240 3754 4278 ea
3781 4224 3928 4279 dcto.

2343 4318 2549 4371 diamus
2575 4358 2589 4383 ,
2617 4316 2708 4371 sed
2740 4324 2795 4370 ut
2826 4317 2888 4369 iis
2929 4323 3182 4384 quantum
3224 4313 3377 4368 decet
3408 4325 3635 4370 utamur.
3667 4318 3743 4371 Ac
3785 4317 3928 4372 sicut

2341 4409 2530 4463 artifex
2552 4409 2773 4478 quisque
2800 4421 2947 4461 suam
2972 4406 3123 4460 habet
3144 4418 3332 4470 artem,
3352 4407 3428 4460 sic
3445 4406 3614 4472 dives,
3638 4407 3724 4476 qui
3752 4411 3928 4464 nescit

2341 4501 2581 4554 aerariam
2603 4509 2794 4563 artem,
2826 4513 2921 4552 nec
2952 4497 3123 4551 navim
3155 4486 3434 4560 fabricari,
3466 4512 3564 4552 nec
3593 4507 3791 4563 texere,
3820 4515 3925 4554 nee

2341 4594 2623 4659 aedificare,
2647 4609 2746 4649 nec
2773 4593 2911 4648 aliud
2944 4592 3117 4646 simile
3143 4592 3432 4662 quidpiam,
3455 4592 3622 4647 discat
3646 4594 3843 4649 divitiis
3868 4608 3925 4650 nt

2340 4687 2490 4742 decet
2510 4689 2603 4753 uti,
2633 4697 2685 4742 et
2712 4687 2892 4758 egenis
2915 4687 3110 4757 largiri,
3135 4687 3514 4758 melioremque
3541 4689 3645 4744 illis
3671 4689 3925 4745 omnibus

2339 4794 2506 4836 artem
2537 4781 2766 4836 callebit.

2395 4879 2446 4931 4.
2465 4875 2810 4930 Misericordia
2828 4876 2876 4927 iu
2893 4891 3133 4945 pauperes
3154 4891 3235 4926 ars
3254 4874 3521 4943 pretiosissi
3529 4891 3607 4931 ma
3623 4884 3710 4930 est.
3730 4873 3923 4930 Contra

2335 4968 2637 5036 uoluptatem
2683 4967 2902 5019 ciborum
2948 4975 2990 5019 et
3033 4966 3229 5018 luxum.
3261 4965 3484 5018 —Nam
3532 4966 3645 5020 lure
3685 4978 3766 5020 est
3814 4966 3924 5023 illis

2336 5060 2580 5114 omnibus
2629 5059 2830 5112 artibus
2875 5058 3170 5112 sublimior.
3220 5059 3383 5126 llujus
3425 5058 3634 5113 ofﬁcina
3688 5060 3739 5113 in
3783 5061 3925 5115 cwlo

2334 5161 2533 5207 structa
2557 5159 2656 5204 est.
2688 5151 2810 5204 [hec
2846 5166 2950 5202 non
2983 5164 3044 5202 ex
3097 5149 3237 5203 ferro
3272 5150 3354 5204 vel
3399 5165 3506 5204 :ere
3542 5150 3795 5205 adornata
3823 5167 3924 5206 or-

2334 5259 2466 5314 gana
2505 5243 2702 5308 habet,
2730 5242 2822 5296 sed
2865 5257 2927 5295 ex
2958 5242 3276 5311 benignitate
3301 5252 3354 5296 et
3383 5243 3653 5296 voluntate
3682 5246 3723 5295 '.
3749 5243 3922 5313 llujus

2335 5336 2461 5390 artis
2485 5334 2728 5389 Christus
2757 5333 2942 5388 doctor
2961 5343 3061 5395 est,
3083 5349 3286 5386 necnon
3311 5335 3424 5400 ejus
3452 5334 3626 5389 Pater.
3660 5334 3790 5390 Nam
3818 5337 3919 5401 ait,

2337 5428 2506 5481 Estote
2533 5427 2875 5480 misericordes
2900 5429 3026 5479 sicut
3051 5436 3096 5477 et
3130 5424 3283 5478 Pater
3309 5439 3461 5479 vester
3485 5428 3569 5496 qui
3597 5437 3669 5480 est
3699 5428 3749 5480 in
3776 5429 3922 5483 caelis

2335 5518 2483 5590 (Luc.
2508 5517 2563 5571 ti.
2595 5515 2708 5584 36).
2737 5517 2992 5585 Quodque
3018 5516 3257 5572 mirabile
3286 5525 3367 5571 est
3387 5558 3400 5578 ,
3430 5533 3549 5572 cum
3590 5518 3659 5572 ita
3690 5525 3922 5573 cazteras

2332 5611 2650 5676 antecellat,
2697 5626 2801 5665 non
2849 5610 3027 5665 labore
3071 5609 3153 5664 vel
3208 5620 3445 5680 tempore
3487 5625 3622 5681 opus
3661 5609 3820 5666 habet
3858 5623 3919 5666 ut

2333 5713 2642 5760 exerceatur
2666 5719 2679 5756 :
2703 5701 2896 5756 sutticit
2934 5701 3074 5755 enim
3113 5702 3248 5770 velle
3271 5741 3284 5766 ,
3319 5713 3374 5757 et
3404 5712 3571 5758 totum
3614 5702 3916 5774 perlectum

2398 5888 2415 5918 ³
2453 5884 2562 5933 Duo
2587 5892 2711 5944 stss.,
2736 5883 2820 5932 sed
2840 5896 2903 5932 ex
2927 5881 3048 5933 bona
3071 5882 3317 5933 voluntate.
