4170 6488
280 15 735 25 ---Μὴ-..-

288 405 388 468 δῐὶὶ

290 536 401 581 est.
435 522 734 579 Videamus
759 532 973 591 quoque
991 558 1005 577 ,
1035 515 1155 587 quis
1188 513 1307 569 linis
1334 512 1477 568 illius
1500 510 1592 566 sit.
1620 509 1753 578 Quis
1782 517 1903 563 tan-

294 621 423 673 dem
451 615 574 672 ﬂuis
606 615 754 671 illius
781 611 902 669 est?
926 609 1164 676 Caium,
1192 617 1247 663 et
1273 603 1508 662 caelestia
1532 603 1673 659 bona
1700 600 1910 672 :gloria

292 708 391 764 illa
416 705 725 770 ineﬂ'abilis,
743 701 1049 776 spirituales
1065 699 1305 763 thalami,
1325 696 1590 769 fulgentes
1606 690 1903 765 lampades,

297 800 561 855 habitatio
599 811 725 852 cum
760 808 994 865 sponso;
1027 792 1130 847 alia
1159 805 1279 860 qua:
1310 787 1488 844 nullus
1516 799 1718 850 sermo,
1761 782 1905 839 nulla

294 905 457 947 mens
472 887 749 946 declarare
767 896 964 958 potest;
981 884 1050 939 ita
1073 893 1133 939 ut
1154 882 1254 937 bac
1272 880 1325 935 in
1343 887 1496 951 parte
1518 878 1677 949 longe
1691 875 1761 931 ab
1787 874 1908 931 aliis

289 981 531 1039 diﬂcrat.
544 980 675 1036 Nam
701 979 896 1035 artium
921 977 1193 1049 pleneque
1211 973 1280 1029 ad
1306 986 1545 1044 przesens
1568 970 1743 1027 solum
1767 978 1905 1025 tem-

291 1090 400 1143 pus
412 1072 566 1129 utiles
578 1081 703 1128 sunt
725 1069 899 1135 nobis,
924 1069 1039 1125 haec
1060 1082 1191 1123 vero
1205 1067 1365 1122 etiam
1381 1062 1447 1119 ad
1464 1063 1697 1119 futuram
1718 1062 1902 1117 vitam.

286 1167 355 1224 Si
386 1177 567 1223 autem
590 1166 662 1222 ita
694 1162 874 1221 diﬂert
901 1162 971 1218 ab
998 1162 1065 1216 iis
1088 1160 1294 1215 artibus
1332 1173 1452 1229 qua:
1487 1154 1643 1212 nobis
1670 1154 1725 1210 in
1760 1169 1903 1223 prae-

286 1258 439 1315 senti
467 1258 575 1313 vita
600 1265 727 1312 sunt
750 1252 1094 1326 necessariae,
1121 1260 1236 1307 uta
1262 1248 1543 1312 medicina,
1573 1246 1902 1302 architecto.

287 1351 417 1406 nica
443 1360 499 1406 et
529 1349 795 1406 similibus
818 1389 832 1411 ,
856 1347 1029 1403 multo
1068 1343 1240 1417 magis
1264 1342 1333 1399 ab
1358 1342 1478 1397 aliis
1497 1382 1513 1406 ,
1544 1355 1678 1409 quas
1706 1339 1752 1396 si
1779 1340 1902 1411 quis

284 1451 547 1499 accurate
591 1442 872 1514 exploret,
905 1454 1080 1510 neque
1119 1448 1266 1493 artes
1313 1450 1436 1491 esse
1478 1433 1693 1489 dixerit.
1722 1433 1902 1502 Quare

282 1550 397 1606 ego
424 1534 559 1589 alias
587 1530 885 1604 superﬂuas
913 1547 1021 1585 non
1066 1544 1162 1601 pro
1190 1527 1395 1584 artibus
1433 1526 1627 1580 habeo.
1655 1525 1736 1581 Ad
1768 1524 1896 1596 quid

280 1625 438 1681 enim
481 1622 789 1693 coquinaria
832 1630 889 1678 et
927 1618 1330 1676 salsamentaria
1376 1617 1531 1673 nobis
1577 1616 1777 1672 utiles?
1814 1615 1898 1671 Ad

283 1718 424 1774 nihil
449 1728 635 1774 certe:
660 1717 768 1771 imo
797 1713 953 1771 valde
981 1712 1200 1769 inutiles
1227 1720 1284 1769 et
1308 1712 1485 1767 noxia:
1512 1719 1666 1774 sunt.
1694 1724 1815 1781 qum
1844 1719 1899 1766 et

280 1826 489 1881 corpus
516 1821 571 1865 et
592 1809 826 1866 animam
857 1807 1197 1877 labefactant,
1229 1805 1371 1878 quod
1399 1804 1711 1861 morbortmt
1741 1803 1897 1875 aegri-

278 1904 641 1975 tudinumque
668 1904 905 1959 omnium
932 1909 1160 1957 matrem
1193 1898 1520 1970 voluptatem
1545 1913 1667 1952 cum
1702 1912 1894 1969 pompa

280 2010 481 2067 magna
510 1991 911 2051 inducantJmo
930 2006 1033 2049 nec
1056 1990 1344 2061 picturam,
1359 2004 1461 2045 nec
1489 1988 1892 2061 phrygionicam

276 2098 433 2143 artes
477 2087 695 2158 pmprie
732 2086 983 2141 dixerim.
1026 2082 1164 2140 Nam
1214 2085 1269 2138 in
1310 2080 1613 2153 superﬂuos
1648 2089 1895 2151 sumptus

281 2196 390 2237 nos
434 2180 744 2251 conjiciunt.
775 2181 934 2235 Artes
973 2192 1103 2233 vero
1149 2176 1482 2232 necessarias
1506 2218 1520 2241 ,
1564 2190 1686 2246 qua:
1727 2174 1913 2229 vitam

276 2283 529 2329 nostram
546 2280 871 2337 sustentant,
893 2270 1048 2326 nobis
1078 2270 1381 2325 necessaria
1410 2268 1686 2339 praebeant
1711 2286 1732 2324 ί
1751 2279 1775 2324 ιο
1792 2283 1893 2339 ap-

275 2373 477 2435 parent
498 2372 729 2435 oportet.
762 2362 888 2419 Ideo
912 2376 1144 2433 namque
1168 2361 1483 2432 sapientiam
1515 2360 1707 2415 indidit
1736 2360 1893 2416 nobis

277 2457 449 2522 Deus,
472 2464 529 2519 ιιι
554 2456 886 2510 inveniamus
916 2452 1223 2518 methodos,
1250 2451 1405 2523 queis
1431 2451 1699 2522 possimus
1727 2452 1889 2508 vitam

271 2564 603 2607 conservare
622 2559 859 2605 nostram
884 2565 900 2604 :
922 2548 1242 2605 animalcnla
1264 2562 1393 2603 vero
1414 2558 1505 2602 aut
1524 2546 1577 2601 in
1598 2545 1890 2616 parietibus

270 2655 377 2700 aut
399 2645 455 2700 in
475 2644 712 2700 vestibus
736 2650 1125 2711 repracsentare
1140 2641 1205 2696 ad
1224 2640 1371 2713 quid,
1392 2656 1599 2709 quaeso,
1620 2639 1747 2695 utile
1768 2640 1889 2695 est?

271 2736 410 2793 Ideo
434 2751 497 2792 ex
526 2735 911 2791 calceariorum
954 2743 1009 2788 et
1056 2749 1122 2789 ex
1167 2742 1435 2788 textorum
1476 2732 1681 2788 artibus
1722 2730 1887 2787 multa

272 2830 573 2887 resecanda
606 2837 791 2884 essent
814 2847 827 2883 :
853 2843 974 2882 nam
1002 2826 1072 2882 ad
1111 2828 1296 2882 luxum
1327 2826 1491 2881 multa
1521 2824 1883 2893 deduxerunt,

264 2934 335 2980 et
377 2922 516 2994 quod
546 2924 911 2978 necessarium
934 2930 1054 2976 erat
1093 2918 1487 2975 labefactarunt
1511 2960 1527 2984 ,
1553 2918 1654 2972 arti
1686 2917 1884 2973 malum

268 3017 563 3072 artiﬁcium
609 3014 1002 3077 admiscentes;
1053 3013 1196 3084 quod
1245 3012 1408 3068 etiam
1454 3011 1885 3067 architectonica

270 3107 493 3163 accidit.
520 3106 625 3161 Sed
656 3116 715 3161 ut
742 3106 908 3169 hanc,
940 3105 1113 3160 donec
1139 3103 1304 3169 (edes,
1332 3119 1438 3160 non
1471 3113 1647 3159 autem
1675 3104 1885 3157 theatra

270 3206 667 3269 aediﬁcaverit,
714 3221 777 3260 ac
834 3203 1177 3269 necessaria,
1228 3217 1334 3257 non
1385 3210 1563 3256 autem
1615 3199 1883 3269 superﬂua

269 3300 555 3367 struxerit,
586 3300 758 3355 artem
790 3296 996 3352 vocabo
1020 3314 1033 3351 :
1056 3295 1136 3351 sic
1164 3306 1218 3351 et
1245 3296 1561 3356 textoriam,
1594 3294 1767 3349 donec
1793 3310 1884 3349 ve-

267 3395 529 3448 stimenta
569 3390 756 3446 iecerit
782 3399 837 3444 et
872 3397 1182 3444 assumenta
1204 3430 1217 3451 ,
1251 3402 1351 3443 nec
1379 3400 1607 3444 araneas
1639 3388 1839 3442 imitata
1863 3428 1881 3451 ,

269 3484 503 3539 multum
530 3474 698 3539 risum
724 3481 1041 3537 excitaverit
1060 3495 1126 3535 ac
1153 3479 1431 3535 mollitiem
1461 3480 1733 3550 ingentem
1751 3522 1764 3544 ,
1789 3494 1881 3534 ar-

265 3586 387 3631 tem
425 3590 577 3630 voco.
605 3573 823 3630 Necnon
859 3573 1177 3629 calceariam
1218 3581 1386 3627 artem
1410 3612 1424 3635 ,
1455 3571 1629 3627 donec
1670 3572 1883 3627 calceos

266 3669 501 3732 iecerit,
523 3668 654 3724 artis
684 3668 902 3723 nomine
930 3683 1037 3722 non
1085 3666 1335 3735 privabo;
1359 3681 1480 3719 cum
1511 3675 1690 3720 autem
1738 3666 1884 3721 viros

264 3764 325 3817 in
357 3762 636 3817 mulierum
670 3762 895 3817 formam
927 3759 1223 3815 traduxerit
1252 3800 1266 3823 ,
1300 3759 1488 3813 molles
1515 3768 1569 3813 et
1597 3757 1883 3813 effemina-

267 3867 363 3908 tos
387 3869 455 3908 ex
482 3853 783 3909 calceorum
812 3853 980 3907 forma
1012 3850 1195 3907 fecerit
1214 3891 1228 3915 ,
1255 3866 1378 3905 cum
1404 3850 1583 3911 noxiis
1607 3859 1663 3903 et
1689 3864 1880 3919 super-

267 3946 399 4001 ﬂuis
424 3945 564 4000 illam
594 3946 910 4001 locabimus.
942 3945 1069 4001 Scio
1098 3961 1184 3999 me
1211 3944 1392 3999 multis
1424 3943 1590 3997 videri
1634 3944 1685 3996 in
1717 3944 1881 3997 mini-

266 4041 379 4098 mis
396 4041 613 4095 nimium
633 4042 933 4095 immorari:
952 4055 1124 4111 neque
1140 4048 1315 4094 tamen
1331 4039 1606 4092 absislam.
1626 4036 1877 4093 Onmium

264 4132 473 4202 quippe
503 4132 766 4187 malorum
795 4147 953 4188 causa
1004 4132 1117 4187 inec
1147 4140 1229 4186 est
1257 4173 1270 4195 ,
1298 4147 1365 4186 eo
1406 4130 1548 4201 quod
1598 4130 1743 4199 parvi
1790 4130 1877 4185 illa

270 4233 490 4294 [neccata
518 4208 775 4279 momenti
809 4240 930 4281 esse
960 4225 1261 4285 videantur,
1286 4235 1338 4277 et
1366 4223 1485 4278 ideo
1518 4206 1873 4291 negligantur.

271 4316 347 4371 Et
374 4314 500 4385 quid
529 4314 634 4370 hoc
660 4315 865 4380 levius,
899 4314 1138 4385 inquies,
1169 4324 1445 4384 peceatum
1476 4329 1727 4384 umquam
1760 4313 1877 4369 fne-

266 4411 366 4469 rit.
397 4424 517 4463 cum
546 4409 667 4480 quis
694 4408 1097 4480 calceosvhabet
1124 4419 1344 4462 ornatos
1370 4424 1433 4462 ac
1461 4406 1747 4477 fulgentes,
1778 4422 1875 4475 pe-

264 4501 432 4556 dibus
459 4501 762 4570 aptatos,‘si
787 4511 964 4557 tamen
993 4501 1095 4555 hoc
1128 4508 1399 4571 peccatum
1426 4499 1723 4554 vocandum
1752 4499 1877 4554 est?

268 4592 449 4648 Vultis
494 4593 653 4662 igitur
693 4592 838 4647 illum
885 4593 1202 4663 aggrediar,
1253 4594 1341 4661 qui
1386 4594 1464 4647 sic
1518 4592 1751 4661 loquitur
1778 4634 1791 4657 ,
1824 4600 1877 4647 et

264 4695 474 4755 quanta
506 4684 583 4739 rei
620 4684 748 4739 insit
785 4684 1063 4753 turpitudo
1094 4684 1419 4740 ostendam?
1459 4698 1637 4739 annon
1670 4684 1873 4738 irasce-

268 4775 404 4828 mini
430 4774 583 4831 ?lmo
610 4775 819 4830 etiamsi
861 4775 1165 4829 irascamini
1198 4818 1212 4840 ,
1248 4790 1353 4830 non
1383 4773 1606 4828 multum
1651 4774 1872 4832 curabo.

264 4864 405 4921 Nam
447 4880 539 4920 vos
577 4875 738 4921 tante
768 4866 1087 4935 insipientire
1132 4882 1289 4921 causa
1330 4866 1458 4920 estis
1484 4908 1498 4930 ,
1528 4866 1617 4933 qui
1650 4881 1760 4920 rem
1808 4882 1876 4921 ue

265 4965 547 5027 peccatum
583 4955 799 5026 quidem
843 4972 964 5011 esse
1003 4959 1201 5026 putatis
1225 5000 1240 5027 ,
1273 4972 1478 5028 nosque
1521 4956 1643 5013 ideo
1684 4958 1876 5029 cogitis

266 5048 323 5102 in
355 5046 656 5116 hujusmodi
688 5048 867 5103 luxum
903 5050 1104 5105 invehi.

343 5138 399 5192 5.
440 5139 627 5195 Contra
654 5140 830 5194 luxum
858 5142 911 5194 in
939 5140 1144 5196 calceis.
1170 5172 1238 5182 —
1264 5143 1377 5212 Age
1409 5143 1569 5213 igitur
1600 5142 1651 5197 id
1684 5143 1872 5212 explo-

264 5245 448 5286 remus
471 5272 486 5296 ,
516 5230 904 5302 videamusque
931 5242 1190 5303 quantum
1217 5235 1285 5288 sit
1311 5234 1532 5288 malum.
1564 5234 1698 5289 Cum
1730 5236 1871 5288 enim

266 5322 442 5379 serica
489 5321 575 5376 illa
602 5362 619 5387 ,
652 5326 771 5391 quae
812 5339 879 5376 ne
918 5324 972 5377 in
1015 5324 1347 5380 vestimentis
1378 5324 1593 5393 quidem
1636 5326 1873 5382 inserere

267 5416 553 5469 honestum
577 5422 683 5476 est,
711 5417 764 5467 in
790 5415 988 5469 calceis
1014 5415 1281 5480 iuscratis,
1307 5426 1502 5486 quanta
1526 5417 1869 5483 contumelia,

262 5518 464 5577 quanto
489 5507 601 5563 risu
626 5508 742 5563 hac
762 5507 919 5578 digna
940 5514 1103 5563 sunt?
1128 5509 1184 5563 Si
1208 5525 1333 5565 vero
1352 5512 1672 5565 sententiam
1697 5526 1871 5567 meam

262 5599 519 5674 despicm.
548 5601 673 5655 audi
703 5598 924 5655 Paulum
952 5618 1073 5656 cum
1099 5618 1289 5674 magna
1312 5604 1645 5659 vehementia
1671 5605 1720 5659 id
1748 5620 1873 5675 pro-

263 5694 537 5749 hibentem
567 5734 579 5756 ,
625 5704 675 5747 et
727 5702 853 5747 tunc
895 5693 1171 5748 ridiculam
1219 5710 1331 5750 rem
1378 5711 1501 5751 esse
1547 5696 1865 5762 comperics.

257 5787 394 5854 Quid
426 5804 559 5858 ergo
597 5786 672 5840 ait
711 5787 844 5841 ille?
882 5785 1002 5840 Non
1036 5788 1089 5839 in
1121 5789 1264 5842 tortis
1291 5789 1514 5843 crinibus
1535 5832 1547 5852 ,
1582 5800 1671 5842 aut
1702 5806 1825 5843 auro
1848 5833 1861 5855 ,

256 5888 348 5933 aut
370 5878 673 5952 margaritis
698 5918 712 5941 ,
745 5876 823 5929 vei
850 5887 979 5930 taste
1002 5880 1221 5945 pretiosa
1243 5878 1261 5950 (
1286 5880 1336 5933 l.
1374 5878 1508 5934 Tim.
1535 5880 1589 5935 2.
1624 5880 1658 5936 9
1755 5880 1869 5948 Qua

940 5992 1055 6047 ιῖει.
1106 5989 1317 6049 LVIII.

629 5991 865 6051 Parnm

1310 396 1377 473 ΠΝ
1415 392 1827 454 ΜΛΠΗᾹΣΕΜ
1870 391 2100 449 ιιοιιιι.
2144 391 2330 449 XLIX.
2376 393 2446 451 al.
2492 393 2552 449 L.

2024 508 2183 581 igitur
2211 507 2586 579 vcniaﬁignus
2626 505 2793 563 fuci-is
2818 548 2833 571 ,
2874 504 3092 578 quando
3120 504 3316 562 Paulus
3342 508 3497 562 uxori
3529 517 3635 562 tua:

2020 617 2127 658 non
2168 601 2427 673 permittit
2455 610 2606 658 veste
2635 598 2869 671 pretiosa
2899 598 2977 655 uti
3001 640 3017 663 ,
3056 599 3102 655 si
3134 609 3189 655 tu
3226 598 3409 655 luxum
3440 597 3632 669 hujus-

2017 696 2163 754 modi
2212 697 2267 753 in
2314 696 2527 753 calceos
2571 694 2835 763 inducas,
2886 694 3141 765 milleqne
3185 694 3358 750 modis
3399 707 3633 765 appares

2015 805 2132 846 rem
2175 789 2249 845 ita
2287 788 2735 845 contumeliosam
2765 796 2824 844 et
2852 786 3137 843 ridiculam
3157 786 3183 840 ἲ
3220 785 3354 843 Nam
3386 786 3532 842 illam
3559 786 3633 842 ob

2014 898 2235 941 causam
2263 884 2416 939 navis
2440 882 2793 949 construitur,
2824 881 3056 959 remiges
3081 880 3474 948 conducuntur,
3505 897 3632 951 pm-

2013 994 2089 1034 τω
2108 979 2301 1033 ductor
2325 984 2383 1044 et
2404 976 2733 1047 gubernator
2754 975 3128 1040 instituuntur,
3162 974 3341 1030 velum
3366 974 3630 1046 expandi-

2012 1080 2121 1139 tur,
2145 1071 2362 1142 pelagus
2384 1070 2670 1141 trajicitur,
2694 1068 2898 1126 relictis
2921 1082 3111 1134 uxore,
3137 1067 3321 1122 liberis
3340 1048 3397 1122 et
3414 1068 3588 1138 patria
3604 1109 3621 1131 ,

2011 1173 2283 1220 mercator
2319 1163 2485 1218 vitam
2530 1160 2780 1217 ﬂuctibus
2812 1160 3141 1227 committit,
3171 1160 3335 1231 inque
3372 1159 3626 1215 barbarov

2010 1273 2131 1314 rum
2161 1258 2435 1330 regionem
2467 1254 2822 1327 proﬁciscitur
2842 1294 2860 1321 ,
2886 1252 3039 1308 mille
3065 1250 3319 1322 periculis
3346 1253 3626 1324 expositus

2007 1350 2077 1407 ad
2124 1350 2241 1417 hac
2285 1349 2372 1404 lila
2409 1346 2771 1419 comparanda
2795 1386 2813 1412 ,
2845 1352 2906 1401 ut
2941 1354 3064 1415 post
3103 1344 3219 1400 haec
3243 1346 3425 1401 oinuia
3470 1354 3527 1401 tu
3569 1346 3623 1403 in

2006 1443 2205 1499 calceis
2231 1441 2321 1498 illa
2348 1455 2534 1496 assuas
2553 1449 2611 1497 et
2630 1438 2839 1495 corium
2861 1451 3046 1495 ornes.
3074 1436 3281 1509 Ecquid
3302 1446 3451 1493 tanta
3478 1437 3624 1494 insa-

2007 1534 2094 1591 nia
2122 1533 2404 1591 deterius?
2430 1533 2498 1588 At
2533 1539 2777 1587 veterum
2802 1530 2973 1586 calcei
3012 1524 3119 1586 thin
3158 1528 3293 1584 tales
3319 1538 3493 1596 erant,
3522 1529 3621 1586 sed

2003 1627 2193 1699 quales
2228 1625 2461 1682 decebat
2494 1624 2659 1680 viros.
2686 1622 3055 1692 Quamobrem
3082 1636 3293 1686 vereor,
3326 1635 3396 1677 ne
3424 1634 3619 1692 proce-

2002 1718 2167 1775 dente
2196 1726 2471 1787 tempore,
2497 1716 2871 1772 adolescentes
2898 1712 3040 1784 apud
3071 1727 3165 1768 vos
3194 1712 3484 1768 mulierum
3505 1714 3621 1769 cal—

2001 1813 2114 1869 ceis
2138 1820 2383 1878 utantur,
2406 1810 2569 1882 idque
2587 1809 2706 1866 sine
2730 1808 2957 1881 pudore.
2980 1806 3245 1881 Quodque
3269 1806 3487 1879 gravius
3511 1818 3616 1872 est,

2003 1905 2120 1962 haec
2146 1904 2393 1961 videntes
2422 1912 2604 1975 patres
2632 1918 2739 1959 non
2771 1893 3140 1973 indigna'ntur,
3173 1900 3270 1958 sed
3301 1917 3415 1959 rem
3439 1910 3500 1958 ut
3530 1902 3617 1959 in-

1999 1997 2337 2056 dill'erentem
2382 1997 2599 2054 habent.
2648 1995 2895 2052 Vultisne
2927 2006 2988 2052 ut
3016 1994 3145 2067 quid
3189 1996 3351 2052 etiam
3399 1995 3617 2068 gravius

1998 2090 2255 2146 aﬂ'eram?
2278 2088 2407 2145 Haec
2430 2089 2502 2145 ita
2528 2088 2662 2144 (lunt
2680 2088 2811 2144 dum
2836 2087 2987 2144 multi
3004 2097 3249 2160 egestate
3270 2100 3608 2160 premuntur.

1998 2182 2173 2240 Vultis
2201 2183 2255 2238 in
2284 2180 2809 2257 medium'adducam
2832 2179 3108 2237 Christum
3134 2182 3484 2248 esurientem,
3512 2198 3614 2236 nn-

1996 2274 2148 2339 dum,
2180 2273 2415 2346 undique
2440 2286 2657 2344 captum
2679 2316 2694 2334 .
2729 2273 3012 2329 vinctum?
3040 2272 3111 2328 Et
3138 2283 3269 2344 quot
3296 2273 3613 2330 fulminibus

1996 2366 2142 2437 digni
2169 2380 2276 2421 non
2302 2365 2475 2431 eritis,
2498 2364 2624 2420 dum
2649 2363 2799 2420 illum
2824 2364 3091 2435 negligitis
3117 2364 3427 2421 necessario
3448 2381 3613 2436 egen-

1997 2470 2104 2516 tem
2132 2459 2260 2515 cibo
2282 2501 2299 2527 ,
2326 2470 2384 2515 et
2419 2458 2591 2529 pelles
2619 2474 2741 2514 cum
2774 2465 2925 2513 tanto
2952 2456 3131 2513 studio
3152 2458 3474 2514 exornatis?
3516 2458 3613 2515 Ille

1994 2552 2211 2623 quidem
2241 2568 2365 2608 cum
2396 2550 2673 2621 discipulis
2714 2550 2846 2622 lege.
2877 2568 2887 2603 l
2920 2550 3113 2617 daret,
3143 2565 3213 2605 ne
3244 2550 3608 2607 calcemncnta

1992 2644 2209 2719 quidem
2251 2643 2457 2700 habere
2484 2642 2731 2714 permisit
2774 2661 2787 2697 :
2832 2656 2932 2697 nos
2956 2657 3087 2700 vero
3112 2658 3217 2698 non
3262 2642 3422 2698 modo
3450 2642 3608 2697 nudis
3664 2708 3668 2731 '

1993 2738 2221 2809 pedibus
2244 2736 2498 2793 incedere
2520 2751 2627 2792 non
2649 2735 3001 2801 sustinemus,
3030 2735 3124 2791 sed
3154 2751 3330 2807 neque
3352 2736 3609 2791 calceatis

1993 2830 2085 2885 illo
2110 2845 2219 2900 quo
2241 2839 2518 2900 oporteret
2548 2827 2729 2884 modo.
2754 2828 2892 2897 Quid
2921 2827 3023 2883 hac
3046 2827 3380 2883 absurditate
3412 2828 3563 2899 pejus
3582 2831 3607 2879 1'

1990 2924 2118 2996 quid
2167 2925 2338 2997 magis
2380 2923 2709 2979 ridiculum?
2754 2921 2887 2978 Illud
2927 2931 3079 2979 certe
3116 2921 3281 2977 animi
3308 2922 3603 2978 etl‘eminati

1991 3026 2093 3081 est,
2128 3016 2433 3083 inhumani,
2459 3016 2623 3071 nimis
2649 3014 2850 3072 curiosi
2871 3055 2887 3079 .
2917 3016 3217 3071 vanissimi.
3249 3014 3607 3083 Quandonatn

1990 3109 2187 3179 poterit
2216 3110 2535 3165 necessariae
2563 3108 2641 3164 rei
2667 3108 2979 3163 incumbere
2998 3149 3013 3174 ,
3046 3108 3136 3177 qui
3167 3108 3249 3162 his
3275 3122 3601 3178 supervaca-

1990 3201 2109 3258 neis
2147 3200 2358 3256 deditus
2396 3201 2522 3255 est?
2571 3200 2787 3271 quando
2825 3200 3041 3267 juvenis
3069 3200 3379 3271 lmjusmodi
3409 3202 3605 3258 anitum

1988 3306 2174 3347 curam
2198 3291 2438 3359 habebit,
2459 3291 2541 3348 vel
2563 3291 2819 3363 cogitabit
2840 3293 3002 3349 etiam
3025 3307 3087 3349 se
3107 3293 3342 3349 animum
3368 3293 3568 3353 habere
3579 3297 3605 3348 ἓ·

1989 3386 2120 3442 Nam
2150 3388 2473 3442 vanissimus
2496 3382 2720 3442 omnino
2750 3388 2855 3443 erit
2880 3387 2969 3459 qui
2998 3388 3115 3443 haec
3141 3388 3326 3443 mirari
3358 3389 3601 3458 compel-

1992 3481 2167 3544 letur,
2199 3490 2257 3536 et
2300 3480 2722 3536 immanissimus
2747 3524 2762 3547 ,
2795 3481 2885 3552 qui
2934 3481 3018 3536 bis
3061 3481 3299 3539 intentus
3340 3497 3604 3553 pauperes

1991 3573 2257 3645 uegligct;
2287 3574 2483 3629 virtute
2508 3588 2729 3633 vacuus.
2762 3574 2854 3645 qui
2880 3583 3049 3629 totam
3079 3574 3241 3630 vitam
3270 3575 3322 3629 in
3356 3576 3458 3630 hoc
3482 3585 3603 3630 stu-

1987 3669 2079 3723 dio
2106 3667 2385 3738 impendit.
2419 3666 2551 3722 Nam
2579 3668 2669 3739 qui
2699 3667 2912 3723 illorum
2944 3669 3330 3738 priestantiam,
3356 3668 3600 3747 colorum

1988 3758 2217 3826 ﬂorem,
2265 3758 2588 3831 liederzeque
2627 3760 2862 3830 speciem
2908 3775 2937 3815 a
2980 3761 3071 3816 tali
3105 3770 3318 3819 textura
3346 3762 3599 3816 emissam

1986 3854 2201 3908 curiose
2228 3852 2511 3923 perquirit,
2539 3851 2883 3923 quandonam
2915 3853 3117 3923 poterit
3146 3855 3335 3909 caelum
3364 3855 3602 3925 reSpicc-

1986 3947 2084 4002 re?
2113 3946 2326 4016 quando
2354 3960 2644 4018 supernam
2672 3944 2815 4001 illam
2841 3945 3299 4017 pulchritudinem
3320 3947 3603 4001 mirabitur

1986 4042 2066 4104 is,
2117 4041 2207 4111 qui
2263 4055 2465 4110 pronus
2520 4040 2572 4093 in
2623 4048 2822 4095 terram
2875 4037 3092 4110 pellium
3148 4037 3599 4107 pulchritudinem

1986 4132 2251 4189 miratur?
2280 4134 2421 4187 Deus
2446 4132 2665 4203 quidem
2695 4132 2941 4189 extendit
2970 4132 3184 4197 czelmn,
3210 4131 3381 4187 solem
3408 4148 3600 4187 accen-

1984 4226 2097 4291 dit,
2130 4226 2419 4294 oculosque
2448 4236 2569 4281 tuos
2599 4241 2813 4281 sursmn
2848 4224 3045 4291 trahit,
3088 4234 3145 4280 tu
3179 4240 3307 4279 vero
3338 4234 3390 4282 te
3422 4226 3598 4295 ipsum

1983 4319 2132 4389 cogis
2173 4333 2363 4374 versus
2405 4328 2602 4373 terram
2640 4333 2926 4388 porcorum
2967 4318 3139 4374 instar
3163 4318 3453 4387 respicere,
3484 4317 3601 4372 dia-

1974 4406 2214 4483 ‘boloque
2266 4427 2469 4465 moer
2514 4410 2682 4481 geris.
2732 4410 2862 4465 Nam
2912 4410 3028 4479 ipse
3071 4409 3339 4482 malignus
3385 4410 3596 4465 daemon

1985 4501 2122 4556 hanc
2148 4491 2531 4571 turpitudinem
2558 4502 2914 4572 excogitavit,
2940 4511 2997 4557 ut
3036 4509 3089 4556 te
3125 4501 3195 4557 ab
3235 4501 3322 4556 illa
3361 4501 3601 4572 pulchri-

1985 4594 2167 4648 tudine
2192 4603 2493 4661 averteret;
2537 4594 2658 4649 ideo
2690 4605 2741 4649 te
2779 4596 2915 4650 istuc
2945 4595 3164 4650 attraxit
3185 4636 3199 4657 .
3230 4596 3596 4666 postponitur-

1981 4702 2086 4755 que
2106 4687 2267 4752 Deus,
2286 4688 2474 4741 caelum
2495 4687 2807 4754 ostendens,
2825 4687 3040 4742 diabolo
3057 4687 3223 4758 pelles
3240 4691 3596 4756 monstranti;

1984 4777 2095 4831 imo
2120 4792 2226 4832 non
2257 4778 2447 4847 pelles,
2483 4778 2565 4833 hae
2589 4780 2788 4849 quippe
2815 4788 2943 4835 sunt
2972 4778 3065 4833 Dei
3093 4793 3265 4849 opus;
3296 4780 3394 4834 sed
3422 4781 3601 4836 molli-

1984 4871 2107 4924 tiem
2133 4871 2415 4941 quamdam
2440 4881 2493 4926 et
2517 4872 2808 4941 pessimum
2831 4871 3142 4927 artificium.
3168 4872 3260 4927 Sic
3280 4872 3599 4929 adolescens

1982 4977 2183 5031 pronus
2209 4977 2394 5018 versus
2426 4972 2623 5018 terram
2653 4964 2898 5019 circumit
2923 5006 2938 5029 ,
2966 4966 3055 5034 qui
3084 4966 3317 5019 caelestia
3351 4964 3595 5036 philoso-

1985 5054 2134 5124 phari
2163 5055 2345 5124 jussus
2374 5064 2457 5109 est
2478 5096 2492 5120 ,
2529 5056 2806 5126 magisque
2833 5056 2900 5110 de
2934 5056 3017 5110 his
3041 5057 3332 5127 gloriatur,
3361 5074 3521 5129 quam
3550 5060 3595 5112 si

1981 5145 2109 5213 quid
2147 5161 2399 5215 magnum
2430 5157 2686 5215 operatus
2721 5156 2903 5213 esset,
2936 5152 3120 5218 sicque
3152 5149 3384 5203 molliter
3412 5160 3468 5203 et
3496 5149 3595 5204 de-

1984 5240 2141 5293 licate
2167 5254 2263 5309 per
2289 5238 2459 5293 lorum
2498 5240 2698 5295 incedit
2724 5282 2737 5304 ,
2766 5257 3059 5297 mcerorem
3102 5242 3202 5297 sibi
3238 5243 3625 5313 doloremque_

1980 5334 2309 5396 concilians,
2353 5348 2420 5389 ne
2464 5334 2642 5389 hieme
2684 5336 2896 5389 ealceos
2942 5336 3056 5390 luto
3096 5336 3489 5400 commaculet,
3524 5352 3593 5391 ne.

1980 5436 2166 5482 aestate
2188 5428 2407 5496 pulvere
2432 5428 2661 5498 operiat.
2690 5428 2825 5494 Quid
2854 5428 3010 5494 dicis,
3038 5445 3071 5481 o
3100 5430 3300 5483 homo?
3327 5430 3592 5485 animam-

1981 5537 2050 5576 ne
2082 5530 2246 5576 totam
2289 5522 2340 5576 in
2382 5522 2551 5577 lutum
2584 5523 2863 5589 coniecisti
2898 5538 2993 5593 per
3026 5523 3331 5592 hujusmodi
3364 5522 3545 5579 luxum
3573 5569 3589 5590 ,

1981 5629 2106 5668 num
2152 5615 2294 5669 illam
2342 5616 2486 5669 humi
2532 5616 2835 5671 devolutam
2882 5618 3147 5691 negligis,
3193 5627 3249 5673 et
3288 5618 3355 5673 de
3395 5620 3593 5673 calceis

1981 5718 2087 5761 tam
2119 5708 2278 5763 anxie
2306 5708 2552 5780 cogitas?
2598 5709 2753 5765 Disce
2794 5725 2951 5765 usum
2988 5728 3174 5767 eorum
3202 5754 3214 5777 ,
3246 5722 3301 5767 et
3328 5712 3592 5767 erubesco

1981 5800 2121 5867 quod
2157 5800 2283 5854 tanti
2314 5800 2400 5854 illa
2432 5799 2614 5855 facias.
2661 5800 2792 5855 Nam
2823 5803 2988 5858 calcei
3035 5804 3156 5858 ideo
3194 5804 3393 5859 inventi
3422 5814 3545 5856 sunt
3574 5844 3587 5859 .

1986 5890 2041 5937 ut
2073 5883 2239 5938 lutum
2269 5892 2321 5940 et
2352 5900 2562 5940 cwumu
2592 5886 2795 5941 calcent
2827 5930 2839 5952 ,
2875 5904 2970 5942 nec
3006 5904 3108 5942 non
3138 5888 3371 5942 maculas
3398 5900 3587 5941 oumcs

3253 5994 3293 6055 3
