  <div class='ocr_page' id='page_1' title='image "/cluster/home/n/w/nwhite01/storage/ocr_20150623/58/uva.x004914844/047.png"; bbox 0 0 4170 6484; ppageno 0'>
   <div class='ocr_carea' id='block_1_1' title="bbox 561 466 665 520">
    <p class='ocr_par' dir='ltr' id='par_1_1' title="bbox 561 466 665 520">
     <span class='ocr_line' id='line_1_1' title="bbox 561 466 665 520; baseline -0.01 0"><span class='ocrx_word' id='word_1_1' title='bbox 561 466 665 520; x_wconf 72' lang='lat'><strong>505</strong></span> 
     </span>
    </p>
   </div>
   <div class='ocr_carea' id='block_1_2' title="bbox 560 545 2138 647">
    <p class='ocr_par' dir='ltr' id='par_1_2' title="bbox 560 545 2138 647">
     <span class='ocr_line' id='line_1_2' title="bbox 560 545 2138 647; baseline -0.023 -16"><span class='ocrx_word' id='word_1_2' title='bbox 560 591 676 647; x_wconf 68' lang='lat' dir='ltr'><strong>qum</strong></span> <span class='ocrx_word' id='word_1_3' title='bbox 719 573 776 629; x_wconf 86' lang='lat' dir='ltr'><strong>in</strong></span> <span class='ocrx_word' id='word_1_4' title='bbox 823 568 1121 640; x_wconf 78' lang='lat' dir='ltr'><strong>pavimento</strong></span> <span class='ocrx_word' id='word_1_5' title='bbox 1163 547 1420 615; x_wconf 69' lang='lat' dir='ltr'><strong>visuntur.</strong></span> <span class='ocrx_word' id='word_1_6' title='bbox 1467 554 1524 610; x_wconf 87' lang='lat' dir='ltr'><strong>Si</strong></span> <span class='ocrx_word' id='word_1_7' title='bbox 1565 561 1743 607; x_wconf 84' lang='lat' dir='ltr'><strong>autem</strong></span> <span class='ocrx_word' id='word_1_8' title='bbox 1777 547 1831 603; x_wconf 82' lang='lat' dir='ltr'><strong>id</strong></span> <span class='ocrx_word' id='word_1_9' title='bbox 1863 545 2000 600; x_wconf 79' lang='lat' dir='ltr'><strong>ferre</strong></span> <span class='ocrx_word' id='word_1_10' title='bbox 2031 557 2138 596; x_wconf 91' lang='lat' dir='ltr'><strong>non</strong></span> 
     </span>
    </p>
   </div>
   <div class='ocr_carea' id='block_1_3' title="bbox 566 634 2141 736">
    <p class='ocr_par' dir='ltr' id='par_1_3' title="bbox 566 634 2141 736">
     <span class='ocr_line' id='line_1_3' title="bbox 566 634 2141 736; baseline -0.021 -14"><span class='ocrx_word' id='word_1_11' title='bbox 566 634 714 736; x_wconf 47' lang='lat' dir='ltr'><strong>[hstes</strong></span> <span class='ocrx_word' id='word_1_12' title='bbox 738 705 753 729; x_wconf 86' lang='lat'><strong>,</strong></span> <span class='ocrx_word' id='word_1_13' title='bbox 783 634 930 717; x_wconf 81' lang='lat' dir='ltr'><strong>solve</strong></span> <span class='ocrx_word' id='word_1_14' title='bbox 957 657 1079 711; x_wconf 87' lang='lat' dir='ltr'><strong>illos</strong></span> <span class='ocrx_word' id='word_1_15' title='bbox 1107 663 1158 709; x_wconf 90' lang='lat' dir='ltr'><strong>et</strong></span> <span class='ocrx_word' id='word_1_16' title='bbox 1186 668 1215 706; x_wconf 89' lang='lat' dir='ltr'><strong>a</strong></span> <span class='ocrx_word' id='word_1_17' title='bbox 1244 651 1381 706; x_wconf 92' lang='lat' dir='ltr'><strong>collo</strong></span> <span class='ocrx_word' id='word_1_18' title='bbox 1408 644 1674 717; x_wconf 83' lang='lat' dir='ltr'><strong>suspende</strong></span> <span class='ocrx_word' id='word_1_19' title='bbox 1696 683 1712 711; x_wconf 91' lang='lat'><strong>,</strong></span> <span class='ocrx_word' id='word_1_20' title='bbox 1735 641 1822 696; x_wconf 86' lang='lat' dir='ltr'><strong>vel</strong></span> <span class='ocrx_word' id='word_1_21' title='bbox 1848 637 2004 708; x_wconf 94' lang='lat' dir='ltr'><strong>capiti</strong></span> <span class='ocrx_word' id='word_1_22' title='bbox 2033 634 2141 692; x_wconf 86' lang='lat' dir='ltr'><strong>cir-</strong></span> 
     </span>
    </p>
   </div>
   <div class='ocr_carea' id='block_1_4' title="bbox 564 768 843 825">
    <p class='ocr_par' dir='ltr' id='par_1_4' title="bbox 564 768 843 825">
     <span class='ocr_line' id='line_1_4' title="bbox 564 768 843 825; baseline -0.025 -13"><span class='ocrx_word' id='word_1_23' title='bbox 564 768 843 825; x_wconf 74' lang='lat' dir='ltr'><strong>compone.</strong></span> 
     </span>
    </p>
   </div>
   <div class='ocr_carea' id='block_1_5' title="bbox 632 831 2141 913">
    <p class='ocr_par' dir='ltr' id='par_1_5' title="bbox 632 831 2141 913">
     <span class='ocr_line' id='line_1_5' title="bbox 632 831 2141 913; baseline -0.021 -9"><span class='ocrx_word' id='word_1_24' title='bbox 632 848 685 904; x_wconf 85' lang='lat'><strong>6.</strong></span> <span class='ocrx_word' id='word_1_25' title='bbox 729 845 834 900; x_wconf 80' lang='lat' dir='ltr'><strong>Vos</strong></span> <span class='ocrx_word' id='word_1_26' title='bbox 858 842 1070 913; x_wconf 83' lang='lat' dir='ltr'><strong>quidem</strong></span> <span class='ocrx_word' id='word_1_27' title='bbox 1095 837 1283 894; x_wconf 85' lang='lat' dir='ltr'><strong>ridetis</strong></span> <span class='ocrx_word' id='word_1_28' title='bbox 1317 840 1430 889; x_wconf 79' lang='lat' dir='ltr'><strong>haec</strong></span> <span class='ocrx_word' id='word_1_29' title='bbox 1457 831 1766 892; x_wconf 65' lang='lat' dir='ltr'><strong>audientes;</strong></span> <span class='ocrx_word' id='word_1_30' title='bbox 1814 837 1913 894; x_wconf 90' lang='lat' dir='ltr'><strong>ego</strong></span> <span class='ocrx_word' id='word_1_31' title='bbox 1936 836 2063 913; x_wconf 89' lang='lat' dir='ltr'><strong>vero</strong></span> <span class='ocrx_word' id='word_1_32' title='bbox 2088 835 2141 873; x_wconf 85' lang='lat' dir='ltr'><strong>tn</strong></span> 
     </span>
    </p>
   </div>
   <div class='ocr_carea' id='block_1_6' title="bbox 563 912 2142 1009">
    <p class='ocr_par' dir='ltr' id='par_1_6' title="bbox 563 912 2142 1009">
     <span class='ocr_line' id='line_1_6' title="bbox 563 912 2142 1009; baseline -0.019 -14"><span class='ocrx_word' id='word_1_33' title='bbox 563 941 822 1009; x_wconf 86' lang='lat' dir='ltr'><strong>lacrymas</strong></span> <span class='ocrx_word' id='word_1_34' title='bbox 845 912 1070 1005; x_wconf 77' lang='lat' dir='ltr'><strong>erumpe</strong></span> <span class='ocrx_word' id='word_1_35' title='bbox 1097 932 1280 986; x_wconf 88' lang='lat' dir='ltr'><strong>videns</strong></span> <span class='ocrx_word' id='word_1_36' title='bbox 1317 928 1535 983; x_wconf 78' lang='lat' dir='ltr'><strong>illorum</strong></span> <span class='ocrx_word' id='word_1_37' title='bbox 1557 919 1816 977; x_wconf 81' lang='lat' dir='ltr'><strong>insaniam</strong></span> <span class='ocrx_word' id='word_1_38' title='bbox 1839 960 1854 985; x_wconf 93' lang='lat'><strong>,</strong></span> <span class='ocrx_word' id='word_1_39' title='bbox 1883 925 1938 971; x_wconf 89' lang='lat' dir='ltr'><strong>et</strong></span> <span class='ocrx_word' id='word_1_40' title='bbox 1964 912 2142 983; x_wconf 84' lang='lat' dir='ltr'><strong>hujus-</strong></span> 
     </span>
    </p>
   </div>
   <div class='ocr_carea' id='block_1_7' title="bbox 565 1013 2145 1093">
    <p class='ocr_par' dir='ltr' id='par_1_7' title="bbox 565 1013 2145 1093">
     <span class='ocr_line' id='line_1_7' title="bbox 565 1013 2145 1093; baseline -0.016 -8"><span class='ocrx_word' id='word_1_41' title='bbox 565 1030 708 1086; x_wconf 89' lang='lat' dir='ltr'><strong>modi</strong></span> <span class='ocrx_word' id='word_1_42' title='bbox 733 1043 939 1085; x_wconf 87' lang='lat' dir='ltr'><strong>curam.</strong></span> <span class='ocrx_word' id='word_1_43' title='bbox 963 1025 1095 1082; x_wconf 85' lang='lat' dir='ltr'><strong>Nam</strong></span> <span class='ocrx_word' id='word_1_44' title='bbox 1122 1020 1370 1078; x_wconf 90' lang='lat' dir='ltr'><strong>libentius</strong></span> <span class='ocrx_word' id='word_1_45' title='bbox 1397 1019 1471 1072; x_wconf 92' lang='lat' dir='ltr'><strong>illi</strong></span> <span class='ocrx_word' id='word_1_46' title='bbox 1497 1028 1692 1093; x_wconf 85' lang='lat' dir='ltr'><strong>corpus</strong></span> <span class='ocrx_word' id='word_1_47' title='bbox 1713 1013 1825 1067; x_wconf 91' lang='lat' dir='ltr'><strong>luto</strong></span> <span class='ocrx_word' id='word_1_48' title='bbox 1846 1021 2145 1064; x_wconf 85' lang='lat' dir='ltr'><strong>commacu-</strong></span> 
     </span>
    </p>
   </div>
   <div class='ocr_carea' id='block_1_8' title="bbox 565 1100 2147 1193">
    <p class='ocr_par' dir='ltr' id='par_1_8' title="bbox 565 1100 2147 1193">
     <span class='ocr_line' id='line_1_8' title="bbox 565 1100 2147 1193; baseline -0.017 -14"><span class='ocrx_word' id='word_1_49' title='bbox 565 1126 734 1180; x_wconf 84' lang='lat' dir='ltr'><strong>larent</strong></span> <span class='ocrx_word' id='word_1_50' title='bbox 758 1165 773 1187; x_wconf 89' lang='lat'><strong>,</strong></span> <span class='ocrx_word' id='word_1_51' title='bbox 801 1138 958 1193; x_wconf 88' lang='lat' dir='ltr'><strong>quam</strong></span> <span class='ocrx_word' id='word_1_52' title='bbox 987 1115 1286 1188; x_wconf 73' lang='lat' dir='ltr'><strong>huiusmodi</strong></span> <span class='ocrx_word' id='word_1_53' title='bbox 1317 1114 1544 1168; x_wconf 75' lang='lat' dir='ltr'><strong>calceos.</strong></span> <span class='ocrx_word' id='word_1_54' title='bbox 1595 1108 1729 1163; x_wconf 85' lang='lat' dir='ltr'><strong>Hinc</strong></span> <span class='ocrx_word' id='word_1_55' title='bbox 1759 1105 1836 1160; x_wconf 84' lang='lat' dir='ltr'><strong>illi</strong></span> <span class='ocrx_word' id='word_1_56' title='bbox 1867 1100 2147 1193; x_wconf 69' lang='lat' dir='ltr'><strong>levissimis</strong></span> 
     </span>
    </p>
   </div>
   <div class='ocr_carea' id='block_1_9' title="bbox 563 1192 2146 1284">
    <p class='ocr_par' dir='ltr' id='par_1_9' title="bbox 563 1192 2146 1284">
     <span class='ocr_line' id='line_1_9' title="bbox 563 1192 2146 1284; baseline -0.018 -12"><span class='ocrx_word' id='word_1_57' title='bbox 563 1217 726 1272; x_wconf 90' lang='lat' dir='ltr'><strong>dediti</strong></span> <span class='ocrx_word' id='word_1_58' title='bbox 771 1192 938 1278; x_wconf 85' lang='lat' dir='ltr'><strong>tiunt,</strong></span> <span class='ocrx_word' id='word_1_59' title='bbox 971 1221 1130 1284; x_wconf 76' lang='lat' dir='ltr'><strong>atque</strong></span> <span class='ocrx_word' id='word_1_60' title='bbox 1167 1209 1264 1262; x_wconf 88' lang='lat' dir='ltr'><strong>alia</strong></span> <span class='ocrx_word' id='word_1_61' title='bbox 1298 1207 1502 1262; x_wconf 88' lang='lat' dir='ltr'><strong>ratione</strong></span> <span class='ocrx_word' id='word_1_62' title='bbox 1534 1200 1772 1272; x_wconf 74' lang='lat' dir='ltr'><strong>pecunia:</strong></span> <span class='ocrx_word' id='word_1_63' title='bbox 1810 1195 1971 1251; x_wconf 85' lang='lat' dir='ltr'><strong>avidi.</strong></span> <span class='ocrx_word' id='word_1_64' title='bbox 2016 1192 2146 1246; x_wconf 83' lang='lat' dir='ltr'><strong>Nam</strong></span> 
     </span>
    </p>
   </div>
   <div class='ocr_carea' id='block_1_10' title="bbox 565 1286 2149 1380">
    <p class='ocr_par' dir='ltr' id='par_1_10' title="bbox 565 1286 2149 1380">
     <span class='ocr_line' id='line_1_10' title="bbox 565 1286 2149 1380; baseline -0.018 -15"><span class='ocrx_word' id='word_1_65' title='bbox 565 1310 656 1380; x_wconf 90' lang='lat' dir='ltr'><strong>qui</strong></span> <span class='ocrx_word' id='word_1_66' title='bbox 688 1311 740 1363; x_wconf 93' lang='lat' dir='ltr'><strong>in</strong></span> <span class='ocrx_word' id='word_1_67' title='bbox 769 1308 884 1363; x_wconf 73' lang='lat' dir='ltr'><strong>lucc</strong></span> <span class='ocrx_word' id='word_1_68' title='bbox 918 1309 1104 1360; x_wconf 84' lang='lat' dir='ltr'><strong>insano</strong></span> <span class='ocrx_word' id='word_1_69' title='bbox 1129 1300 1304 1357; x_wconf 90' lang='lat' dir='ltr'><strong>studio</strong></span> <span class='ocrx_word' id='word_1_70' title='bbox 1332 1299 1457 1354; x_wconf 80' lang='lat' dir='ltr'><strong>ferri</strong></span> <span class='ocrx_word' id='word_1_71' title='bbox 1487 1295 1681 1351; x_wconf 91' lang='lat' dir='ltr'><strong>assueti</strong></span> <span class='ocrx_word' id='word_1_72' title='bbox 1707 1301 1832 1347; x_wconf 90' lang='lat' dir='ltr'><strong>sunt</strong></span> <span class='ocrx_word' id='word_1_73' title='bbox 1855 1331 1869 1354; x_wconf 96' lang='lat'><strong>,</strong></span> <span class='ocrx_word' id='word_1_74' title='bbox 1903 1289 1955 1342; x_wconf 89' lang='lat' dir='ltr'><strong>in</strong></span> <span class='ocrx_word' id='word_1_75' title='bbox 1984 1286 2149 1341; x_wconf 88' lang='lat' dir='ltr'><strong>vesti-</strong></span> 
     </span>
    </p>
   </div>
   <div class='ocr_carea' id='block_1_11' title="bbox 567 1377 2152 1466">
    <p class='ocr_par' dir='ltr' id='par_1_11' title="bbox 567 1377 2152 1466">
     <span class='ocr_line' id='line_1_11' title="bbox 567 1377 2152 1466; baseline -0.016 -12"><span class='ocrx_word' id='word_1_76' title='bbox 567 1377 669 1455; x_wconf 67' lang='lat' dir='ltr'><strong>lius</strong></span> <span class='ocrx_word' id='word_1_77' title='bbox 694 1400 745 1453; x_wconf 90' lang='lat' dir='ltr'><strong>in</strong></span> <span class='ocrx_word' id='word_1_78' title='bbox 770 1398 993 1466; x_wconf 85' lang='lat' dir='ltr'><strong>aliisque</strong></span> <span class='ocrx_word' id='word_1_79' title='bbox 1013 1393 1259 1449; x_wconf 86' lang='lat' dir='ltr'><strong>omnibus</strong></span> <span class='ocrx_word' id='word_1_80' title='bbox 1279 1391 1445 1445; x_wconf 88' lang='lat' dir='ltr'><strong>multa</strong></span> <span class='ocrx_word' id='word_1_81' title='bbox 1471 1389 1740 1442; x_wconf 89' lang='lat' dir='ltr'><strong>insumant</strong></span> <span class='ocrx_word' id='word_1_82' title='bbox 1763 1392 1818 1437; x_wconf 90' lang='lat' dir='ltr'><strong>et</strong></span> <span class='ocrx_word' id='word_1_83' title='bbox 1844 1377 2152 1450; x_wconf 83' lang='lat' dir='ltr'><strong>impendant</strong></span> 
     </span>
    </p>
   </div>
   <div class='ocr_carea' id='block_1_12' title="bbox 571 1474 2152 1562">
    <p class='ocr_par' dir='ltr' id='par_1_12' title="bbox 571 1474 2152 1562">
     <span class='ocr_line' id='line_1_12' title="bbox 571 1474 2152 1562; baseline -0.017 -15"><span class='ocrx_word' id='word_1_84' title='bbox 571 1499 799 1562; x_wconf 84' lang='lat' dir='ltr'><strong>oportet.</strong></span> <span class='ocrx_word' id='word_1_85' title='bbox 843 1488 945 1556; x_wconf 85' lang='lat' dir='ltr'><strong>Qui</strong></span> <span class='ocrx_word' id='word_1_86' title='bbox 988 1487 1032 1542; x_wconf 90' lang='lat' dir='ltr'><strong>si</strong></span> <span class='ocrx_word' id='word_1_87' title='bbox 1076 1485 1413 1559; x_wconf 70' lang='lat' dir='ltr'><strong>ambitiosum</strong></span> <span class='ocrx_word' id='word_1_88' title='bbox 1442 1487 1644 1550; x_wconf 82' lang='lat' dir='ltr'><strong>patrem</strong></span> <span class='ocrx_word' id='word_1_89' title='bbox 1673 1474 1902 1535; x_wconf 85' lang='lat' dir='ltr'><strong>habeat,</strong></span> <span class='ocrx_word' id='word_1_90' title='bbox 1930 1476 2152 1540; x_wconf 75' lang='lat' dir='ltr'><strong>augetur</strong></span> 
     </span>
    </p>
   </div>
   <div class='ocr_carea' id='block_1_13' title="bbox 569 1563 2154 1653">
    <p class='ocr_par' dir='ltr' id='par_1_13' title="bbox 569 1563 2154 1653">
     <span class='ocr_line' id='line_1_13' title="bbox 569 1563 2154 1653; baseline -0.014 -15"><span class='ocrx_word' id='word_1_91' title='bbox 569 1584 685 1653; x_wconf 80' lang='lat' dir='ltr'><strong>ejus</strong></span> <span class='ocrx_word' id='word_1_92' title='bbox 711 1582 938 1637; x_wconf 84' lang='lat' dir='ltr'><strong>absurda</strong></span> <span class='ocrx_word' id='word_1_93' title='bbox 966 1579 1259 1650; x_wconf 86' lang='lat' dir='ltr'><strong>cupiditas;</strong></span> <span class='ocrx_word' id='word_1_94' title='bbox 1292 1578 1336 1631; x_wconf 87' lang='lat' dir='ltr'><strong>si</strong></span> <span class='ocrx_word' id='word_1_95' title='bbox 1363 1588 1601 1637; x_wconf 78' lang='lat' dir='ltr'><strong>avarum,</strong></span> <span class='ocrx_word' id='word_1_96' title='bbox 1631 1570 1837 1640; x_wconf 89' lang='lat' dir='ltr'><strong>cogitur</strong></span> <span class='ocrx_word' id='word_1_97' title='bbox 1860 1567 1960 1621; x_wconf 83' lang='lat' dir='ltr'><strong>alia</strong></span> <span class='ocrx_word' id='word_1_98' title='bbox 1985 1563 2154 1633; x_wconf 85' lang='lat' dir='ltr'><strong>turpi-</strong></span> 
     </span>
    </p>
   </div>
   <div class='ocr_carea' id='block_1_14' title="bbox 574 1659 2150 1744">
    <p class='ocr_par' dir='ltr' id='par_1_14' title="bbox 574 1659 2150 1744">
     <span class='ocr_line' id='line_1_14' title="bbox 574 1659 2150 1744; baseline -0.011 -16"><span class='ocrx_word' id='word_1_99' title='bbox 574 1685 657 1730; x_wconf 91' lang='lat' dir='ltr'><strong>ter</strong></span> <span class='ocrx_word' id='word_1_100' title='bbox 700 1672 948 1744; x_wconf 77' lang='lat' dir='ltr'><strong>aggredi,</strong></span> <span class='ocrx_word' id='word_1_101' title='bbox 982 1680 1039 1726; x_wconf 92' lang='lat' dir='ltr'><strong>ut</strong></span> <span class='ocrx_word' id='word_1_102' title='bbox 1079 1686 1263 1725; x_wconf 88' lang='lat' dir='ltr'><strong>aurum</strong></span> <span class='ocrx_word' id='word_1_103' title='bbox 1305 1668 1369 1723; x_wconf 87' lang='lat' dir='ltr'><strong>ad</strong></span> <span class='ocrx_word' id='word_1_104' title='bbox 1417 1667 1554 1720; x_wconf 89' lang='lat' dir='ltr'><strong>hunc</strong></span> <span class='ocrx_word' id='word_1_105' title='bbox 1592 1672 1856 1732; x_wconf 88' lang='lat' dir='ltr'><strong>sumptum</strong></span> <span class='ocrx_word' id='word_1_106' title='bbox 1887 1659 2150 1716; x_wconf 87' lang='lat' dir='ltr'><strong>corradat.</strong></span> 
     </span>
    </p>
   </div>
   <div class='ocr_carea' id='block_1_15' title="bbox 572 1753 2155 1834">
    <p class='ocr_par' dir='ltr' id='par_1_15' title="bbox 572 1753 2155 1834">
     <span class='ocr_line' id='line_1_15' title="bbox 572 1753 2155 1834; baseline -0.01 -13"><span class='ocrx_word' id='word_1_107' title='bbox 572 1767 705 1822; x_wconf 86' lang='lat' dir='ltr'><strong>Hinc</strong></span> <span class='ocrx_word' id='word_1_108' title='bbox 733 1767 882 1820; x_wconf 90' lang='lat' dir='ltr'><strong>multi</strong></span> <span class='ocrx_word' id='word_1_109' title='bbox 908 1765 1150 1834; x_wconf 80' lang='lat' dir='ltr'><strong>juvenes,</strong></span> <span class='ocrx_word' id='word_1_110' title='bbox 1185 1771 1236 1816; x_wconf 91' lang='lat' dir='ltr'><strong>et</strong></span> <span class='ocrx_word' id='word_1_111' title='bbox 1265 1761 1484 1815; x_wconf 79' lang='lat' dir='ltr'><strong>formam</strong></span> <span class='ocrx_word' id='word_1_112' title='bbox 1516 1772 1663 1811; x_wconf 91' lang='lat' dir='ltr'><strong>suam</strong></span> <span class='ocrx_word' id='word_1_113' title='bbox 1691 1753 2074 1815; x_wconf 85' lang='lat' dir='ltr'><strong>vendiderunt,</strong></span> <span class='ocrx_word' id='word_1_114' title='bbox 2102 1762 2155 1806; x_wconf 91' lang='lat' dir='ltr'><strong>et</strong></span> 
     </span>
    </p>
   </div>
   <div class='ocr_carea' id='block_1_16' title="bbox 573 1844 2156 1927">
    <p class='ocr_par' dir='ltr' id='par_1_16' title="bbox 573 1844 2156 1927">
     <span class='ocr_line' id='line_1_16' title="bbox 573 1844 2156 1927; baseline -0.008 -18"><span class='ocrx_word' id='word_1_115' title='bbox 573 1858 787 1927; x_wconf 81' lang='lat' dir='ltr'><strong>parasiti</strong></span> <span class='ocrx_word' id='word_1_116' title='bbox 814 1856 1033 1911; x_wconf 79' lang='lat' dir='ltr'><strong>divitum</strong></span> <span class='ocrx_word' id='word_1_117' title='bbox 1076 1853 1247 1909; x_wconf 78' lang='lat' dir='ltr'><strong>effecti</strong></span> <span class='ocrx_word' id='word_1_118' title='bbox 1281 1861 1438 1915; x_wconf 90' lang='lat' dir='ltr'><strong>sunt,</strong></span> <span class='ocrx_word' id='word_1_119' title='bbox 1471 1851 1677 1918; x_wconf 90' lang='lat' dir='ltr'><strong>aliaque</strong></span> <span class='ocrx_word' id='word_1_120' title='bbox 1708 1846 1920 1902; x_wconf 81' lang='lat' dir='ltr'><strong>servilia</strong></span> <span class='ocrx_word' id='word_1_121' title='bbox 1947 1844 2156 1899; x_wconf 90' lang='lat' dir='ltr'><strong>subiere</strong></span> 
     </span>
    </p>
   </div>
   <div class='ocr_carea' id='block_1_17' title="bbox 574 1937 2157 2014">
    <p class='ocr_par' dir='ltr' id='par_1_17' title="bbox 574 1937 2157 2014">
     <span class='ocr_line' id='line_1_17' title="bbox 574 1937 2157 2014; baseline -0.011 -9"><span class='ocrx_word' id='word_1_122' title='bbox 574 1951 865 2005; x_wconf 84' lang='lat' dir='ltr'><strong>ministeria</strong></span> <span class='ocrx_word' id='word_1_123' title='bbox 892 1992 906 2014; x_wconf 95' lang='lat'><strong>,</strong></span> <span class='ocrx_word' id='word_1_124' title='bbox 953 1958 1010 2002; x_wconf 92' lang='lat' dir='ltr'><strong>ut</strong></span> <span class='ocrx_word' id='word_1_125' title='bbox 1051 1948 1138 2002; x_wconf 87' lang='lat' dir='ltr'><strong>his</strong></span> <span class='ocrx_word' id='word_1_126' title='bbox 1185 1947 1486 2001; x_wconf 76' lang='lat' dir='ltr'><strong>facultatem</strong></span> <span class='ocrx_word' id='word_1_127' title='bbox 1536 1940 1812 2012; x_wconf 74' lang='lat' dir='ltr'><strong>explenda:</strong></span> <span class='ocrx_word' id='word_1_128' title='bbox 1855 1937 2157 2008; x_wconf 77' lang='lat' dir='ltr'><strong>cupiditatis</strong></span> 
     </span>
    </p>
   </div>
   <div class='ocr_carea' id='block_1_18' title="bbox 574 2033 2158 2109">
    <p class='ocr_par' dir='ltr' id='par_1_18' title="bbox 574 2033 2158 2109">
     <span class='ocr_line' id='line_1_18' title="bbox 574 2033 2158 2109; baseline -0.008 -13"><span class='ocrx_word' id='word_1_129' title='bbox 574 2051 835 2098; x_wconf 76' lang='lat' dir='ltr'><strong>mterent.</strong></span> <span class='ocrx_word' id='word_1_130' title='bbox 875 2040 1026 2107; x_wconf 84' lang='lat' dir='ltr'><strong>Quod</strong></span> <span class='ocrx_word' id='word_1_131' title='bbox 1057 2041 1217 2109; x_wconf 85' lang='lat' dir='ltr'><strong>igitur</strong></span> <span class='ocrx_word' id='word_1_132' title='bbox 1247 2038 1335 2094; x_wconf 91' lang='lat' dir='ltr'><strong>hic</strong></span> <span class='ocrx_word' id='word_1_133' title='bbox 1375 2035 1610 2107; x_wconf 68' lang='lat' dir='ltr'><strong>pecuina:</strong></span> <span class='ocrx_word' id='word_1_134' title='bbox 1638 2050 1821 2088; x_wconf 85' lang='lat' dir='ltr'><strong>amans</strong></span> <span class='ocrx_word' id='word_1_135' title='bbox 1861 2033 2064 2087; x_wconf 79' lang='lat' dir='ltr'><strong>futurus</strong></span> <span class='ocrx_word' id='word_1_136' title='bbox 2089 2033 2158 2085; x_wconf 85' lang='lat' dir='ltr'><strong>sit</strong></span> 
     </span>
    </p>
   </div>
   <div class='ocr_carea' id='block_1_19' title="bbox 579 2127 2156 2202">
    <p class='ocr_par' dir='ltr' id='par_1_19' title="bbox 579 2127 2156 2202">
     <span class='ocr_line' id='line_1_19' title="bbox 579 2127 2156 2202; baseline -0.008 -13"><span class='ocrx_word' id='word_1_137' title='bbox 579 2145 632 2189; x_wconf 91' lang='lat' dir='ltr'><strong>et</strong></span> <span class='ocrx_word' id='word_1_138' title='bbox 675 2134 973 2189; x_wconf 87' lang='lat' dir='ltr'><strong>levissimus</strong></span> <span class='ocrx_word' id='word_1_139' title='bbox 1014 2144 1171 2202; x_wconf 87' lang='lat' dir='ltr'><strong>atque</strong></span> <span class='ocrx_word' id='word_1_140' title='bbox 1213 2131 1278 2184; x_wconf 91' lang='lat' dir='ltr'><strong>ad</strong></span> <span class='ocrx_word' id='word_1_141' title='bbox 1330 2128 1626 2184; x_wconf 88' lang='lat' dir='ltr'><strong>necessaria</strong></span> <span class='ocrx_word' id='word_1_142' title='bbox 1675 2127 1895 2181; x_wconf 84' lang='lat' dir='ltr'><strong>omnino</strong></span> <span class='ocrx_word' id='word_1_143' title='bbox 1936 2139 2156 2187; x_wconf 86' lang='lat' dir='ltr'><strong>socors;</strong></span> 
     </span>
    </p>
   </div>
   <div class='ocr_carea' id='block_1_20' title="bbox 581 2221 2161 2298">
    <p class='ocr_par' dir='ltr' id='par_1_20' title="bbox 581 2221 2161 2298">
     <span class='ocr_line' id='line_1_20' title="bbox 581 2221 2161 2298; baseline -0.006 -18"><span class='ocrx_word' id='word_1_144' title='bbox 581 2227 807 2298; x_wconf 81' lang='lat' dir='ltr'><strong>hincque</strong></span> <span class='ocrx_word' id='word_1_145' title='bbox 840 2226 1068 2280; x_wconf 79' lang='lat' dir='ltr'><strong>futurum</strong></span> <span class='ocrx_word' id='word_1_146' title='bbox 1106 2225 1176 2279; x_wconf 86' lang='lat' dir='ltr'><strong>sit</strong></span> <span class='ocrx_word' id='word_1_147' title='bbox 1214 2232 1270 2277; x_wconf 89' lang='lat' dir='ltr'><strong>ut</strong></span> <span class='ocrx_word' id='word_1_148' title='bbox 1305 2223 1408 2278; x_wconf 88' lang='lat' dir='ltr'><strong>alia</strong></span> <span class='ocrx_word' id='word_1_149' title='bbox 1450 2221 1729 2276; x_wconf 75' lang='lat' dir='ltr'><strong>admittere</strong></span> <span class='ocrx_word' id='word_1_150' title='bbox 1759 2227 1970 2290; x_wconf 87' lang='lat' dir='ltr'><strong>peccata</strong></span> <span class='ocrx_word' id='word_1_151' title='bbox 2005 2232 2161 2287; x_wconf 82' lang='lat' dir='ltr'><strong>coga-</strong></span> 
     </span>
    </p>
   </div>
   <div class='ocr_carea' id='block_1_21' title="bbox 579 2311 2162 2384">
    <p class='ocr_par' dir='ltr' id='par_1_21' title="bbox 579 2311 2162 2384">
     <span class='ocr_line' id='line_1_21' title="bbox 579 2311 2162 2384; baseline -0.005 -12"><span class='ocrx_word' id='word_1_152' title='bbox 579 2328 685 2382; x_wconf 91' lang='lat' dir='ltr'><strong>tur,</strong></span> <span class='ocrx_word' id='word_1_153' title='bbox 716 2333 779 2372; x_wconf 81' lang='lat' dir='ltr'><strong>ex</strong></span> <span class='ocrx_word' id='word_1_154' title='bbox 810 2316 968 2372; x_wconf 91' lang='lat' dir='ltr'><strong>dictis</strong></span> <span class='ocrx_word' id='word_1_155' title='bbox 997 2314 1332 2372; x_wconf 82' lang='lat' dir='ltr'><strong>manifesmm</strong></span> <span class='ocrx_word' id='word_1_156' title='bbox 1361 2324 1442 2369; x_wconf 87' lang='lat' dir='ltr'><strong>est</strong></span> <span class='ocrx_word' id='word_1_157' title='bbox 1474 2331 1486 2368; x_wconf 95' lang='lat'>:</span> <span class='ocrx_word' id='word_1_158' title='bbox 1516 2314 1656 2384; x_wconf 87' lang='lat' dir='ltr'><strong>quod</strong></span> <span class='ocrx_word' id='word_1_159' title='bbox 1687 2313 1812 2368; x_wconf 87' lang='lat' dir='ltr'><strong>item</strong></span> <span class='ocrx_word' id='word_1_160' title='bbox 1837 2311 2162 2367; x_wconf 74' lang='lat' dir='ltr'><strong>inhumanus</strong></span> 
     </span>
    </p>
   </div>
   <div class='ocr_carea' id='block_1_22' title="bbox 581 2404 2160 2478">
    <p class='ocr_par' dir='ltr' id='par_1_22' title="bbox 581 2404 2160 2478">
     <span class='ocr_line' id='line_1_22' title="bbox 581 2404 2160 2478; baseline -0.007 -12"><span class='ocrx_word' id='word_1_161' title='bbox 581 2412 652 2466; x_wconf 90' lang='lat' dir='ltr'><strong>sit</strong></span> <span class='ocrx_word' id='word_1_162' title='bbox 676 2411 880 2466; x_wconf 80' lang='lat' dir='ltr'><strong>laturus</strong></span> <span class='ocrx_word' id='word_1_163' title='bbox 906 2420 959 2466; x_wconf 89' lang='lat' dir='ltr'><strong>et</strong></span> <span class='ocrx_word' id='word_1_164' title='bbox 983 2425 1132 2464; x_wconf 73' lang='lat' dir='ltr'><strong>vana:</strong></span> <span class='ocrx_word' id='word_1_165' title='bbox 1153 2409 1336 2478; x_wconf 68' lang='lat' dir='ltr'><strong>gloria:</strong></span> <span class='ocrx_word' id='word_1_166' title='bbox 1360 2407 1612 2477; x_wconf 87' lang='lat' dir='ltr'><strong>cupidus,</strong></span> <span class='ocrx_word' id='word_1_167' title='bbox 1640 2420 1799 2460; x_wconf 90' lang='lat' dir='ltr'><strong>nemo</strong></span> <span class='ocrx_word' id='word_1_168' title='bbox 1825 2404 2030 2459; x_wconf 75' lang='lat' dir='ltr'><strong>inficias</strong></span> <span class='ocrx_word' id='word_1_169' title='bbox 2055 2413 2160 2459; x_wconf 87' lang='lat' dir='ltr'><strong>eat.</strong></span> 
     </span>
    </p>
   </div>
   <div class='ocr_carea' id='block_1_23' title="bbox 583 2497 2163 2570">
    <p class='ocr_par' dir='ltr' id='par_1_23' title="bbox 583 2497 2163 2570">
     <span class='ocr_line' id='line_1_23' title="bbox 583 2497 2163 2570; baseline -0.006 -12"><span class='ocrx_word' id='word_1_170' title='bbox 583 2504 907 2558; x_wconf 89' lang='lat' dir='ltr'><strong>lnhumanus</strong></span> <span class='ocrx_word' id='word_1_171' title='bbox 950 2518 1106 2566; x_wconf 91' lang='lat' dir='ltr'><strong>cum,</strong></span> <span class='ocrx_word' id='word_1_172' title='bbox 1148 2501 1261 2556; x_wconf 88' lang='lat' dir='ltr'><strong>viso</strong></span> <span class='ocrx_word' id='word_1_173' title='bbox 1303 2514 1568 2570; x_wconf 85' lang='lat' dir='ltr'><strong>paupere,</strong></span> <span class='ocrx_word' id='word_1_174' title='bbox 1609 2512 1790 2552; x_wconf 88' lang='lat' dir='ltr'><strong>amore</strong></span> <span class='ocrx_word' id='word_1_175' title='bbox 1820 2504 2046 2551; x_wconf 79' lang='lat' dir='ltr'><strong>ornatus</strong></span> <span class='ocrx_word' id='word_1_176' title='bbox 2083 2497 2163 2551; x_wconf 90' lang='lat' dir='ltr'><strong>sui</strong></span> 
     </span>
    </p>
   </div>
   <div class='ocr_carea' id='block_1_24' title="bbox 585 2586 2167 2662">
    <p class='ocr_par' dir='ltr' id='par_1_24' title="bbox 585 2586 2167 2662">
     <span class='ocr_line' id='line_1_24' title="bbox 585 2586 2167 2662; baseline -0.006 -14"><span class='ocrx_word' id='word_1_177' title='bbox 585 2596 786 2658; x_wconf 86' lang='lat' dir='ltr'><strong>ductus,</strong></span> <span class='ocrx_word' id='word_1_178' title='bbox 815 2610 881 2648; x_wconf 91' lang='lat' dir='ltr'><strong>ne</strong></span> <span class='ocrx_word' id='word_1_179' title='bbox 907 2593 1172 2662; x_wconf 83' lang='lat' dir='ltr'><strong>respicere</strong></span> <span class='ocrx_word' id='word_1_180' title='bbox 1197 2592 1410 2661; x_wconf 90' lang='lat' dir='ltr'><strong>quidem</strong></span> <span class='ocrx_word' id='word_1_181' title='bbox 1437 2589 1761 2661; x_wconf 74' lang='lat' dir='ltr'><strong>dignabitur,</strong></span> <span class='ocrx_word' id='word_1_182' title='bbox 1792 2587 1886 2643; x_wconf 88' lang='lat' dir='ltr'><strong>sed</strong></span> <span class='ocrx_word' id='word_1_183' title='bbox 1909 2586 2033 2641; x_wconf 91' lang='lat' dir='ltr'><strong>dum</strong></span> <span class='ocrx_word' id='word_1_184' title='bbox 2060 2587 2167 2640; x_wconf 86' lang='lat' dir='ltr'><strong>cal-</strong></span> 
     </span>
    </p>
   </div>
   <div class='ocr_carea' id='block_1_25' title="bbox 585 2679 2164 2753">
    <p class='ocr_par' dir='ltr' id='par_1_25' title="bbox 585 2679 2164 2753">
     <span class='ocr_line' id='line_1_25' title="bbox 585 2679 2164 2753; baseline -0.007 -11"><span class='ocrx_word' id='word_1_185' title='bbox 585 2701 711 2742; x_wconf 90' lang='lat' dir='ltr'><strong>ceos</strong></span> <span class='ocrx_word' id='word_1_186' title='bbox 737 2702 868 2742; x_wconf 90' lang='lat' dir='ltr'><strong>auro</strong></span> <span class='ocrx_word' id='word_1_187' title='bbox 896 2695 1117 2742; x_wconf 76' lang='lat' dir='ltr'><strong>exornat</strong></span> <span class='ocrx_word' id='word_1_188' title='bbox 1143 2727 1158 2750; x_wconf 94' lang='lat'><strong>,</strong></span> <span class='ocrx_word' id='word_1_189' title='bbox 1200 2684 1346 2738; x_wconf 91' lang='lat' dir='ltr'><strong>illum</strong></span> <span class='ocrx_word' id='word_1_190' title='bbox 1376 2682 1516 2738; x_wconf 79' lang='lat' dir='ltr'><strong>fame</strong></span> <span class='ocrx_word' id='word_1_191' title='bbox 1547 2693 1858 2753; x_wconf 89' lang='lat' dir='ltr'><strong>pereuntem</strong></span> <span class='ocrx_word' id='word_1_192' title='bbox 1887 2679 2164 2751; x_wconf 79' lang='lat' dir='ltr'><strong>despiciet.</strong></span> 
     </span>
    </p>
   </div>
   <div class='ocr_carea' id='block_1_26' title="bbox 589 2771 2168 2849">
    <p class='ocr_par' dir='ltr' id='par_1_26' title="bbox 589 2771 2168 2849">
     <span class='ocr_line' id='line_1_26' title="bbox 589 2771 2168 2849; baseline -0.006 -16"><span class='ocrx_word' id='word_1_193' title='bbox 589 2777 750 2833; x_wconf 72' lang='lat' dir='ltr'><strong>Vana:</strong></span> <span class='ocrx_word' id='word_1_194' title='bbox 796 2778 980 2849; x_wconf 75' lang='lat' dir='ltr'><strong>gloria:</strong></span> <span class='ocrx_word' id='word_1_195' title='bbox 1023 2775 1284 2845; x_wconf 88' lang='lat' dir='ltr'><strong>cupidus,</strong></span> <span class='ocrx_word' id='word_1_196' title='bbox 1333 2775 1459 2829; x_wconf 91' lang='lat' dir='ltr'><strong>dum</strong></span> <span class='ocrx_word' id='word_1_197' title='bbox 1502 2774 1556 2828; x_wconf 90' lang='lat' dir='ltr'><strong>in</strong></span> <span class='ocrx_word' id='word_1_198' title='bbox 1599 2773 1833 2828; x_wconf 85' lang='lat' dir='ltr'><strong>minimis</strong></span> <span class='ocrx_word' id='word_1_199' title='bbox 1876 2771 2168 2826; x_wconf 88' lang='lat' dir='ltr'><strong>videntium</strong></span> 
     </span>
    </p>
   </div>
   <div class='ocr_carea' id='block_1_27' title="bbox 588 2864 2170 2938">
    <p class='ocr_par' dir='ltr' id='par_1_27' title="bbox 588 2864 2170 2938">
     <span class='ocr_line' id='line_1_27' title="bbox 588 2864 2170 2938; baseline -0.004 -13"><span class='ocrx_word' id='word_1_200' title='bbox 588 2871 1031 2926; x_wconf 75' lang='lat' dir='ltr'><strong>existimationem</strong></span> <span class='ocrx_word' id='word_1_201' title='bbox 1062 2869 1240 2924; x_wconf 87' lang='lat' dir='ltr'><strong>venari</strong></span> <span class='ocrx_word' id='word_1_202' title='bbox 1281 2868 1469 2923; x_wconf 83' lang='lat' dir='ltr'><strong>doctus</strong></span> <span class='ocrx_word' id='word_1_203' title='bbox 1502 2866 1946 2938; x_wconf 86' lang='lat' dir='ltr'><strong>deprehendetur.</strong></span> <span class='ocrx_word' id='word_1_204' title='bbox 1990 2864 2170 2934; x_wconf 83' lang='lat' dir='ltr'><strong>Neque</strong></span> 
     </span>
    </p>
   </div>
   <div class='ocr_carea' id='block_1_28' title="bbox 589 2956 2172 3032">
    <p class='ocr_par' dir='ltr' id='par_1_28' title="bbox 589 2956 2172 3032">
     <span class='ocr_line' id='line_1_28' title="bbox 589 2956 2172 3032; baseline -0.005 -14"><span class='ocrx_word' id='word_1_205' title='bbox 589 2962 730 3018; x_wconf 89' lang='lat' dir='ltr'><strong>enim</strong></span> <span class='ocrx_word' id='word_1_206' title='bbox 760 2973 888 3032; x_wconf 93' lang='lat' dir='ltr'><strong>puto</strong></span> <span class='ocrx_word' id='word_1_207' title='bbox 915 2961 1106 3017; x_wconf 89' lang='lat' dir='ltr'><strong>ducem</strong></span> <span class='ocrx_word' id='word_1_208' title='bbox 1136 2959 1206 3015; x_wconf 91' lang='lat' dir='ltr'><strong>de</strong></span> <span class='ocrx_word' id='word_1_209' title='bbox 1243 2959 1563 3015; x_wconf 83' lang='lat' dir='ltr'><strong>exercitibus</strong></span> <span class='ocrx_word' id='word_1_210' title='bbox 1603 2966 1657 3013; x_wconf 92' lang='lat' dir='ltr'><strong>et</strong></span> <span class='ocrx_word' id='word_1_211' title='bbox 1703 2958 1916 3027; x_wconf 74' lang='lat' dir='ltr'><strong>tropaeis</strong></span> <span class='ocrx_word' id='word_1_212' title='bbox 1943 2959 2063 3011; x_wconf 83' lang='lat' dir='ltr'><strong>suis</strong></span> <span class='ocrx_word' id='word_1_213' title='bbox 2101 2956 2172 3010; x_wconf 83' lang='lat' dir='ltr'><strong>ita</strong></span> 
     </span>
    </p>
   </div>
   <div class='ocr_carea' id='block_1_29' title="bbox 589 3049 2170 3121">
    <p class='ocr_par' dir='ltr' id='par_1_29' title="bbox 589 3049 2170 3121">
     <span class='ocr_line' id='line_1_29' title="bbox 589 3049 2170 3121; baseline -0.004 -14"><span class='ocrx_word' id='word_1_214' title='bbox 589 3053 801 3121; x_wconf 85' lang='lat' dir='ltr'><strong>gloriari</strong></span> <span class='ocrx_word' id='word_1_215' title='bbox 827 3094 842 3117; x_wconf 94' lang='lat'><strong>,</strong></span> <span class='ocrx_word' id='word_1_216' title='bbox 882 3061 936 3107; x_wconf 92' lang='lat' dir='ltr'><strong>ut</strong></span> <span class='ocrx_word' id='word_1_217' title='bbox 972 3053 1221 3121; x_wconf 83' lang='lat' dir='ltr'><strong>juvenem</strong></span> <span class='ocrx_word' id='word_1_218' title='bbox 1265 3051 1412 3106; x_wconf 86' lang='lat' dir='ltr'><strong>illum</strong></span> <span class='ocrx_word' id='word_1_219' title='bbox 1463 3049 1726 3119; x_wconf 87' lang='lat' dir='ltr'><strong>perditum</strong></span> <span class='ocrx_word' id='word_1_220' title='bbox 1763 3049 1833 3104; x_wconf 89' lang='lat' dir='ltr'><strong>de</strong></span> <span class='ocrx_word' id='word_1_221' title='bbox 1871 3049 2170 3104; x_wconf 87' lang='lat' dir='ltr'><strong>calceorum</strong></span> 
     </span>
    </p>
   </div>
   <div class='ocr_carea' id='block_1_30' title="bbox 591 3139 2170 3210">
    <p class='ocr_par' dir='ltr' id='par_1_30' title="bbox 591 3139 2170 3210">
     <span class='ocr_line' id='line_1_30' title="bbox 591 3139 2170 3210; baseline -0.003 -13"><span class='ocrx_word' id='word_1_222' title='bbox 591 3152 804 3210; x_wconf 86' lang='lat' dir='ltr'><strong>ornatu,</strong></span> <span class='ocrx_word' id='word_1_223' title='bbox 834 3144 900 3199; x_wconf 92' lang='lat' dir='ltr'><strong>de</strong></span> <span class='ocrx_word' id='word_1_224' title='bbox 929 3144 1257 3198; x_wconf 86' lang='lat' dir='ltr'><strong>vestimentis</strong></span> <span class='ocrx_word' id='word_1_225' title='bbox 1282 3141 1657 3208; x_wconf 78' lang='lat' dir='ltr'><strong>deﬂuentibus,</strong></span> <span class='ocrx_word' id='word_1_226' title='bbox 1679 3142 1748 3196; x_wconf 88' lang='lat' dir='ltr'><strong>de</strong></span> <span class='ocrx_word' id='word_1_227' title='bbox 1774 3155 1924 3196; x_wconf 90' lang='lat' dir='ltr'><strong>coma</strong></span> <span class='ocrx_word' id='word_1_228' title='bbox 1947 3139 2170 3209; x_wconf 86' lang='lat' dir='ltr'><strong>capitis:</strong></span> 
     </span>
    </p>
   </div>
   <div class='ocr_carea' id='block_1_31' title="bbox 593 3235 2170 3308">
    <p class='ocr_par' dir='ltr' id='par_1_31' title="bbox 593 3235 2170 3308">
     <span class='ocr_line' id='line_1_31' title="bbox 593 3235 2170 3308; baseline -0.001 -18"><span class='ocrx_word' id='word_1_229' title='bbox 593 3251 909 3308; x_wconf 88' lang='lat' dir='ltr'><strong>quamquam</strong></span> <span class='ocrx_word' id='word_1_230' title='bbox 948 3236 1061 3289; x_wconf 71' lang='lat' dir='ltr'><strong>haec</strong></span> <span class='ocrx_word' id='word_1_231' title='bbox 1087 3235 1264 3290; x_wconf 88' lang='lat' dir='ltr'><strong>omnia</strong></span> <span class='ocrx_word' id='word_1_232' title='bbox 1302 3236 1561 3290; x_wconf 80' lang='lat' dir='ltr'><strong>artiﬁcum</strong></span> <span class='ocrx_word' id='word_1_233' title='bbox 1589 3235 1812 3290; x_wconf 89' lang='lat' dir='ltr'><strong>aliorum</strong></span> <span class='ocrx_word' id='word_1_234' title='bbox 1841 3249 2002 3305; x_wconf 85' lang='lat' dir='ltr'><strong>opera</strong></span> <span class='ocrx_word' id='word_1_235' title='bbox 2029 3245 2170 3290; x_wconf 87' lang='lat' dir='ltr'><strong>sunt.</strong></span> 
     </span>
    </p>
   </div>
   <div class='ocr_carea' id='block_1_32' title="bbox 593 3325 2176 3398">
    <p class='ocr_par' dir='ltr' id='par_1_32' title="bbox 593 3325 2176 3398">
     <span class='ocr_line' id='line_1_32' title="bbox 593 3325 2176 3398; baseline -0.001 -17"><span class='ocrx_word' id='word_1_236' title='bbox 593 3326 743 3394; x_wconf 82' lang='lat' dir='ltr'><strong>Quod</strong></span> <span class='ocrx_word' id='word_1_237' title='bbox 769 3329 812 3381; x_wconf 90' lang='lat' dir='ltr'><strong>si</strong></span> <span class='ocrx_word' id='word_1_238' title='bbox 836 3327 902 3381; x_wconf 89' lang='lat' dir='ltr'><strong>de</strong></span> <span class='ocrx_word' id='word_1_239' title='bbox 927 3326 1114 3382; x_wconf 89' lang='lat' dir='ltr'><strong>alienis</strong></span> <span class='ocrx_word' id='word_1_240' title='bbox 1135 3341 1239 3380; x_wconf 89' lang='lat' dir='ltr'><strong>non</strong></span> <span class='ocrx_word' id='word_1_241' title='bbox 1269 3325 1519 3381; x_wconf 91' lang='lat' dir='ltr'><strong>desinunt</strong></span> <span class='ocrx_word' id='word_1_242' title='bbox 1543 3341 1677 3382; x_wconf 89' lang='lat' dir='ltr'><strong>vane</strong></span> <span class='ocrx_word' id='word_1_243' title='bbox 1700 3327 1938 3398; x_wconf 87' lang='lat' dir='ltr'><strong>gloriari,</strong></span> <span class='ocrx_word' id='word_1_244' title='bbox 1963 3327 2176 3396; x_wconf 84' lang='lat' dir='ltr'><strong>quando</strong></span> 
     </span>
    </p>
   </div>
   <div class='ocr_carea' id='block_1_33' title="bbox 593 3417 2174 3489">
    <p class='ocr_par' dir='ltr' id='par_1_33' title="bbox 593 3417 2174 3489">
     <span class='ocr_line' id='line_1_33' title="bbox 593 3417 2174 3489; baseline -0.001 -16"><span class='ocrx_word' id='word_1_245' title='bbox 593 3421 662 3474; x_wconf 90' lang='lat' dir='ltr'><strong>de</strong></span> <span class='ocrx_word' id='word_1_246' title='bbox 689 3421 800 3474; x_wconf 83' lang='lat' dir='ltr'><strong>suis</strong></span> <span class='ocrx_word' id='word_1_247' title='bbox 826 3417 1113 3473; x_wconf 71' lang='lat' dir='ltr'><strong>desinent?</strong></span> <span class='ocrx_word' id='word_1_248' title='bbox 1138 3419 1257 3472; x_wconf 84' lang='lat' dir='ltr'><strong>Alia</strong></span> <span class='ocrx_word' id='word_1_249' title='bbox 1285 3433 1496 3489; x_wconf 88' lang='lat' dir='ltr'><strong>quoque</strong></span> <span class='ocrx_word' id='word_1_250' title='bbox 1522 3417 1754 3473; x_wconf 79' lang='lat' dir='ltr'><strong>dicerem</strong></span> <span class='ocrx_word' id='word_1_251' title='bbox 1786 3418 1865 3472; x_wconf 87' lang='lat' dir='ltr'><strong>his</strong></span> <span class='ocrx_word' id='word_1_252' title='bbox 1888 3418 2133 3488; x_wconf 89' lang='lat' dir='ltr'><strong>graviora</strong></span> <span class='ocrx_word' id='word_1_253' title='bbox 2162 3437 2174 3472; x_wconf 90' lang='lat'><strong>:</strong></span> 
     </span>
    </p>
   </div>
   <div class='ocr_carea' id='block_1_34' title="bbox 595 3507 2178 3578">
    <p class='ocr_par' dir='ltr' id='par_1_34' title="bbox 595 3507 2178 3578">
     <span class='ocr_line' id='line_1_34' title="bbox 595 3507 2178 3578; baseline 0.001 -15"><span class='ocrx_word' id='word_1_254' title='bbox 595 3519 648 3564; x_wconf 80' lang='lat' dir='ltr'><strong>at</strong></span> <span class='ocrx_word' id='word_1_255' title='bbox 674 3511 788 3564; x_wconf 68' lang='lat' dir='ltr'><strong>haec</strong></span> <span class='ocrx_word' id='word_1_256' title='bbox 816 3510 964 3564; x_wconf 85' lang='lat' dir='ltr'><strong>vobis</strong></span> <span class='ocrx_word' id='word_1_257' title='bbox 991 3511 1120 3564; x_wconf 83' lang='lat' dir='ltr'><strong>satis</strong></span> <span class='ocrx_word' id='word_1_258' title='bbox 1154 3519 1294 3563; x_wconf 89' lang='lat' dir='ltr'><strong>sunt.</strong></span> <span class='ocrx_word' id='word_1_259' title='bbox 1329 3509 1423 3564; x_wconf 90' lang='lat' dir='ltr'><strong>llic</strong></span> <span class='ocrx_word' id='word_1_260' title='bbox 1453 3524 1578 3578; x_wconf 85' lang='lat' dir='ltr'><strong>ergo</strong></span> <span class='ocrx_word' id='word_1_261' title='bbox 1604 3510 1761 3564; x_wconf 81' lang='lat' dir='ltr'><strong>tinem</strong></span> <span class='ocrx_word' id='word_1_262' title='bbox 1787 3507 1971 3563; x_wconf 85' lang='lat' dir='ltr'><strong>orandi</strong></span> <span class='ocrx_word' id='word_1_263' title='bbox 2000 3507 2178 3564; x_wconf 81' lang='lat' dir='ltr'><strong>facere</strong></span> 
     </span>
    </p>
   </div>
   <div class='ocr_carea' id='block_1_35' title="bbox 595 3599 2176 3671">
    <p class='ocr_par' dir='ltr' id='par_1_35' title="bbox 595 3599 2176 3671">
     <span class='ocr_line' id='line_1_35' title="bbox 595 3599 2176 3671; baseline -0.001 -16"><span class='ocrx_word' id='word_1_264' title='bbox 595 3610 847 3671; x_wconf 88' lang='lat' dir='ltr'><strong>oportet:</strong></span> <span class='ocrx_word' id='word_1_265' title='bbox 880 3600 992 3655; x_wconf 74' lang='lat' dir='ltr'><strong>haec</strong></span> <span class='ocrx_word' id='word_1_266' title='bbox 1030 3601 1226 3670; x_wconf 88' lang='lat' dir='ltr'><strong>quippe</strong></span> <span class='ocrx_word' id='word_1_267' title='bbox 1268 3599 1377 3655; x_wconf 82' lang='lat' dir='ltr'><strong>dixi</strong></span> <span class='ocrx_word' id='word_1_268' title='bbox 1416 3611 1600 3655; x_wconf 80' lang='lat' dir='ltr'><strong>contra</strong></span> <span class='ocrx_word' id='word_1_269' title='bbox 1647 3600 2043 3666; x_wconf 89' lang='lat' dir='ltr'><strong>contentiosos,</strong></span> <span class='ocrx_word' id='word_1_270' title='bbox 2087 3604 2176 3670; x_wconf 85' lang='lat' dir='ltr'><strong>qui</strong></span> 
     </span>
    </p>
   </div>
   <div class='ocr_carea' id='block_1_36' title="bbox 599 3689 2176 3761">
    <p class='ocr_par' dir='ltr' id='par_1_36' title="bbox 599 3689 2176 3761">
     <span class='ocr_line' id='line_1_36' title="bbox 599 3689 2176 3761; baseline -0.001 -16"><span class='ocrx_word' id='word_1_271' title='bbox 599 3708 709 3747; x_wconf 88' lang='lat' dir='ltr'><strong>rem</strong></span> <span class='ocrx_word' id='word_1_272' title='bbox 749 3691 878 3747; x_wconf 88' lang='lat' dir='ltr'><strong>nihil</strong></span> <span class='ocrx_word' id='word_1_273' title='bbox 921 3692 1136 3747; x_wconf 89' lang='lat' dir='ltr'><strong>absurdi</strong></span> <span class='ocrx_word' id='word_1_274' title='bbox 1185 3691 1378 3747; x_wconf 88' lang='lat' dir='ltr'><strong>habere</strong></span> <span class='ocrx_word' id='word_1_275' title='bbox 1415 3691 1681 3747; x_wconf 88' lang='lat' dir='ltr'><strong>dicebant.</strong></span> <span class='ocrx_word' id='word_1_276' title='bbox 1723 3692 1789 3746; x_wconf 89' lang='lat' dir='ltr'><strong>Et</strong></span> <span class='ocrx_word' id='word_1_277' title='bbox 1824 3693 1936 3748; x_wconf 89' lang='lat' dir='ltr'><strong>scio</strong></span> <span class='ocrx_word' id='word_1_278' title='bbox 1964 3689 2176 3761; x_wconf 85' lang='lat' dir='ltr'><strong>quidem</strong></span> 
     </span>
    </p>
   </div>
   <div class='ocr_carea' id='block_1_37' title="bbox 598 3783 2176 3856">
    <p class='ocr_par' dir='ltr' id='par_1_37' title="bbox 598 3783 2176 3856">
     <span class='ocr_line' id='line_1_37' title="bbox 598 3783 2176 3856; baseline -0.002 -15"><span class='ocrx_word' id='word_1_279' title='bbox 598 3787 793 3841; x_wconf 88' lang='lat' dir='ltr'><strong>multos</strong></span> <span class='ocrx_word' id='word_1_280' title='bbox 823 3800 890 3841; x_wconf 75' lang='lat' dir='ltr'><strong>ex</strong></span> <span class='ocrx_word' id='word_1_281' title='bbox 927 3784 1215 3855; x_wconf 85' lang='lat' dir='ltr'><strong>juvenibus</strong></span> <span class='ocrx_word' id='word_1_282' title='bbox 1240 3800 1306 3839; x_wconf 87' lang='lat' dir='ltr'><strong>ne</strong></span> <span class='ocrx_word' id='word_1_283' title='bbox 1335 3784 1491 3840; x_wconf 86' lang='lat' dir='ltr'><strong>dictis</strong></span> <span class='ocrx_word' id='word_1_284' title='bbox 1517 3784 1729 3856; x_wconf 87' lang='lat' dir='ltr'><strong>quidem</strong></span> <span class='ocrx_word' id='word_1_285' title='bbox 1759 3783 2036 3840; x_wconf 90' lang='lat' dir='ltr'><strong>attendere</strong></span> <span class='ocrx_word' id='word_1_286' title='bbox 2058 3826 2072 3849; x_wconf 92' lang='lat'><strong>,</strong></span> <span class='ocrx_word' id='word_1_287' title='bbox 2107 3785 2176 3838; x_wconf 88' lang='lat' dir='ltr'><strong>ita</strong></span> 
     </span>
    </p>
   </div>
   <div class='ocr_carea' id='block_1_38' title="bbox 600 3875 2169 3947">
    <p class='ocr_par' dir='ltr' id='par_1_38' title="bbox 600 3875 2169 3947">
     <span class='ocr_line' id='line_1_38' title="bbox 600 3875 2169 3947; baseline -0.003 -14"><span class='ocrx_word' id='word_1_288' title='bbox 600 3887 723 3933; x_wconf 84' lang='lat' dir='ltr'><strong>sunt</strong></span> <span class='ocrx_word' id='word_1_289' title='bbox 760 3877 892 3934; x_wconf 86' lang='lat' dir='ltr'><strong>ebrii</strong></span> <span class='ocrx_word' id='word_1_290' title='bbox 918 3920 931 3934; x_wconf 89' lang='lat'><strong>.</strong></span> <span class='ocrx_word' id='word_1_291' title='bbox 964 3887 1019 3933; x_wconf 89' lang='lat' dir='ltr'><strong>et</strong></span> <span class='ocrx_word' id='word_1_292' title='bbox 1058 3876 1182 3932; x_wconf 86' lang='lat' dir='ltr'><strong>huic</strong></span> <span class='ocrx_word' id='word_1_293' title='bbox 1218 3877 1406 3932; x_wconf 84' lang='lat' dir='ltr'><strong>morbo</strong></span> <span class='ocrx_word' id='word_1_294' title='bbox 1434 3875 1668 3940; x_wconf 84' lang='lat' dir='ltr'><strong>addicti;</strong></span> <span class='ocrx_word' id='word_1_295' title='bbox 1699 3891 1868 3947; x_wconf 85' lang='lat' dir='ltr'><strong>neque</strong></span> <span class='ocrx_word' id='word_1_296' title='bbox 1896 3885 2070 3931; x_wconf 84' lang='lat' dir='ltr'><strong>tamen</strong></span> <span class='ocrx_word' id='word_1_297' title='bbox 2101 3877 2169 3930; x_wconf 91' lang='lat' dir='ltr'><strong>si-</strong></span> 
     </span>
    </p>
   </div>
   <div class='ocr_carea' id='block_1_39' title="bbox 601 3967 2176 4038">
    <p class='ocr_par' dir='ltr' id='par_1_39' title="bbox 601 3967 2176 4038">
     <span class='ocr_line' id='line_1_39' title="bbox 601 3967 2176 4038; baseline -0.002 -13"><span class='ocrx_word' id='word_1_298' title='bbox 601 3971 813 4026; x_wconf 86' lang='lat' dir='ltr'><strong>lendum</strong></span> <span class='ocrx_word' id='word_1_299' title='bbox 849 3978 981 4024; x_wconf 76' lang='lat' dir='ltr'><strong>erat.</strong></span> <span class='ocrx_word' id='word_1_300' title='bbox 1019 3968 1148 4023; x_wconf 82' lang='lat' dir='ltr'><strong>Nam</strong></span> <span class='ocrx_word' id='word_1_301' title='bbox 1186 3978 1361 4038; x_wconf 85' lang='lat' dir='ltr'><strong>patres</strong></span> <span class='ocrx_word' id='word_1_302' title='bbox 1389 3979 1565 4023; x_wconf 88' lang='lat' dir='ltr'><strong>mente</strong></span> <span class='ocrx_word' id='word_1_303' title='bbox 1591 3968 1704 4023; x_wconf 88' lang='lat' dir='ltr'><strong>sani</strong></span> <span class='ocrx_word' id='word_1_304' title='bbox 1731 4010 1746 4032; x_wconf 87' lang='lat'><strong>,</strong></span> <span class='ocrx_word' id='word_1_305' title='bbox 1795 3969 1938 4037; x_wconf 88' lang='lat' dir='ltr'><strong>ipsos</strong></span> <span class='ocrx_word' id='word_1_306' title='bbox 1966 3967 2032 4022; x_wconf 89' lang='lat' dir='ltr'><strong>ad</strong></span> <span class='ocrx_word' id='word_1_307' title='bbox 2061 3983 2176 4022; x_wconf 90' lang='lat' dir='ltr'><strong>mo-</strong></span> 
     </span>
    </p>
   </div>
   <div class='ocr_carea' id='block_1_40' title="bbox 600 4059 2180 4132">
    <p class='ocr_par' dir='ltr' id='par_1_40' title="bbox 600 4059 2180 4132">
     <span class='ocr_line' id='line_1_40' title="bbox 600 4059 2180 4132; baseline -0.001 -17"><span class='ocrx_word' id='word_1_308' title='bbox 600 4065 820 4119; x_wconf 89' lang='lat' dir='ltr'><strong>destiam</strong></span> <span class='ocrx_word' id='word_1_309' title='bbox 871 4062 1122 4119; x_wconf 89' lang='lat' dir='ltr'><strong>inducere</strong></span> <span class='ocrx_word' id='word_1_310' title='bbox 1166 4071 1435 4130; x_wconf 89' lang='lat' dir='ltr'><strong>poterunt.</strong></span> <span class='ocrx_word' id='word_1_311' title='bbox 1498 4061 1574 4116; x_wconf 87' lang='lat' dir='ltr'><strong>Ne</strong></span> <span class='ocrx_word' id='word_1_312' title='bbox 1617 4061 1761 4132; x_wconf 85' lang='lat' dir='ltr'><strong>dicas</strong></span> <span class='ocrx_word' id='word_1_313' title='bbox 1804 4061 1996 4130; x_wconf 91' lang='lat' dir='ltr'><strong>igitur,</strong></span> <span class='ocrx_word' id='word_1_314' title='bbox 2039 4059 2180 4114; x_wconf 86' lang='lat' dir='ltr'><strong>Nihil</strong></span> 
     </span>
    </p>
   </div>
   <div class='ocr_carea' id='block_1_41' title="bbox 604 4153 2175 4224">
    <p class='ocr_par' dir='ltr' id='par_1_41' title="bbox 604 4153 2175 4224">
     <span class='ocr_line' id='line_1_41' title="bbox 604 4153 2175 4224; baseline -0.002 -17"><span class='ocrx_word' id='word_1_315' title='bbox 604 4156 742 4220; x_wconf 89' lang='lat' dir='ltr'><strong>hinc,</strong></span> <span class='ocrx_word' id='word_1_316' title='bbox 777 4153 904 4209; x_wconf 88' lang='lat' dir='ltr'><strong>nihil</strong></span> <span class='ocrx_word' id='word_1_317' title='bbox 933 4155 1054 4210; x_wconf 89' lang='lat' dir='ltr'><strong>inde</strong></span> <span class='ocrx_word' id='word_1_318' title='bbox 1080 4153 1157 4224; x_wconf 89' lang='lat' dir='ltr'><strong>(a)</strong></span> <span class='ocrx_word' id='word_1_319' title='bbox 1181 4172 1194 4207; x_wconf 88' lang='lat'>:</span> <span class='ocrx_word' id='word_1_320' title='bbox 1219 4153 1321 4208; x_wconf 89' lang='lat' dir='ltr'><strong>hoc</strong></span> <span class='ocrx_word' id='word_1_321' title='bbox 1345 4155 1538 4224; x_wconf 87' lang='lat' dir='ltr'><strong>quippe</strong></span> <span class='ocrx_word' id='word_1_322' title='bbox 1557 4194 1572 4220; x_wconf 97' lang='lat'><strong>,</strong></span> <span class='ocrx_word' id='word_1_323' title='bbox 1603 4153 1702 4208; x_wconf 90' lang='lat' dir='ltr'><strong>hoc</strong></span> <span class='ocrx_word' id='word_1_324' title='bbox 1729 4154 1903 4206; x_wconf 90' lang='lat' dir='ltr'><strong>omnia</strong></span> <span class='ocrx_word' id='word_1_325' title='bbox 1933 4165 2175 4222; x_wconf 80' lang='lat' dir='ltr'><strong>pessum~</strong></span> 
     </span>
    </p>
   </div>
   <div class='ocr_carea' id='block_1_42' title="bbox 663 4285 2182 4348">
    <p class='ocr_par' dir='ltr' id='par_1_42' title="bbox 663 4285 2182 4348">
     <span class='ocr_line' id='line_1_42' title="bbox 663 4285 2182 4348; baseline -0.002 -13"><span class='ocrx_word' id='word_1_326' title='bbox 663 4287 735 4348; x_wconf 84' lang='lat' dir='ltr'><strong>(rt)</strong></span> <span class='ocrx_word' id='word_1_327' title='bbox 772 4288 956 4348; x_wconf 76' lang='lat' dir='ltr'><strong>uictum</strong></span> <span class='ocrx_word' id='word_1_328' title='bbox 977 4288 1039 4335; x_wconf 87' lang='lat' dir='ltr'><strong>ab</strong></span> <span class='ocrx_word' id='word_1_329' title='bbox 1069 4285 1461 4335; x_wconf 78' lang='lat' dir='ltr'><strong>adolescentibus</strong></span> <span class='ocrx_word' id='word_1_330' title='bbox 1498 4285 1618 4348; x_wconf 85' lang='lat' dir='ltr'><strong>illis,</strong></span> <span class='ocrx_word' id='word_1_331' title='bbox 1644 4298 1767 4348; x_wconf 85' lang='lat' dir='ltr'><strong>quos</strong></span> <span class='ocrx_word' id='word_1_332' title='bbox 1805 4287 1957 4348; x_wconf 87' lang='lat' dir='ltr'><strong>carpit.</strong></span> <span class='ocrx_word' id='word_1_333' title='bbox 1980 4285 2182 4348; x_wconf 82' lang='lat' dir='ltr'><strong>Chryso-</strong></span> 
     </span>
    </p>
   </div>
   <div class='ocr_carea' id='block_1_43' title="bbox 602 4347 2097 4410">
    <p class='ocr_par' dir='ltr' id='par_1_43' title="bbox 602 4347 2097 4410">
     <span class='ocr_line' id='line_1_43' title="bbox 602 4347 2097 4410; baseline -0.003 -12"><span class='ocrx_word' id='word_1_334' title='bbox 602 4347 801 4405; x_wconf 79' lang='lat' dir='ltr'><strong>stornus,</strong></span> <span class='ocrx_word' id='word_1_335' title='bbox 830 4350 913 4410; x_wconf 87' lang='lat' dir='ltr'><strong>qui</strong></span> <span class='ocrx_word' id='word_1_336' title='bbox 929 4347 1097 4396; x_wconf 80' lang='lat' dir='ltr'><strong>luxum</strong></span> <span class='ocrx_word' id='word_1_337' title='bbox 1122 4359 1348 4410; x_wconf 83' lang='lat' dir='ltr'><strong>magnum</strong></span> <span class='ocrx_word' id='word_1_338' title='bbox 1375 4349 1423 4395; x_wconf 88' lang='lat' dir='ltr'><strong>in</strong></span> <span class='ocrx_word' id='word_1_339' title='bbox 1441 4347 1618 4397; x_wconf 85' lang='lat' dir='ltr'><strong>calceis</strong></span> <span class='ocrx_word' id='word_1_340' title='bbox 1641 4347 1757 4409; x_wconf 83' lang='lat' dir='ltr'><strong>ipsis</strong></span> <span class='ocrx_word' id='word_1_341' title='bbox 1781 4347 2097 4397; x_wconf 79' lang='lat' dir='ltr'><strong>exhibebant.</strong></span> 
     </span>
    </p>
   </div>
   <div class='ocr_carea' id='block_1_44' title="bbox 1267 419 3074 501">
    <p class='ocr_par' dir='ltr' id='par_1_44' title="bbox 1267 419 3074 501">
     <span class='ocr_line' id='line_1_44' title="bbox 1267 419 3074 501; baseline -0.016 -1"><span class='ocrx_word' id='word_1_342' title='bbox 1267 449 1324 500; x_wconf 75' lang='lat' dir='ltr'><strong>S.</strong></span> <span class='ocrx_word' id='word_1_343' title='bbox 1356 441 1634 501; x_wconf 74' lang='lat' dir='ltr'><strong>JOANNIS</strong></span> <span class='ocrx_word' id='word_1_344' title='bbox 1670 428 2140 494; x_wconf 73' lang='lat' dir='ltr'><strong>CIIRYSOSTOMI</strong></span> <span class='ocrx_word' id='word_1_345' title='bbox 2184 425 2503 483; x_wconf 67' lang='lat' dir='ltr'><strong>AltClllEP.</strong></span> <span class='ocrx_word' id='word_1_346' title='bbox 2544 419 3074 478; x_wconf 72' lang='lat' dir='ltr'><strong>CONSTANTINOP.</strong></span> 
     </span>
    </p>
   </div>
   <div class='ocr_carea' id='block_1_45' title="bbox 3727 411 3840 466">
    <p class='ocr_par' dir='ltr' id='par_1_45' title="bbox 3727 411 3840 466">
     <span class='ocr_line' id='line_1_45' title="bbox 3727 411 3840 466; baseline -0.035 1"><span class='ocrx_word' id='word_1_347' title='bbox 3727 411 3840 466; x_wconf 68' lang='lat'><strong>50$</strong></span> 
     </span>
    </p>
   </div>
   <div class='ocr_carea' id='block_1_46' title="bbox 2245 528 3846 608">
    <p class='ocr_par' dir='ltr' id='par_1_46' title="bbox 2245 528 3846 608">
     <span class='ocr_line' id='line_1_46' title="bbox 2245 528 3846 608; baseline -0.011 -15"><span class='ocrx_word' id='word_1_348' title='bbox 2245 539 2409 593; x_wconf 86' lang='lat' dir='ltr'><strong>dedit.</strong></span> <span class='ocrx_word' id='word_1_349' title='bbox 2441 537 2729 608; x_wconf 77' lang='lat' dir='ltr'><strong>Oportebat</strong></span> <span class='ocrx_word' id='word_1_350' title='bbox 2759 536 2900 590; x_wconf 89' lang='lat' dir='ltr'><strong>enim</strong></span> <span class='ocrx_word' id='word_1_351' title='bbox 2932 534 3050 588; x_wconf 88' lang='lat' dir='ltr'><strong>illos</strong></span> <span class='ocrx_word' id='word_1_352' title='bbox 3082 530 3392 588; x_wconf 90' lang='lat' dir='ltr'><strong>instituere.</strong></span> <span class='ocrx_word' id='word_1_353' title='bbox 3420 538 3469 584; x_wconf 88' lang='lat' dir='ltr'><strong>c&#39;t</strong></span> <span class='ocrx_word' id='word_1_354' title='bbox 3500 528 3550 582; x_wconf 88' lang='lat' dir='ltr'><strong>in</strong></span> <span class='ocrx_word' id='word_1_355' title='bbox 3573 528 3642 583; x_wconf 86' lang='lat' dir='ltr'><strong>iis</strong></span> <span class='ocrx_word' id='word_1_356' title='bbox 3663 567 3679 592; x_wconf 92' lang='lat'><strong>,</strong></span> <span class='ocrx_word' id='word_1_357' title='bbox 3712 542 3846 596; x_wconf 67' lang='lat' dir='ltr'><strong>qum</strong></span> 
     </span>
    </p>
   </div>
   <div class='ocr_carea' id='block_1_47' title="bbox 2247 619 3846 690">
    <p class='ocr_par' dir='ltr' id='par_1_47' title="bbox 2247 619 3846 690">
     <span class='ocr_line' id='line_1_47' title="bbox 2247 619 3846 690; baseline -0.009 -7"><span class='ocrx_word' id='word_1_358' title='bbox 2247 630 2464 683; x_wconf 89' lang='lat' dir='ltr'><strong>minima</strong></span> <span class='ocrx_word' id='word_1_359' title='bbox 2490 626 2804 682; x_wconf 82' lang='lat' dir='ltr'><strong>videbantur</strong></span> <span class='ocrx_word' id='word_1_360' title='bbox 2829 639 2951 680; x_wconf 88' lang='lat' dir='ltr'><strong>esse</strong></span> <span class='ocrx_word' id='word_1_361' title='bbox 2975 665 2990 690; x_wconf 96' lang='lat'><strong>,</strong></span> <span class='ocrx_word' id='word_1_362' title='bbox 3026 622 3278 677; x_wconf 86' lang='lat' dir='ltr'><strong>honestos</strong></span> <span class='ocrx_word' id='word_1_363' title='bbox 3315 619 3544 674; x_wconf 86' lang='lat' dir='ltr'><strong>reddere</strong></span> <span class='ocrx_word' id='word_1_364' title='bbox 3568 660 3582 683; x_wconf 91' lang='lat'><strong>,</strong></span> <span class='ocrx_word' id='word_1_365' title='bbox 3616 631 3846 686; x_wconf 75' lang='lat' dir='ltr'><strong>magna-</strong></span> 
     </span>
    </p>
   </div>
   <div class='ocr_carea' id='block_1_48' title="bbox 2247 708 3846 785">
    <p class='ocr_par' dir='ltr' id='par_1_48' title="bbox 2247 708 3846 785">
     <span class='ocr_line' id='line_1_48' title="bbox 2247 708 3846 785; baseline -0.01 -11"><span class='ocrx_word' id='word_1_366' title='bbox 2247 721 2422 774; x_wconf 88' lang='lat' dir='ltr'><strong>nimos</strong></span> <span class='ocrx_word' id='word_1_367' title='bbox 2447 761 2459 785; x_wconf 91' lang='lat'><strong>,</strong></span> <span class='ocrx_word' id='word_1_368' title='bbox 2492 727 2925 773; x_wconf 82' lang='lat' dir='ltr'><strong>ornamentorum</strong></span> <span class='ocrx_word' id='word_1_369' title='bbox 2956 721 3388 782; x_wconf 88' lang='lat' dir='ltr'><strong>contemptores;</strong></span> <span class='ocrx_word' id='word_1_370' title='bbox 3434 711 3511 764; x_wconf 85' lang='lat' dir='ltr'><strong>sic</strong></span> <span class='ocrx_word' id='word_1_371' title='bbox 3540 709 3681 764; x_wconf 84' lang='lat' dir='ltr'><strong>enim</strong></span> <span class='ocrx_word' id='word_1_372' title='bbox 3714 708 3846 761; x_wconf 82' lang='lat' dir='ltr'><strong>illus</strong></span> 
     </span>
    </p>
   </div>
   <div class='ocr_carea' id='block_1_49' title="bbox 2249 799 3845 882">
    <p class='ocr_par' dir='ltr' id='par_1_49' title="bbox 2249 799 3845 882">
     <span class='ocr_line' id='line_1_49' title="bbox 2249 799 3845 882; baseline -0.012 -13"><span class='ocrx_word' id='word_1_373' title='bbox 2249 815 2302 869; x_wconf 90' lang='lat' dir='ltr'><strong>in</strong></span> <span class='ocrx_word' id='word_1_374' title='bbox 2343 812 2546 882; x_wconf 89' lang='lat' dir='ltr'><strong>magnis</strong></span> <span class='ocrx_word' id='word_1_375' title='bbox 2584 814 2740 866; x_wconf 90' lang='lat' dir='ltr'><strong>etiam</strong></span> <span class='ocrx_word' id='word_1_376' title='bbox 2775 808 3063 879; x_wconf 67' lang='lat' dir='ltr'><strong>prmclaros</strong></span> <span class='ocrx_word' id='word_1_377' title='bbox 3104 817 3490 859; x_wconf 78' lang='lat' dir='ltr'><strong>inveniremus.</strong></span> <span class='ocrx_word' id='word_1_378' title='bbox 3522 799 3656 869; x_wconf 90' lang='lat' dir='ltr'><strong>Quid</strong></span> <span class='ocrx_word' id='word_1_379' title='bbox 3687 800 3845 854; x_wconf 88' lang='lat' dir='ltr'><strong>enim</strong></span> 
     </span>
    </p>
   </div>
   <div class='ocr_carea' id='block_1_50' title="bbox 2249 889 3852 969">
    <p class='ocr_par' dir='ltr' id='par_1_50' title="bbox 2249 889 3852 969">
     <span class='ocr_line' id='line_1_50' title="bbox 2249 889 3852 969; baseline -0.011 -9"><span class='ocrx_word' id='word_1_380' title='bbox 2249 907 2634 960; x_wconf 88' lang='lat' dir='ltr'><strong>elementorum</strong></span> <span class='ocrx_word' id='word_1_381' title='bbox 2662 899 2937 969; x_wconf 88' lang='lat' dir='ltr'><strong>disciplina</strong></span> <span class='ocrx_word' id='word_1_382' title='bbox 2965 896 3162 952; x_wconf 73' lang='lat' dir='ltr'><strong>vilius?</strong></span> <span class='ocrx_word' id='word_1_383' title='bbox 3190 895 3438 951; x_wconf 79' lang='lat' dir='ltr'><strong>Attamen</strong></span> <span class='ocrx_word' id='word_1_384' title='bbox 3471 908 3535 947; x_wconf 80' lang='lat' dir='ltr'><strong>ex</strong></span> <span class='ocrx_word' id='word_1_385' title='bbox 3566 907 3625 946; x_wconf 85' lang='lat' dir='ltr'><strong>ea</strong></span> <span class='ocrx_word' id='word_1_386' title='bbox 3656 889 3852 945; x_wconf 84' lang='lat' dir='ltr'><strong>rheto—</strong></span> 
     </span>
    </p>
   </div>
   <div class='ocr_carea' id='block_1_51' title="bbox 2248 983 3847 1065">
    <p class='ocr_par' dir='ltr' id='par_1_51' title="bbox 2248 983 3847 1065">
     <span class='ocr_line' id='line_1_51' title="bbox 2248 983 3847 1065; baseline -0.011 -13"><span class='ocrx_word' id='word_1_387' title='bbox 2248 1012 2357 1062; x_wconf 89' lang='lat' dir='ltr'><strong>res,</strong></span> <span class='ocrx_word' id='word_1_388' title='bbox 2379 994 2650 1065; x_wconf 67' lang='lat' dir='ltr'><strong>sopbistaz,</strong></span> <span class='ocrx_word' id='word_1_389' title='bbox 2675 1003 2728 1048; x_wconf 91' lang='lat' dir='ltr'><strong>et</strong></span> <span class='ocrx_word' id='word_1_390' title='bbox 2753 990 3052 1062; x_wconf 87' lang='lat' dir='ltr'><strong>philosophi</strong></span> <span class='ocrx_word' id='word_1_391' title='bbox 3073 988 3323 1044; x_wconf 90' lang='lat' dir='ltr'><strong>evadunt.</strong></span> <span class='ocrx_word' id='word_1_392' title='bbox 3349 986 3404 1041; x_wconf 91' lang='lat' dir='ltr'><strong>Si</strong></span> <span class='ocrx_word' id='word_1_393' title='bbox 3425 985 3544 1040; x_wconf 72' lang='lat' dir='ltr'><strong>hzec</strong></span> <span class='ocrx_word' id='word_1_394' title='bbox 3566 983 3847 1053; x_wconf 82' lang='lat' dir='ltr'><strong>ignorent.</strong></span> 
     </span>
    </p>
   </div>
   <div class='ocr_carea' id='block_1_52' title="bbox 2250 1072 3852 1155">
    <p class='ocr_par' dir='ltr' id='par_1_52' title="bbox 2250 1072 3852 1155">
     <span class='ocr_line' id='line_1_52' title="bbox 2250 1072 3852 1155; baseline -0.009 -15"><span class='ocrx_word' id='word_1_395' title='bbox 2250 1087 2336 1140; x_wconf 90' lang='lat' dir='ltr'><strong>illa</strong></span> <span class='ocrx_word' id='word_1_396' title='bbox 2365 1099 2650 1155; x_wconf 86' lang='lat' dir='ltr'><strong>numquam</strong></span> <span class='ocrx_word' id='word_1_397' title='bbox 2683 1084 2870 1137; x_wconf 87' lang='lat' dir='ltr'><strong>scient.</strong></span> <span class='ocrx_word' id='word_1_398' title='bbox 2905 1081 3030 1135; x_wconf 77' lang='lat' dir='ltr'><strong>Hzcc</strong></span> <span class='ocrx_word' id='word_1_399' title='bbox 3054 1088 3231 1134; x_wconf 89' lang='lat' dir='ltr'><strong>autem</strong></span> <span class='ocrx_word' id='word_1_400' title='bbox 3261 1078 3493 1131; x_wconf 76' lang='lat' dir='ltr'><strong>diximus</strong></span> <span class='ocrx_word' id='word_1_401' title='bbox 3523 1090 3627 1129; x_wconf 89' lang='lat' dir='ltr'><strong>non</strong></span> <span class='ocrx_word' id='word_1_402' title='bbox 3658 1072 3852 1141; x_wconf 73' lang='lat' dir='ltr'><strong>pueris</strong></span> 
     </span>
    </p>
   </div>
   <div class='ocr_carea' id='block_1_53' title="bbox 2253 1165 3852 1241">
    <p class='ocr_par' dir='ltr' id='par_1_53' title="bbox 2253 1165 3852 1241">
     <span class='ocr_line' id='line_1_53' title="bbox 2253 1165 3852 1241; baseline -0.011 -9"><span class='ocrx_word' id='word_1_403' title='bbox 2253 1187 2454 1233; x_wconf 85' lang='lat' dir='ltr'><strong>tantum</strong></span> <span class='ocrx_word' id='word_1_404' title='bbox 2477 1219 2492 1241; x_wconf 93' lang='lat'><strong>,</strong></span> <span class='ocrx_word' id='word_1_405' title='bbox 2523 1176 2616 1231; x_wconf 88' lang='lat' dir='ltr'><strong>sed</strong></span> <span class='ocrx_word' id='word_1_406' title='bbox 2643 1176 2805 1230; x_wconf 86' lang='lat' dir='ltr'><strong>etiam</strong></span> <span class='ocrx_word' id='word_1_407' title='bbox 2831 1172 3139 1227; x_wconf 87' lang='lat' dir='ltr'><strong>mulieribus</strong></span> <span class='ocrx_word' id='word_1_408' title='bbox 3165 1179 3218 1225; x_wconf 86' lang='lat' dir='ltr'><strong>et</strong></span> <span class='ocrx_word' id='word_1_409' title='bbox 3248 1168 3461 1239; x_wconf 82' lang='lat' dir='ltr'><strong>puellis.</strong></span> <span class='ocrx_word' id='word_1_410' title='bbox 3507 1165 3614 1219; x_wconf 83' lang='lat' dir='ltr'><strong>lll.e</strong></span> <span class='ocrx_word' id='word_1_411' title='bbox 3641 1165 3852 1234; x_wconf 83' lang='lat' dir='ltr'><strong>quippe</strong></span> 
     </span>
    </p>
   </div>
   <div class='ocr_carea' id='block_1_54' title="bbox 2252 1257 3849 1352">
    <p class='ocr_par' dir='ltr' id='par_1_54' title="bbox 2252 1257 3849 1352">
     <span class='ocr_line' id='line_1_54' title="bbox 2252 1257 3849 1352; baseline -0.011 -27"><span class='ocrx_word' id='word_1_412' title='bbox 2252 1281 2376 1326; x_wconf 85' lang='lat' dir='ltr'><strong>sunt</strong></span> <span class='ocrx_word' id='word_1_413' title='bbox 2419 1271 2608 1352; x_wconf 72' lang='lat' dir='ltr'><strong>iisdem</strong></span> <span class='ocrx_word' id='word_1_414' title='bbox 2657 1267 2900 1322; x_wconf 75' lang='lat' dir='ltr'><strong>obnoxia:</strong></span> <span class='ocrx_word' id='word_1_415' title='bbox 2944 1265 3214 1336; x_wconf 87' lang='lat' dir='ltr'><strong>peccatis;</strong></span> <span class='ocrx_word' id='word_1_416' title='bbox 3276 1265 3385 1316; x_wconf 89' lang='lat' dir='ltr'><strong>imo</strong></span> <span class='ocrx_word' id='word_1_417' title='bbox 3432 1269 3578 1315; x_wconf 82' lang='lat' dir='ltr'><strong>tanto</strong></span> <span class='ocrx_word' id='word_1_418' title='bbox 3628 1257 3795 1326; x_wconf 85' lang='lat' dir='ltr'><strong>magis</strong></span> <span class='ocrx_word' id='word_1_419' title='bbox 3828 1297 3849 1317; x_wconf 90' lang='lat'><strong>,</strong></span> 
     </span>
    </p>
   </div>
   <div class='ocr_carea' id='block_1_55' title="bbox 2253 1349 3857 1434">
    <p class='ocr_par' dir='ltr' id='par_1_55' title="bbox 2253 1349 3857 1434">
     <span class='ocr_line' id='line_1_55' title="bbox 2253 1349 3857 1434; baseline -0.01 -17"><span class='ocrx_word' id='word_1_420' title='bbox 2253 1349 2452 1434; x_wconf 82' lang='lat' dir='ltr'><strong>quanto</strong></span> <span class='ocrx_word' id='word_1_421' title='bbox 2479 1362 2857 1415; x_wconf 88' lang='lat' dir='ltr'><strong>modestiorem</strong></span> <span class='ocrx_word' id='word_1_422' title='bbox 2887 1358 3040 1413; x_wconf 85' lang='lat' dir='ltr'><strong>decet</strong></span> <span class='ocrx_word' id='word_1_423' title='bbox 3067 1371 3186 1411; x_wconf 87' lang='lat' dir='ltr'><strong>esse</strong></span> <span class='ocrx_word' id='word_1_424' title='bbox 3214 1355 3492 1425; x_wconf 87' lang='lat' dir='ltr'><strong>virginem.</strong></span> <span class='ocrx_word' id='word_1_425' title='bbox 3524 1355 3652 1417; x_wconf 67' lang='lat' dir='ltr'><strong>Quae</strong></span> <span class='ocrx_word' id='word_1_426' title='bbox 3680 1349 3857 1418; x_wconf 80' lang='lat' dir='ltr'><strong>igitur</strong></span> 
     </span>
    </p>
   </div>
   <div class='ocr_carea' id='block_1_56' title="bbox 2253 1443 3849 1522">
    <p class='ocr_par' dir='ltr' id='par_1_56' title="bbox 2253 1443 3849 1522">
     <span class='ocr_line' id='line_1_56' title="bbox 2253 1443 3849 1522; baseline -0.011 -10"><span class='ocrx_word' id='word_1_427' title='bbox 2253 1459 2360 1514; x_wconf 84' lang='lat' dir='ltr'><strong>illis</strong></span> <span class='ocrx_word' id='word_1_428' title='bbox 2393 1459 2532 1513; x_wconf 87' lang='lat' dir='ltr'><strong>dicta</strong></span> <span class='ocrx_word' id='word_1_429' title='bbox 2567 1466 2718 1522; x_wconf 89' lang='lat' dir='ltr'><strong>sunt,</strong></span> <span class='ocrx_word' id='word_1_430' title='bbox 2748 1455 2898 1510; x_wconf 86' lang='lat' dir='ltr'><strong>vobis</strong></span> <span class='ocrx_word' id='word_1_431' title='bbox 2927 1455 3086 1509; x_wconf 92' lang='lat' dir='ltr'><strong>etiam</strong></span> <span class='ocrx_word' id='word_1_432' title='bbox 3123 1451 3261 1507; x_wconf 88' lang='lat' dir='ltr'><strong>dicta</strong></span> <span class='ocrx_word' id='word_1_433' title='bbox 3299 1460 3512 1520; x_wconf 86' lang='lat' dir='ltr'><strong>putate,</strong></span> <span class='ocrx_word' id='word_1_434' title='bbox 3549 1461 3616 1500; x_wconf 91' lang='lat' dir='ltr'><strong>ne</strong></span> <span class='ocrx_word' id='word_1_435' title='bbox 3648 1443 3849 1500; x_wconf 88' lang='lat' dir='ltr'><strong>eadem</strong></span> 
     </span>
    </p>
   </div>
   <div class='ocr_carea' id='block_1_57' title="bbox 2255 1537 3852 1623">
    <p class='ocr_par' dir='ltr' id='par_1_57' title="bbox 2255 1537 3852 1623">
     <span class='ocr_line' id='line_1_57' title="bbox 2255 1537 3852 1623; baseline -0.009 -18"><span class='ocrx_word' id='word_1_436' title='bbox 2255 1559 2576 1623; x_wconf 85' lang='lat' dir='ltr'><strong>repetamus.</strong></span> <span class='ocrx_word' id='word_1_437' title='bbox 2623 1550 2755 1604; x_wconf 84' lang='lat' dir='ltr'><strong>Nam</strong></span> <span class='ocrx_word' id='word_1_438' title='bbox 2799 1558 3006 1616; x_wconf 90' lang='lat' dir='ltr'><strong>tempus</strong></span> <span class='ocrx_word' id='word_1_439' title='bbox 3042 1555 3125 1600; x_wconf 90' lang='lat' dir='ltr'><strong>est</strong></span> <span class='ocrx_word' id='word_1_440' title='bbox 3164 1555 3221 1600; x_wconf 92' lang='lat' dir='ltr'><strong>ut</strong></span> <span class='ocrx_word' id='word_1_441' title='bbox 3256 1557 3558 1600; x_wconf 88' lang='lat' dir='ltr'><strong>sermonem</strong></span> <span class='ocrx_word' id='word_1_442' title='bbox 3594 1537 3852 1610; x_wconf 83' lang='lat' dir='ltr'><strong>precibus</strong></span> 
     </span>
    </p>
   </div>
   <div class='ocr_carea' id='block_1_58' title="bbox 2260 1628 3849 1702">
    <p class='ocr_par' dir='ltr' id='par_1_58' title="bbox 2260 1628 3849 1702">
     <span class='ocr_line' id='line_1_58' title="bbox 2260 1628 3849 1702; baseline -0.013 -7"><span class='ocrx_word' id='word_1_443' title='bbox 2260 1635 2714 1696; x_wconf 81' lang='lat' dir='ltr'><strong>claudamus.Vos</strong></span> <span class='ocrx_word' id='word_1_444' title='bbox 2727 1650 2856 1702; x_wconf 85' lang='lat' dir='ltr'><strong>ergo</strong></span> <span class='ocrx_word' id='word_1_445' title='bbox 2870 1634 3154 1687; x_wconf 84' lang='lat' dir='ltr'><strong>uobiscum</strong></span> <span class='ocrx_word' id='word_1_446' title='bbox 3176 1632 3334 1683; x_wconf 90' lang='lat' dir='ltr'><strong>simul</strong></span> <span class='ocrx_word' id='word_1_447' title='bbox 3352 1636 3520 1689; x_wconf 80' lang='lat' dir='ltr'><strong>orate,</strong></span> <span class='ocrx_word' id='word_1_448' title='bbox 3540 1634 3597 1676; x_wconf 87' lang='lat' dir='ltr'><strong>ut.</strong></span> <span class='ocrx_word' id='word_1_449' title='bbox 3611 1628 3849 1690; x_wconf 79' lang='lat' dir='ltr'><strong>juvenes</strong></span> 
     </span>
    </p>
   </div>
   <div class='ocr_carea' id='block_1_59' title="bbox 2263 1713 3851 1803">
    <p class='ocr_par' dir='ltr' id='par_1_59' title="bbox 2263 1713 3851 1803">
     <span class='ocr_line' id='line_1_59' title="bbox 2263 1713 3851 1803; baseline -0.014 -16"><span class='ocrx_word' id='word_1_450' title='bbox 2263 1733 2355 1803; x_wconf 92' lang='lat' dir='ltr'><strong>qui</strong></span> <span class='ocrx_word' id='word_1_451' title='bbox 2380 1732 2444 1786; x_wconf 82' lang='lat' dir='ltr'><strong>ad</strong></span> <span class='ocrx_word' id='word_1_452' title='bbox 2472 1729 2775 1785; x_wconf 86' lang='lat' dir='ltr'><strong>Ecclesiam</strong></span> <span class='ocrx_word' id='word_1_453' title='bbox 2803 1727 3095 1797; x_wconf 86' lang='lat' dir='ltr'><strong>pertinent,</strong></span> <span class='ocrx_word' id='word_1_454' title='bbox 3135 1721 3380 1776; x_wconf 90' lang='lat' dir='ltr'><strong>modeste</strong></span> <span class='ocrx_word' id='word_1_455' title='bbox 3403 1718 3582 1772; x_wconf 88' lang='lat' dir='ltr'><strong>vivere</strong></span> <span class='ocrx_word' id='word_1_456' title='bbox 3603 1713 3851 1768; x_wconf 77' lang='lat' dir='ltr'><strong>maxime</strong></span> 
     </span>
    </p>
   </div>
   <div class='ocr_carea' id='block_1_60' title="bbox 2267 1805 3851 1896">
    <p class='ocr_par' dir='ltr' id='par_1_60' title="bbox 2267 1805 3851 1896">
     <span class='ocr_line' id='line_1_60' title="bbox 2267 1805 3851 1896; baseline -0.015 -16"><span class='ocrx_word' id='word_1_457' title='bbox 2267 1824 2497 1896; x_wconf 84' lang='lat' dir='ltr'><strong>possint,</strong></span> <span class='ocrx_word' id='word_1_458' title='bbox 2538 1831 2592 1877; x_wconf 89' lang='lat' dir='ltr'><strong>et</strong></span> <span class='ocrx_word' id='word_1_459' title='bbox 2622 1821 2687 1876; x_wconf 93' lang='lat' dir='ltr'><strong>ad</strong></span> <span class='ocrx_word' id='word_1_460' title='bbox 2734 1827 3070 1876; x_wconf 82' lang='lat' dir='ltr'><strong>senectutem</strong></span> <span class='ocrx_word' id='word_1_461' title='bbox 3116 1811 3504 1870; x_wconf 89' lang='lat' dir='ltr'><strong>eondecentem</strong></span> <span class='ocrx_word' id='word_1_462' title='bbox 3539 1805 3851 1878; x_wconf 86' lang='lat' dir='ltr'><strong>pervenire.</strong></span> 
     </span>
    </p>
   </div>
   <div class='ocr_carea' id='block_1_61' title="bbox 2260 1901 3853 1985">
    <p class='ocr_par' dir='ltr' id='par_1_61' title="bbox 2260 1901 3853 1985">
     <span class='ocr_line' id='line_1_61' title="bbox 2260 1901 3853 1985; baseline -0.011 -14"><span class='ocrx_word' id='word_1_463' title='bbox 2260 1916 2389 1972; x_wconf 81' lang='lat' dir='ltr'><strong>Nam</strong></span> <span class='ocrx_word' id='word_1_464' title='bbox 2416 1916 2494 1970; x_wconf 90' lang='lat' dir='ltr'><strong>eis</strong></span> <span class='ocrx_word' id='word_1_465' title='bbox 2518 1915 2605 1985; x_wconf 91' lang='lat' dir='ltr'><strong>qui</strong></span> <span class='ocrx_word' id='word_1_466' title='bbox 2649 1930 2755 1970; x_wconf 91' lang='lat' dir='ltr'><strong>non</strong></span> <span class='ocrx_word' id='word_1_467' title='bbox 2789 1920 3145 1982; x_wconf 87' lang='lat' dir='ltr'><strong>temperanter</strong></span> <span class='ocrx_word' id='word_1_468' title='bbox 3169 1911 3353 1964; x_wconf 90' lang='lat' dir='ltr'><strong>vivunt</strong></span> <span class='ocrx_word' id='word_1_469' title='bbox 3378 1950 3391 1972; x_wconf 92' lang='lat'><strong>,</strong></span> <span class='ocrx_word' id='word_1_470' title='bbox 3422 1923 3524 1960; x_wconf 90' lang='lat' dir='ltr'><strong>non</strong></span> <span class='ocrx_word' id='word_1_471' title='bbox 3553 1901 3853 1974; x_wconf 88' lang='lat' dir='ltr'><strong>optandum</strong></span> 
     </span>
    </p>
   </div>
   <div class='ocr_carea' id='block_1_62' title="bbox 2262 1995 3858 2074">
    <p class='ocr_par' dir='ltr' id='par_1_62' title="bbox 2262 1995 3858 2074">
     <span class='ocr_line' id='line_1_62' title="bbox 2262 1995 3858 2074; baseline -0.012 -10"><span class='ocrx_word' id='word_1_472' title='bbox 2262 2018 2316 2064; x_wconf 90' lang='lat' dir='ltr'><strong>ut</strong></span> <span class='ocrx_word' id='word_1_473' title='bbox 2356 2015 2685 2063; x_wconf 86' lang='lat' dir='ltr'><strong>senectutem</strong></span> <span class='ocrx_word' id='word_1_474' title='bbox 2716 2014 3067 2074; x_wconf 87' lang='lat' dir='ltr'><strong>assequantur</strong></span> <span class='ocrx_word' id='word_1_475' title='bbox 3087 2046 3100 2070; x_wconf 92' lang='lat'><strong>,</strong></span> <span class='ocrx_word' id='word_1_476' title='bbox 3145 2004 3263 2057; x_wconf 89' lang='lat' dir='ltr'><strong>illos</strong></span> <span class='ocrx_word' id='word_1_477' title='bbox 3296 2014 3425 2055; x_wconf 79' lang='lat' dir='ltr'><strong>vero</strong></span> <span class='ocrx_word' id='word_1_478' title='bbox 3454 1997 3543 2069; x_wconf 90' lang='lat' dir='ltr'><strong>qui</strong></span> <span class='ocrx_word' id='word_1_479' title='bbox 3577 1998 3627 2050; x_wconf 90' lang='lat' dir='ltr'><strong>in</strong></span> <span class='ocrx_word' id='word_1_480' title='bbox 3654 1995 3858 2064; x_wconf 82' lang='lat' dir='ltr'><strong>juven-</strong></span> 
     </span>
    </p>
   </div>
   <div class='ocr_carea' id='block_1_63' title="bbox 2264 2088 3856 2166">
    <p class='ocr_par' dir='ltr' id='par_1_63' title="bbox 2264 2088 3856 2166">
     <span class='ocr_line' id='line_1_63' title="bbox 2264 2088 3856 2166; baseline -0.011 -13"><span class='ocrx_word' id='word_1_481' title='bbox 2264 2107 2376 2153; x_wconf 90' lang='lat' dir='ltr'><strong>tute</strong></span> <span class='ocrx_word' id='word_1_482' title='bbox 2400 2112 2556 2152; x_wconf 87' lang='lat' dir='ltr'><strong>senes</strong></span> <span class='ocrx_word' id='word_1_483' title='bbox 2583 2099 2855 2152; x_wconf 88' lang='lat' dir='ltr'><strong>imitantur</strong></span> <span class='ocrx_word' id='word_1_484' title='bbox 2877 2141 2892 2163; x_wconf 91' lang='lat'><strong>,</strong></span> <span class='ocrx_word' id='word_1_485' title='bbox 2926 2109 3116 2166; x_wconf 89' lang='lat' dir='ltr'><strong>precor</strong></span> <span class='ocrx_word' id='word_1_486' title='bbox 3139 2104 3433 2148; x_wconf 83' lang='lat' dir='ltr'><strong>extremam</strong></span> <span class='ocrx_word' id='word_1_487' title='bbox 3463 2088 3723 2156; x_wconf 84' lang='lat' dir='ltr'><strong>attingere</strong></span> <span class='ocrx_word' id='word_1_488' title='bbox 3751 2097 3856 2137; x_wconf 73' lang='grc' dir='ltr'><strong>αι-</strong></span> 
     </span>
    </p>
   </div>
   <div class='ocr_carea' id='block_1_64' title="bbox 2259 2175 3861 2261">
    <p class='ocr_par' dir='ltr' id='par_1_64' title="bbox 2259 2175 3861 2261">
     <span class='ocr_line' id='line_1_64' title="bbox 2259 2175 3861 2261; baseline -0.012 -14"><span class='ocrx_word' id='word_1_489' title='bbox 2259 2191 2467 2260; x_wconf 72' lang='lat' dir='ltr'><strong>‘nitiem,</strong></span> <span class='ocrx_word' id='word_1_490' title='bbox 2489 2199 2543 2245; x_wconf 88' lang='lat' dir='ltr'><strong>et</strong></span> <span class='ocrx_word' id='word_1_491' title='bbox 2563 2191 2850 2261; x_wconf 67' lang='lat' dir='ltr'><strong>praeclaros</strong></span> <span class='ocrx_word' id='word_1_492' title='bbox 2873 2189 3007 2243; x_wconf 82' lang='lat' dir='ltr'><strong>ﬁlios</strong></span> <span class='ocrx_word' id='word_1_493' title='bbox 3027 2188 3262 2257; x_wconf 84' lang='lat' dir='ltr'><strong>gignere,</strong></span> <span class='ocrx_word' id='word_1_494' title='bbox 3285 2184 3376 2255; x_wconf 87' lang='lat' dir='ltr'><strong>qui</strong></span> <span class='ocrx_word' id='word_1_495' title='bbox 3399 2181 3634 2252; x_wconf 81' lang='lat' dir='ltr'><strong>patribus</strong></span> <span class='ocrx_word' id='word_1_496' title='bbox 3654 2175 3861 2248; x_wconf 87' lang='lat' dir='ltr'><strong>gaudio</strong></span> 
     </span>
    </p>
   </div>
   <div class='ocr_carea' id='block_1_65' title="bbox 2265 2275 3864 2356">
    <p class='ocr_par' dir='ltr' id='par_1_65' title="bbox 2265 2275 3864 2356">
     <span class='ocr_line' id='line_1_65' title="bbox 2265 2275 3864 2356; baseline -0.011 -13"><span class='ocrx_word' id='word_1_497' title='bbox 2265 2289 2412 2352; x_wconf 86' lang='lat' dir='ltr'><strong>sint,</strong></span> <span class='ocrx_word' id='word_1_498' title='bbox 2459 2287 2513 2341; x_wconf 90' lang='lat' dir='ltr'><strong>in</strong></span> <span class='ocrx_word' id='word_1_499' title='bbox 2552 2285 2843 2356; x_wconf 89' lang='lat' dir='ltr'><strong>primisque</strong></span> <span class='ocrx_word' id='word_1_500' title='bbox 2886 2283 2996 2337; x_wconf 86' lang='lat' dir='ltr'><strong>Deo</strong></span> <span class='ocrx_word' id='word_1_501' title='bbox 3035 2280 3270 2335; x_wconf 91' lang='lat' dir='ltr'><strong>omnium</strong></span> <span class='ocrx_word' id='word_1_502' title='bbox 3313 2275 3616 2340; x_wconf 91' lang='lat' dir='ltr'><strong>conditori,</strong></span> <span class='ocrx_word' id='word_1_503' title='bbox 3661 2285 3864 2343; x_wconf 84' lang='lat' dir='ltr'><strong>precor</strong></span> 
     </span>
    </p>
   </div>
   <div class='ocr_carea' id='block_1_66' title="bbox 2267 2362 3862 2440">
    <p class='ocr_par' dir='ltr' id='par_1_66' title="bbox 2267 2362 3862 2440">
     <span class='ocr_line' id='line_1_66' title="bbox 2267 2362 3862 2440; baseline -0.013 -5"><span class='ocrx_word' id='word_1_504' title='bbox 2267 2381 2393 2435; x_wconf 87' lang='lat' dir='ltr'><strong>item</strong></span> <span class='ocrx_word' id='word_1_505' title='bbox 2433 2388 2494 2433; x_wconf 89' lang='lat' dir='ltr'><strong>ut</strong></span> <span class='ocrx_word' id='word_1_506' title='bbox 2533 2376 2778 2431; x_wconf 87' lang='lat' dir='ltr'><strong>morbum</strong></span> <span class='ocrx_word' id='word_1_507' title='bbox 2821 2374 2979 2430; x_wconf 89' lang='lat' dir='ltr'><strong>animi</strong></span> <span class='ocrx_word' id='word_1_508' title='bbox 3026 2387 3243 2427; x_wconf 89' lang='lat' dir='ltr'><strong>omnem</strong></span> <span class='ocrx_word' id='word_1_509' title='bbox 3283 2369 3499 2440; x_wconf 87' lang='lat' dir='ltr'><strong>abigat,</strong></span> <span class='ocrx_word' id='word_1_510' title='bbox 3543 2381 3649 2421; x_wconf 90' lang='lat' dir='ltr'><strong>non</strong></span> <span class='ocrx_word' id='word_1_511' title='bbox 3690 2362 3862 2418; x_wconf 87' lang='lat' dir='ltr'><strong>modo</strong></span> 
     </span>
    </p>
   </div>
   <div class='ocr_carea' id='block_1_67' title="bbox 2269 2456 3863 2540">
    <p class='ocr_par' dir='ltr' id='par_1_67' title="bbox 2269 2456 3863 2540">
     <span class='ocr_line' id='line_1_67' title="bbox 2269 2456 3863 2540; baseline -0.011 -13"><span class='ocrx_word' id='word_1_512' title='bbox 2269 2487 2391 2528; x_wconf 86' lang='lat' dir='ltr'><strong>eum</strong></span> <span class='ocrx_word' id='word_1_513' title='bbox 2421 2470 2510 2540; x_wconf 91' lang='lat' dir='ltr'><strong>qui</strong></span> <span class='ocrx_word' id='word_1_514' title='bbox 2539 2470 2593 2524; x_wconf 92' lang='lat' dir='ltr'><strong>in</strong></span> <span class='ocrx_word' id='word_1_515' title='bbox 2619 2467 2812 2522; x_wconf 91' lang='lat' dir='ltr'><strong>calceis</strong></span> <span class='ocrx_word' id='word_1_516' title='bbox 2836 2474 2892 2526; x_wconf 87' lang='lat' dir='ltr'><strong>et</strong></span> <span class='ocrx_word' id='word_1_517' title='bbox 2920 2465 3248 2520; x_wconf 72' lang='lat' dir='ltr'><strong>vesdmentis</strong></span> <span class='ocrx_word' id='word_1_518' title='bbox 3275 2459 3692 2531; x_wconf 89' lang='lat' dir='ltr'><strong>deprehenditur</strong></span> <span class='ocrx_word' id='word_1_519' title='bbox 3711 2499 3727 2519; x_wconf 87' lang='lat'><strong>,</strong></span> <span class='ocrx_word' id='word_1_520' title='bbox 3755 2456 3863 2512; x_wconf 81' lang='lat' dir='ltr'><strong>sed</strong></span> 
     </span>
    </p>
   </div>
   <div class='ocr_carea' id='block_1_68' title="bbox 2271 2549 3864 2631">
    <p class='ocr_par' dir='ltr' id='par_1_68' title="bbox 2271 2549 3864 2631">
     <span class='ocr_line' id='line_1_68' title="bbox 2271 2549 3864 2631; baseline -0.01 -13"><span class='ocrx_word' id='word_1_521' title='bbox 2271 2573 2325 2618; x_wconf 92' lang='lat' dir='ltr'><strong>et</strong></span> <span class='ocrx_word' id='word_1_522' title='bbox 2365 2564 2525 2617; x_wconf 90' lang='lat' dir='ltr'><strong>alium</strong></span> <span class='ocrx_word' id='word_1_523' title='bbox 2573 2573 2980 2631; x_wconf 87' lang='lat' dir='ltr'><strong>quemcumque.</strong></span> <span class='ocrx_word' id='word_1_524' title='bbox 3030 2556 3164 2612; x_wconf 83' lang='lat' dir='ltr'><strong>Nam</strong></span> <span class='ocrx_word' id='word_1_525' title='bbox 3207 2555 3566 2610; x_wconf 88' lang='lat' dir='ltr'><strong>adolescentia</strong></span> <span class='ocrx_word' id='word_1_526' title='bbox 3614 2549 3864 2621; x_wconf 84' lang='lat' dir='ltr'><strong>neglecta</strong></span> 
     </span>
    </p>
   </div>
   <div class='ocr_carea' id='block_1_69' title="bbox 2271 2641 3869 2719">
    <p class='ocr_par' dir='ltr' id='par_1_69' title="bbox 2271 2641 3869 2719">
     <span class='ocr_line' id='line_1_69' title="bbox 2271 2641 3869 2719; baseline -0.009 -11"><span class='ocrx_word' id='word_1_527' title='bbox 2271 2655 2458 2709; x_wconf 87' lang='lat' dir='ltr'><strong>similis</strong></span> <span class='ocrx_word' id='word_1_528' title='bbox 2485 2662 2567 2708; x_wconf 89' lang='lat' dir='ltr'><strong>est</strong></span> <span class='ocrx_word' id='word_1_529' title='bbox 2595 2651 2805 2706; x_wconf 79' lang='lat' dir='ltr'><strong>incultae</strong></span> <span class='ocrx_word' id='word_1_530' title='bbox 2837 2659 3011 2713; x_wconf 75' lang='lat' dir='ltr'><strong>teme,</strong></span> <span class='ocrx_word' id='word_1_531' title='bbox 3041 2663 3160 2719; x_wconf 75' lang='lat' dir='ltr'><strong>qua:</strong></span> <span class='ocrx_word' id='word_1_532' title='bbox 3189 2646 3385 2701; x_wconf 86' lang='lat' dir='ltr'><strong>multas</strong></span> <span class='ocrx_word' id='word_1_533' title='bbox 3414 2644 3648 2713; x_wconf 90' lang='lat' dir='ltr'><strong>undique</strong></span> <span class='ocrx_word' id='word_1_534' title='bbox 3671 2641 3869 2712; x_wconf 80' lang='lat' dir='ltr'><strong>spinas</strong></span> 
     </span>
    </p>
   </div>
   <div class='ocr_carea' id='block_1_70' title="bbox 2270 2739 3866 2818">
    <p class='ocr_par' dir='ltr' id='par_1_70' title="bbox 2270 2739 3866 2818">
     <span class='ocr_line' id='line_1_70' title="bbox 2270 2739 3866 2818; baseline -0.005 -18"><span class='ocrx_word' id='word_1_535' title='bbox 2270 2750 2453 2818; x_wconf 85' lang='lat' dir='ltr'><strong>gignit.</strong></span> <span class='ocrx_word' id='word_1_536' title='bbox 2504 2745 2857 2800; x_wconf 79' lang='lat' dir='ltr'><strong>lmmittamus</strong></span> <span class='ocrx_word' id='word_1_537' title='bbox 2893 2759 3019 2813; x_wconf 82' lang='lat' dir='ltr'><strong>ergo</strong></span> <span class='ocrx_word' id='word_1_538' title='bbox 3058 2741 3228 2798; x_wconf 81' lang='lat' dir='ltr'><strong>sancti</strong></span> <span class='ocrx_word' id='word_1_539' title='bbox 3269 2740 3498 2810; x_wconf 87' lang='lat' dir='ltr'><strong>Spiritus</strong></span> <span class='ocrx_word' id='word_1_540' title='bbox 3543 2739 3716 2809; x_wconf 87' lang='lat' dir='ltr'><strong>ignem</strong></span> <span class='ocrx_word' id='word_1_541' title='bbox 3744 2778 3759 2802; x_wconf 97' lang='lat'><strong>,</strong></span> <span class='ocrx_word' id='word_1_542' title='bbox 3800 2747 3866 2792; x_wconf 87' lang='lat' dir='ltr'><strong>et</strong></span> 
     </span>
    </p>
   </div>
   <div class='ocr_carea' id='block_1_71' title="bbox 2275 2832 3869 2907">
    <p class='ocr_par' dir='ltr' id='par_1_71' title="bbox 2275 2832 3869 2907">
     <span class='ocr_line' id='line_1_71' title="bbox 2275 2832 3869 2907; baseline -0.008 -13"><span class='ocrx_word' id='word_1_543' title='bbox 2275 2841 2440 2895; x_wconf 89' lang='lat' dir='ltr'><strong>malas</strong></span> <span class='ocrx_word' id='word_1_544' title='bbox 2483 2838 2644 2894; x_wconf 81' lang='lat' dir='ltr'><strong>hasce</strong></span> <span class='ocrx_word' id='word_1_545' title='bbox 2682 2837 2997 2907; x_wconf 88' lang='lat' dir='ltr'><strong>cupiditates</strong></span> <span class='ocrx_word' id='word_1_546' title='bbox 3027 2847 3273 2897; x_wconf 89' lang='lat' dir='ltr'><strong>uramns;</strong></span> <span class='ocrx_word' id='word_1_547' title='bbox 3315 2832 3510 2886; x_wconf 81' lang='lat' dir='ltr'><strong>inculta</strong></span> <span class='ocrx_word' id='word_1_548' title='bbox 3538 2846 3662 2884; x_wconf 89' lang='lat' dir='ltr'><strong>arva</strong></span> <span class='ocrx_word' id='word_1_549' title='bbox 3691 2843 3869 2885; x_wconf 83' lang='lat' dir='ltr'><strong>exco-</strong></span> 
     </span>
    </p>
   </div>
   <div class='ocr_carea' id='block_1_72' title="bbox 2277 2926 3871 3002">
    <p class='ocr_par' dir='ltr' id='par_1_72' title="bbox 2277 2926 3871 3002">
     <span class='ocr_line' id='line_1_72' title="bbox 2277 2926 3871 3002; baseline -0.009 -12"><span class='ocrx_word' id='word_1_550' title='bbox 2277 2935 2466 3002; x_wconf 78' lang='lat' dir='ltr'><strong>lamus,</strong></span> <span class='ocrx_word' id='word_1_551' title='bbox 2485 2942 2544 2986; x_wconf 92' lang='lat' dir='ltr'><strong>ut</strong></span> <span class='ocrx_word' id='word_1_552' title='bbox 2561 2947 2745 2987; x_wconf 87' lang='lat' dir='ltr'><strong>semen</strong></span> <span class='ocrx_word' id='word_1_553' title='bbox 2768 2930 2973 3001; x_wconf 88' lang='lat' dir='ltr'><strong>possint</strong></span> <span class='ocrx_word' id='word_1_554' title='bbox 2992 2928 3292 2996; x_wconf 83' lang='lat' dir='ltr'><strong>suscipere;</strong></span> <span class='ocrx_word' id='word_1_555' title='bbox 3315 2936 3369 2982; x_wconf 92' lang='lat' dir='ltr'><strong>et</strong></span> <span class='ocrx_word' id='word_1_556' title='bbox 3383 2926 3626 2996; x_wconf 89' lang='lat' dir='ltr'><strong>juniores</strong></span> <span class='ocrx_word' id='word_1_557' title='bbox 3647 2932 3871 2978; x_wconf 79' lang='lat' dir='ltr'><strong>nostros</strong></span> 
     </span>
    </p>
   </div>
   <div class='ocr_carea' id='block_1_73' title="bbox 2276 3013 3871 3091">
    <p class='ocr_par' dir='ltr' id='par_1_73' title="bbox 2276 3013 3871 3091">
     <span class='ocr_line' id='line_1_73' title="bbox 2276 3013 3871 3091; baseline -0.01 -10"><span class='ocrx_word' id='word_1_558' title='bbox 2276 3025 2463 3080; x_wconf 91' lang='lat' dir='ltr'><strong>alienis</strong></span> <span class='ocrx_word' id='word_1_559' title='bbox 2490 3023 2707 3079; x_wconf 89' lang='lat' dir='ltr'><strong>senibus</strong></span> <span class='ocrx_word' id='word_1_560' title='bbox 2745 3021 3094 3091; x_wconf 86' lang='lat' dir='ltr'><strong>sapientiores</strong></span> <span class='ocrx_word' id='word_1_561' title='bbox 3123 3017 3489 3073; x_wconf 80' lang='lat' dir='ltr'><strong>exhibeamus.</strong></span> <span class='ocrx_word' id='word_1_562' title='bbox 3535 3014 3668 3069; x_wconf 87' lang='lat' dir='ltr'><strong>Nam</strong></span> <span class='ocrx_word' id='word_1_563' title='bbox 3696 3013 3871 3068; x_wconf 87' lang='lat' dir='ltr'><strong>mira-</strong></span> 
     </span>
    </p>
   </div>
   <div class='ocr_carea' id='block_1_74' title="bbox 2277 3106 3869 3186">
    <p class='ocr_par' dir='ltr' id='par_1_74' title="bbox 2277 3106 3869 3186">
     <span class='ocr_line' id='line_1_74' title="bbox 2277 3106 3869 3186; baseline -0.009 -15"><span class='ocrx_word' id='word_1_564' title='bbox 2277 3118 2384 3171; x_wconf 90' lang='lat' dir='ltr'><strong>bile</strong></span> <span class='ocrx_word' id='word_1_565' title='bbox 2416 3115 2571 3186; x_wconf 89' lang='lat' dir='ltr'><strong>plane</strong></span> <span class='ocrx_word' id='word_1_566' title='bbox 2599 3113 2724 3168; x_wconf 91' lang='lat' dir='ltr'><strong>illud</strong></span> <span class='ocrx_word' id='word_1_567' title='bbox 2756 3123 2871 3177; x_wconf 87' lang='lat' dir='ltr'><strong>est,</strong></span> <span class='ocrx_word' id='word_1_568' title='bbox 2905 3127 3024 3164; x_wconf 93' lang='lat' dir='ltr'><strong>cum</strong></span> <span class='ocrx_word' id='word_1_569' title='bbox 3053 3111 3107 3164; x_wconf 90' lang='lat' dir='ltr'><strong>in</strong></span> <span class='ocrx_word' id='word_1_570' title='bbox 3138 3109 3416 3178; x_wconf 88' lang='lat' dir='ltr'><strong>juventute</strong></span> <span class='ocrx_word' id='word_1_571' title='bbox 3444 3106 3691 3176; x_wconf 89' lang='lat' dir='ltr'><strong>splendet</strong></span> <span class='ocrx_word' id='word_1_572' title='bbox 3722 3111 3869 3159; x_wconf 85' lang='lat' dir='ltr'><strong>tem-</strong></span> 
     </span>
    </p>
   </div>
   <div class='ocr_carea' id='block_1_75' title="bbox 2280 3203 3872 3282">
    <p class='ocr_par' dir='ltr' id='par_1_75' title="bbox 2280 3203 3872 3282">
     <span class='ocr_line' id='line_1_75' title="bbox 2280 3203 3872 3282; baseline -0.011 -16"><span class='ocrx_word' id='word_1_573' title='bbox 2280 3210 2516 3282; x_wconf 88' lang='lat' dir='ltr'><strong>perantia</strong></span> <span class='ocrx_word' id='word_1_574' title='bbox 2537 3250 2553 3275; x_wconf 96' lang='lat'><strong>,</strong></span> <span class='ocrx_word' id='word_1_575' title='bbox 2579 3223 2699 3262; x_wconf 93' lang='lat' dir='ltr'><strong>cum</strong></span> <span class='ocrx_word' id='word_1_576' title='bbox 2729 3216 2914 3260; x_wconf 77' lang='lat' dir='ltr'><strong>contra</strong></span> <span class='ocrx_word' id='word_1_577' title='bbox 2948 3205 2991 3258; x_wconf 88' lang='lat' dir='ltr'><strong>is</strong></span> <span class='ocrx_word' id='word_1_578' title='bbox 3012 3245 3027 3270; x_wconf 97' lang='lat'><strong>,</strong></span> <span class='ocrx_word' id='word_1_579' title='bbox 3056 3203 3141 3273; x_wconf 92' lang='lat' dir='ltr'><strong>qui</strong></span> <span class='ocrx_word' id='word_1_580' title='bbox 3175 3205 3226 3258; x_wconf 90' lang='lat' dir='ltr'><strong>in</strong></span> <span class='ocrx_word' id='word_1_581' title='bbox 3258 3211 3532 3257; x_wconf 90' lang='lat' dir='ltr'><strong>senectute</strong></span> <span class='ocrx_word' id='word_1_582' title='bbox 3558 3207 3872 3268; x_wconf 76' lang='lat' dir='ltr'><strong>temperans</strong></span> 
     </span>
    </p>
   </div>
   <div class='ocr_carea' id='block_1_76' title="bbox 2279 3289 3873 3369">
    <p class='ocr_par' dir='ltr' id='par_1_76' title="bbox 2279 3289 3873 3369">
     <span class='ocr_line' id='line_1_76' title="bbox 2279 3289 3873 3369; baseline -0.009 -11"><span class='ocrx_word' id='word_1_583' title='bbox 2279 3312 2362 3358; x_wconf 89' lang='lat' dir='ltr'><strong>est</strong></span> <span class='ocrx_word' id='word_1_584' title='bbox 2384 3344 2398 3369; x_wconf 93' lang='lat'><strong>,</strong></span> <span class='ocrx_word' id='word_1_585' title='bbox 2441 3317 2544 3356; x_wconf 88' lang='lat' dir='ltr'><strong>non</strong></span> <span class='ocrx_word' id='word_1_586' title='bbox 2587 3302 2657 3355; x_wconf 89' lang='lat' dir='ltr'><strong>ita</strong></span> <span class='ocrx_word' id='word_1_587' title='bbox 2698 3313 2942 3369; x_wconf 90' lang='lat' dir='ltr'><strong>magnam</strong></span> <span class='ocrx_word' id='word_1_588' title='bbox 2973 3297 3170 3352; x_wconf 76' lang='lat' dir='ltr'><strong>referat</strong></span> <span class='ocrx_word' id='word_1_589' title='bbox 3198 3293 3539 3358; x_wconf 87' lang='lat' dir='ltr'><strong>mercedem,</strong></span> <span class='ocrx_word' id='word_1_590' title='bbox 3574 3291 3662 3362; x_wconf 89' lang='lat' dir='ltr'><strong>qui</strong></span> <span class='ocrx_word' id='word_1_591' title='bbox 3693 3289 3873 3344; x_wconf 83' lang='lat' dir='ltr'><strong>aetatis</strong></span> 
     </span>
    </p>
   </div>
   <div class='ocr_carea' id='block_1_77' title="bbox 2281 3378 3874 3448">
    <p class='ocr_par' dir='ltr' id='par_1_77' title="bbox 2281 3378 3874 3448">
     <span class='ocr_line' id='line_1_77' title="bbox 2281 3378 3874 3448; baseline -0.01 0"><span class='ocrx_word' id='word_1_592' title='bbox 2281 3392 2571 3448; x_wconf 89' lang='lat' dir='ltr'><strong>subsidium</strong></span> <span class='ocrx_word' id='word_1_593' title='bbox 2593 3390 2804 3445; x_wconf 84' lang='lat' dir='ltr'><strong>habeat.</strong></span> <span class='ocrx_word' id='word_1_594' title='bbox 2837 3387 2964 3443; x_wconf 89' lang='lat' dir='ltr'><strong>Illud</strong></span> <span class='ocrx_word' id='word_1_595' title='bbox 2993 3397 3169 3442; x_wconf 89' lang='lat' dir='ltr'><strong>autem</strong></span> <span class='ocrx_word' id='word_1_596' title='bbox 3196 3385 3386 3440; x_wconf 91' lang='lat' dir='ltr'><strong>mirum</strong></span> <span class='ocrx_word' id='word_1_597' title='bbox 3410 3392 3512 3446; x_wconf 92' lang='lat' dir='ltr'><strong>est,</strong></span> <span class='ocrx_word' id='word_1_598' title='bbox 3542 3383 3595 3436; x_wconf 92' lang='lat' dir='ltr'><strong>in</strong></span> <span class='ocrx_word' id='word_1_599' title='bbox 3617 3378 3874 3435; x_wconf 81' lang='lat' dir='ltr'><strong>ﬂuctibus</strong></span> 
     </span>
    </p>
   </div>
   <div class='ocr_carea' id='block_1_78' title="bbox 2282 3473 3876 3557">
    <p class='ocr_par' dir='ltr' id='par_1_78' title="bbox 2282 3473 3876 3557">
     <span class='ocr_line' id='line_1_78' title="bbox 2282 3473 3876 3557; baseline -0.009 -17"><span class='ocrx_word' id='word_1_600' title='bbox 2282 3486 2658 3557; x_wconf 88' lang='lat' dir='ltr'><strong>tranquillitate</strong></span> <span class='ocrx_word' id='word_1_601' title='bbox 2685 3482 2786 3535; x_wconf 84' lang='lat' dir='ltr'><strong>frui</strong></span> <span class='ocrx_word' id='word_1_602' title='bbox 2811 3523 2824 3546; x_wconf 96' lang='lat'><strong>,</strong></span> <span class='ocrx_word' id='word_1_603' title='bbox 2863 3490 2916 3534; x_wconf 89' lang='lat' dir='ltr'><strong>et</strong></span> <span class='ocrx_word' id='word_1_604' title='bbox 2946 3481 3000 3533; x_wconf 88' lang='lat' dir='ltr'><strong>in</strong></span> <span class='ocrx_word' id='word_1_605' title='bbox 3027 3479 3242 3533; x_wconf 80' lang='lat' dir='ltr'><strong>fornace</strong></span> <span class='ocrx_word' id='word_1_606' title='bbox 3267 3491 3371 3531; x_wconf 89' lang='lat' dir='ltr'><strong>non</strong></span> <span class='ocrx_word' id='word_1_607' title='bbox 3400 3473 3678 3538; x_wconf 90' lang='lat' dir='ltr'><strong>comburi,</strong></span> <span class='ocrx_word' id='word_1_608' title='bbox 3705 3481 3876 3540; x_wconf 78' lang='lat' dir='ltr'><strong>atque</strong></span> 
     </span>
    </p>
   </div>
   <div class='ocr_carea' id='block_1_79' title="bbox 2283 3563 3878 3648">
    <p class='ocr_par' dir='ltr' id='par_1_79' title="bbox 2283 3563 3878 3648">
     <span class='ocr_line' id='line_1_79' title="bbox 2283 3563 3878 3648; baseline -0.012 -13"><span class='ocrx_word' id='word_1_609' title='bbox 2283 3581 2335 3635; x_wconf 91' lang='lat' dir='ltr'><strong>in</strong></span> <span class='ocrx_word' id='word_1_610' title='bbox 2357 3579 2633 3648; x_wconf 73' lang='lat' dir='ltr'><strong>iuventute</strong></span> <span class='ocrx_word' id='word_1_611' title='bbox 2654 3591 2762 3630; x_wconf 89' lang='lat' dir='ltr'><strong>non</strong></span> <span class='ocrx_word' id='word_1_612' title='bbox 2793 3572 3054 3629; x_wconf 89' lang='lat' dir='ltr'><strong>lascivire.</strong></span> <span class='ocrx_word' id='word_1_613' title='bbox 3079 3569 3203 3625; x_wconf 63' lang='lat' dir='ltr'><strong>Haec</strong></span> <span class='ocrx_word' id='word_1_614' title='bbox 3228 3568 3404 3637; x_wconf 88' lang='lat' dir='ltr'><strong>itaque</strong></span> <span class='ocrx_word' id='word_1_615' title='bbox 3428 3569 3606 3621; x_wconf 89' lang='lat' dir='ltr'><strong>animo</strong></span> <span class='ocrx_word' id='word_1_616' title='bbox 3626 3563 3878 3620; x_wconf 79' lang='lat' dir='ltr'><strong>recolen-</strong></span> 
     </span>
    </p>
   </div>
   <div class='ocr_carea' id='block_1_80' title="bbox 2286 3653 3876 3735">
    <p class='ocr_par' dir='ltr' id='par_1_80' title="bbox 2286 3653 3876 3735">
     <span class='ocr_line' id='line_1_80' title="bbox 2286 3653 3876 3735; baseline -0.011 -11"><span class='ocrx_word' id='word_1_617' title='bbox 2286 3682 2402 3735; x_wconf 87' lang='lat' dir='ltr'><strong>tes,</strong></span> <span class='ocrx_word' id='word_1_618' title='bbox 2443 3670 2711 3724; x_wconf 90' lang='lat' dir='ltr'><strong>imitemur</strong></span> <span class='ocrx_word' id='word_1_619' title='bbox 2751 3667 2959 3720; x_wconf 88' lang='lat' dir='ltr'><strong>beatmn</strong></span> <span class='ocrx_word' id='word_1_620' title='bbox 3007 3665 3154 3718; x_wconf 90' lang='lat' dir='ltr'><strong>illum</strong></span> <span class='ocrx_word' id='word_1_621' title='bbox 3193 3659 3481 3730; x_wconf 82' lang='lat' dir='ltr'><strong>Josephum</strong></span> <span class='ocrx_word' id='word_1_622' title='bbox 3509 3699 3525 3725; x_wconf 93' lang='lat'><strong>,</strong></span> <span class='ocrx_word' id='word_1_623' title='bbox 3563 3657 3651 3728; x_wconf 91' lang='lat' dir='ltr'><strong>qui</strong></span> <span class='ocrx_word' id='word_1_624' title='bbox 3690 3655 3743 3709; x_wconf 88' lang='lat' dir='ltr'><strong>in</strong></span> <span class='ocrx_word' id='word_1_625' title='bbox 3782 3653 3876 3708; x_wconf 85' lang='lat' dir='ltr'><strong>his</strong></span> 
     </span>
    </p>
   </div>
   <div class='ocr_carea' id='block_1_81' title="bbox 2283 3749 3876 3831">
    <p class='ocr_par' dir='ltr' id='par_1_81' title="bbox 2283 3749 3876 3831">
     <span class='ocr_line' id='line_1_81' title="bbox 2283 3749 3876 3831; baseline -0.012 -12"><span class='ocrx_word' id='word_1_626' title='bbox 2283 3752 2873 3831; x_wconf 31' lang='lat' dir='ltr'><strong>omnibus‘conSpicuus</strong></span> <span class='ocrx_word' id='word_1_627' title='bbox 2897 3755 3016 3823; x_wconf 82' lang='lat' dir='ltr'><strong>fuit,</strong></span> <span class='ocrx_word' id='word_1_628' title='bbox 3045 3766 3105 3810; x_wconf 93' lang='lat' dir='ltr'><strong>ut</strong></span> <span class='ocrx_word' id='word_1_629' title='bbox 3132 3754 3346 3811; x_wconf 85' lang='lat' dir='ltr'><strong>easdem</strong></span> <span class='ocrx_word' id='word_1_630' title='bbox 3373 3765 3506 3822; x_wconf 92' lang='lat' dir='ltr'><strong>quas</strong></span> <span class='ocrx_word' id='word_1_631' title='bbox 3531 3749 3617 3804; x_wconf 86' lang='lat' dir='ltr'><strong>ille</strong></span> <span class='ocrx_word' id='word_1_632' title='bbox 3641 3759 3876 3803; x_wconf 80' lang='lat' dir='ltr'><strong>coronas</strong></span> 
     </span>
    </p>
   </div>
   <div class='ocr_carea' id='block_1_82' title="bbox 2284 3837 3879 3926">
    <p class='ocr_par' dir='ltr' id='par_1_82' title="bbox 2284 3837 3879 3926">
     <span class='ocr_line' id='line_1_82' title="bbox 2284 3837 3879 3926; baseline -0.013 -14"><span class='ocrx_word' id='word_1_633' title='bbox 2284 3869 2629 3926; x_wconf 87' lang='lat' dir='ltr'><strong>assequamur</strong></span> <span class='ocrx_word' id='word_1_634' title='bbox 2656 3871 2672 3908; x_wconf 89' lang='lat'><strong>:</strong></span> <span class='ocrx_word' id='word_1_635' title='bbox 2703 3853 2893 3923; x_wconf 88' lang='lat' dir='ltr'><strong>quibus</strong></span> <span class='ocrx_word' id='word_1_636' title='bbox 2921 3853 3119 3904; x_wconf 91' lang='lat' dir='ltr'><strong>utinam</strong></span> <span class='ocrx_word' id='word_1_637' title='bbox 3149 3860 3337 3903; x_wconf 90' lang='lat' dir='ltr'><strong>omnes</strong></span> <span class='ocrx_word' id='word_1_638' title='bbox 3371 3845 3669 3914; x_wconf 80' lang='lat' dir='ltr'><strong>patiamur,</strong></span> <span class='ocrx_word' id='word_1_639' title='bbox 3699 3837 3879 3909; x_wconf 78' lang='lat' dir='ltr'><strong>gratia</strong></span> 
     </span>
    </p>
   </div>
   <div class='ocr_carea' id='block_1_83' title="bbox 2285 3931 3877 4018">
    <p class='ocr_par' dir='ltr' id='par_1_83' title="bbox 2285 3931 3877 4018">
     <span class='ocr_line' id='line_1_83' title="bbox 2285 3931 3877 4018; baseline -0.013 -13"><span class='ocrx_word' id='word_1_640' title='bbox 2285 3959 2340 4006; x_wconf 90' lang='lat' dir='ltr'><strong>et</strong></span> <span class='ocrx_word' id='word_1_641' title='bbox 2384 3948 2706 4018; x_wconf 84' lang='lat' dir='ltr'><strong>benignitate</strong></span> <span class='ocrx_word' id='word_1_642' title='bbox 2751 3943 2956 4000; x_wconf 90' lang='lat' dir='ltr'><strong>Domini</strong></span> <span class='ocrx_word' id='word_1_643' title='bbox 3003 3941 3167 3997; x_wconf 91' lang='lat' dir='ltr'><strong>nostri</strong></span> <span class='ocrx_word' id='word_1_644' title='bbox 3206 3939 3332 3994; x_wconf 83' lang='lat' dir='ltr'><strong>Jesu</strong></span> <span class='ocrx_word' id='word_1_645' title='bbox 3373 3936 3610 4000; x_wconf 88' lang='lat' dir='ltr'><strong>Christi,</strong></span> <span class='ocrx_word' id='word_1_646' title='bbox 3653 3931 3877 4003; x_wconf 83' lang='lat' dir='ltr'><strong>quicum</strong></span> 
     </span>
    </p>
   </div>
   <div class='ocr_carea' id='block_1_84' title="bbox 2286 4035 3878 4112">
    <p class='ocr_par' dir='ltr' id='par_1_84' title="bbox 2286 4035 3878 4112">
     <span class='ocr_line' id='line_1_84' title="bbox 2286 4035 3878 4112; baseline -0.013 -14"><span class='ocrx_word' id='word_1_647' title='bbox 2286 4042 2429 4098; x_wconf 86' lang='lat' dir='ltr'><strong>Patri</strong></span> <span class='ocrx_word' id='word_1_648' title='bbox 2455 4041 2619 4112; x_wconf 90' lang='lat' dir='ltr'><strong>gloria</strong></span> <span class='ocrx_word' id='word_1_649' title='bbox 2647 4047 2704 4094; x_wconf 90' lang='lat' dir='ltr'><strong>et</strong></span> <span class='ocrx_word' id='word_1_650' title='bbox 2728 4039 2885 4093; x_wconf 88' lang='lat' dir='ltr'><strong>simul</strong></span> <span class='ocrx_word' id='word_1_651' title='bbox 2912 4035 3130 4106; x_wconf 91' lang='lat' dir='ltr'><strong>Spiritui</strong></span> <span class='ocrx_word' id='word_1_652' title='bbox 3157 4042 3360 4098; x_wconf 86' lang='lat' dir='ltr'><strong>saneto,</strong></span> <span class='ocrx_word' id='word_1_653' title='bbox 3389 4046 3529 4084; x_wconf 89' lang='lat' dir='ltr'><strong>nunc</strong></span> <span class='ocrx_word' id='word_1_654' title='bbox 3557 4037 3611 4084; x_wconf 90' lang='lat' dir='ltr'><strong>et</strong></span> <span class='ocrx_word' id='word_1_655' title='bbox 3635 4039 3878 4095; x_wconf 78' lang='lat' dir='ltr'><strong>semper,</strong></span> 
     </span>
    </p>
   </div>
   <div class='ocr_carea' id='block_1_85' title="bbox 2286 4129 3228 4192">
    <p class='ocr_par' dir='ltr' id='par_1_85' title="bbox 2286 4129 3228 4192">
     <span class='ocr_line' id='line_1_85' title="bbox 2286 4129 3228 4192; baseline -0.013 -1"><span class='ocrx_word' id='word_1_656' title='bbox 2286 4146 2340 4192; x_wconf 92' lang='lat' dir='ltr'><strong>et</strong></span> <span class='ocrx_word' id='word_1_657' title='bbox 2373 4137 2426 4190; x_wconf 89' lang='lat' dir='ltr'><strong>in</strong></span> <span class='ocrx_word' id='word_1_658' title='bbox 2455 4133 2647 4189; x_wconf 64' lang='lat' dir='ltr'><strong>saecula</strong></span> <span class='ocrx_word' id='word_1_659' title='bbox 2678 4131 3012 4187; x_wconf 67' lang='lat' dir='ltr'><strong>surculorum.</strong></span> <span class='ocrx_word' id='word_1_660' title='bbox 3041 4129 3228 4182; x_wconf 84' lang='lat' dir='ltr'><strong>Amen.</strong></span> 
     </span>
    </p>
   </div>
   <div class='ocr_carea' id='block_1_86' title="bbox 605 4466 3868 4507">
    <p class='ocr_par' dir='ltr' id='par_1_86' title="bbox 605 4466 3868 4507">
     <span class='ocr_line' id='line_1_86' title="bbox 605 4466 3868 4507; baseline -0.01 0"><span class='ocrx_word' id='word_1_661' title='bbox 605 4466 3868 4507; x_wconf 80' lang='lat'><strong>_________________________________________——_———</strong></span> 
     </span>
    </p>
   </div>
   <div class='ocr_carea' id='block_1_87' title="bbox 1825 4612 2541 4682">
    <p class='ocr_par' dir='ltr' id='par_1_87' title="bbox 1825 4612 2541 4682">
     <span class='ocr_line' id='line_1_87' title="bbox 1825 4612 2541 4682; baseline -0.015 0"><span class='ocrx_word' id='word_1_662' title='bbox 1825 4618 2169 4682; x_wconf 81' lang='lat' dir='ltr'><strong>HOMILIA</strong></span> <span class='ocrx_word' id='word_1_663' title='bbox 2219 4618 2289 4678; x_wconf 92' lang='lat' dir='ltr'><strong>L.</strong></span> <span class='ocrx_word' id='word_1_664' title='bbox 2323 4615 2407 4677; x_wconf 83' lang='lat' dir='ltr'><strong>al.</strong></span> <span class='ocrx_word' id='word_1_665' title='bbox 2442 4612 2541 4673; x_wconf 83' lang='lat' dir='ltr'><strong>LI.</strong></span> 
     </span>
    </p>
   </div>
   <div class='ocr_carea' id='block_1_88' title="bbox 608 4787 2186 4854">
    <p class='ocr_par' dir='ltr' id='par_1_88' title="bbox 608 4787 2186 4854">
     <span class='ocr_line' id='line_1_88' title="bbox 608 4787 2186 4854; baseline -0.003 -9"><span class='ocrx_word' id='word_1_666' title='bbox 608 4790 732 4845; x_wconf 72' lang='grc' dir='ltr'><strong>εΑΡ.</strong></span> <span class='ocrx_word' id='word_1_667' title='bbox 773 4791 860 4846; x_wconf 76' lang='grc' dir='ltr'><strong>ιι.</strong></span> <span class='ocrx_word' id='word_1_668' title='bbox 909 4805 960 4842; x_wconf 89' lang='lat' dir='ltr'><strong>v.</strong></span> <span class='ocrx_word' id='word_1_669' title='bbox 1001 4790 1091 4845; x_wconf 69' lang='lat'><strong>25.</strong></span> <span class='ocrx_word' id='word_1_670' title='bbox 1127 4787 1197 4842; x_wconf 88' lang='lat' dir='ltr'><strong>Et</strong></span> <span class='ocrx_word' id='word_1_671' title='bbox 1235 4789 1444 4843; x_wconf 72' lang='lat' dir='ltr'><strong>dimissa</strong></span> <span class='ocrx_word' id='word_1_672' title='bbox 1485 4787 1648 4854; x_wconf 78' lang='lat' dir='ltr'><strong>turba,</strong></span> <span class='ocrx_word' id='word_1_673' title='bbox 1682 4787 1904 4841; x_wconf 79' lang='lat' dir='ltr'><strong>ascendit</strong></span> <span class='ocrx_word' id='word_1_674' title='bbox 1942 4788 1994 4840; x_wconf 85' lang='lat' dir='ltr'><strong>in</strong></span> <span class='ocrx_word' id='word_1_675' title='bbox 2042 4803 2186 4841; x_wconf 87' lang='lat' dir='ltr'><strong>mon-</strong></span> 
     </span>
    </p>
   </div>
   <div class='ocr_carea' id='block_1_89' title="bbox 679 4878 2182 4951">
    <p class='ocr_par' dir='ltr' id='par_1_89' title="bbox 679 4878 2182 4951">
     <span class='ocr_line' id='line_1_89' title="bbox 679 4878 2182 4951; baseline -0.001 -17"><span class='ocrx_word' id='word_1_676' title='bbox 679 4893 774 4934; x_wconf 82' lang='lat' dir='ltr'><strong>tem</strong></span> <span class='ocrx_word' id='word_1_677' title='bbox 803 4882 938 4935; x_wconf 69' lang='lat' dir='ltr'><strong>solus</strong></span> <span class='ocrx_word' id='word_1_678' title='bbox 965 4897 1128 4934; x_wconf 83' lang='lat' dir='ltr'><strong>orare.</strong></span> <span class='ocrx_word' id='word_1_679' title='bbox 1163 4879 1380 4951; x_wconf 75' lang='lat' dir='ltr'><strong>Vespere</strong></span> <span class='ocrx_word' id='word_1_680' title='bbox 1407 4889 1574 4934; x_wconf 79' lang='lat' dir='ltr'><strong>autem</strong></span> <span class='ocrx_word' id='word_1_681' title='bbox 1605 4883 1759 4950; x_wconf 80' lang='lat' dir='ltr'><strong>facta,</strong></span> <span class='ocrx_word' id='word_1_682' title='bbox 1792 4879 1929 4933; x_wconf 75' lang='lat' dir='ltr'><strong>solus</strong></span> <span class='ocrx_word' id='word_1_683' title='bbox 1962 4887 2068 4932; x_wconf 86' lang='lat' dir='ltr'><strong>erat</strong></span> <span class='ocrx_word' id='word_1_684' title='bbox 2094 4878 2182 4933; x_wconf 82' lang='lat' dir='ltr'><strong>ibi.</strong></span> 
     </span>
    </p>
   </div>
   <div class='ocr_carea' id='block_1_90' title="bbox 676 4969 2187 5041">
    <p class='ocr_par' dir='ltr' id='par_1_90' title="bbox 676 4969 2187 5041">
     <span class='ocr_line' id='line_1_90' title="bbox 676 4969 2187 5041; baseline -0.003 -15"><span class='ocrx_word' id='word_1_685' title='bbox 676 4972 766 5026; x_wconf 69' lang='grc'><strong>24.</strong></span> <span class='ocrx_word' id='word_1_686' title='bbox 802 4969 1054 5026; x_wconf 77' lang='grc' dir='ltr'><strong>Ναυὶειιια</strong></span> <span class='ocrx_word' id='word_1_687' title='bbox 1083 4981 1249 5026; x_wconf 78' lang='lat' dir='ltr'><strong>autent</strong></span> <span class='ocrx_word' id='word_1_688' title='bbox 1287 4973 1402 5041; x_wconf 86' lang='lat' dir='ltr'><strong>jam</strong></span> <span class='ocrx_word' id='word_1_689' title='bbox 1440 4972 1494 5024; x_wconf 81' lang='lat' dir='ltr'><strong>in</strong></span> <span class='ocrx_word' id='word_1_690' title='bbox 1538 4970 1702 5025; x_wconf 83' lang='lat' dir='ltr'><strong>medio</strong></span> <span class='ocrx_word' id='word_1_691' title='bbox 1731 4969 1861 5023; x_wconf 81' lang='lat' dir='ltr'><strong>mari</strong></span> <span class='ocrx_word' id='word_1_692' title='bbox 1898 4969 2187 5040; x_wconf 82' lang='lat' dir='ltr'><strong>jactabatur</strong></span> 
     </span>
    </p>
   </div>
   <div class='ocr_carea' id='block_1_91' title="bbox 677 5063 1780 5134">
    <p class='ocr_par' dir='ltr' id='par_1_91' title="bbox 677 5063 1780 5134">
     <span class='ocr_line' id='line_1_91' title="bbox 677 5063 1780 5134; baseline -0.004 -16"><span class='ocrx_word' id='word_1_693' title='bbox 677 5063 914 5134; x_wconf 67' lang='lat' dir='ltr'><strong>ﬂuctibus</strong></span> <span class='ocrx_word' id='word_1_694' title='bbox 945 5079 963 5118; x_wconf 89' lang='lat'><strong><em>:</em></strong></span> <span class='ocrx_word' id='word_1_695' title='bbox 991 5073 1098 5116; x_wconf 85' lang='lat' dir='ltr'><strong>erat</strong></span> <span class='ocrx_word' id='word_1_696' title='bbox 1129 5064 1257 5117; x_wconf 84' lang='lat' dir='ltr'><strong>enim</strong></span> <span class='ocrx_word' id='word_1_697' title='bbox 1279 5064 1560 5116; x_wconf 74' lang='lat' dir='ltr'><strong>contrarius</strong></span> <span class='ocrx_word' id='word_1_698' title='bbox 1589 5071 1780 5117; x_wconf 72' lang='lat' dir='ltr'><strong>ventus.</strong></span> 
     </span>
    </p>
   </div>
   <div class='ocr_carea' id='block_1_92' title="bbox 681 5155 2186 5225">
    <p class='ocr_par' dir='ltr' id='par_1_92' title="bbox 681 5155 2186 5225">
     <span class='ocr_line' id='line_1_92' title="bbox 681 5155 2186 5225; baseline -0.002 -14"><span class='ocrx_word' id='word_1_699' title='bbox 681 5160 730 5211; x_wconf 80' lang='grc'><strong>1.</strong></span> <span class='ocrx_word' id='word_1_700' title='bbox 766 5156 1001 5212; x_wconf 82' lang='lat' dir='ltr'><strong>Solitudo</strong></span> <span class='ocrx_word' id='word_1_701' title='bbox 1028 5155 1406 5225; x_wconf 75' lang='lat' dir='ltr'><strong>tranquillitatis</strong></span> <span class='ocrx_word' id='word_1_702' title='bbox 1447 5165 1620 5208; x_wconf 83' lang='lat' dir='ltr'><strong>mater.</strong></span> <span class='ocrx_word' id='word_1_703' title='bbox 1651 5185 1721 5196; x_wconf 90' lang='lat'><strong>——</strong></span> <span class='ocrx_word' id='word_1_704' title='bbox 1740 5155 1848 5210; x_wconf 89' lang='lat' dir='ltr'><strong>Cur</strong></span> <span class='ocrx_word' id='word_1_705' title='bbox 1873 5156 1923 5208; x_wconf 90' lang='lat' dir='ltr'><strong>in</strong></span> <span class='ocrx_word' id='word_1_706' title='bbox 1952 5161 2186 5208; x_wconf 87' lang='lat' dir='ltr'><strong>montem</strong></span> 
     </span>
    </p>
   </div>
   <div class='ocr_carea' id='block_1_93' title="bbox 611 5246 2185 5314">
    <p class='ocr_par' dir='ltr' id='par_1_93' title="bbox 611 5246 2185 5314">
     <span class='ocr_line' id='line_1_93' title="bbox 611 5246 2185 5314; baseline -0.004 -8"><span class='ocrx_word' id='word_1_707' title='bbox 611 5249 881 5306; x_wconf 71' lang='lat' dir='ltr'><strong>ascendit?</strong></span> <span class='ocrx_word' id='word_1_708' title='bbox 923 5248 993 5304; x_wconf 91' lang='lat' dir='ltr'><strong>Ut</strong></span> <span class='ocrx_word' id='word_1_709' title='bbox 1020 5264 1115 5303; x_wconf 86' lang='lat' dir='ltr'><strong>nos</strong></span> <span class='ocrx_word' id='word_1_710' title='bbox 1142 5247 1351 5314; x_wconf 86' lang='lat' dir='ltr'><strong>doceat,</strong></span> <span class='ocrx_word' id='word_1_711' title='bbox 1387 5247 1723 5303; x_wconf 91' lang='lat' dir='ltr'><strong>commodum</strong></span> <span class='ocrx_word' id='word_1_712' title='bbox 1751 5261 1869 5302; x_wconf 87' lang='lat' dir='ltr'><strong>esse</strong></span> <span class='ocrx_word' id='word_1_713' title='bbox 1894 5246 2185 5309; x_wconf 88' lang='lat' dir='ltr'><strong>desertum,</strong></span> 
     </span>
    </p>
   </div>
   <div class='ocr_carea' id='block_1_94' title="bbox 614 5336 2186 5406">
    <p class='ocr_par' dir='ltr' id='par_1_94' title="bbox 614 5336 2186 5406">
     <span class='ocr_line' id='line_1_94' title="bbox 614 5336 2186 5406; baseline -0.004 -12"><span class='ocrx_word' id='word_1_714' title='bbox 614 5339 942 5394; x_wconf 88' lang='lat' dir='ltr'><strong>commodam</strong></span> <span class='ocrx_word' id='word_1_715' title='bbox 972 5338 1334 5403; x_wconf 88' lang='lat' dir='ltr'><strong>solitudinem,</strong></span> <span class='ocrx_word' id='word_1_716' title='bbox 1365 5353 1484 5392; x_wconf 92' lang='lat' dir='ltr'><strong>cum</strong></span> <span class='ocrx_word' id='word_1_717' title='bbox 1516 5338 1622 5390; x_wconf 91' lang='lat' dir='ltr'><strong>Deo</strong></span> <span class='ocrx_word' id='word_1_718' title='bbox 1649 5336 2047 5406; x_wconf 89' lang='lat' dir='ltr'><strong>supplicandum</strong></span> <span class='ocrx_word' id='word_1_719' title='bbox 2087 5345 2186 5391; x_wconf 88' lang='lat' dir='ltr'><strong>est.</strong></span> 
     </span>
    </p>
   </div>
   <div class='ocr_carea' id='block_1_95' title="bbox 615 5429 2192 5501">
    <p class='ocr_par' dir='ltr' id='par_1_95' title="bbox 615 5429 2192 5501">
     <span class='ocr_line' id='line_1_95' title="bbox 615 5429 2192 5501; baseline -0.003 -15"><span class='ocrx_word' id='word_1_720' title='bbox 615 5431 736 5486; x_wconf 93' lang='lat' dir='ltr'><strong>Ideo</strong></span> <span class='ocrx_word' id='word_1_721' title='bbox 760 5446 901 5501; x_wconf 61' lang='lat' dir='ltr'><strong>sape</strong></span> <span class='ocrx_word' id='word_1_722' title='bbox 929 5429 1139 5485; x_wconf 87' lang='lat' dir='ltr'><strong>deserta</strong></span> <span class='ocrx_word' id='word_1_723' title='bbox 1185 5431 1333 5497; x_wconf 87' lang='lat' dir='ltr'><strong>petit,</strong></span> <span class='ocrx_word' id='word_1_724' title='bbox 1382 5429 1556 5497; x_wconf 87' lang='lat' dir='ltr'><strong>ibique</strong></span> <span class='ocrx_word' id='word_1_725' title='bbox 1597 5436 1868 5496; x_wconf 88' lang='lat' dir='ltr'><strong>pernoctat</strong></span> <span class='ocrx_word' id='word_1_726' title='bbox 1909 5442 2087 5494; x_wconf 89' lang='lat' dir='ltr'><strong>orans,</strong></span> <span class='ocrx_word' id='word_1_727' title='bbox 2136 5439 2192 5482; x_wconf 92' lang='lat' dir='ltr'><strong>ut</strong></span> 
     </span>
    </p>
   </div>
   <div class='ocr_carea' id='block_1_96' title="bbox 615 5518 2191 5590">
    <p class='ocr_par' dir='ltr' id='par_1_96' title="bbox 615 5518 2191 5590">
     <span class='ocr_line' id='line_1_96' title="bbox 615 5518 2191 5590; baseline -0.002 -14"><span class='ocrx_word' id='word_1_728' title='bbox 615 5538 713 5584; x_wconf 81' lang='lat' dir='ltr'><strong>nos</strong></span> <span class='ocrx_word' id='word_1_729' title='bbox 738 5531 973 5584; x_wconf 84' lang='lat' dir='ltr'><strong>moneat,</strong></span> <span class='ocrx_word' id='word_1_730' title='bbox 1005 5530 1059 5576; x_wconf 91' lang='lat' dir='ltr'><strong>et</strong></span> <span class='ocrx_word' id='word_1_731' title='bbox 1099 5530 1305 5590; x_wconf 90' lang='lat' dir='ltr'><strong>tempus</strong></span> <span class='ocrx_word' id='word_1_732' title='bbox 1342 5530 1395 5573; x_wconf 86' lang='lat' dir='ltr'><strong>et</strong></span> <span class='ocrx_word' id='word_1_733' title='bbox 1433 5520 1602 5573; x_wconf 89' lang='lat' dir='ltr'><strong>locum</strong></span> <span class='ocrx_word' id='word_1_734' title='bbox 1645 5518 1709 5572; x_wconf 91' lang='lat' dir='ltr'><strong>ad</strong></span> <span class='ocrx_word' id='word_1_735' title='bbox 1751 5519 2028 5588; x_wconf 89' lang='lat' dir='ltr'><strong>tranquille</strong></span> <span class='ocrx_word' id='word_1_736' title='bbox 2069 5535 2191 5588; x_wconf 89' lang='lat' dir='ltr'><strong>pre-</strong></span> 
     </span>
    </p>
   </div>
   <div class='ocr_carea' id='block_1_97' title="bbox 616 5610 2192 5684">
    <p class='ocr_par' dir='ltr' id='par_1_97' title="bbox 616 5610 2192 5684">
     <span class='ocr_line' id='line_1_97' title="bbox 616 5610 2192 5684; baseline -0.004 -13"><span class='ocrx_word' id='word_1_737' title='bbox 616 5613 840 5672; x_wconf 87' lang='lat' dir='ltr'><strong>candum</strong></span> <span class='ocrx_word' id='word_1_738' title='bbox 862 5625 1214 5684; x_wconf 88' lang='lat' dir='ltr'><strong>opportunum</strong></span> <span class='ocrx_word' id='word_1_739' title='bbox 1240 5627 1360 5668; x_wconf 90' lang='lat' dir='ltr'><strong>esse</strong></span> <span class='ocrx_word' id='word_1_740' title='bbox 1387 5610 1754 5681; x_wconf 66' lang='lat' dir='ltr'><strong>quaerendum.</strong></span> <span class='ocrx_word' id='word_1_741' title='bbox 1785 5610 2025 5666; x_wconf 88' lang='lat' dir='ltr'><strong>Solitudo</strong></span> <span class='ocrx_word' id='word_1_742' title='bbox 2049 5611 2192 5666; x_wconf 91' lang='lat' dir='ltr'><strong>enim</strong></span> 
     </span>
    </p>
   </div>
   <div class='ocr_carea' id='block_1_98' title="bbox 616 5701 2191 5777">
    <p class='ocr_par' dir='ltr' id='par_1_98' title="bbox 616 5701 2191 5777">
     <span class='ocr_line' id='line_1_98' title="bbox 616 5701 2191 5777; baseline -0.006 -13"><span class='ocrx_word' id='word_1_743' title='bbox 616 5706 1007 5777; x_wconf 88' lang='lat' dir='ltr'><strong>tranquillitatis</strong></span> <span class='ocrx_word' id='word_1_744' title='bbox 1045 5714 1216 5758; x_wconf 89' lang='lat' dir='ltr'><strong>mater</strong></span> <span class='ocrx_word' id='word_1_745' title='bbox 1245 5714 1347 5769; x_wconf 90' lang='lat' dir='ltr'><strong>est,</strong></span> <span class='ocrx_word' id='word_1_746' title='bbox 1380 5704 1680 5773; x_wconf 90' lang='lat' dir='ltr'><strong>quietisque</strong></span> <span class='ocrx_word' id='word_1_747' title='bbox 1716 5712 1916 5770; x_wconf 88' lang='lat' dir='ltr'><strong>portus,</strong></span> <span class='ocrx_word' id='word_1_748' title='bbox 1945 5703 2011 5756; x_wconf 93' lang='lat' dir='ltr'><strong>ab</strong></span> <span class='ocrx_word' id='word_1_749' title='bbox 2047 5701 2191 5755; x_wconf 92' lang='lat' dir='ltr'><strong>omni</strong></span> 
     </span>
    </p>
   </div>
   <div class='ocr_carea' id='block_1_99' title="bbox 620 5791 2197 5864">
    <p class='ocr_par' dir='ltr' id='par_1_99' title="bbox 620 5791 2197 5864">
     <span class='ocr_line' id='line_1_99' title="bbox 620 5791 2197 5864; baseline -0.006 -8"><span class='ocrx_word' id='word_1_750' title='bbox 620 5813 715 5856; x_wconf 84' lang='lat' dir='ltr'><strong>nos</strong></span> <span class='ocrx_word' id='word_1_751' title='bbox 745 5797 970 5852; x_wconf 89' lang='lat' dir='ltr'><strong>tumultu</strong></span> <span class='ocrx_word' id='word_1_752' title='bbox 994 5795 1242 5852; x_wconf 89' lang='lat' dir='ltr'><strong>liberans.</strong></span> <span class='ocrx_word' id='word_1_753' title='bbox 1274 5793 1364 5848; x_wconf 87' lang='lat' dir='ltr'><strong>Ille</strong></span> <span class='ocrx_word' id='word_1_754' title='bbox 1395 5792 1606 5864; x_wconf 90' lang='lat' dir='ltr'><strong>quidem</strong></span> <span class='ocrx_word' id='word_1_755' title='bbox 1651 5792 1732 5845; x_wconf 90' lang='lat' dir='ltr'><strong>his</strong></span> <span class='ocrx_word' id='word_1_756' title='bbox 1764 5791 1832 5846; x_wconf 91' lang='lat' dir='ltr'><strong>de</strong></span> <span class='ocrx_word' id='word_1_757' title='bbox 1869 5795 2042 5847; x_wconf 89' lang='lat' dir='ltr'><strong>causis</strong></span> <span class='ocrx_word' id='word_1_758' title='bbox 2072 5791 2197 5846; x_wconf 91' lang='lat' dir='ltr'><strong>illuc</strong></span> 
     </span>
    </p>
   </div>
   <div class='ocr_carea' id='block_1_100' title="bbox 620 5885 2189 5958">
    <p class='ocr_par' dir='ltr' id='par_1_100' title="bbox 620 5885 2189 5958">
     <span class='ocr_line' id='line_1_100' title="bbox 620 5885 2189 5958; baseline -0.005 -12"><span class='ocrx_word' id='word_1_759' title='bbox 620 5895 854 5947; x_wconf 67' lang='lat' dir='ltr'><strong>ascendit</strong></span> <span class='ocrx_word' id='word_1_760' title='bbox 885 5908 898 5942; x_wconf 89' lang='lat'><strong>:</strong></span> <span class='ocrx_word' id='word_1_761' title='bbox 929 5888 1169 5958; x_wconf 81' lang='lat' dir='ltr'><strong>discipuli</strong></span> <span class='ocrx_word' id='word_1_762' title='bbox 1214 5902 1341 5944; x_wconf 88' lang='lat' dir='ltr'><strong>vero</strong></span> <span class='ocrx_word' id='word_1_763' title='bbox 1382 5901 1590 5943; x_wconf 86' lang='lat' dir='ltr'><strong>rursum</strong></span> <span class='ocrx_word' id='word_1_764' title='bbox 1629 5885 1872 5942; x_wconf 83' lang='lat' dir='ltr'><strong>ﬂuctibus</strong></span> <span class='ocrx_word' id='word_1_765' title='bbox 1908 5885 2189 5956; x_wconf 86' lang='lat' dir='ltr'><strong>agitantur,</strong></span> 
     </span>
    </p>
   </div>
   <div class='ocr_carea' id='block_1_101' title="bbox 2289 4765 3883 4847">
    <p class='ocr_par' dir='ltr' id='par_1_101' title="bbox 2289 4765 3883 4847">
     <span class='ocr_line' id='line_1_101' title="bbox 2289 4765 3883 4847; baseline -0.013 -8"><span class='ocrx_word' id='word_1_766' title='bbox 2289 4791 2346 4839; x_wconf 90' lang='lat' dir='ltr'><strong>et</strong></span> <span class='ocrx_word' id='word_1_767' title='bbox 2370 4787 2685 4847; x_wconf 87' lang='lat' dir='ltr'><strong>tempestate</strong></span> <span class='ocrx_word' id='word_1_768' title='bbox 2721 4785 2780 4830; x_wconf 90' lang='lat' dir='ltr'><strong>ut</strong></span> <span class='ocrx_word' id='word_1_769' title='bbox 2811 4784 2934 4829; x_wconf 90' lang='lat' dir='ltr'><strong>ante</strong></span> <span class='ocrx_word' id='word_1_770' title='bbox 2972 4774 3258 4844; x_wconf 86' lang='lat' dir='ltr'><strong>jactantur.</strong></span> <span class='ocrx_word' id='word_1_771' title='bbox 3306 4769 3412 4826; x_wconf 89' lang='lat' dir='ltr'><strong>Sed</strong></span> <span class='ocrx_word' id='word_1_772' title='bbox 3457 4779 3583 4824; x_wconf 89' lang='lat' dir='ltr'><strong>tunc</strong></span> <span class='ocrx_word' id='word_1_773' title='bbox 3627 4769 3777 4825; x_wconf 92' lang='lat' dir='ltr'><strong>illum</strong></span> <span class='ocrx_word' id='word_1_774' title='bbox 3820 4765 3883 4820; x_wconf 85' lang='lat' dir='ltr'><strong>in</strong></span> 
     </span>
    </p>
   </div>
   <div class='ocr_carea' id='block_1_102' title="bbox 2289 4864 3882 4938">
    <p class='ocr_par' dir='ltr' id='par_1_102' title="bbox 2289 4864 3882 4938">
     <span class='ocr_line' id='line_1_102' title="bbox 2289 4864 3882 4938; baseline -0.008 -6"><span class='ocrx_word' id='word_1_775' title='bbox 2289 4874 2527 4932; x_wconf 90' lang='lat' dir='ltr'><strong>navicula</strong></span> <span class='ocrx_word' id='word_1_776' title='bbox 2564 4872 2818 4926; x_wconf 89' lang='lat' dir='ltr'><strong>habentes</strong></span> <span class='ocrx_word' id='word_1_777' title='bbox 2844 4869 2959 4924; x_wconf 65' lang='lat' dir='ltr'><strong>haec</strong></span> <span class='ocrx_word' id='word_1_778' title='bbox 2989 4867 3353 4938; x_wconf 88' lang='lat' dir='ltr'><strong>patiebantur;</strong></span> <span class='ocrx_word' id='word_1_779' title='bbox 3396 4879 3537 4918; x_wconf 90' lang='lat' dir='ltr'><strong>nunc</strong></span> <span class='ocrx_word' id='word_1_780' title='bbox 3562 4874 3737 4918; x_wconf 89' lang='lat' dir='ltr'><strong>autem</strong></span> <span class='ocrx_word' id='word_1_781' title='bbox 3778 4864 3882 4919; x_wconf 88' lang='lat' dir='ltr'><strong>soli</strong></span> 
     </span>
    </p>
   </div>
   <div class='ocr_carea' id='block_1_103' title="bbox 2290 4954 3885 5031">
    <p class='ocr_par' dir='ltr' id='par_1_103' title="bbox 2290 4954 3885 5031">
     <span class='ocr_line' id='line_1_103' title="bbox 2290 4954 3885 5031; baseline -0.008 -10"><span class='ocrx_word' id='word_1_782' title='bbox 2290 4978 2414 5021; x_wconf 89' lang='lat' dir='ltr'><strong>sunt</strong></span> <span class='ocrx_word' id='word_1_783' title='bbox 2441 4975 2494 5019; x_wconf 90' lang='lat' dir='ltr'><strong>et</strong></span> <span class='ocrx_word' id='word_1_784' title='bbox 2517 4963 2740 5019; x_wconf 88' lang='lat' dir='ltr'><strong>seorsim</strong></span> <span class='ocrx_word' id='word_1_785' title='bbox 2770 4960 2947 5031; x_wconf 89' lang='lat' dir='ltr'><strong>positi.</strong></span> <span class='ocrx_word' id='word_1_786' title='bbox 2995 4959 3202 5013; x_wconf 84' lang='lat' dir='ltr'><strong>Etenim</strong></span> <span class='ocrx_word' id='word_1_787' title='bbox 3237 4956 3356 5010; x_wconf 89' lang='lat' dir='ltr'><strong>illos</strong></span> <span class='ocrx_word' id='word_1_788' title='bbox 3395 4954 3648 5026; x_wconf 69' lang='lat' dir='ltr'><strong>pauiatim</strong></span> <span class='ocrx_word' id='word_1_789' title='bbox 3689 4964 3741 5010; x_wconf 90' lang='lat' dir='ltr'><strong>et</strong></span> <span class='ocrx_word' id='word_1_790' title='bbox 3781 4969 3885 5025; x_wconf 90' lang='lat' dir='ltr'><strong>per</strong></span> 
     </span>
    </p>
   </div>
   <div class='ocr_carea' id='block_1_104' title="bbox 2288 5047 3878 5132">
    <p class='ocr_par' dir='ltr' id='par_1_104' title="bbox 2288 5047 3878 5132">
     <span class='ocr_line' id='line_1_104' title="bbox 2288 5047 3878 5132; baseline -0.008 -17"><span class='ocrx_word' id='word_1_791' title='bbox 2288 5061 2483 5132; x_wconf 86' lang='lat' dir='ltr'><strong>gradus</strong></span> <span class='ocrx_word' id='word_1_792' title='bbox 2535 5058 2599 5111; x_wconf 80' lang='lat' dir='ltr'><strong>ad</strong></span> <span class='ocrx_word' id='word_1_793' title='bbox 2640 5055 2838 5125; x_wconf 86' lang='lat' dir='ltr'><strong>majora</strong></span> <span class='ocrx_word' id='word_1_794' title='bbox 2884 5052 3100 5114; x_wconf 88' lang='lat' dir='ltr'><strong>inducit,</strong></span> <span class='ocrx_word' id='word_1_795' title='bbox 3131 5059 3189 5104; x_wconf 93' lang='lat' dir='ltr'><strong>ut</strong></span> <span class='ocrx_word' id='word_1_796' title='bbox 3216 5049 3393 5104; x_wconf 89' lang='lat' dir='ltr'><strong>omnia</strong></span> <span class='ocrx_word' id='word_1_797' title='bbox 3438 5048 3644 5102; x_wconf 81' lang='lat' dir='ltr'><strong>fortiter</strong></span> <span class='ocrx_word' id='word_1_798' title='bbox 3683 5047 3878 5102; x_wconf 79' lang='lat' dir='ltr'><strong>ferant.</strong></span> 
     </span>
    </p>
   </div>
   <div class='ocr_carea' id='block_1_105' title="bbox 2293 5139 3882 5217">
    <p class='ocr_par' dir='ltr' id='par_1_105' title="bbox 2293 5139 3882 5217">
     <span class='ocr_line' id='line_1_105' title="bbox 2293 5139 3882 5217; baseline -0.009 -10"><span class='ocrx_word' id='word_1_799' title='bbox 2293 5155 2512 5211; x_wconf 88' lang='lat' dir='ltr'><strong>Idcirco,</strong></span> <span class='ocrx_word' id='word_1_800' title='bbox 2542 5164 2661 5204; x_wconf 91' lang='lat' dir='ltr'><strong>eum</strong></span> <span class='ocrx_word' id='word_1_801' title='bbox 2707 5144 3047 5217; x_wconf 89' lang='lat' dir='ltr'><strong>periclitaturi</strong></span> <span class='ocrx_word' id='word_1_802' title='bbox 3080 5143 3308 5213; x_wconf 89' lang='lat' dir='ltr'><strong>primum</strong></span> <span class='ocrx_word' id='word_1_803' title='bbox 3347 5151 3520 5204; x_wconf 89' lang='lat' dir='ltr'><strong>erant,</strong></span> <span class='ocrx_word' id='word_1_804' title='bbox 3547 5139 3732 5194; x_wconf 85' lang='lat' dir='ltr'><strong>aderat</strong></span> <span class='ocrx_word' id='word_1_805' title='bbox 3755 5139 3882 5208; x_wconf 80' lang='lat' dir='ltr'><strong>qui-</strong></span> 
     </span>
    </p>
   </div>
   <div class='ocr_carea' id='block_1_106' title="bbox 2291 5231 3887 5308">
    <p class='ocr_par' dir='ltr' id='par_1_106' title="bbox 2291 5231 3887 5308">
     <span class='ocr_line' id='line_1_106' title="bbox 2291 5231 3887 5308; baseline -0.011 -9"><span class='ocrx_word' id='word_1_806' title='bbox 2291 5245 2435 5308; x_wconf 89' lang='lat' dir='ltr'><strong>dem,</strong></span> <span class='ocrx_word' id='word_1_807' title='bbox 2465 5241 2558 5296; x_wconf 91' lang='lat' dir='ltr'><strong>sed</strong></span> <span class='ocrx_word' id='word_1_808' title='bbox 2581 5240 2897 5302; x_wconf 89' lang='lat' dir='ltr'><strong>dormiebat,</strong></span> <span class='ocrx_word' id='word_1_809' title='bbox 2931 5247 2988 5290; x_wconf 92' lang='lat' dir='ltr'><strong>ut</strong></span> <span class='ocrx_word' id='word_1_810' title='bbox 3007 5244 3202 5305; x_wconf 60' lang='lat' dir='ltr'><strong>priesto</strong></span> <span class='ocrx_word' id='word_1_811' title='bbox 3223 5245 3362 5288; x_wconf 83' lang='lat' dir='ltr'><strong>esset</strong></span> <span class='ocrx_word' id='word_1_812' title='bbox 3382 5232 3445 5286; x_wconf 87' lang='lat' dir='ltr'><strong>ad</strong></span> <span class='ocrx_word' id='word_1_813' title='bbox 3467 5231 3720 5286; x_wconf 76' lang='lat' dir='ltr'><strong>auxilium</strong></span> <span class='ocrx_word' id='word_1_814' title='bbox 3743 5245 3887 5300; x_wconf 79' lang='lat' dir='ltr'><strong>pra-.-</strong></span> 
     </span>
    </p>
   </div>
   <div class='ocr_carea' id='block_1_107' title="bbox 2293 5322 3886 5393">
    <p class='ocr_par' dir='ltr' id='par_1_107' title="bbox 2293 5322 3886 5393">
     <span class='ocr_line' id='line_1_107' title="bbox 2293 5322 3886 5393; baseline -0.009 -4"><span class='ocrx_word' id='word_1_815' title='bbox 2293 5333 2538 5390; x_wconf 90' lang='lat' dir='ltr'><strong>standum</strong></span> <span class='ocrx_word' id='word_1_816' title='bbox 2577 5350 2588 5384; x_wconf 90' lang='lat'>:</span> <span class='ocrx_word' id='word_1_817' title='bbox 2621 5344 2761 5383; x_wconf 88' lang='lat' dir='ltr'><strong>nunc</strong></span> <span class='ocrx_word' id='word_1_818' title='bbox 2790 5343 2917 5382; x_wconf 85' lang='lat' dir='ltr'><strong>vero</strong></span> <span class='ocrx_word' id='word_1_819' title='bbox 2945 5335 3003 5380; x_wconf 90' lang='lat' dir='ltr'><strong>ut</strong></span> <span class='ocrx_word' id='word_1_820' title='bbox 3045 5325 3232 5393; x_wconf 86' lang='lat' dir='ltr'><strong>majori</strong></span> <span class='ocrx_word' id='word_1_821' title='bbox 3274 5324 3392 5378; x_wconf 89' lang='lat' dir='ltr'><strong>illos</strong></span> <span class='ocrx_word' id='word_1_822' title='bbox 3435 5322 3688 5392; x_wconf 89' lang='lat' dir='ltr'><strong>patientia</strong></span> <span class='ocrx_word' id='word_1_823' title='bbox 3719 5335 3886 5376; x_wconf 79' lang='lat' dir='ltr'><strong>exer-</strong></span> 
     </span>
    </p>
   </div>
   <div class='ocr_carea' id='block_1_108' title="bbox 2294 5403 3884 5490">
    <p class='ocr_par' dir='ltr' id='par_1_108' title="bbox 2294 5403 3884 5490">
     <span class='ocr_line' id='line_1_108' title="bbox 2294 5403 3884 5490; baseline -0.008 -11"><span class='ocrx_word' id='word_1_824' title='bbox 2294 5435 2431 5490; x_wconf 88' lang='lat' dir='ltr'><strong>ceat,</strong></span> <span class='ocrx_word' id='word_1_825' title='bbox 2483 5438 2587 5477; x_wconf 91' lang='lat' dir='ltr'><strong>non</strong></span> <span class='ocrx_word' id='word_1_826' title='bbox 2636 5421 2687 5474; x_wconf 90' lang='lat' dir='ltr'><strong>id</strong></span> <span class='ocrx_word' id='word_1_827' title='bbox 2744 5420 2900 5486; x_wconf 78' lang='lat' dir='ltr'><strong>facit,</strong></span> <span class='ocrx_word' id='word_1_828' title='bbox 2950 5418 3042 5473; x_wconf 90' lang='lat' dir='ltr'><strong>sed</strong></span> <span class='ocrx_word' id='word_1_829' title='bbox 3081 5403 3274 5477; x_wconf 78' lang='lat' dir='ltr'><strong>abest,</strong></span> <span class='ocrx_word' id='word_1_830' title='bbox 3334 5425 3386 5469; x_wconf 90' lang='lat' dir='ltr'><strong>ct</strong></span> <span class='ocrx_word' id='word_1_831' title='bbox 3427 5415 3477 5468; x_wconf 90' lang='lat' dir='ltr'><strong>in</strong></span> <span class='ocrx_word' id='word_1_832' title='bbox 3528 5413 3704 5468; x_wconf 92' lang='lat' dir='ltr'><strong>medio</strong></span> <span class='ocrx_word' id='word_1_833' title='bbox 3743 5413 3884 5466; x_wconf 89' lang='lat' dir='ltr'><strong>mari</strong></span> 
     </span>
    </p>
   </div>
   <div class='ocr_carea' id='block_1_109' title="bbox 2295 5505 3886 5584">
    <p class='ocr_par' dir='ltr' id='par_1_109' title="bbox 2295 5505 3886 5584">
     <span class='ocr_line' id='line_1_109' title="bbox 2295 5505 3886 5584; baseline -0.009 -15"><span class='ocrx_word' id='word_1_834' title='bbox 2295 5515 2553 5584; x_wconf 89' lang='lat' dir='ltr'><strong>permittit</strong></span> <span class='ocrx_word' id='word_1_835' title='bbox 2577 5519 2946 5581; x_wconf 80' lang='lat' dir='ltr'><strong>tempestatem</strong></span> <span class='ocrx_word' id='word_1_836' title='bbox 2979 5508 3219 5571; x_wconf 81' lang='lat' dir='ltr'><strong>excitari,</strong></span> <span class='ocrx_word' id='word_1_837' title='bbox 3251 5515 3306 5560; x_wconf 92' lang='lat' dir='ltr'><strong>ut</strong></span> <span class='ocrx_word' id='word_1_838' title='bbox 3327 5505 3468 5559; x_wconf 85' lang='lat' dir='ltr'><strong>nulla</strong></span> <span class='ocrx_word' id='word_1_839' title='bbox 3504 5505 3614 5560; x_wconf 82' lang='lat' dir='ltr'><strong>fere</strong></span> <span class='ocrx_word' id='word_1_840' title='bbox 3644 5516 3767 5574; x_wconf 87' lang='lat' dir='ltr'><strong>spes</strong></span> <span class='ocrx_word' id='word_1_841' title='bbox 3789 5518 3886 5557; x_wconf 57' lang='lat' dir='ltr'><strong>sa-</strong></span> 
     </span>
    </p>
   </div>
   <div class='ocr_carea' id='block_1_110' title="bbox 2297 5594 3889 5675">
    <p class='ocr_par' dir='ltr' id='par_1_110' title="bbox 2297 5594 3889 5675">
     <span class='ocr_line' id='line_1_110' title="bbox 2297 5594 3889 5675; baseline -0.01 -14"><span class='ocrx_word' id='word_1_842' title='bbox 2297 5608 2419 5661; x_wconf 91' lang='lat' dir='ltr'><strong>lutis</strong></span> <span class='ocrx_word' id='word_1_843' title='bbox 2446 5614 2771 5675; x_wconf 83' lang='lat' dir='ltr'><strong>superesset,</strong></span> <span class='ocrx_word' id='word_1_844' title='bbox 2805 5611 2860 5657; x_wconf 93' lang='lat' dir='ltr'><strong>et</strong></span> <span class='ocrx_word' id='word_1_845' title='bbox 2886 5611 2989 5656; x_wconf 90' lang='lat' dir='ltr'><strong>tota</strong></span> <span class='ocrx_word' id='word_1_846' title='bbox 3019 5611 3176 5654; x_wconf 87' lang='lat' dir='ltr'><strong>nocte</strong></span> <span class='ocrx_word' id='word_1_847' title='bbox 3208 5598 3329 5653; x_wconf 90' lang='lat' dir='ltr'><strong>sinit</strong></span> <span class='ocrx_word' id='word_1_848' title='bbox 3369 5611 3462 5652; x_wconf 89' lang='lat' dir='ltr'><strong>eos</strong></span> <span class='ocrx_word' id='word_1_849' title='bbox 3488 5594 3743 5649; x_wconf 66' lang='lat' dir='ltr'><strong>{luctibus</strong></span> <span class='ocrx_word' id='word_1_850' title='bbox 3771 5595 3889 5663; x_wconf 63' lang='lat' dir='ltr'><strong>agi-</strong></span> 
     </span>
    </p>
   </div>
   <div class='ocr_carea' id='block_1_111' title="bbox 2297 5683 3889 5765">
    <p class='ocr_par' dir='ltr' id='par_1_111' title="bbox 2297 5683 3889 5765">
     <span class='ocr_line' id='line_1_111' title="bbox 2297 5683 3889 5765; baseline -0.009 -11"><span class='ocrx_word' id='word_1_851' title='bbox 2297 5700 2417 5765; x_wconf 88' lang='lat' dir='ltr'><strong>tari,</strong></span> <span class='ocrx_word' id='word_1_852' title='bbox 2452 5707 2512 5751; x_wconf 90' lang='lat' dir='ltr'><strong>ut</strong></span> <span class='ocrx_word' id='word_1_853' title='bbox 2536 5711 2743 5760; x_wconf 90' lang='lat' dir='ltr'><strong>eorum,</strong></span> <span class='ocrx_word' id='word_1_854' title='bbox 2774 5702 2922 5762; x_wconf 92' lang='lat' dir='ltr'><strong>puto,</strong></span> <span class='ocrx_word' id='word_1_855' title='bbox 2955 5699 3276 5746; x_wconf 66' lang='lat' dir='ltr'><strong>excaecatum</strong></span> <span class='ocrx_word' id='word_1_856' title='bbox 3317 5702 3410 5742; x_wconf 92' lang='lat' dir='ltr'><strong>cor</strong></span> <span class='ocrx_word' id='word_1_857' title='bbox 3447 5686 3710 5740; x_wconf 90' lang='lat' dir='ltr'><strong>incitaret.</strong></span> <span class='ocrx_word' id='word_1_858' title='bbox 3738 5683 3889 5739; x_wconf 71' lang='lat' dir='ltr'><strong>Talis</strong></span> 
     </span>
    </p>
   </div>
   <div class='ocr_carea' id='block_1_112' title="bbox 2297 5773 3892 5860">
    <p class='ocr_par' dir='ltr' id='par_1_112' title="bbox 2297 5773 3892 5860">
     <span class='ocr_line' id='line_1_112' title="bbox 2297 5773 3892 5860; baseline -0.009 -16"><span class='ocrx_word' id='word_1_859' title='bbox 2297 5790 2490 5860; x_wconf 90' lang='lat' dir='ltr'><strong>quippe</strong></span> <span class='ocrx_word' id='word_1_860' title='bbox 2514 5801 2599 5842; x_wconf 88' lang='lat' dir='ltr'><strong>res</strong></span> <span class='ocrx_word' id='word_1_861' title='bbox 2620 5794 2701 5840; x_wconf 88' lang='lat' dir='ltr'><strong>est</strong></span> <span class='ocrx_word' id='word_1_862' title='bbox 2732 5786 2913 5851; x_wconf 89' lang='lat' dir='ltr'><strong>timor,</strong></span> <span class='ocrx_word' id='word_1_863' title='bbox 2940 5798 3098 5854; x_wconf 90' lang='lat' dir='ltr'><strong>quem</strong></span> <span class='ocrx_word' id='word_1_864' title='bbox 3127 5791 3179 5836; x_wconf 87' lang='lat' dir='ltr'><strong>et</strong></span> <span class='ocrx_word' id='word_1_865' title='bbox 3206 5787 3492 5849; x_wconf 83' lang='lat' dir='ltr'><strong>tempestas</strong></span> <span class='ocrx_word' id='word_1_866' title='bbox 3520 5785 3575 5833; x_wconf 89' lang='lat' dir='ltr'><strong>et</strong></span> <span class='ocrx_word' id='word_1_867' title='bbox 3613 5792 3717 5830; x_wconf 77' lang='lat' dir='ltr'><strong>nox</strong></span> <span class='ocrx_word' id='word_1_868' title='bbox 3749 5773 3892 5830; x_wconf 79' lang='lat' dir='ltr'><strong>infe.</strong></span> 
     </span>
    </p>
   </div>
   <div class='ocr_carea' id='block_1_113' title="bbox 2297 5861 3896 5946">
    <p class='ocr_par' dir='ltr' id='par_1_113' title="bbox 2297 5861 3896 5946">
     <span class='ocr_line' id='line_1_113' title="bbox 2297 5861 3896 5946; baseline -0.01 -9"><span class='ocrx_word' id='word_1_869' title='bbox 2297 5881 2504 5938; x_wconf 83' lang='lat' dir='ltr'><strong>rcbant.</strong></span> <span class='ocrx_word' id='word_1_870' title='bbox 2527 5878 2659 5935; x_wconf 90' lang='lat' dir='ltr'><strong>Cum</strong></span> <span class='ocrx_word' id='word_1_871' title='bbox 2702 5876 3106 5946; x_wconf 87' lang='lat' dir='ltr'><strong>compunctionc</strong></span> <span class='ocrx_word' id='word_1_872' title='bbox 3142 5883 3317 5927; x_wconf 86' lang='lat' dir='ltr'><strong>autem</strong></span> <span class='ocrx_word' id='word_1_873' title='bbox 3361 5871 3444 5925; x_wconf 82' lang='lat' dir='ltr'><strong>illa</strong></span> <span class='ocrx_word' id='word_1_874' title='bbox 3491 5869 3570 5924; x_wconf 88' lang='lat' dir='ltr'><strong>sui</strong></span> <span class='ocrx_word' id='word_1_875' title='bbox 3615 5861 3896 5923; x_wconf 83' lang='lat' dir='ltr'><strong>desiderio</strong></span> 
     </span>
    </p>
   </div>
  </div>
