4170 6546
190 510 287 568 res

200 629 354 699 magis
384 626 520 682 illos
549 619 918 685 inﬂammavit,
951 624 1020 672 ut
1041 615 1120 671 sui
1148 623 1460 684 perpetuam
1489 603 1805 699 memoriam

205 694 512 776 retinerent.
543 719 670 773 Ideo
697 731 802 770 non
837 715 1015 767 statim
1047 711 1153 762 illis
1181 705 1350 761 adfuit
1379 722 1392 758 :
1429 717 1550 756 nam
1580 699 1656 753 ait
1680 694 1807 751 :25.

214 814 393 882 Quarta
443 810 679 866 custodia
722 807 884 862 noctis
927 804 1059 858 venit
1103 801 1170 854 ad
1209 816 1292 854 eos
1337 795 1607 850 ambulans
1653 804 1812 860 supra

213 923 370 973 utare;
403 916 462 959 ut
489 904 712 960 doceret
736 899 855 955 illos
887 912 953 952 ne
975 895 1238 950 malorum
1270 893 1431 945 liuent
1465 887 1575 941 cito
1598 895 1811 954 quaere-

220 1009 343 1065 rent,
385 997 479 1054 sed
523 1011 644 1066 qua:
685 992 1002 1049 accidebant
1051 987 1264 1042 fortiter
1313 985 1534 1039 ferrent.
1586 974 1814 1046 Quando

218 1096 362 1166 igitur
389 1087 778 1160 exspectabant
815 1101 875 1141 se
925 1081 1234 1139 liberandos
1273 1093 1414 1141 esse,
1449 1086 1560 1129 tttm
1599 1081 1812 1166 auctum

218 1165 296 1242 est
321 1185 612 1256 periculum
637 1191 693 1238 et
725 1181 888 1236 timor
913 1178 1124 1246 tnajor:
1157 1189 1280 1228 nam
1313 1171 1484 1241 inquit
1514 1168 1640 1224 :26.
1689 1165 1816 1219 Cum

217 1280 431 1334 riderent
458 1293 582 1330 eunt-
595 1272 835 1345 discipuli
862 1270 1208 1325 ambulantem
1251 1281 1409 1336 supra
1441 1278 1601 1321 mare.
1630 1257 1818 1312 turbati

215 1380 346 1434 sunt,
378 1370 598 1423 dicentes
625 1369 928 1436 phantasma
966 1378 1095 1427 esse,
1129 1369 1175 1413 et
1203 1373 1311 1429 pra:
1349 1356 1532 1409 timore
1566 1351 1819 1405 clamave-

217 1474 351 1518 runt.
381 1463 606 1532 Semper
630 1459 773 1517 enim
813 1457 915 1513 hoc
957 1455 1083 1510 facit
1114 1471 1128 1508 :
1159 1468 1279 1510 cum
1303 1461 1575 1506 aerumnas
1614 1444 1821 1502 solutu-

218 1574 311 1614 rus
337 1566 436 1622 est,
470 1557 602 1610 alias
629 1553 907 1625 graviores
949 1549 1114 1605 infert
1157 1561 1211 1604 et
1251 1545 1605 1603 lerribiliores
1633 1559 1646 1595 :
1676 1539 1820 1612 quod

218 1652 377 1705 etiam
411 1659 535 1703 tunc
573 1646 819 1716 contigit.
863 1645 996 1699 Nam
1037 1651 1092 1698 et
1139 1647 1452 1709 tempestas,
1502 1652 1602 1692 nec
1645 1635 1823 1690 minus

220 1744 391 1797 visum
421 1742 566 1801 illud,
601 1740 746 1808 ipsos
774 1737 1029 1801 turbavit,
1064 1733 1188 1789 ideo
1229 1747 1405 1802 neque
1432 1730 1684 1784 tenebras
1711 1721 1821 1780 solé

220 1838 317 1903 vit,
347 1851 516 1906 neque
543 1835 778 1904 seipsum
820 1833 1000 1886 statim
1023 1826 1279 1894 ostendit,
1307 1839 1570 1881 exercens
1599 1821 1739 1877 illos.
1769 1827 1827 1872 ut

217 1931 349 1995 dixi,
377 1945 471 2000 per
497 1937 762 1984 terrorum
799 1923 1199 1988 assiduitatem,
1219 1930 1273 1976 et
1302 1921 1505 1973 docens
1531 1926 1587 1970 ut
1621 1915 1830 1985 patien-

222 2035 306 2078 tes
326 2027 522 2076 essent.
548 2018 660 2073 lloc
681 2018 820 2073 etin
845 2016 984 2072 Jobo
1019 2014 1178 2077 fecit;
1208 2027 1329 2068 cum
1369 2011 1512 2066 enim
1545 2019 1747 2064 metum
1775 2017 1828 2062 et

221 2114 569 2170 totuationem
602 2113 872 2166 soluturus
899 2118 1035 2174 erat,
1075 2117 1202 2161 tune
1252 2106 1411 2160 finem
1441 2101 1681 2174 permisit
1707 2115 1830 2154 esse

219 2205 518 2277 graviorem
544 2219 560 2268 ;
601 2219 708 2256 non
753 2218 819 2257 ex
847 2210 1023 2255 morte
1052 2199 1306 2261 filiorum,
1338 2211 1512 2266 neque
1543 2210 1607 2250 ex
1645 2192 1837 2248 uxoris

221 2297 399 2358 dictis.
441 2293 536 2350 sed
565 2309 631 2349 ex
659 2293 965 2364 opprobriis
1005 2306 1290 2349 servorum
1331 2299 1387 2346 et
1420 2289 1738 2344 amicorum.
1767 2286 1838 2341 Et

219 2403 344 2444 eum
373 2386 630 2443 Jacobum
663 2386 714 2440 in
754 2385 1032 2456 peregrina
1061 2391 1208 2441 terra
1235 2399 1266 2438 a
1304 2381 1833 2449 miseriaerepturus

219 2491 360 2549 erat,
393 2483 650 2554 exagitari
683 2482 832 2537 illum
865 2492 920 2536 et
945 2479 1206 2548 majorem
1233 2477 1438 2547 perpeti
1473 2474 1598 2530 sivit
1627 2482 1836 2544 pertur-

223 2577 515 2635 bationem.
565 2574 700 2630 Nam
755 2589 912 2629 socer
970 2572 1088 2643 ejus
1137 2569 1534 2640 apprehensum
1589 2566 1837 2621 oceidere

227 2669 552 2734 minabatur,
580 2678 635 2722 et
679 2678 798 2738 post
839 2667 987 2722 illum
1037 2664 1204 2720 frater
1233 2664 1530 2733 excipiens,
1561 2661 1614 2715 in
1653 2671 1835 2715 extre-

226 2777 376 2816 mum
405 2760 700 2831 periculum
725 2759 973 2829 conjecit.
1000 2756 1134 2824 Quia
1157 2757 1301 2812 enim
1330 2771 1436 2810 non
1468 2751 1839 2824 possuntjusti

225 2855 484 2909 diuturno
511 2863 753 2923 tempore
780 2854 1134 2908 vehementer
1163 2850 1382 2917 tentari,
1411 2865 1532 2904 cum
1563 2865 1628 2904 ex
1670 2856 1844 2904 certa-

229 2949 379 3003 mine
408 2946 618 3002 evasuri
643 2955 791 3014 sunt,
832 2956 890 3001 ut
915 2945 1088 3015 majus
1120 2944 1328 2999 lucrum
1362 2951 1661 3011 reportent,
1689 2957 1846 2996 exer-

227 3042 515 3098 citationes
540 3048 721 3112 auget.
770 3039 828 3095 ld
872 3040 1035 3096 etiam
1069 3040 1121 3094 in
1150 3037 1460 3102 Abraltamo
1506 3036 1650 3103 fecit,
1691 3037 1846 3105 cujus

232 3145 567 3206 postremum
604 3140 882 3188 certamen
934 3129 1298 3186 immolandas
1347 3130 1491 3185 filius
1538 3135 1656 3184 erat
1689 3125 1844 3199 (Gen.

229 3227 326 3282 22.
355 3228 427 3296 Ι).
456 3226 608 3282 Tunc
635 3226 777 3280 enim
808 3224 1163 3281 intolerabilia
1185 3223 1406 3279 tolerari
1431 3230 1702 3292 poterunt,
1724 3237 1845 3276 cum

234 3323 291 3377 in
317 3320 515 3391 jaunis,
557 3330 615 3374 ut
662 3321 732 3374 ita
762 3318 960 3386 dicam,
995 3317 1320 3382 inferuntur,
1366 3325 1420 3372 et
1457 3317 1565 3385 jam
1598 3317 1845 3385 proxima

233 3424 324 3470 est
352 3413 619 3468 liberatio.
651 3412 763 3468 Hoc
785 3421 842 3467 et
870 3420 997 3468 tunc
1023 3412 1168 3478 fecit,
1203 3425 1304 3466 nec
1329 3411 1480 3482 prius
1509 3408 1757 3465 Christus
1789 3425 1849 3465 se

233 3509 371 3578 ipsis
409 3507 841 3579 cognoscendum
896 3505 1165 3578 prmbuit,
1224 3504 1402 3561 donec
1457 3505 1846 3560 clamaverunt.

230 3603 450 3671 Quanto
470 3601 614 3656 enim
649 3600 822 3670 major
850 3610 966 3656 erat
997 3599 1303 3670 trepidatio,
1332 3608 1482 3654 tanto
1509 3599 1713 3669 gratior
1733 3598 1852 3667 ejus

233 3696 529 3767 praesentia
578 3693 863 3748 videbatur
910 3695 1060 3764 ipsis.
1112 3695 1244 3748 Cum
1298 3693 1455 3748 enim.
1493 3693 1850 3756 clamassent,

231 3791 318 3843 ait
349 3807 362 3842 :
389 3789 479 3844 27.
505 3788 691 3844 Statim
720 3789 956 3861 loquutus
992 3798 1063 3843 est
1093 3789 1196 3843 illis
1232 3788 1386 3843 Jesus
1430 3788 1602 3842 dicens
1629 3805 1647 3842 :
1676 3788 1854 3857 Conﬁ-

234 3887 369 3951 dite,
398 3901 489 3955 ego
518 3900 652 3950 sum,
683 3884 839 3938 nolite
868 3885 1061 3938 timere.
1096 3883 1208 3938 [loc
1236 3882 1436 3938 dictum
1476 3883 1722 3938 timorem
1763 3899 1857 3938 cx-

235 3976 434 4040 cussit,
467 3983 522 4029 et
548 3974 797 4030 fiduciam
831 3974 1039 4030 indidit.
1072 3975 1206 4042 Quia
1242 3976 1385 4030 enim
1429 3975 1602 4045 ipsum
1640 3983 1767 4031 tunc
1790 3975 1858 4032 de

237 4070 378 4125 facie
405 4085 510 4122 non
538 4075 819 4134 noverant,
853 4079 908 4124 et
931 4068 1003 4123 ob
1025 4068 1318 4124 inauditum
1339 4069 1646 4124 ambulandi
1665 4085 1854 4140 genus,

234 4171 298 4217 et
331 4159 401 4214 ob
428 4161 600 4215 noctis
634 4171 861 4231 tempus,
912 4178 942 4215 a
987 4177 1119 4217 voce
1158 4176 1218 4216 se
1259 4162 1590 4218 noscendum
1630 4163 1855 4232 praebet.

235 4251 384 4320 Quid
427 4253 586 4322 igitur
627 4252 836 4316 Petrus,
894 4267 1109 4323 semper
1163 4252 1432 4320 fervidus,
1477 4269 1694 4324 semper
1733 4266 1860 4310 ante

237 4345 382 4399 alios
411 4345 750 4416 prmsiliens?
779 4345 872 4401 28.
902 4343 1144 4413 Domine,
1191 4348 1236 4401 si
1281 4357 1336 4400 tu
1381 4365 1455 4410 es,
1501 4349 1692 4418 inquit,
1733 4350 1863 4421 jube

238 4455 328 4492 me
357 4439 524 4493 venire
566 4439 636 4491 ad
660 4447 708 4492 te
747 4455 899 4508 super
928 4456 1108 4504 aquas.
1150 4439 1265 4494 Non
1306 4440 1443 4495 dixit
1471 4459 1484 4493 :
1515 4443 1620 4496 Ora
1651 4451 1704 4496 et
1744 4458 1866 4512 pre-

237 4543 398 4596 care,
426 4528 523 4586 sed
552 4529 704 4584 lube.
735 4529 924 4586 Viden‘
949 4542 1185 4602 quantus
1216 4532 1429 4588 fervor?
1456 4544 1654 4605 quanta
1692 4536 1864 4591 fides?

236 4625 583 4694 Quamquam
624 4623 750 4680 hinc
791 4640 936 4695 sa'pe
974 4626 1387 4696 periclitaretur,
1431 4629 1574 4698 quod
1607 4630 1741 4684 ultra
1789 4634 1867 4684 vi-

238 4717 393 4771 tium
426 4731 730 4771 mensuram
759 4728 1046 4787 quaareret.
1087 4719 1220 4775 Nam
1272 4720 1360 4776 hic
1405 4737 1517 4778 rem
1574 4725 1864 4779 maximam

239 4810 579 4882 postulabat,
618 4811 689 4866 ob
731 4813 1009 4868 caritatem
1051 4815 1248 4883 solum,
1297 4832 1402 4871 non
1448 4818 1514 4872 ad
1545 4819 1860 4874 ostentatio-

237 4917 398 4958 nem.
422 4901 537 4956 Non
564 4903 708 4958 enim
731 4903 885 4969 dixit,
916 4904 1054 4962 Jube
1077 4923 1161 4962 me
1178 4907 1454 4964 ambulare.
1480 4925 1644 4980 super
1662 4926 1865 4982 aquas;

237 4996 540 5066 sedquid‘!
565 4997 700 5052 Jube
740 5015 820 5053 me
851 5001 1020 5054 venire
1043 5001 1112 5054 ad
1149 5010 1215 5054 te.
1250 5001 1420 5059 Nemo
1450 5003 1648 5076 quippe
1681 5006 1750 5060 ita
1781 5005 1871 5062 Je-

238 5105 375 5145 sum
404 5089 636 5146 amabat.
676 5090 804 5145 Illud
836 5093 998 5148 etiam
1052 5103 1174 5165 post
1219 5097 1674 5153 resurrectionem
1715 5098 1862 5156 fecit.

237 5184 440 5256 Neque
482 5185 625 5240 enim
658 5187 914 5242 sustinuit
954 5205 1078 5245 cum
1121 5191 1244 5246 aliis
1275 5194 1482 5260 venire,
1528 5195 1622 5251 sed
1665 5213 1871 5267 praecu-

236 5276 448 5334 currit.
481 5277 588 5333 Nec
611 5280 774 5335 modo
811 5282 1034 5350 amoris,
1067 5285 1162 5340 sed
1194 5285 1355 5341 etiam
1391 5288 1513 5345 fidei
1556 5307 1669 5346 sua:
1709 5308 1869 5364 argu-

239 5383 435 5427 menta
477 5373 703 5443 praebet.
746 5373 930 5446 Neque
976 5377 1152 5432 solum
1205 5379 1433 5436 credidit
1483 5397 1643 5454 posse
1693 5385 1868 5456 ipsum

236 5463 530 5560 ambulare
559 5481 718 5536 supra
753 5484 921 5532 mare.
953 5471 1051 5526 sed
1078 5473 1238 5527 etiam
1272 5476 1390 5532 aliis
1430 5492 1615 5547 parem
1647 5479 1872 5536 faculta-
1898 5490 1924 5535 .'
1981 5500 2097 5547 stus
2135 5490 2280 5547 fecit.
2329 5493 2419 5548 52.
2454 5491 2522 5546 Et
2545 5511 2660 5548 cum
2687 5496 3034 5551 ascendissent
3060 5497 3113 5551 in
3142 5463 3447 5560 naviculam.
3488 5511 3606 5553 ttmc

239 5565 364 5613 tem
417 5557 550 5614 dare
593 5577 609 5611 :
651 5561 1029 5636 desideratque
1070 5567 1177 5621 cito
1214 5568 1280 5622 ad
1333 5570 1507 5641 ipsum
1562 5579 1870 5644 pervenire.

235 5649 346 5706 29.
383 5649 505 5719 Ipse
546 5661 715 5706 autem
761 5655 938 5710 dixit:
975 5655 1122 5713 Veni.
1171 5659 1236 5714 Et
1266 5679 1382 5716 cum
1436 5665 1772 5724 descendisset
1812 5672 1876 5725 de

236 5743 494 5797 navicula
540 5743 752 5812 Petrus,
794 5748 1088 5806 ambulabat
1117 5771 1273 5824 super
1313 5775 1492 5827 aquas,
1544 5771 1591 5814 et
1633 5764 1766 5818 venit
1805 5766 1874 5819 ad

232 5835 455 5891 leum.
495 5838 584 5894 30.
617 5838 719 5894 Ubi
759 5843 881 5896 vidit
925 5855 1095 5900 autem
1133 5859 1334 5903 ventum
1375 5853 1622 5922 validum,
1661 5858 1874 5915 timuit:

231 5944 440 5988 etcum
469 5936 700 6004 coepisset
732 5939 910 6006 mergi,
958 5939 1196 5998 clamavit
1244 5946 1434 6012 dicens,
1488 5951 1722 6019 Domine,
1765 5957 1874 6010 sal-

229 6041 369 6081 uum
398 6044 478 6083 me
500 6032 606 6096 fac.
639 6031 730 6086 31.
767 6030 955 6088 Statim
998 6050 1114 6091 vero
1147 6036 1301 6096 Iesus
1345 6045 1619 6102 extendens
1665 6066 1872 6106 "ianum

1288 494 1359 552 ἰιΝ
1403 435 1818 547 ΜΑΤΤΙΙᾸΞΙΞΜ
1862 471 2100 531 HOMIL.
2144 475 2204 531 1..
2248 477 2318 532 al.
2364 475 2449 534 LI.

1922 593 2260 664 apprehendit
2287 611 2425 656 eum,
2452 602 2506 662 et
2529 592 2654 648 dicit
2681 591 2728 646 ei
2751 609 2770 646 :
2801 591 3024 646 Modica:
3062 592 3204 660 ﬁdei,
3247 607 3404 660 quare
3433 589 3547 644 dit--

1922 689 2143 744 bitnsti?
2169 688 2282 744 lloc
2309 689 2492 758 priore
2516 686 2820 742 mirabilius
2838 694 2939 742 est.
2971 685 3096 741 ideo
3136 695 3256 756 post
3293 684 3424 740 illud
3453 699 3546 739 aea

1923 783 2071 839 cidit.
2103 784 2235 839 Cum
2276 785 2422 839 enim
2452 781 2782 839 ostendisset
2824 798 2886 838 se
2927 782 3062 838 mari
3096 783 3385 852 imperare,
3421 792 3548 837 tunc

1925 881 2134 951 signum
2162 879 2460 935 mirabilius
2490 878 2689 936 effecit.
2714 878 2869 934 Tunc
2891 879 3036 934 enim
3065 877 3242 932 ventis
3265 877 3552 946 imperavit

3440 467 3544 528 506

1928 985 2172 1042 tantum;
2204 991 2348 1030 nunc
2393 985 2573 1030 autem
2604 982 2659 1029 et
2688 974 2802 1044 ipse.
2836 973 3097 1036 ambulat,
3131 982 3185 1028 et
3229 973 3391 1026 alium
3427 988 3551 1042 pcr-

1927 1072 2090 1126 mittit
2115 1069 2395 1125 ambulare
2429 1088 2442 1123 :
2474 1068 2618 1138 quod
2648 1069 2690 1123 si
2717 1068 2866 1122 initio
2887 1059 3172 1137 jussisset,’
3194 1082 3301 1121 non
3327 1067 3408 1121 sic
3431 1082 3549 1120 eam

1929 1179 2042 1219 rem
2071 1163 2400 1232 suscepisset
2429 1161 2642 1227 Petrus,
2675 1160 2800 1230 quia
2829 1159 3069 1215 nondum
3116 1167 3263 1214 tanta
3294 1157 3551 1229 praeditus

1928 1266 2043 1311 erat
2073 1256 2197 1312 lide.

2000 1354 2056 1409 2.
2085 1355 2197 1408 Cur
2222 1369 2354 1425 ergo
2383 1352 2632 1409 Christus
2661 1350 2712 1406 id
2745 1350 3030 1419 permisit?
3069 1350 3202 1418 Quia
3232 1349 3275 1404 si
3304 1347 3552 1407 dixisset.

1930 1448 2046 1504 Non
2077 1456 2254 1518 potes,
2289 1445 2399 1514 ille,
2428 1446 2518 1515 qui
2549 1445 2763 1500 fervens
2781 1453 2917 1510 erat,
2941 1443 3378 1498 contradixisset.
3405 1441 3556 1496 Ideo.-

1932 1557 2038 1613 que
2063 1557 2130 1597 ex
2161 1541 2274 1610 ipsa
2306 1556 2366 1596 re
2410 1539 2562 1595 illum
2595 1539 2646 1594 id
2689 1553 3004 1609 persuasum
3047 1537 3253 1593 habere
3279 1536 3471 1601 voluit,
3499 1545 3560 1591 ut

1935 1636 1988 1691 in
2031 1632 2213 1689 futuro
2255 1632 2554 1688 modestior
2579 1639 2740 1686 esset.
2786 1629 2893 1686 Sed
2938 1646 3114 1701 neque
3161 1630 3240 1684 sic
3288 1645 3347 1685 se
3380 1638 3560 1700 potest

1934 1731 2235 1786 continere.
2267 1727 2401 1784 Cum
2449 1727 2819 1783 descendisset
2860 1727 3042 1796 igitur,
3086 1725 3334 1780 fluctibus
3376 1724 3558 1794 exagi-

1937 1824 2149 1879 tabatur
2178 1843 2191 1877 ε
2224 1822 2449 1878 timebat
2473 1822 2640 1876 enim.
2684 1819 2754 1876 Ut
2793 1820 3176 1890 exagitaretur.
3212 1818 3406 1874 fluctus
3430 1817 3562 1873 effe-

1936 1919 2036 1980 cit;
2069 1926 2128 1971 ut
2156 1917 2390 1982 timeret,
2436 1924 2651 1969 ventus.
2690 1913 2950 1969 Joannes.
2975 1910 3126 1986 (Cap.
3157 1911 3211 1966 6.
3235 1911 3330 1981 ει)
3380 1919 3561 1965 autem

1938 2013 2031 2076 ait,
2058 2011 2290 2064 voluisse
2312 2026 2405 2065 eos
2428 2011 2600 2081 ipsum
2632 2009 2684 2063 in
2720 2007 3022 2062 naviculam
3050 2007 3316 2076 accipere,
3349 2015 3403 2061 ct
3431 2019 3565 2060 con-

1940 2103 2116 2159 festim
2158 2103 2463 2158 naviculam
2491 2103 2705 2159 venisse
2731 2103 2797 2158 ad
2831 2113 3052 2167 terram,
3083 2101 3148 2156 ad
3179 2116 3340 2172 quam
3378 2099 3565 2155 tende-

1943 2198 2106 2263 baut;
2159 2198 2390 2267 idipsum
2441 2197 2776 2268 significans,
2811 2198 2880 2251 ita
2918 2207 2973 2250 ut
3000 2212 3124 2251 cum
3152 2197 3217 2248 ad
3250 2207 3448 2252 terram
3473 2210 3568 2264 ap-

1942 2289 2147 2361 pulsuri
2183 2299 2387 2357 essent,
2423 2290 2474 2344 in
2515 2291 2787 2360 navigium
2811 2289 3149 2344 ascenderet.
3177 2287 3309 2344 Gum
3340 2288 3569 2342 descen-

1942 2385 2150 2440 disstrnt
2177 2399 2306 2455 ergo
2333 2384 2401 2440 de
2429 2384 2574 2453 navi,
2609 2385 2676 2440 ad
2705 2385 2881 2454 ipsum
2911 2383 3040 2448 ibat,
3072 2399 3181 2437 non
3214 2383 3282 2436 ita
3326 2384 3569 2453 gaudens

1943 2477 2087 2549 quod
2139 2493 2301 2548 supra
2344 2494 2513 2549 aquas
2556 2478 2879 2544 ambularet,
2909 2493 3073 2548 quam
3102 2477 3244 2547 quod
3275 2476 3341 2531 ad
3395 2478 3568 2547 ipsum

1946 2573 2153 2627 veniret
2191 2590 2204 2626 :
2235 2581 2435 2627 etcum
2467 2571 2519 2626 id
2550 2571 2693 2641 quod
2723 2571 2899 2642 majus
2922 2579 3039 2626 erat
3066 2581 3471 2642 assequeretur.
3504 2587 3574 2626 cx'

1948 2667 2144 2721 minori
2177 2665 2580 2737 periclitaturus
2620 2675 2760 2730 erat,
2800 2681 2831 2720 a
2865 2665 3007 2721 venti
3049 2664 3172 2720 dico
3205 2665 3431 2733 impetu,
3464 2683 3568 2719 non

1949 2776 1979 2816 a
2012 2761 2165 2815 mari.
2199 2760 2342 2814 Talis
2369 2761 2568 2831 quippe
2600 2769 2685 2815 est
2723 2758 2954 2813 humana
2994 2770 3184 2814 natura
3216 2777 3228 2811 :
3264 2775 3410 2829 saepe
3449 2775 3570 2812 cum

1953 2871 2143 2926 magna
2172 2855 2464 2924 superavit,
2493 2871 2522 2907 a
2548 2855 2848 2908 minorilms
2880 2855 3131 2908 ι’ἱιι(·ἰιιιι·.

2033 2947 2214 3003 Petrus
2241 2965 2342 3002 nou
2375 2949 2472 3002 nisi
2499 2948 2764 3017 deﬁciente
2803 2949 2907 3014 [ide
2940 2966 3090 3016 super
3118 2965 3277 3017 aquas
3310 2948 3564 3001 titubavit.

1955 3042 2188 3098 Christus
2237 3043 2525 3096 divinitatis
2565 3059 2672 3096 sure
2719 3044 2873 3111 ﬁdem
2917 3043 3213 3097 adstruebat
3261 3043 3451 3096 nedum
3490 3045 3572 3095 de-

1956 3144 2192 3190 strueret.
2239 3133 2307 3188 In
2333 3133 2662 3187 Eucharistia
2690 3135 2857 3204 ipsum
2903 3133 3095 3190 Christi
3123 3151 3309 3203 corpus
3349 3135 3548 3189 comedi
3559 3166 3573 3174 -

1957 3239 2057 3284 tur.
2076 3229 2316 3297 —Quod
2339 3230 2498 3283 etiam
2521 3223 2667 3283 Elias
2684 3229 2786 3284 sub
2807 3228 3057 3284 Jezabele
3084 3244 3276 3300 passus
3300 3239 3402 3289 est,
3433 3228 3576 3298 quod

1959 3325 2171 3398 Moyses
2191 3325 2258 3379 ab
2280 3323 2558 3397 Egyplio,
2585 3324 2754 3380 David
2783 3341 2810 3379 a
2837 3324 3127 3380 Bersabee.
3157 3323 3229 3378 Ita
3252 3333 3306 3380 et
3340 3323 3533 3378 Petrus
3564 3342 3578 3377 :

1960 3419 2192 3474 instante
2227 3419 2406 3475 adhuc
2447 3431 2654 3476 terrore
2693 3435 2859 3490 super
2886 3435 3057 3491 aquas
3094 3419 3379 3476 ambulare
3418 3435 3581 3474 ausus

1960 3526 2064 3582 est,
2096 3516 2188 3570 sed
2229 3526 2417 3570 contra
2463 3517 2609 3571 venti
2649 3517 2912 3585 impetum
2959 3529 3104 3574 stare
3145 3534 3254 3574 non
3301 3520 3495 3590 potuit,
3531 3527 3582 3572 et

1963 3609 2063 3665 hoc
2110 3625 2232 3664 cum
2270 3625 2438 3681 prope
2478 3609 2755 3665 Christum
2797 3620 2962 3667 esset.
3007 3611 3080 3667 Ita
3125 3611 3259 3667 uilnl
3285 3612 3438 3683 juvat
3464 3629 3584 3668 esse

1963 3719 2131 3775 prope
2156 3704 2453 3770 Christum,
2481 3705 2584 3760 nisi
2620 3705 2725 3761 lide
2756 3722 2920 3777 prope
2947 3709 3042 3762 sis.
3076 3708 3189 3764 Iloc
3218 3724 3382 3780 porro
3404 3726 3580 3780 qnam-

1965 3807 2077 3851 tum
2100 3807 2243 3851 esset
2273 3797 2414 3852 inter
2441 3797 2754 3870 Magistrum
2794 3809 2848 3854 et
2875 3799 3200 3870 discipulum
3240 3802 3585 3857 intervallum

1965 3892 2219 3957 ostendit,
2249 3892 2475 3962 aliisque
2503 3892 2861 3947 consolationi
2892 3892 3009 3948 fuit.
3044 3893 3175 3949 Nam
3208 3894 3250 3948 si
3275 3894 3348 3950 de
3378 3893 3587 3952 duobus

1969 3986 2222 4042 fratribus
2266 3988 2388 4042 irati
2420 3998 2567 4056 sunt,
2611 3990 2780 4043 multo
2818 3991 2988 4059 magis
3026 3989 3112 4044 hic
3150 3990 3407 4061 indignati
3454 3991 3588 4045 fuisv

1967 4089 2134 4135 sent:
2173 4080 2413 4135 nondum
2458 4083 2602 4136 enim
2644 4082 2901 4153 Spiritum
2942 4093 3187 4138 sanctmn
3243 4096 3588 4156 acceperant.

1969 4172 2074 4229 Sed
2104 4182 2291 4244 postea
2331 4190 2435 4229 non
2470 4174 2609 4230 tales
2656 4175 2891 4231 fuerunt.
2940 4175 3151 4248 Ubique
3195 4179 3340 4234 enim
3391 4180 3590 4249 primas

1972 4266 2131 4323 Petro
2147 4267 2469 4332 concedunt,
2500 4279 2554 4323 et
2583 4269 2649 4324 ad
2680 4271 2972 4326 conciones
3001 4270 3245 4340 publicas
3273 4272 3424 4326 illum
3449 4288 3593 4344 pra!-

1971 4359 2171 4428 ferunt,
2199 4361 2444 4431 quamvis
2468 4363 2679 4418 ueteris
2703 4364 2887 4419 rudior
2913 4365 3204 4421 videretur.
3232 4367 3338 4422 Sed
3368 4382 3462 4422 cur
3489 4385 3593 4423 non

1974 4454 2257 4524 imperavit
2289 4454 2461 4510 ventis
2509 4464 2568 4510 ιιι
2606 4458 2966 4527 quiescerent,
3016 4459 3110 4514 sed
3161 4473 3382 4517 extensa
3435 4479 3595 4517 manu
3650 4441 3659 4450 ’

1973 4547 2329 4616 apprehendit
2381 4549 2546 4603 eum?
2576 4550 2711 4618 Quia
2751 4551 2856 4608 fide
2900 4553 3069 4623 ipsius
3112 4571 3249 4625 opus
3281 4566 3414 4610 erat.
3459 4555 3595 4612 Cum

1974 4642 2118 4697 enim
2147 4651 2330 4698 nostra
2364 4642 2638 4711 desinunt,
2664 4661 2781 4716 quae
2815 4646 2907 4703 Dei
2941 4657 3068 4701 sunt
3107 4649 3266 4703 etiam
3311 4650 3594 4706 sistuntur.

1975 4735 2278 4792 Ostendens
2317 4736 2497 4808 igitur,
2532 4753 2637 4794 non
2680 4739 2822 4795 venti
2861 4743 3142 4811 impetum.
3189 4741 3285 4796 sed
3329 4742 3596 4798 modicam

1976 4830 2098 4899 ejus
2123 4831 2281 4886 Iidem
2325 4830 2502 4901 ipsum
2538 4834 2821 4900 evertisse,
2862 4835 2975 4889 ait:
3006 4834 3229 4890 Modicar
3258 4836 3398 4906 ﬁdei,
3441 4855 3601 4908 quare

1978 4925 2265 4981 dubitasti?
2291 4925 2473 4998 itaque
2501 4929 2602 4983 nisi
2629 4928 2763 4984 fides
2786 4929 2997 4986 infirma
3032 4929 3244 4996 fuisset,
3278 4933 3439 4986 etiam
3463 4949 3601 4987 con-

1979 5032 2062 5076 tra
2105 5031 2326 5077 ventum
2372 5023 2529 5079 facile
2582 5026 2841 5080 stetisset.
2887 5026 3227 5097 Quapropter
3275 5029 3365 5081 illo
3410 5044 3602 5098 appre-

1979 5113 2171 5181 henso,
2201 5127 2420 5170 ventum
2464 5117 2592 5173 flare
2640 5119 2871 5182 sinebat,
2905 5119 3201 5176 ostendens
3245 5121 3600 5193 nibil‘ipsum

1979 5209 2200 5276 laedere,
2234 5210 2278 5265 si
2320 5210 2452 5266 fides
2496 5212 2647 5267 firma
2694 5225 2863 5270 esset.
2911 5213 2983 5271 Et
3029 5216 3169 5270 sicut
3210 5217 3436 5286 pullum,
3478 5227 3604 5273 ante

1980 5311 2192 5373 tempus
2241 5320 2273 5359 e
2329 5304 2454 5359 nido
2503 5321 2808 5377 egressum,
2861 5319 2916 5364 et
2955 5309 3179 5379 jamjam
3234 5311 3600 5380 delapsurum,

1981 5407 2153 5454 mater
2181 5399 2282 5454 alis
2317 5409 2626 5457 sustentans
2665 5403 2717 5457 in
2758 5402 2943 5458 nidum
2977 5403 3206 5471 reducit,
3239 5405 3318 5460 sic
3357 5414 3411 5461 ct
3450 5406 3611 5461 Citri-

1980 5587 2191 5640 cessavit
2242 5597 2437 5641 vetitus.
2482 5587 2642 5644 Prius
2681 5590 2897 5658 quidem
2948 5592 3195 5648 dicebant
3239 5612 3251 5645 :
3300 5593 3481 5659 Qualis
3529 5607 3603 5648 est

1984 5678 2064 5730 hic
2090 5679 2262 5744 homo,
2297 5681 2417 5749 quia
2439 5694 2570 5736 venit
2591 5691 2638 5737 et
2651 5700 2794 5736 mare
2814 5685 3056 5739 obediunt
3077 5686 3122 5740 ei
3145 5687 3162 5749 <
3175 5686 3360 5741 Matth.
3391 5689 3442 5744 8.
3469 5689 3562 5756 27)
3584 5689 3605 5737 τ’

1982 5772 2135 5828 Nunc
2156 5785 2333 5828 autem
2373 5792 2491 5830 non
2507 5779 2604 5832 sic.
2638 5779 2729 5833 55.
2770 5779 2903 5834 Nam
2946 5779 3047 5844 Qui
3076 5781 3137 5834 in
3171 5781 3406 5836 navicula
3437 5793 3601 5847 rraut,

1983 5867 2176 5938 inquit,
2219 5872 2469 5926 uenientes
2500 5873 2862 5926 adoraveruat
2891 5890 3007 5928 eum
3038 5875 3262 5931 dicentes
3293 5894 3310 5930 :
3350 5875 3475 5929 Vere
3509 5874 3603 5930 Fi-

1983 5963 2084 6016 lius
2108 5961 2206 6018 Dei
2236 5981 2308 6019 es.
2357 5965 2542 6020 Viden’
2579 5967 2848 6035 quomodo
2887 5970 3139 6037 paulatim
3178 5971 3244 6024 ad
3285 5969 3602 6027 sublimiora

1985 6069 2175 6111 omnes
2202 6056 2400 6112 ducat?
2441 6058 2572 6115 Nam
2614 6062 2740 6126 quia
2782 6061 2834 6117 in
2878 6065 3010 6119 mari
3040 6065 3354 6130 ambulavit,
3391 6077 3443 6122 et
3478 6069 3602 6132 quia
