  <div class='ocr_page' id='page_1' title='image "/cluster/home/n/w/nwhite01/storage/ocr_20150623/58/uva.x004914844/051.png"; bbox 0 0 4170 6496; ppageno 0'>
   <div class='ocr_carea' id='block_1_1' title="bbox 721 432 819 486">
    <p class='ocr_par' dir='ltr' id='par_1_1' title="bbox 721 432 819 486">
     <span class='ocr_line' id='line_1_1' title="bbox 721 432 819 486; baseline -0.031 0"><span class='ocrx_word' id='word_1_1' title='bbox 721 432 819 486; x_wconf 77' lang='grc' dir='ltr'><strong>5οἳ</strong></span> 
     </span>
    </p>
   </div>
   <div class='ocr_carea' id='block_1_2' title="bbox 719 535 2281 612">
    <p class='ocr_par' dir='ltr' id='par_1_2' title="bbox 719 535 2281 612">
     <span class='ocr_line' id='line_1_2' title="bbox 719 535 2281 612; baseline -0.004 -17"><span class='ocrx_word' id='word_1_2' title='bbox 719 543 878 596; x_wconf 85' lang='lat' dir='ltr'><strong>alium</strong></span> <span class='ocrx_word' id='word_1_3' title='bbox 903 541 1058 612; x_wconf 86' lang='lat' dir='ltr'><strong>jussit</strong></span> <span class='ocrx_word' id='word_1_4' title='bbox 1087 540 1136 594; x_wconf 98' lang='lat' dir='ltr'><strong>id</strong></span> <span class='ocrx_word' id='word_1_5' title='bbox 1166 539 1356 605; x_wconf 79' lang='lat' dir='ltr'><strong>facere,</strong></span> <span class='ocrx_word' id='word_1_6' title='bbox 1388 554 1449 594; x_wconf 89' lang='lat' dir='ltr'><strong>ac</strong></span> <span class='ocrx_word' id='word_1_7' title='bbox 1471 539 1851 610; x_wconf 86' lang='lat' dir='ltr'><strong>periclitantem</strong></span> <span class='ocrx_word' id='word_1_8' title='bbox 1885 537 2134 598; x_wconf 88' lang='lat' dir='ltr'><strong>servavit,</strong></span> <span class='ocrx_word' id='word_1_9' title='bbox 2161 535 2281 589; x_wconf 90' lang='lat' dir='ltr'><strong>hinc</strong></span> 
     </span>
    </p>
   </div>
   <div class='ocr_carea' id='block_1_3' title="bbox 721 629 2284 690">
    <p class='ocr_par' dir='ltr' id='par_1_3' title="bbox 721 629 2284 690">
     <span class='ocr_line' id='line_1_3' title="bbox 721 629 2284 690; baseline -0.005 -2"><span class='ocrx_word' id='word_1_10' title='bbox 721 635 852 690; x_wconf 97' lang='lat' dir='ltr'><strong>ﬁdes</strong></span> <span class='ocrx_word' id='word_1_11' title='bbox 891 649 1072 689; x_wconf 88' lang='lat' dir='ltr'><strong>eorum</strong></span> <span class='ocrx_word' id='word_1_12' title='bbox 1118 632 1403 687; x_wconf 89' lang='lat' dir='ltr'><strong>admodum</strong></span> <span class='ocrx_word' id='word_1_13' title='bbox 1436 641 1585 685; x_wconf 87' lang='lat' dir='ltr'><strong>aucta</strong></span> <span class='ocrx_word' id='word_1_14' title='bbox 1636 641 1735 685; x_wconf 88' lang='lat' dir='ltr'><strong>est.</strong></span> <span class='ocrx_word' id='word_1_15' title='bbox 1772 629 1920 684; x_wconf 83' lang='lat' dir='ltr'><strong>Tunc</strong></span> <span class='ocrx_word' id='word_1_16' title='bbox 1959 629 2100 682; x_wconf 91' lang='lat' dir='ltr'><strong>enim</strong></span> <span class='ocrx_word' id='word_1_17' title='bbox 2139 640 2284 681; x_wconf 89' lang='lat' dir='ltr'><strong>mare</strong></span> 
     </span>
    </p>
   </div>
   <div class='ocr_carea' id='block_1_4' title="bbox 720 719 2282 797">
    <p class='ocr_par' dir='ltr' id='par_1_4' title="bbox 720 719 2282 797">
     <span class='ocr_line' id='line_1_4' title="bbox 720 719 2282 797; baseline -0.006 -15"><span class='ocrx_word' id='word_1_18' title='bbox 720 729 1028 797; x_wconf 88' lang='lat' dir='ltr'><strong>increpavit,</strong></span> <span class='ocrx_word' id='word_1_19' title='bbox 1060 741 1199 781; x_wconf 90' lang='lat' dir='ltr'><strong>nunc</strong></span> <span class='ocrx_word' id='word_1_20' title='bbox 1237 740 1341 780; x_wconf 91' lang='lat' dir='ltr'><strong>non</strong></span> <span class='ocrx_word' id='word_1_21' title='bbox 1382 727 1635 794; x_wconf 91' lang='lat' dir='ltr'><strong>increpat,</strong></span> <span class='ocrx_word' id='word_1_22' title='bbox 1672 723 1775 777; x_wconf 88' lang='lat' dir='ltr'><strong>alio</strong></span> <span class='ocrx_word' id='word_1_23' title='bbox 1803 722 2093 790; x_wconf 89' lang='lat' dir='ltr'><strong>majorique</strong></span> <span class='ocrx_word' id='word_1_24' title='bbox 2127 719 2282 774; x_wconf 90' lang='lat' dir='ltr'><strong>modo</strong></span> 
     </span>
    </p>
   </div>
   <div class='ocr_carea' id='block_1_5' title="bbox 718 808 2280 888">
    <p class='ocr_par' dir='ltr' id='par_1_5' title="bbox 718 808 2280 888">
     <span class='ocr_line' id='line_1_5' title="bbox 718 808 2280 888; baseline -0.004 -18"><span class='ocrx_word' id='word_1_25' title='bbox 718 820 1002 888; x_wconf 82' lang='lat' dir='ltr'><strong>potentiam</strong></span> <span class='ocrx_word' id='word_1_26' title='bbox 1026 833 1178 873; x_wconf 89' lang='lat' dir='ltr'><strong>suam</strong></span> <span class='ocrx_word' id='word_1_27' title='bbox 1206 817 1508 873; x_wconf 88' lang='lat' dir='ltr'><strong>ostendens.</strong></span> <span class='ocrx_word' id='word_1_28' title='bbox 1549 815 1668 870; x_wconf 91' lang='lat' dir='ltr'><strong>Ideo</strong></span> <span class='ocrx_word' id='word_1_29' title='bbox 1710 814 1955 868; x_wconf 79' lang='lat' dir='ltr'><strong>dicebant</strong></span> <span class='ocrx_word' id='word_1_30' title='bbox 1981 829 1996 866; x_wconf 75' lang='grc' dir='ltr'>ε</span> <span class='ocrx_word' id='word_1_31' title='bbox 2034 811 2159 865; x_wconf 83' lang='lat' dir='ltr'><strong>Vere</strong></span> <span class='ocrx_word' id='word_1_32' title='bbox 2187 808 2280 864; x_wconf 83' lang='lat' dir='ltr'><strong>Fi-</strong></span> 
     </span>
    </p>
   </div>
   <div class='ocr_carea' id='block_1_6' title="bbox 716 905 2282 980">
    <p class='ocr_par' dir='ltr' id='par_1_6' title="bbox 716 905 2282 980">
     <span class='ocr_line' id='line_1_6' title="bbox 716 905 2282 980; baseline -0.008 -13"><span class='ocrx_word' id='word_1_33' title='bbox 716 913 814 967; x_wconf 74' lang='lat' dir='ltr'><strong>lists</strong></span> <span class='ocrx_word' id='word_1_34' title='bbox 843 910 940 966; x_wconf 89' lang='lat' dir='ltr'><strong>Dei</strong></span> <span class='ocrx_word' id='word_1_35' title='bbox 965 928 1038 966; x_wconf 93' lang='lat' dir='ltr'><strong>es.</strong></span> <span class='ocrx_word' id='word_1_36' title='bbox 1078 911 1210 980; x_wconf 86' lang='lat' dir='ltr'><strong>Quid</strong></span> <span class='ocrx_word' id='word_1_37' title='bbox 1240 909 1440 980; x_wconf 80' lang='lat' dir='ltr'><strong>igitur?</strong></span> <span class='ocrx_word' id='word_1_38' title='bbox 1477 926 1543 962; x_wconf 90' lang='lat' dir='ltr'><strong>an</strong></span> <span class='ocrx_word' id='word_1_39' title='bbox 1584 907 1872 976; x_wconf 81' lang='lat' dir='ltr'><strong>increpavit</strong></span> <span class='ocrx_word' id='word_1_40' title='bbox 1905 919 2000 961; x_wconf 80' lang='lat' dir='ltr'><strong>eos</strong></span> <span class='ocrx_word' id='word_1_41' title='bbox 2045 905 2132 974; x_wconf 91' lang='lat' dir='ltr'><strong>qui</strong></span> <span class='ocrx_word' id='word_1_42' title='bbox 2184 905 2282 957; x_wconf 87' lang='lat' dir='ltr'><strong>hoc</strong></span> 
     </span>
    </p>
   </div>
   <div class='ocr_carea' id='block_1_7' title="bbox 714 993 2279 1058">
    <p class='ocr_par' dir='ltr' id='par_1_7' title="bbox 714 993 2279 1058">
     <span class='ocr_line' id='line_1_7' title="bbox 714 993 2279 1058; baseline -0.007 -2"><span class='ocrx_word' id='word_1_43' title='bbox 714 1002 987 1058; x_wconf 68' lang='lat' dir='ltr'><strong>dicerent?</strong></span> <span class='ocrx_word' id='word_1_44' title='bbox 1019 1002 1128 1056; x_wconf 77' lang='lat' dir='ltr'><strong>luto</strong></span> <span class='ocrx_word' id='word_1_45' title='bbox 1156 1011 1336 1056; x_wconf 89' lang='lat' dir='ltr'><strong>contra</strong></span> <span class='ocrx_word' id='word_1_46' title='bbox 1362 1001 1578 1055; x_wconf 89' lang='lat' dir='ltr'><strong>omnino</strong></span> <span class='ocrx_word' id='word_1_47' title='bbox 1607 1014 1621 1050; x_wconf 92' lang='lat'><strong>:</strong></span> <span class='ocrx_word' id='word_1_48' title='bbox 1652 997 1752 1052; x_wconf 89' lang='lat' dir='ltr'><strong>hoc</strong></span> <span class='ocrx_word' id='word_1_49' title='bbox 1777 997 1975 1051; x_wconf 90' lang='lat' dir='ltr'><strong>dictum</strong></span> <span class='ocrx_word' id='word_1_50' title='bbox 2001 995 2159 1049; x_wconf 88' lang='lat' dir='ltr'><strong>etiam</strong></span> <span class='ocrx_word' id='word_1_51' title='bbox 2187 993 2279 1046; x_wconf 86' lang='lat' dir='ltr'><strong>ﬁr-</strong></span> 
     </span>
    </p>
   </div>
   <div class='ocr_carea' id='block_1_8' title="bbox 714 1083 2278 1162">
    <p class='ocr_par' dir='ltr' id='par_1_8' title="bbox 714 1083 2278 1162">
     <span class='ocr_line' id='line_1_8' title="bbox 714 1083 2278 1162; baseline -0.008 -13"><span class='ocrx_word' id='word_1_52' title='bbox 714 1095 896 1158; x_wconf 88' lang='lat' dir='ltr'><strong>mavit,</strong></span> <span class='ocrx_word' id='word_1_53' title='bbox 927 1109 1045 1148; x_wconf 90' lang='lat' dir='ltr'><strong>cum</strong></span> <span class='ocrx_word' id='word_1_54' title='bbox 1088 1093 1271 1162; x_wconf 86' lang='lat' dir='ltr'><strong>majori</strong></span> <span class='ocrx_word' id='word_1_55' title='bbox 1305 1099 1561 1160; x_wconf 83' lang='lat' dir='ltr'><strong>potestate</strong></span> <span class='ocrx_word' id='word_1_56' title='bbox 1600 1104 1792 1144; x_wconf 84' lang='lat' dir='ltr'><strong>curans</strong></span> <span class='ocrx_word' id='word_1_57' title='bbox 1821 1101 1913 1142; x_wconf 87' lang='lat' dir='ltr'><strong>eos</strong></span> <span class='ocrx_word' id='word_1_58' title='bbox 1940 1086 2029 1156; x_wconf 90' lang='lat' dir='ltr'><strong>qui</strong></span> <span class='ocrx_word' id='word_1_59' title='bbox 2058 1083 2278 1138; x_wconf 85' lang='lat' dir='ltr'><strong>accede-</strong></span> 
     </span>
    </p>
   </div>
   <div class='ocr_carea' id='block_1_9' title="bbox 715 1179 2274 1250">
    <p class='ocr_par' dir='ltr' id='par_1_9' title="bbox 715 1179 2274 1250">
     <span class='ocr_line' id='line_1_9' title="bbox 715 1179 2274 1250; baseline -0.007 -12"><span class='ocrx_word' id='word_1_60' title='bbox 715 1193 868 1250; x_wconf 90' lang='lat' dir='ltr'><strong>rent,</strong></span> <span class='ocrx_word' id='word_1_61' title='bbox 897 1195 951 1238; x_wconf 84' lang='lat' dir='ltr'><strong>et</strong></span> <span class='ocrx_word' id='word_1_62' title='bbox 1002 1198 1104 1236; x_wconf 91' lang='lat' dir='ltr'><strong>non</strong></span> <span class='ocrx_word' id='word_1_63' title='bbox 1148 1193 1203 1236; x_wconf 91' lang='lat' dir='ltr'><strong>ut</strong></span> <span class='ocrx_word' id='word_1_64' title='bbox 1253 1190 1424 1235; x_wconf 88' lang='lat' dir='ltr'><strong>antea.</strong></span> <span class='ocrx_word' id='word_1_65' title='bbox 1459 1181 1550 1236; x_wconf 70' lang='grc' dir='ltr'><strong>δι.</strong></span> <span class='ocrx_word' id='word_1_66' title='bbox 1603 1179 1668 1232; x_wconf 83' lang='lat' dir='ltr'><strong>Et</strong></span> <span class='ocrx_word' id='word_1_67' title='bbox 1708 1195 1819 1231; x_wconf 86' lang='lat' dir='ltr'><strong>cum</strong></span> <span class='ocrx_word' id='word_1_68' title='bbox 1857 1180 2274 1245; x_wconf 69' lang='lat' dir='ltr'><strong>transfretassent,</strong></span> 
     </span>
    </p>
   </div>
   <div class='ocr_carea' id='block_1_10' title="bbox 715 1267 2277 1346">
    <p class='ocr_par' dir='ltr' id='par_1_10' title="bbox 715 1267 2277 1346">
     <span class='ocr_line' id='line_1_10' title="bbox 715 1267 2277 1346; baseline -0.006 -17"><span class='ocrx_word' id='word_1_69' title='bbox 715 1276 902 1346; x_wconf 82' lang='lat' dir='ltr'><strong>inquit,</strong></span> <span class='ocrx_word' id='word_1_70' title='bbox 932 1283 1168 1329; x_wconf 82' lang='lat' dir='ltr'><strong>venerunt</strong></span> <span class='ocrx_word' id='word_1_71' title='bbox 1201 1275 1252 1327; x_wconf 88' lang='lat' dir='ltr'><strong>in</strong></span> <span class='ocrx_word' id='word_1_72' title='bbox 1282 1283 1465 1327; x_wconf 88' lang='lat' dir='ltr'><strong>terram</strong></span> <span class='ocrx_word' id='word_1_73' title='bbox 1500 1271 1785 1326; x_wconf 78' lang='lat' dir='ltr'><strong>Genesaret.</strong></span> <span class='ocrx_word' id='word_1_74' title='bbox 1821 1270 1909 1324; x_wconf 76' lang='lat'><strong>35.</strong></span> <span class='ocrx_word' id='word_1_75' title='bbox 1956 1267 2022 1321; x_wconf 81' lang='lat' dir='ltr'><strong>Et</strong></span> <span class='ocrx_word' id='word_1_76' title='bbox 2049 1284 2163 1321; x_wconf 80' lang='lat' dir='ltr'><strong>cum</strong></span> <span class='ocrx_word' id='word_1_77' title='bbox 2189 1283 2277 1321; x_wconf 86' lang='lat' dir='ltr'><strong>co-</strong></span> 
     </span>
    </p>
   </div>
   <div class='ocr_carea' id='block_1_11' title="bbox 711 1359 2279 1439">
    <p class='ocr_par' dir='ltr' id='par_1_11' title="bbox 711 1359 2279 1439">
     <span class='ocr_line' id='line_1_11' title="bbox 711 1359 2279 1439; baseline -0.007 -17"><span class='ocrx_word' id='word_1_78' title='bbox 711 1369 993 1439; x_wconf 80' lang='lat' dir='ltr'><strong>gnovissent</strong></span> <span class='ocrx_word' id='word_1_79' title='bbox 1020 1385 1133 1420; x_wconf 87' lang='lat' dir='ltr'><strong>eum</strong></span> <span class='ocrx_word' id='word_1_80' title='bbox 1170 1368 1260 1420; x_wconf 81' lang='lat' dir='ltr'><strong>uiri</strong></span> <span class='ocrx_word' id='word_1_81' title='bbox 1290 1366 1388 1420; x_wconf 81' lang='lat' dir='ltr'><strong>loci</strong></span> <span class='ocrx_word' id='word_1_82' title='bbox 1414 1366 1569 1428; x_wconf 78' lang='lat' dir='ltr'><strong>illius,</strong></span> <span class='ocrx_word' id='word_1_83' title='bbox 1602 1363 1836 1416; x_wconf 73' lang='lat' dir='ltr'><strong>miserant</strong></span> <span class='ocrx_word' id='word_1_84' title='bbox 1866 1361 1919 1415; x_wconf 87' lang='lat' dir='ltr'><strong>in</strong></span> <span class='ocrx_word' id='word_1_85' title='bbox 1943 1377 2139 1415; x_wconf 83' lang='lat' dir='ltr'><strong>omnem</strong></span> <span class='ocrx_word' id='word_1_86' title='bbox 2179 1359 2279 1413; x_wconf 87' lang='lat' dir='ltr'><strong>cir-</strong></span> 
     </span>
    </p>
   </div>
   <div class='ocr_carea' id='block_1_12' title="bbox 710 1452 2277 1530">
    <p class='ocr_par' dir='ltr' id='par_1_12' title="bbox 710 1452 2277 1530">
     <span class='ocr_line' id='line_1_12' title="bbox 710 1452 2277 1530; baseline -0.006 -18"><span class='ocrx_word' id='word_1_87' title='bbox 710 1477 826 1513; x_wconf 73' lang='lat' dir='ltr'><strong>cum</strong></span> <span class='ocrx_word' id='word_1_88' title='bbox 859 1461 1108 1530; x_wconf 84' lang='lat' dir='ltr'><strong>regionem</strong></span> <span class='ocrx_word' id='word_1_89' title='bbox 1134 1459 1294 1523; x_wconf 81' lang='lat' dir='ltr'><strong>illam,</strong></span> <span class='ocrx_word' id='word_1_90' title='bbox 1325 1467 1370 1511; x_wconf 92' lang='lat' dir='ltr'><strong>et</strong></span> <span class='ocrx_word' id='word_1_91' title='bbox 1398 1456 1678 1510; x_wconf 74' lang='lat' dir='ltr'><strong>obtulerunt</strong></span> <span class='ocrx_word' id='word_1_92' title='bbox 1715 1457 1760 1506; x_wconf 84' lang='lat' dir='ltr'><strong>ei</strong></span> <span class='ocrx_word' id='word_1_93' title='bbox 1802 1469 1972 1506; x_wconf 87' lang='lat' dir='ltr'><strong>omnes</strong></span> <span class='ocrx_word' id='word_1_94' title='bbox 2009 1452 2140 1504; x_wconf 80' lang='lat' dir='ltr'><strong>male</strong></span> <span class='ocrx_word' id='word_1_95' title='bbox 2180 1452 2277 1502; x_wconf 84' lang='lat' dir='ltr'><strong>Ita-</strong></span> 
     </span>
    </p>
   </div>
   <div class='ocr_carea' id='block_1_13' title="bbox 712 1543 2278 1622">
    <p class='ocr_par' dir='ltr' id='par_1_13' title="bbox 712 1543 2278 1622">
     <span class='ocr_line' id='line_1_13' title="bbox 712 1543 2278 1622; baseline -0.007 -17"><span class='ocrx_word' id='word_1_96' title='bbox 712 1553 898 1614; x_wconf 72' lang='lat' dir='ltr'><strong>bentes,</strong></span> <span class='ocrx_word' id='word_1_97' title='bbox 930 1552 1016 1607; x_wconf 76' lang='lat'><strong>56.</strong></span> <span class='ocrx_word' id='word_1_98' title='bbox 1047 1561 1094 1607; x_wconf 90' lang='lat' dir='ltr'><strong>et</strong></span> <span class='ocrx_word' id='word_1_99' title='bbox 1113 1550 1350 1622; x_wconf 78' lang='lat' dir='ltr'><strong>rogabant</strong></span> <span class='ocrx_word' id='word_1_100' title='bbox 1370 1558 1421 1602; x_wconf 83' lang='lat' dir='ltr'><strong>ut</strong></span> <span class='ocrx_word' id='word_1_101' title='bbox 1445 1555 1699 1617; x_wconf 78' lang='lat' dir='ltr'><strong>tangerent</strong></span> <span class='ocrx_word' id='word_1_102' title='bbox 1727 1545 1975 1615; x_wconf 77' lang='lat' dir='ltr'><strong>ﬁmbriam</strong></span> <span class='ocrx_word' id='word_1_103' title='bbox 2005 1543 2278 1597; x_wconf 75' lang='lat' dir='ltr'><strong>vestimenti</strong></span> 
     </span>
    </p>
   </div>
   <div class='ocr_carea' id='block_1_14' title="bbox 712 1634 2275 1714">
    <p class='ocr_par' dir='ltr' id='par_1_14' title="bbox 712 1634 2275 1714">
     <span class='ocr_line' id='line_1_14' title="bbox 712 1634 2275 1714; baseline -0.007 -17"><span class='ocrx_word' id='word_1_104' title='bbox 712 1645 838 1712; x_wconf 67' lang='lat' dir='ltr'><strong>«jus,</strong></span> <span class='ocrx_word' id='word_1_105' title='bbox 866 1654 912 1697; x_wconf 89' lang='lat' dir='ltr'><strong>et</strong></span> <span class='ocrx_word' id='word_1_106' title='bbox 939 1653 1175 1714; x_wconf 73' lang='lat' dir='ltr'><strong>quotquot</strong></span> <span class='ocrx_word' id='word_1_107' title='bbox 1214 1643 1494 1712; x_wconf 73' lang='lat' dir='ltr'><strong>tetigerunt,</strong></span> <span class='ocrx_word' id='word_1_108' title='bbox 1521 1639 1648 1693; x_wconf 83' lang='lat' dir='ltr'><strong>salvi</strong></span> <span class='ocrx_word' id='word_1_109' title='bbox 1682 1639 1800 1709; x_wconf 76' lang='lat' dir='ltr'><strong>facti</strong></span> <span class='ocrx_word' id='word_1_110' title='bbox 1831 1647 1964 1691; x_wconf 87' lang='lat' dir='ltr'><strong>sunt.</strong></span> <span class='ocrx_word' id='word_1_111' title='bbox 1997 1635 2107 1689; x_wconf 81' lang='lat' dir='ltr'><strong>Non</strong></span> <span class='ocrx_word' id='word_1_112' title='bbox 2135 1634 2275 1688; x_wconf 90' lang='lat' dir='ltr'><strong>enim</strong></span> 
     </span>
    </p>
   </div>
   <div class='ocr_carea' id='block_1_15' title="bbox 711 1729 2275 1804">
    <p class='ocr_par' dir='ltr' id='par_1_15' title="bbox 711 1729 2275 1804">
     <span class='ocr_line' id='line_1_15' title="bbox 711 1729 2275 1804; baseline -0.006 -16"><span class='ocrx_word' id='word_1_113' title='bbox 711 1745 767 1789; x_wconf 91' lang='lat' dir='ltr'><strong>ut</strong></span> <span class='ocrx_word' id='word_1_114' title='bbox 792 1735 935 1804; x_wconf 90' lang='lat' dir='ltr'><strong>prius</strong></span> <span class='ocrx_word' id='word_1_115' title='bbox 959 1736 1129 1804; x_wconf 89' lang='lat' dir='ltr'><strong>ipsum</strong></span> <span class='ocrx_word' id='word_1_116' title='bbox 1156 1733 1221 1788; x_wconf 89' lang='lat' dir='ltr'><strong>ad</strong></span> <span class='ocrx_word' id='word_1_117' title='bbox 1247 1733 1433 1788; x_wconf 86' lang='lat' dir='ltr'><strong>dumos</strong></span> <span class='ocrx_word' id='word_1_118' title='bbox 1462 1745 1586 1787; x_wconf 85' lang='lat' dir='ltr'><strong>suas</strong></span> <span class='ocrx_word' id='word_1_119' title='bbox 1611 1729 1906 1792; x_wconf 82' lang='lat' dir='ltr'><strong>trahebant,</strong></span> <span class='ocrx_word' id='word_1_120' title='bbox 1940 1742 2037 1782; x_wconf 90' lang='lat' dir='ltr'><strong>nec</strong></span> <span class='ocrx_word' id='word_1_121' title='bbox 2068 1739 2275 1794; x_wconf 73' lang='lat' dir='ltr'><strong>quzere-</strong></span> 
     </span>
    </p>
   </div>
   <div class='ocr_carea' id='block_1_16' title="bbox 709 1817 2275 1897">
    <p class='ocr_par' dir='ltr' id='par_1_16' title="bbox 709 1817 2275 1897">
     <span class='ocr_line' id='line_1_16' title="bbox 709 1817 2275 1897; baseline -0.004 -19"><span class='ocrx_word' id='word_1_122' title='bbox 709 1829 834 1881; x_wconf 88' lang='lat' dir='ltr'><strong>baut</strong></span> <span class='ocrx_word' id='word_1_123' title='bbox 864 1835 919 1881; x_wconf 93' lang='lat' dir='ltr'><strong>ut</strong></span> <span class='ocrx_word' id='word_1_124' title='bbox 938 1842 1096 1881; x_wconf 88' lang='lat' dir='ltr'><strong>manu</strong></span> <span class='ocrx_word' id='word_1_125' title='bbox 1119 1835 1372 1897; x_wconf 77' lang='lat' dir='ltr'><strong>tangeret,</strong></span> <span class='ocrx_word' id='word_1_126' title='bbox 1395 1840 1458 1881; x_wconf 93' lang='lat' dir='ltr'><strong>ac</strong></span> <span class='ocrx_word' id='word_1_127' title='bbox 1473 1824 1646 1880; x_wconf 88' lang='lat' dir='ltr'><strong>verbis</strong></span> <span class='ocrx_word' id='word_1_128' title='bbox 1674 1823 1958 1893; x_wconf 77' lang='lat' dir='ltr'><strong>imperaret</strong></span> <span class='ocrx_word' id='word_1_129' title='bbox 1981 1838 1995 1874; x_wconf 93' lang='lat'><strong>:</strong></span> <span class='ocrx_word' id='word_1_130' title='bbox 2022 1818 2114 1875; x_wconf 88' lang='lat' dir='ltr'><strong>sed</strong></span> <span class='ocrx_word' id='word_1_131' title='bbox 2147 1817 2275 1873; x_wconf 86' lang='lat' dir='ltr'><strong>sub-</strong></span> 
     </span>
    </p>
   </div>
   <div class='ocr_carea' id='block_1_17' title="bbox 711 1912 2272 1988">
    <p class='ocr_par' dir='ltr' id='par_1_17' title="bbox 711 1912 2272 1988">
     <span class='ocr_line' id='line_1_17' title="bbox 711 1912 2272 1988; baseline -0.004 -16"><span class='ocrx_word' id='word_1_132' title='bbox 711 1919 886 1973; x_wconf 90' lang='lat' dir='ltr'><strong>limius</strong></span> <span class='ocrx_word' id='word_1_133' title='bbox 911 1917 1322 1988; x_wconf 88' lang='lat' dir='ltr'><strong>sapientiusque,</strong></span> <span class='ocrx_word' id='word_1_134' title='bbox 1365 1932 1426 1971; x_wconf 88' lang='lat' dir='ltr'><strong>ac</strong></span> <span class='ocrx_word' id='word_1_135' title='bbox 1462 1932 1580 1972; x_wconf 91' lang='lat' dir='ltr'><strong>cum</strong></span> <span class='ocrx_word' id='word_1_136' title='bbox 1607 1914 1790 1984; x_wconf 82' lang='lat' dir='ltr'><strong>majori</strong></span> <span class='ocrx_word' id='word_1_137' title='bbox 1818 1913 1920 1968; x_wconf 85' lang='lat' dir='ltr'><strong>ﬁde</strong></span> <span class='ocrx_word' id='word_1_138' title='bbox 1949 1912 2272 1967; x_wconf 85' lang='lat' dir='ltr'><strong>curationem</strong></span> 
     </span>
    </p>
   </div>
   <div class='ocr_carea' id='block_1_18' title="bbox 713 2002 2276 2080">
    <p class='ocr_par' dir='ltr' id='par_1_18' title="bbox 713 2002 2276 2080">
     <span class='ocr_line' id='line_1_18' title="bbox 713 2002 2276 2080; baseline -0.003 -19"><span class='ocrx_word' id='word_1_139' title='bbox 713 2009 1081 2080; x_wconf 87' lang='lat' dir='ltr'><strong>impetrabant.</strong></span> <span class='ocrx_word' id='word_1_140' title='bbox 1103 2008 1232 2063; x_wconf 83' lang='lat' dir='ltr'><strong>Nam</strong></span> <span class='ocrx_word' id='word_1_141' title='bbox 1261 2023 1320 2063; x_wconf 86' lang='lat' dir='ltr'><strong>ea</strong></span> <span class='ocrx_word' id='word_1_142' title='bbox 1356 2023 1474 2076; x_wconf 64' lang='lat' dir='ltr'><strong>quas</strong></span> <span class='ocrx_word' id='word_1_143' title='bbox 1517 2008 1712 2061; x_wconf 82' lang='lat' dir='ltr'><strong>ﬂuxum</strong></span> <span class='ocrx_word' id='word_1_144' title='bbox 1744 2004 2011 2074; x_wconf 75' lang='lat' dir='ltr'><strong>sanguinis</strong></span> <span class='ocrx_word' id='word_1_145' title='bbox 2044 2002 2276 2072; x_wconf 84' lang='lat' dir='ltr'><strong>patieba-</strong></span> 
     </span>
    </p>
   </div>
   <div class='ocr_carea' id='block_1_19' title="bbox 710 2092 2275 2170">
    <p class='ocr_par' dir='ltr' id='par_1_19' title="bbox 710 2092 2275 2170">
     <span class='ocr_line' id='line_1_19' title="bbox 710 2092 2275 2170; baseline -0.005 -14"><span class='ocrx_word' id='word_1_146' title='bbox 710 2114 812 2166; x_wconf 88' lang='lat' dir='ltr'><strong>tur,</strong></span> <span class='ocrx_word' id='word_1_147' title='bbox 857 2102 1104 2157; x_wconf 89' lang='lat' dir='ltr'><strong>omuibus</strong></span> <span class='ocrx_word' id='word_1_148' title='bbox 1144 2099 1487 2170; x_wconf 78' lang='lat' dir='ltr'><strong>phil030phia:</strong></span> <span class='ocrx_word' id='word_1_149' title='bbox 1535 2099 1691 2168; x_wconf 89' lang='lat' dir='ltr'><strong>hujus</strong></span> <span class='ocrx_word' id='word_1_150' title='bbox 1739 2098 1987 2166; x_wconf 88' lang='lat' dir='ltr'><strong>magistra</strong></span> <span class='ocrx_word' id='word_1_151' title='bbox 2033 2093 2148 2148; x_wconf 79' lang='lat' dir='ltr'><strong>fuit.</strong></span> <span class='ocrx_word' id='word_1_152' title='bbox 2205 2092 2275 2150; x_wconf 80' lang='lat' dir='ltr'><strong>Ut</strong></span> 
     </span>
    </p>
   </div>
   <div class='ocr_carea' id='block_1_20' title="bbox 709 2187 2276 2260">
    <p class='ocr_par' dir='ltr' id='par_1_20' title="bbox 709 2187 2276 2260">
     <span class='ocr_line' id='line_1_20' title="bbox 709 2187 2276 2260; baseline -0.004 -15"><span class='ocrx_word' id='word_1_153' title='bbox 709 2193 951 2248; x_wconf 83' lang='lat' dir='ltr'><strong>ostendat</strong></span> <span class='ocrx_word' id='word_1_154' title='bbox 991 2201 1166 2247; x_wconf 72' lang='lat' dir='ltr'><strong>autem</strong></span> <span class='ocrx_word' id='word_1_155' title='bbox 1215 2190 1552 2260; x_wconf 75' lang='lat' dir='ltr'><strong>evangelista,</strong></span> <span class='ocrx_word' id='word_1_156' title='bbox 1605 2189 1714 2259; x_wconf 91' lang='lat' dir='ltr'><strong>jam</strong></span> <span class='ocrx_word' id='word_1_157' title='bbox 1759 2201 1788 2240; x_wconf 88' lang='lat' dir='ltr'><strong>a</strong></span> <span class='ocrx_word' id='word_1_158' title='bbox 1832 2187 1999 2241; x_wconf 91' lang='lat' dir='ltr'><strong>multo</strong></span> <span class='ocrx_word' id='word_1_159' title='bbox 2037 2195 2276 2253; x_wconf 89' lang='lat' dir='ltr'><strong>tempore</strong></span> 
     </span>
    </p>
   </div>
   <div class='ocr_carea' id='block_1_21' title="bbox 711 2276 2275 2352">
    <p class='ocr_par' dir='ltr' id='par_1_21' title="bbox 711 2276 2275 2352">
     <span class='ocr_line' id='line_1_21' title="bbox 711 2276 2275 2352; baseline -0.004 -18"><span class='ocrx_word' id='word_1_160' title='bbox 711 2283 880 2352; x_wconf 83' lang='lat' dir='ltr'><strong>ipsum</strong></span> <span class='ocrx_word' id='word_1_161' title='bbox 912 2283 964 2338; x_wconf 90' lang='lat' dir='ltr'><strong>in</strong></span> <span class='ocrx_word' id='word_1_162' title='bbox 1013 2287 1107 2336; x_wconf 89' lang='lat' dir='ltr'><strong>has</strong></span> <span class='ocrx_word' id='word_1_163' title='bbox 1155 2293 1330 2351; x_wconf 85' lang='lat' dir='ltr'><strong>partes</strong></span> <span class='ocrx_word' id='word_1_164' title='bbox 1369 2280 1599 2343; x_wconf 85' lang='lat' dir='ltr'><strong>venisse,</strong></span> <span class='ocrx_word' id='word_1_165' title='bbox 1640 2281 1754 2333; x_wconf 91' lang='lat' dir='ltr'><strong>ait:</strong></span> <span class='ocrx_word' id='word_1_166' title='bbox 1784 2276 1907 2332; x_wconf 87' lang='lat' dir='ltr'><strong>Cum</strong></span> <span class='ocrx_word' id='word_1_167' title='bbox 1937 2277 2275 2348; x_wconf 74' lang='lat' dir='ltr'><strong>cognovissent</strong></span> 
     </span>
    </p>
   </div>
   <div class='ocr_carea' id='block_1_22' title="bbox 711 2369 2277 2440">
    <p class='ocr_par' dir='ltr' id='par_1_22' title="bbox 711 2369 2277 2440">
     <span class='ocr_line' id='line_1_22' title="bbox 711 2369 2277 2440; baseline -0.005 -13"><span class='ocrx_word' id='word_1_168' title='bbox 711 2376 800 2427; x_wconf 72' lang='lat' dir='ltr'><strong>viri</strong></span> <span class='ocrx_word' id='word_1_169' title='bbox 821 2374 917 2429; x_wconf 85' lang='lat' dir='ltr'><strong>loci</strong></span> <span class='ocrx_word' id='word_1_170' title='bbox 945 2375 1102 2438; x_wconf 81' lang='lat' dir='ltr'><strong>illius,</strong></span> <span class='ocrx_word' id='word_1_171' title='bbox 1132 2374 1371 2427; x_wconf 86' lang='lat' dir='ltr'><strong>miserunt</strong></span> <span class='ocrx_word' id='word_1_172' title='bbox 1392 2372 1457 2424; x_wconf 87' lang='lat' dir='ltr'><strong>ad</strong></span> <span class='ocrx_word' id='word_1_173' title='bbox 1480 2386 1673 2425; x_wconf 86' lang='lat' dir='ltr'><strong>omnem</strong></span> <span class='ocrx_word' id='word_1_174' title='bbox 1709 2371 1898 2424; x_wconf 82' lang='lat' dir='ltr'><strong>circum</strong></span> <span class='ocrx_word' id='word_1_175' title='bbox 1925 2369 2198 2440; x_wconf 84' lang='lat' dir='ltr'><strong>regionem,</strong></span> <span class='ocrx_word' id='word_1_176' title='bbox 2230 2375 2277 2420; x_wconf 87' lang='lat' dir='ltr'><strong>et</strong></span> 
     </span>
    </p>
   </div>
   <div class='ocr_carea' id='block_1_23' title="bbox 709 2459 2274 2536">
    <p class='ocr_par' dir='ltr' id='par_1_23' title="bbox 709 2459 2274 2536">
     <span class='ocr_line' id='line_1_23' title="bbox 709 2459 2274 2536; baseline -0.004 -17"><span class='ocrx_word' id='word_1_177' title='bbox 709 2478 921 2536; x_wconf 77' lang='lat' dir='ltr'><strong>wgrotos</strong></span> <span class='ocrx_word' id='word_1_178' title='bbox 951 2464 1221 2531; x_wconf 76' lang='lat' dir='ltr'><strong>offerebant</strong></span> <span class='ocrx_word' id='word_1_179' title='bbox 1241 2465 1306 2519; x_wconf 86' lang='lat' dir='ltr'><strong>ei.</strong></span> <span class='ocrx_word' id='word_1_180' title='bbox 1333 2466 1580 2517; x_wconf 81' lang='lat' dir='ltr'><strong>Attamen</strong></span> <span class='ocrx_word' id='word_1_181' title='bbox 1610 2472 1814 2531; x_wconf 79' lang='lat' dir='ltr'><strong>tempus</strong></span> <span class='ocrx_word' id='word_1_182' title='bbox 1843 2476 1946 2514; x_wconf 92' lang='lat' dir='ltr'><strong>non</strong></span> <span class='ocrx_word' id='word_1_183' title='bbox 1975 2459 2132 2513; x_wconf 90' lang='lat' dir='ltr'><strong>modo</strong></span> <span class='ocrx_word' id='word_1_184' title='bbox 2170 2474 2274 2513; x_wconf 85' lang='lat' dir='ltr'><strong>non</strong></span> 
     </span>
    </p>
   </div>
   <div class='ocr_carea' id='block_1_24' title="bbox 708 2552 2276 2623">
    <p class='ocr_par' dir='ltr' id='par_1_24' title="bbox 708 2552 2276 2623">
     <span class='ocr_line' id='line_1_24' title="bbox 708 2552 2276 2623; baseline -0.005 -10"><span class='ocrx_word' id='word_1_185' title='bbox 708 2558 864 2613; x_wconf 82' lang='lat' dir='ltr'><strong>solvit</strong></span> <span class='ocrx_word' id='word_1_186' title='bbox 893 2558 1070 2623; x_wconf 86' lang='lat' dir='ltr'><strong>ﬁdem,</strong></span> <span class='ocrx_word' id='word_1_187' title='bbox 1093 2557 1185 2610; x_wconf 88' lang='lat' dir='ltr'><strong>sed</strong></span> <span class='ocrx_word' id='word_1_188' title='bbox 1211 2564 1275 2613; x_wconf 84' lang='lat' dir='ltr'><strong>et.</strong></span> <span class='ocrx_word' id='word_1_189' title='bbox 1291 2554 1544 2623; x_wconf 85' lang='lat' dir='ltr'><strong>majorem</strong></span> <span class='ocrx_word' id='word_1_190' title='bbox 1573 2552 1764 2615; x_wconf 73' lang='lat' dir='ltr'><strong>eﬂecit,</strong></span> <span class='ocrx_word' id='word_1_191' title='bbox 1798 2561 1850 2606; x_wconf 90' lang='lat' dir='ltr'><strong>et</strong></span> <span class='ocrx_word' id='word_1_192' title='bbox 1875 2553 2136 2621; x_wconf 74' lang='lat' dir='ltr'><strong>vigentem</strong></span> <span class='ocrx_word' id='word_1_193' title='bbox 2165 2567 2276 2606; x_wconf 86' lang='lat' dir='ltr'><strong>ser-</strong></span> 
     </span>
    </p>
   </div>
   <div class='ocr_carea' id='block_1_25' title="bbox 707 2641 2276 2719">
    <p class='ocr_par' dir='ltr' id='par_1_25' title="bbox 707 2641 2276 2719">
     <span class='ocr_line' id='line_1_25' title="bbox 707 2641 2276 2719; baseline -0.004 -20"><span class='ocrx_word' id='word_1_194' title='bbox 707 2649 867 2702; x_wconf 87' lang='lat' dir='ltr'><strong>vavit.</strong></span> <span class='ocrx_word' id='word_1_195' title='bbox 907 2648 1202 2719; x_wconf 87' lang='lat' dir='ltr'><strong>Tangamus</strong></span> <span class='ocrx_word' id='word_1_196' title='bbox 1243 2660 1369 2714; x_wconf 85' lang='lat' dir='ltr'><strong>ergo</strong></span> <span class='ocrx_word' id='word_1_197' title='bbox 1410 2658 1506 2698; x_wconf 87' lang='lat' dir='ltr'><strong>nos</strong></span> <span class='ocrx_word' id='word_1_198' title='bbox 1548 2657 1758 2713; x_wconf 90' lang='lat' dir='ltr'><strong>quoque</strong></span> <span class='ocrx_word' id='word_1_199' title='bbox 1805 2641 2062 2694; x_wconf 89' lang='lat' dir='ltr'><strong>ﬁmbriam</strong></span> <span class='ocrx_word' id='word_1_200' title='bbox 2111 2642 2276 2694; x_wconf 81' lang='lat' dir='ltr'><strong>vesti-</strong></span> 
     </span>
    </p>
   </div>
   <div class='ocr_carea' id='block_1_26' title="bbox 710 2732 2273 2807">
    <p class='ocr_par' dir='ltr' id='par_1_26' title="bbox 710 2732 2273 2807">
     <span class='ocr_line' id='line_1_26' title="bbox 710 2732 2273 2807; baseline -0.006 -14"><span class='ocrx_word' id='word_1_201' title='bbox 710 2739 871 2793; x_wconf 85' lang='lat' dir='ltr'><strong>menti</strong></span> <span class='ocrx_word' id='word_1_202' title='bbox 901 2739 1047 2807; x_wconf 89' lang='lat' dir='ltr'><strong>ejus;</strong></span> <span class='ocrx_word' id='word_1_203' title='bbox 1076 2739 1204 2804; x_wconf 89' lang='lat' dir='ltr'><strong>imo,</strong></span> <span class='ocrx_word' id='word_1_204' title='bbox 1235 2737 1280 2791; x_wconf 89' lang='lat' dir='ltr'><strong>si</strong></span> <span class='ocrx_word' id='word_1_205' title='bbox 1316 2736 1558 2799; x_wconf 85' lang='lat' dir='ltr'><strong>velimus,</strong></span> <span class='ocrx_word' id='word_1_206' title='bbox 1595 2743 1760 2788; x_wconf 90' lang='lat' dir='ltr'><strong>totum</strong></span> <span class='ocrx_word' id='word_1_207' title='bbox 1787 2734 1957 2802; x_wconf 90' lang='lat' dir='ltr'><strong>ipsum</strong></span> <span class='ocrx_word' id='word_1_208' title='bbox 1998 2732 2273 2786; x_wconf 82' lang='lat' dir='ltr'><strong>habemus.</strong></span> 
     </span>
    </p>
   </div>
   <div class='ocr_carea' id='block_1_27' title="bbox 707 2822 2276 2898">
    <p class='ocr_par' dir='ltr' id='par_1_27' title="bbox 707 2822 2276 2898">
     <span class='ocr_line' id='line_1_27' title="bbox 707 2822 2276 2898; baseline -0.006 -13"><span class='ocrx_word' id='word_1_209' title='bbox 707 2830 840 2885; x_wconf 82' lang='lat' dir='ltr'><strong>Nam</strong></span> <span class='ocrx_word' id='word_1_210' title='bbox 863 2842 1055 2898; x_wconf 89' lang='lat' dir='ltr'><strong>corpus</strong></span> <span class='ocrx_word' id='word_1_211' title='bbox 1092 2844 1233 2883; x_wconf 90' lang='lat' dir='ltr'><strong>nunc</strong></span> <span class='ocrx_word' id='word_1_212' title='bbox 1275 2827 1429 2881; x_wconf 90' lang='lat' dir='ltr'><strong>nobis</strong></span> <span class='ocrx_word' id='word_1_213' title='bbox 1458 2826 1780 2896; x_wconf 85' lang='lat' dir='ltr'><strong>propositum</strong></span> <span class='ocrx_word' id='word_1_214' title='bbox 1819 2834 1933 2889; x_wconf 90' lang='lat' dir='ltr'><strong>est;</strong></span> <span class='ocrx_word' id='word_1_215' title='bbox 1975 2837 2082 2877; x_wconf 88' lang='lat' dir='ltr'><strong>non</strong></span> <span class='ocrx_word' id='word_1_216' title='bbox 2113 2822 2276 2878; x_wconf 64' lang='lat' dir='ltr'><strong>vestio</strong></span> 
     </span>
    </p>
   </div>
   <div class='ocr_carea' id='block_1_28' title="bbox 707 2917 2274 2988">
    <p class='ocr_par' dir='ltr' id='par_1_28' title="bbox 707 2917 2274 2988">
     <span class='ocr_line' id='line_1_28' title="bbox 707 2917 2274 2988; baseline -0.006 -10"><span class='ocrx_word' id='word_1_217' title='bbox 707 2931 944 2978; x_wconf 90' lang='lat' dir='ltr'><strong>mentum</strong></span> <span class='ocrx_word' id='word_1_218' title='bbox 971 2931 1191 2985; x_wconf 87' lang='lat' dir='ltr'><strong>tantum,</strong></span> <span class='ocrx_word' id='word_1_219' title='bbox 1219 2920 1310 2976; x_wconf 87' lang='lat' dir='ltr'><strong>sed</strong></span> <span class='ocrx_word' id='word_1_220' title='bbox 1332 2934 1552 2988; x_wconf 88' lang='lat' dir='ltr'><strong>corpus;</strong></span> <span class='ocrx_word' id='word_1_221' title='bbox 1576 2933 1678 2972; x_wconf 90' lang='lat' dir='ltr'><strong>non</strong></span> <span class='ocrx_word' id='word_1_222' title='bbox 1707 2927 1763 2971; x_wconf 92' lang='lat' dir='ltr'><strong>ut</strong></span> <span class='ocrx_word' id='word_1_223' title='bbox 1787 2925 2062 2986; x_wconf 75' lang='lat' dir='ltr'><strong>tangamus</strong></span> <span class='ocrx_word' id='word_1_224' title='bbox 2080 2917 2274 2980; x_wconf 90' lang='lat' dir='ltr'><strong>solum,</strong></span> 
     </span>
    </p>
   </div>
   <div class='ocr_carea' id='block_1_29' title="bbox 707 3005 2276 3075">
    <p class='ocr_par' dir='ltr' id='par_1_29' title="bbox 707 3005 2276 3075">
     <span class='ocr_line' id='line_1_29' title="bbox 707 3005 2276 3075; baseline -0.006 -7"><span class='ocrx_word' id='word_1_225' title='bbox 707 3015 801 3068; x_wconf 86' lang='lat' dir='ltr'><strong>sed</strong></span> <span class='ocrx_word' id='word_1_226' title='bbox 841 3013 997 3069; x_wconf 89' lang='lat' dir='ltr'><strong>etiam</strong></span> <span class='ocrx_word' id='word_1_227' title='bbox 1030 3022 1086 3067; x_wconf 94' lang='lat' dir='ltr'><strong>ut</strong></span> <span class='ocrx_word' id='word_1_228' title='bbox 1129 3011 1488 3075; x_wconf 87' lang='lat' dir='ltr'><strong>cumedamus,</strong></span> <span class='ocrx_word' id='word_1_229' title='bbox 1537 3018 1591 3064; x_wconf 89' lang='lat' dir='ltr'><strong>et</strong></span> <span class='ocrx_word' id='word_1_230' title='bbox 1632 3009 1905 3064; x_wconf 88' lang='lat' dir='ltr'><strong>satiemur.</strong></span> <span class='ocrx_word' id='word_1_231' title='bbox 1947 3005 2276 3063; x_wconf 82' lang='lat' dir='ltr'><strong>Aecedamus</strong></span> 
     </span>
    </p>
   </div>
   <div class='ocr_carea' id='block_1_30' title="bbox 709 3099 2274 3178">
    <p class='ocr_par' dir='ltr' id='par_1_30' title="bbox 709 3099 2274 3178">
     <span class='ocr_line' id='line_1_30' title="bbox 709 3099 2274 3178; baseline -0.006 -15"><span class='ocrx_word' id='word_1_232' title='bbox 709 3109 884 3178; x_wconf 85' lang='lat' dir='ltr'><strong>itaque</strong></span> <span class='ocrx_word' id='word_1_233' title='bbox 908 3121 1030 3162; x_wconf 89' lang='lat' dir='ltr'><strong>cum</strong></span> <span class='ocrx_word' id='word_1_234' title='bbox 1064 3106 1184 3168; x_wconf 83' lang='lat' dir='ltr'><strong>ﬁde,</strong></span> <span class='ocrx_word' id='word_1_235' title='bbox 1212 3105 1400 3172; x_wconf 75' lang='lat' dir='ltr'><strong>singuli</strong></span> <span class='ocrx_word' id='word_1_236' title='bbox 1434 3109 1772 3172; x_wconf 65' lang='lat' dir='ltr'><strong>aegrotantes.</strong></span> <span class='ocrx_word' id='word_1_237' title='bbox 1798 3099 1929 3156; x_wconf 83' lang='lat' dir='ltr'><strong>Nam</strong></span> <span class='ocrx_word' id='word_1_238' title='bbox 1957 3101 2000 3154; x_wconf 89' lang='lat' dir='ltr'><strong>si</strong></span> <span class='ocrx_word' id='word_1_239' title='bbox 2031 3101 2065 3154; x_wconf 91' lang='lat' dir='ltr'><strong>ii</strong></span> <span class='ocrx_word' id='word_1_240' title='bbox 2095 3100 2184 3170; x_wconf 90' lang='lat' dir='ltr'><strong>qui</strong></span> <span class='ocrx_word' id='word_1_241' title='bbox 2223 3100 2274 3154; x_wconf 92' lang='lat' dir='ltr'><strong>in</strong></span> 
     </span>
    </p>
   </div>
   <div class='ocr_carea' id='block_1_31' title="bbox 714 3190 2277 3263">
    <p class='ocr_par' dir='ltr' id='par_1_31' title="bbox 714 3190 2277 3263">
     <span class='ocr_line' id='line_1_31' title="bbox 714 3190 2277 3263; baseline -0.008 -9"><span class='ocrx_word' id='word_1_242' title='bbox 714 3199 973 3254; x_wconf 89' lang='lat' dir='ltr'><strong>ﬁmbriam</strong></span> <span class='ocrx_word' id='word_1_243' title='bbox 1011 3196 1307 3250; x_wconf 80' lang='lat' dir='ltr'><strong>vestimenti</strong></span> <span class='ocrx_word' id='word_1_244' title='bbox 1345 3194 1459 3263; x_wconf 88' lang='lat' dir='ltr'><strong>ejus</strong></span> <span class='ocrx_word' id='word_1_245' title='bbox 1494 3190 1795 3262; x_wconf 80' lang='lat' dir='ltr'><strong>tangebam.</strong></span> <span class='ocrx_word' id='word_1_246' title='bbox 1834 3199 2031 3245; x_wconf 88' lang='lat' dir='ltr'><strong>tantam</strong></span> <span class='ocrx_word' id='word_1_247' title='bbox 2065 3190 2163 3245; x_wconf 89' lang='lat' dir='ltr'><strong>sibi</strong></span> <span class='ocrx_word' id='word_1_248' title='bbox 2193 3201 2277 3243; x_wconf 83' lang='lat' dir='ltr'><strong>at-</strong></span> 
     </span>
    </p>
   </div>
   <div class='ocr_carea' id='block_1_32' title="bbox 712 3284 2276 3357">
    <p class='ocr_par' dir='ltr' id='par_1_32' title="bbox 712 3284 2276 3357">
     <span class='ocr_line' id='line_1_32' title="bbox 712 3284 2276 3357; baseline -0.006 -11"><span class='ocrx_word' id='word_1_249' title='bbox 712 3303 919 3346; x_wconf 80' lang='lat' dir='ltr'><strong>traxere</strong></span> <span class='ocrx_word' id='word_1_250' title='bbox 961 3290 1228 3354; x_wconf 85' lang='lat' dir='ltr'><strong>virtutem,</strong></span> <span class='ocrx_word' id='word_1_251' title='bbox 1277 3296 1472 3357; x_wconf 86' lang='lat' dir='ltr'><strong>quanto</strong></span> <span class='ocrx_word' id='word_1_252' title='bbox 1505 3286 1672 3356; x_wconf 87' lang='lat' dir='ltr'><strong>magis</strong></span> <span class='ocrx_word' id='word_1_253' title='bbox 1711 3285 1745 3338; x_wconf 92' lang='lat' dir='ltr'><strong>ii</strong></span> <span class='ocrx_word' id='word_1_254' title='bbox 1794 3286 1882 3354; x_wconf 92' lang='lat' dir='ltr'><strong>qui</strong></span> <span class='ocrx_word' id='word_1_255' title='bbox 1913 3292 2078 3339; x_wconf 90' lang='lat' dir='ltr'><strong>totum</strong></span> <span class='ocrx_word' id='word_1_256' title='bbox 2109 3284 2276 3353; x_wconf 90' lang='lat' dir='ltr'><strong>ipsum</strong></span> 
     </span>
    </p>
   </div>
   <div class='ocr_carea' id='block_1_33' title="bbox 711 3375 2278 3440">
    <p class='ocr_par' dir='ltr' id='par_1_33' title="bbox 711 3375 2278 3440">
     <span class='ocr_line' id='line_1_33' title="bbox 711 3375 2278 3440; baseline -0.006 -2"><span class='ocrx_word' id='word_1_257' title='bbox 711 3384 927 3440; x_wconf 69' lang='lat' dir='ltr'><strong>tenent?</strong></span> <span class='ocrx_word' id='word_1_258' title='bbox 975 3381 1244 3439; x_wconf 80' lang='lat' dir='ltr'><strong>Accedere</strong></span> <span class='ocrx_word' id='word_1_259' title='bbox 1280 3388 1454 3434; x_wconf 89' lang='lat' dir='ltr'><strong>autem</strong></span> <span class='ocrx_word' id='word_1_260' title='bbox 1505 3391 1626 3433; x_wconf 91' lang='lat' dir='ltr'><strong>cum</strong></span> <span class='ocrx_word' id='word_1_261' title='bbox 1675 3375 1779 3430; x_wconf 87' lang='lat' dir='ltr'><strong>ﬁde</strong></span> <span class='ocrx_word' id='word_1_262' title='bbox 1808 3391 1913 3430; x_wconf 89' lang='lat' dir='ltr'><strong>non</strong></span> <span class='ocrx_word' id='word_1_263' title='bbox 1955 3385 2038 3431; x_wconf 89' lang='lat' dir='ltr'><strong>est</strong></span> <span class='ocrx_word' id='word_1_264' title='bbox 2076 3384 2278 3429; x_wconf 89' lang='lat' dir='ltr'><strong>tantum</strong></span> 
     </span>
    </p>
   </div>
   <div class='ocr_carea' id='block_1_34' title="bbox 706 3466 2280 3547">
    <p class='ocr_par' dir='ltr' id='par_1_34' title="bbox 706 3466 2280 3547">
     <span class='ocr_line' id='line_1_34' title="bbox 706 3466 2280 3547; baseline -0.008 -13"><span class='ocrx_word' id='word_1_265' title='bbox 706 3478 1039 3547; x_wconf 77' lang='lat' dir='ltr'><strong>pmpositum</strong></span> <span class='ocrx_word' id='word_1_266' title='bbox 1090 3487 1282 3544; x_wconf 89' lang='lat' dir='ltr'><strong>corpus</strong></span> <span class='ocrx_word' id='word_1_267' title='bbox 1323 3472 1595 3541; x_wconf 87' lang='lat' dir='ltr'><strong>accipere,</strong></span> <span class='ocrx_word' id='word_1_268' title='bbox 1638 3468 1734 3524; x_wconf 80' lang='lat' dir='ltr'><strong>sed</strong></span> <span class='ocrx_word' id='word_1_269' title='bbox 1773 3483 1894 3523; x_wconf 90' lang='lat' dir='ltr'><strong>cum</strong></span> <span class='ocrx_word' id='word_1_270' title='bbox 1943 3482 2073 3538; x_wconf 88' lang='lat' dir='ltr'><strong>puro</strong></span> <span class='ocrx_word' id='word_1_271' title='bbox 2120 3466 2280 3522; x_wconf 89' lang='lat' dir='ltr'><strong>corde</strong></span> 
     </span>
    </p>
   </div>
   <div class='ocr_carea' id='block_1_35' title="bbox 713 3556 2284 3637">
    <p class='ocr_par' dir='ltr' id='par_1_35' title="bbox 713 3556 2284 3637">
     <span class='ocr_line' id='line_1_35' title="bbox 713 3556 2284 3637; baseline -0.006 -17"><span class='ocrx_word' id='word_1_272' title='bbox 713 3579 947 3637; x_wconf 75' lang='lat' dir='ltr'><strong>tangere,</strong></span> <span class='ocrx_word' id='word_1_273' title='bbox 977 3573 1138 3634; x_wconf 89' lang='lat' dir='ltr'><strong>atque</strong></span> <span class='ocrx_word' id='word_1_274' title='bbox 1163 3565 1230 3617; x_wconf 89' lang='lat' dir='ltr'><strong>ita</strong></span> <span class='ocrx_word' id='word_1_275' title='bbox 1259 3561 1502 3616; x_wconf 77' lang='lat' dir='ltr'><strong>affectum</strong></span> <span class='ocrx_word' id='word_1_276' title='bbox 1529 3574 1664 3623; x_wconf 87' lang='lat' dir='ltr'><strong>esse,</strong></span> <span class='ocrx_word' id='word_1_277' title='bbox 1696 3573 1758 3613; x_wconf 88' lang='lat' dir='ltr'><strong>ac</strong></span> <span class='ocrx_word' id='word_1_278' title='bbox 1776 3559 1818 3612; x_wconf 92' lang='lat' dir='ltr'><strong>si</strong></span> <span class='ocrx_word' id='word_1_279' title='bbox 1841 3557 1908 3612; x_wconf 88' lang='lat' dir='ltr'><strong>ad</strong></span> <span class='ocrx_word' id='word_1_280' title='bbox 1933 3559 2102 3627; x_wconf 90' lang='lat' dir='ltr'><strong>ipsum</strong></span> <span class='ocrx_word' id='word_1_281' title='bbox 2131 3556 2284 3612; x_wconf 81' lang='lat' dir='ltr'><strong>Chri-</strong></span> 
     </span>
    </p>
   </div>
   <div class='ocr_carea' id='block_1_36' title="bbox 715 3649 2282 3722">
    <p class='ocr_par' dir='ltr' id='par_1_36' title="bbox 715 3649 2282 3722">
     <span class='ocr_line' id='line_1_36' title="bbox 715 3649 2282 3722; baseline -0.006 -9"><span class='ocrx_word' id='word_1_282' title='bbox 715 3669 852 3713; x_wconf 86' lang='lat' dir='ltr'><strong>stum</strong></span> <span class='ocrx_word' id='word_1_283' title='bbox 878 3657 1120 3712; x_wconf 84' lang='lat' dir='ltr'><strong>accedas.</strong></span> <span class='ocrx_word' id='word_1_284' title='bbox 1142 3654 1275 3722; x_wconf 86' lang='lat' dir='ltr'><strong>Quid</strong></span> <span class='ocrx_word' id='word_1_285' title='bbox 1303 3654 1464 3719; x_wconf 86' lang='lat' dir='ltr'><strong>enim,</strong></span> <span class='ocrx_word' id='word_1_286' title='bbox 1508 3652 1554 3707; x_wconf 85' lang='lat' dir='ltr'><strong>si</strong></span> <span class='ocrx_word' id='word_1_287' title='bbox 1591 3665 1774 3706; x_wconf 89' lang='lat' dir='ltr'><strong>vocem</strong></span> <span class='ocrx_word' id='word_1_288' title='bbox 1813 3651 1927 3721; x_wconf 87' lang='lat' dir='ltr'><strong>ejus</strong></span> <span class='ocrx_word' id='word_1_289' title='bbox 1963 3665 2066 3704; x_wconf 94' lang='lat' dir='ltr'><strong>non</strong></span> <span class='ocrx_word' id='word_1_290' title='bbox 2092 3649 2282 3704; x_wconf 83' lang='lat' dir='ltr'><strong>audis?</strong></span> 
     </span>
    </p>
   </div>
   <div class='ocr_carea' id='block_1_37' title="bbox 715 3739 2280 3815">
    <p class='ocr_par' dir='ltr' id='par_1_37' title="bbox 715 3739 2280 3815">
     <span class='ocr_line' id='line_1_37' title="bbox 715 3739 2280 3815; baseline -0.008 -10"><span class='ocrx_word' id='word_1_291' title='bbox 715 3755 782 3805; x_wconf 83' lang='lat' dir='ltr'><strong>At</strong></span> <span class='ocrx_word' id='word_1_292' title='bbox 805 3748 949 3804; x_wconf 86' lang='lat' dir='ltr'><strong>vides</strong></span> <span class='ocrx_word' id='word_1_293' title='bbox 970 3747 1113 3801; x_wconf 91' lang='lat' dir='ltr'><strong>illum</strong></span> <span class='ocrx_word' id='word_1_294' title='bbox 1133 3747 1413 3815; x_wconf 74' lang='lat' dir='ltr'><strong>iacentem,</strong></span> <span class='ocrx_word' id='word_1_295' title='bbox 1445 3744 1552 3798; x_wconf 89' lang='lat' dir='ltr'><strong>imo</strong></span> <span class='ocrx_word' id='word_1_296' title='bbox 1583 3757 1710 3797; x_wconf 86' lang='lat' dir='ltr'><strong>vero</strong></span> <span class='ocrx_word' id='word_1_297' title='bbox 1742 3755 1926 3797; x_wconf 88' lang='lat' dir='ltr'><strong>vocem</strong></span> <span class='ocrx_word' id='word_1_298' title='bbox 1953 3740 2068 3810; x_wconf 89' lang='lat' dir='ltr'><strong>ejus</strong></span> <span class='ocrx_word' id='word_1_299' title='bbox 2108 3739 2280 3806; x_wconf 80' lang='lat' dir='ltr'><strong>audis,</strong></span> 
     </span>
    </p>
   </div>
   <div class='ocr_carea' id='block_1_38' title="bbox 716 3836 1486 3910">
    <p class='ocr_par' dir='ltr' id='par_1_38' title="bbox 716 3836 1486 3910">
     <span class='ocr_line' id='line_1_38' title="bbox 716 3836 1486 3910; baseline -0.012 -15"><span class='ocrx_word' id='word_1_300' title='bbox 716 3840 979 3910; x_wconf 83' lang='lat' dir='ltr'><strong>loquentis</strong></span> <span class='ocrx_word' id='word_1_301' title='bbox 1004 3854 1093 3906; x_wconf 87' lang='lat' dir='ltr'><strong>per</strong></span> <span class='ocrx_word' id='word_1_302' title='bbox 1116 3836 1486 3907; x_wconf 74' lang='lat' dir='ltr'><strong>evangelistas.</strong></span> 
     </span>
    </p>
   </div>
   <div class='ocr_carea' id='block_1_39' title="bbox 785 3923 2281 3999">
    <p class='ocr_par' dir='ltr' id='par_1_39' title="bbox 785 3923 2281 3999">
     <span class='ocr_line' id='line_1_39' title="bbox 785 3923 2281 3999; baseline -0.004 -13"><span class='ocrx_word' id='word_1_303' title='bbox 785 3932 837 3986; x_wconf 75' lang='grc' dir='ltr'><strong>ὃ.</strong></span> <span class='ocrx_word' id='word_1_304' title='bbox 867 3929 1079 3985; x_wconf 77' lang='lat' dir='ltr'><strong>Credite</strong></span> <span class='ocrx_word' id='word_1_305' title='bbox 1111 3929 1286 3999; x_wconf 86' lang='lat' dir='ltr'><strong>igitur,</strong></span> <span class='ocrx_word' id='word_1_306' title='bbox 1317 3941 1455 3981; x_wconf 91' lang='lat' dir='ltr'><strong>nunc</strong></span> <span class='ocrx_word' id='word_1_307' title='bbox 1490 3926 1632 3980; x_wconf 85' lang='lat' dir='ltr'><strong>illam</strong></span> <span class='ocrx_word' id='word_1_308' title='bbox 1667 3938 1872 3980; x_wconf 70' lang='lat' dir='ltr'><strong>etnuam</strong></span> <span class='ocrx_word' id='word_1_309' title='bbox 1910 3923 2189 3990; x_wconf 86' lang='lat' dir='ltr'><strong>celebrari,</strong></span> <span class='ocrx_word' id='word_1_310' title='bbox 2228 3925 2281 3980; x_wconf 88' lang='lat' dir='ltr'><strong>in</strong></span> 
     </span>
    </p>
   </div>
   <div class='ocr_carea' id='block_1_40' title="bbox 717 4015 2280 4094">
    <p class='ocr_par' dir='ltr' id='par_1_40' title="bbox 717 4015 2280 4094">
     <span class='ocr_line' id='line_1_40' title="bbox 717 4015 2280 4094; baseline -0.007 -15"><span class='ocrx_word' id='word_1_311' title='bbox 717 4039 818 4094; x_wconf 86' lang='lat' dir='ltr'><strong>qua</strong></span> <span class='ocrx_word' id='word_1_312' title='bbox 847 4023 960 4092; x_wconf 87' lang='lat' dir='ltr'><strong>ipse</strong></span> <span class='ocrx_word' id='word_1_313' title='bbox 982 4019 1335 4076; x_wconf 83' lang='lat' dir='ltr'><strong>recumbebat.</strong></span> <span class='ocrx_word' id='word_1_314' title='bbox 1369 4019 1508 4074; x_wconf 86' lang='lat' dir='ltr'><strong>Nihil</strong></span> <span class='ocrx_word' id='word_1_315' title='bbox 1529 4020 1721 4088; x_wconf 90' lang='lat' dir='ltr'><strong>quippe</strong></span> <span class='ocrx_word' id='word_1_316' title='bbox 1748 4017 1862 4073; x_wconf 56' lang='lat' dir='ltr'><strong>hac</strong></span> <span class='ocrx_word' id='word_1_317' title='bbox 1883 4017 1950 4072; x_wconf 90' lang='lat' dir='ltr'><strong>ab</strong></span> <span class='ocrx_word' id='word_1_318' title='bbox 1970 4016 2058 4073; x_wconf 86' lang='lat' dir='ltr'><strong>illa</strong></span> <span class='ocrx_word' id='word_1_319' title='bbox 2087 4015 2280 4072; x_wconf 70' lang='lat' dir='ltr'><strong>differt.</strong></span> 
     </span>
    </p>
   </div>
   <div class='ocr_carea' id='block_1_41' title="bbox 719 4109 2281 4182">
    <p class='ocr_par' dir='ltr' id='par_1_41' title="bbox 719 4109 2281 4182">
     <span class='ocr_line' id='line_1_41' title="bbox 719 4109 2281 4182; baseline -0.004 -12"><span class='ocrx_word' id='word_1_320' title='bbox 719 4113 900 4182; x_wconf 83' lang='lat' dir='ltr'><strong>Neque</strong></span> <span class='ocrx_word' id='word_1_321' title='bbox 935 4113 1075 4168; x_wconf 91' lang='lat' dir='ltr'><strong>enim</strong></span> <span class='ocrx_word' id='word_1_322' title='bbox 1117 4111 1254 4166; x_wconf 89' lang='lat' dir='ltr'><strong>hanc</strong></span> <span class='ocrx_word' id='word_1_323' title='bbox 1294 4111 1452 4165; x_wconf 89' lang='lat' dir='ltr'><strong>homo</strong></span> <span class='ocrx_word' id='word_1_324' title='bbox 1492 4111 1676 4176; x_wconf 81' lang='lat' dir='ltr'><strong>efﬁcit,</strong></span> <span class='ocrx_word' id='word_1_325' title='bbox 1710 4110 1852 4164; x_wconf 89' lang='lat' dir='ltr'><strong>illam</strong></span> <span class='ocrx_word' id='word_1_326' title='bbox 1895 4109 2154 4174; x_wconf 85' lang='lat' dir='ltr'><strong>Christus,</strong></span> <span class='ocrx_word' id='word_1_327' title='bbox 2190 4110 2281 4164; x_wconf 89' lang='lat' dir='ltr'><strong>sed</strong></span> 
     </span>
    </p>
   </div>
   <div class='ocr_carea' id='block_1_42' title="bbox 722 4200 2283 4276">
    <p class='ocr_par' dir='ltr' id='par_1_42' title="bbox 722 4200 2283 4276">
     <span class='ocr_line' id='line_1_42' title="bbox 722 4200 2283 4276; baseline -0.002 -18"><span class='ocrx_word' id='word_1_328' title='bbox 722 4207 805 4262; x_wconf 90' lang='lat' dir='ltr'><strong>hic</strong></span> <span class='ocrx_word' id='word_1_329' title='bbox 849 4206 961 4276; x_wconf 87' lang='lat' dir='ltr'><strong>ipse</strong></span> <span class='ocrx_word' id='word_1_330' title='bbox 1010 4215 1304 4275; x_wconf 86' lang='lat' dir='ltr'><strong>utramque.</strong></span> <span class='ocrx_word' id='word_1_331' title='bbox 1353 4202 1574 4272; x_wconf 85' lang='lat' dir='ltr'><strong>Quando</strong></span> <span class='ocrx_word' id='word_1_332' title='bbox 1623 4203 1780 4271; x_wconf 91' lang='lat' dir='ltr'><strong>igitur</strong></span> <span class='ocrx_word' id='word_1_333' title='bbox 1821 4200 2149 4256; x_wconf 87' lang='lat' dir='ltr'><strong>sacerdotem</strong></span> <span class='ocrx_word' id='word_1_334' title='bbox 2194 4201 2283 4256; x_wconf 92' lang='lat' dir='ltr'><strong>tibi</strong></span> 
     </span>
    </p>
   </div>
   <div class='ocr_carea' id='block_1_43' title="bbox 721 4291 2283 4367">
    <p class='ocr_par' dir='ltr' id='par_1_43' title="bbox 721 4291 2283 4367">
     <span class='ocr_line' id='line_1_43' title="bbox 721 4291 2283 4367; baseline -0.003 -17"><span class='ocrx_word' id='word_1_335' title='bbox 721 4297 1041 4367; x_wconf 67' lang='lat' dir='ltr'><strong>praebentem</strong></span> <span class='ocrx_word' id='word_1_336' title='bbox 1084 4294 1249 4360; x_wconf 85' lang='lat' dir='ltr'><strong>vides,</strong></span> <span class='ocrx_word' id='word_1_337' title='bbox 1287 4310 1355 4349; x_wconf 90' lang='lat' dir='ltr'><strong>ne</strong></span> <span class='ocrx_word' id='word_1_338' title='bbox 1389 4302 1539 4364; x_wconf 89' lang='lat' dir='ltr'><strong>putes</strong></span> <span class='ocrx_word' id='word_1_339' title='bbox 1573 4291 1902 4348; x_wconf 86' lang='lat' dir='ltr'><strong>sacerdotem</strong></span> <span class='ocrx_word' id='word_1_340' title='bbox 1946 4291 2051 4347; x_wconf 91' lang='lat' dir='ltr'><strong>hoc</strong></span> <span class='ocrx_word' id='word_1_341' title='bbox 2083 4293 2283 4357; x_wconf 84' lang='lat' dir='ltr'><strong>facere;</strong></span> 
     </span>
    </p>
   </div>
   <div class='ocr_carea' id='block_1_44' title="bbox 718 4382 2286 4454">
    <p class='ocr_par' dir='ltr' id='par_1_44' title="bbox 718 4382 2286 4454">
     <span class='ocr_line' id='line_1_44' title="bbox 718 4382 2286 4454; baseline -0.005 -8"><span class='ocrx_word' id='word_1_342' title='bbox 718 4390 812 4446; x_wconf 86' lang='lat' dir='ltr'><strong>sed</strong></span> <span class='ocrx_word' id='word_1_343' title='bbox 837 4387 1028 4444; x_wconf 88' lang='lat' dir='ltr'><strong>Christi</strong></span> <span class='ocrx_word' id='word_1_344' title='bbox 1061 4401 1271 4440; x_wconf 90' lang='lat' dir='ltr'><strong>manum</strong></span> <span class='ocrx_word' id='word_1_345' title='bbox 1312 4400 1430 4439; x_wconf 88' lang='lat' dir='ltr'><strong>esse</strong></span> <span class='ocrx_word' id='word_1_346' title='bbox 1469 4400 1586 4454; x_wconf 69' lang='lat' dir='ltr'><strong>quae</strong></span> <span class='ocrx_word' id='word_1_347' title='bbox 1614 4382 1930 4438; x_wconf 80' lang='lat' dir='ltr'><strong>extenditur.</strong></span> <span class='ocrx_word' id='word_1_348' title='bbox 1963 4382 2112 4439; x_wconf 91' lang='lat' dir='ltr'><strong>Sicut</strong></span> <span class='ocrx_word' id='word_1_349' title='bbox 2147 4385 2286 4438; x_wconf 90' lang='lat' dir='ltr'><strong>enim</strong></span> 
     </span>
    </p>
   </div>
   <div class='ocr_carea' id='block_1_45' title="bbox 720 4473 2284 4547">
    <p class='ocr_par' dir='ltr' id='par_1_45' title="bbox 720 4473 2284 4547">
     <span class='ocr_line' id='line_1_45' title="bbox 720 4473 2284 4547; baseline -0.003 -13"><span class='ocrx_word' id='word_1_350' title='bbox 720 4497 840 4535; x_wconf 76' lang='lat' dir='ltr'><strong>cum</strong></span> <span class='ocrx_word' id='word_1_351' title='bbox 876 4478 1125 4535; x_wconf 84' lang='lat' dir='ltr'><strong>sacerdos</strong></span> <span class='ocrx_word' id='word_1_352' title='bbox 1155 4477 1402 4547; x_wconf 84' lang='lat' dir='ltr'><strong>baptizat,</strong></span> <span class='ocrx_word' id='word_1_353' title='bbox 1431 4491 1534 4530; x_wconf 90' lang='lat' dir='ltr'><strong>non</strong></span> <span class='ocrx_word' id='word_1_354' title='bbox 1563 4475 1674 4546; x_wconf 88' lang='lat' dir='ltr'><strong>ipse</strong></span> <span class='ocrx_word' id='word_1_355' title='bbox 1713 4475 1962 4545; x_wconf 79' lang='lat' dir='ltr'><strong>baptizat,</strong></span> <span class='ocrx_word' id='word_1_356' title='bbox 2000 4473 2094 4531; x_wconf 89' lang='lat' dir='ltr'><strong>sed</strong></span> <span class='ocrx_word' id='word_1_357' title='bbox 2128 4475 2284 4540; x_wconf 88' lang='lat' dir='ltr'><strong>Deus,</strong></span> 
     </span>
    </p>
   </div>
   <div class='ocr_carea' id='block_1_46' title="bbox 723 4569 2290 4642">
    <p class='ocr_par' dir='ltr' id='par_1_46' title="bbox 723 4569 2290 4642">
     <span class='ocr_line' id='line_1_46' title="bbox 723 4569 2290 4642; baseline 0.001 -18"><span class='ocrx_word' id='word_1_358' title='bbox 723 4572 809 4642; x_wconf 81' lang='lat' dir='ltr'><strong>qui</strong></span> <span class='ocrx_word' id='word_1_359' title='bbox 835 4582 992 4642; x_wconf 82' lang='lat' dir='ltr'><strong>caput</strong></span> <span class='ocrx_word' id='word_1_360' title='bbox 1020 4582 1164 4626; x_wconf 91' lang='lat' dir='ltr'><strong>tuum</strong></span> <span class='ocrx_word' id='word_1_361' title='bbox 1196 4570 1441 4625; x_wconf 88' lang='lat' dir='ltr'><strong>invisibili</strong></span> <span class='ocrx_word' id='word_1_362' title='bbox 1481 4569 1672 4624; x_wconf 90' lang='lat' dir='ltr'><strong>virtute</strong></span> <span class='ocrx_word' id='word_1_363' title='bbox 1711 4577 1871 4634; x_wconf 90' lang='lat' dir='ltr'><strong>tenet,</strong></span> <span class='ocrx_word' id='word_1_364' title='bbox 1903 4584 1964 4624; x_wconf 91' lang='lat' dir='ltr'><strong>ac</strong></span> <span class='ocrx_word' id='word_1_365' title='bbox 1999 4585 2172 4640; x_wconf 90' lang='lat' dir='ltr'><strong>neque</strong></span> <span class='ocrx_word' id='word_1_366' title='bbox 2195 4586 2290 4625; x_wconf 88' lang='lat' dir='ltr'><strong>an-</strong></span> 
     </span>
    </p>
   </div>
   <div class='ocr_carea' id='block_1_47' title="bbox 722 4660 2291 4733">
    <p class='ocr_par' dir='ltr' id='par_1_47' title="bbox 722 4660 2291 4733">
     <span class='ocr_line' id='line_1_47' title="bbox 722 4660 2291 4733; baseline -0.001 -15"><span class='ocrx_word' id='word_1_367' title='bbox 722 4663 891 4733; x_wconf 87' lang='lat' dir='ltr'><strong>gelus,</strong></span> <span class='ocrx_word' id='word_1_368' title='bbox 916 4677 1086 4733; x_wconf 90' lang='lat' dir='ltr'><strong>neque</strong></span> <span class='ocrx_word' id='word_1_369' title='bbox 1120 4662 1482 4732; x_wconf 89' lang='lat' dir='ltr'><strong>archangelus,</strong></span> <span class='ocrx_word' id='word_1_370' title='bbox 1515 4675 1625 4718; x_wconf 86' lang='lat' dir='ltr'><strong>nec</strong></span> <span class='ocrx_word' id='word_1_371' title='bbox 1671 4660 1805 4716; x_wconf 89' lang='lat' dir='ltr'><strong>alius</strong></span> <span class='ocrx_word' id='word_1_372' title='bbox 1829 4660 2089 4731; x_wconf 87' lang='lat' dir='ltr'><strong>quispiam</strong></span> <span class='ocrx_word' id='word_1_373' title='bbox 2133 4661 2291 4716; x_wconf 85' lang='lat' dir='ltr'><strong>audet</strong></span> 
     </span>
    </p>
   </div>
   <div class='ocr_carea' id='block_1_48' title="bbox 723 4751 2291 4825">
    <p class='ocr_par' dir='ltr' id='par_1_48' title="bbox 723 4751 2291 4825">
     <span class='ocr_line' id='line_1_48' title="bbox 723 4751 2291 4825; baseline 0.001 -17"><span class='ocrx_word' id='word_1_374' title='bbox 723 4754 978 4811; x_wconf 80' lang='lat' dir='ltr'><strong>accedere</strong></span> <span class='ocrx_word' id='word_1_375' title='bbox 1012 4764 1065 4809; x_wconf 90' lang='lat' dir='ltr'><strong>et</strong></span> <span class='ocrx_word' id='word_1_376' title='bbox 1090 4764 1140 4810; x_wconf 91' lang='lat' dir='ltr'><strong>te</strong></span> <span class='ocrx_word' id='word_1_377' title='bbox 1169 4763 1380 4825; x_wconf 87' lang='lat' dir='ltr'><strong>tangere</strong></span> <span class='ocrx_word' id='word_1_378' title='bbox 1407 4772 1420 4807; x_wconf 92' lang='lat'>:</span> <span class='ocrx_word' id='word_1_379' title='bbox 1452 4755 1529 4808; x_wconf 92' lang='lat' dir='ltr'><strong>sic</strong></span> <span class='ocrx_word' id='word_1_380' title='bbox 1562 4763 1617 4809; x_wconf 92' lang='lat' dir='ltr'><strong>et</strong></span> <span class='ocrx_word' id='word_1_381' title='bbox 1641 4769 1800 4809; x_wconf 89' lang='lat' dir='ltr'><strong>nunc.</strong></span> <span class='ocrx_word' id='word_1_382' title='bbox 1835 4751 1966 4809; x_wconf 84' lang='lat' dir='ltr'><strong>Nam</strong></span> <span class='ocrx_word' id='word_1_383' title='bbox 1999 4768 2118 4809; x_wconf 91' lang='lat' dir='ltr'><strong>cum</strong></span> <span class='ocrx_word' id='word_1_384' title='bbox 2153 4753 2291 4810; x_wconf 89' lang='lat' dir='ltr'><strong>Deus</strong></span> 
     </span>
    </p>
   </div>
   <div class='ocr_carea' id='block_1_49' title="bbox 723 4844 2291 4917">
    <p class='ocr_par' dir='ltr' id='par_1_49' title="bbox 723 4844 2291 4917">
     <span class='ocr_line' id='line_1_49' title="bbox 723 4844 2291 4917; baseline -0.001 -16"><span class='ocrx_word' id='word_1_385' title='bbox 723 4848 868 4902; x_wconf 87' lang='lat' dir='ltr'><strong>solus</strong></span> <span class='ocrx_word' id='word_1_386' title='bbox 894 4855 1192 4917; x_wconf 86' lang='lat' dir='ltr'><strong>regenerat,</strong></span> <span class='ocrx_word' id='word_1_387' title='bbox 1221 4847 1271 4900; x_wconf 91' lang='lat' dir='ltr'><strong>id</strong></span> <span class='ocrx_word' id='word_1_388' title='bbox 1318 4845 1409 4902; x_wconf 88' lang='lat' dir='ltr'><strong>Dei</strong></span> <span class='ocrx_word' id='word_1_389' title='bbox 1442 4845 1606 4901; x_wconf 88' lang='lat' dir='ltr'><strong>solius</strong></span> <span class='ocrx_word' id='word_1_390' title='bbox 1642 4846 1837 4902; x_wconf 91' lang='lat' dir='ltr'><strong>donum</strong></span> <span class='ocrx_word' id='word_1_391' title='bbox 1866 4855 1968 4901; x_wconf 87' lang='lat' dir='ltr'><strong>est.</strong></span> <span class='ocrx_word' id='word_1_392' title='bbox 1998 4844 2182 4902; x_wconf 83' lang='lat' dir='ltr'><strong>Nonne</strong></span> <span class='ocrx_word' id='word_1_393' title='bbox 2212 4845 2291 4900; x_wconf 86' lang='lat' dir='ltr'><strong>vi-</strong></span> 
     </span>
    </p>
   </div>
   <div class='ocr_carea' id='block_1_50' title="bbox 724 4935 2287 5008">
    <p class='ocr_par' dir='ltr' id='par_1_50' title="bbox 724 4935 2287 5008">
     <span class='ocr_line' id='line_1_50' title="bbox 724 4935 2287 5008; baseline -0.001 -15"><span class='ocrx_word' id='word_1_394' title='bbox 724 4940 819 4996; x_wconf 84' lang='lat' dir='ltr'><strong>des</strong></span> <span class='ocrx_word' id='word_1_395' title='bbox 842 4953 937 4994; x_wconf 88' lang='lat' dir='ltr'><strong>eos</strong></span> <span class='ocrx_word' id='word_1_396' title='bbox 971 4937 1062 5007; x_wconf 89' lang='lat' dir='ltr'><strong>qui</strong></span> <span class='ocrx_word' id='word_1_397' title='bbox 1093 4937 1177 4992; x_wconf 91' lang='lat' dir='ltr'><strong>hic</strong></span> <span class='ocrx_word' id='word_1_398' title='bbox 1214 4938 1268 4992; x_wconf 92' lang='lat' dir='ltr'><strong>in</strong></span> <span class='ocrx_word' id='word_1_399' title='bbox 1312 4938 1448 4993; x_wconf 89' lang='lat' dir='ltr'><strong>ﬁlios</strong></span> <span class='ocrx_word' id='word_1_400' title='bbox 1491 4937 1826 5008; x_wconf 86' lang='lat' dir='ltr'><strong>adeptantur.</strong></span> <span class='ocrx_word' id='word_1_401' title='bbox 1877 4935 2144 5007; x_wconf 91' lang='lat' dir='ltr'><strong>quomodo</strong></span> <span class='ocrx_word' id='word_1_402' title='bbox 2182 4951 2287 4992; x_wconf 90' lang='lat' dir='ltr'><strong>non</strong></span> 
     </span>
    </p>
   </div>
   <div class='ocr_carea' id='block_1_51' title="bbox 726 5028 2289 5099">
    <p class='ocr_par' dir='ltr' id='par_1_51' title="bbox 726 5028 2289 5099">
     <span class='ocr_line' id='line_1_51' title="bbox 726 5028 2289 5099; baseline -0.003 -10"><span class='ocrx_word' id='word_1_403' title='bbox 726 5049 836 5089; x_wconf 89' lang='lat' dir='ltr'><strong>rem</strong></span> <span class='ocrx_word' id='word_1_404' title='bbox 880 5030 1053 5086; x_wconf 83' lang='lat' dir='ltr'><strong>servis</strong></span> <span class='ocrx_word' id='word_1_405' title='bbox 1094 5031 1443 5096; x_wconf 82' lang='lat' dir='ltr'><strong>committant,</strong></span> <span class='ocrx_word' id='word_1_406' title='bbox 1491 5029 1583 5085; x_wconf 87' lang='lat' dir='ltr'><strong>sed</strong></span> <span class='ocrx_word' id='word_1_407' title='bbox 1615 5029 1713 5099; x_wconf 84' lang='lat' dir='ltr'><strong>ipsi</strong></span> <span class='ocrx_word' id='word_1_408' title='bbox 1751 5029 1817 5083; x_wconf 91' lang='lat' dir='ltr'><strong>ad</strong></span> <span class='ocrx_word' id='word_1_409' title='bbox 1845 5029 2016 5085; x_wconf 76' lang='lat' dir='ltr'><strong>forum</strong></span> <span class='ocrx_word' id='word_1_410' title='bbox 2040 5028 2289 5099; x_wconf 89' lang='lat' dir='ltr'><strong>judiciale</strong></span> 
     </span>
    </p>
   </div>
   <div class='ocr_carea' id='block_1_52' title="bbox 723 5121 2286 5192">
    <p class='ocr_par' dir='ltr' id='par_1_52' title="bbox 723 5121 2286 5192">
     <span class='ocr_line' id='line_1_52' title="bbox 723 5121 2286 5192; baseline 0.001 -16"><span class='ocrx_word' id='word_1_411' title='bbox 723 5123 936 5181; x_wconf 71' lang='lat' dir='ltr'><strong>adsint?</strong></span> <span class='ocrx_word' id='word_1_412' title='bbox 967 5121 1056 5180; x_wconf 88' lang='lat' dir='ltr'><strong>Sic</strong></span> <span class='ocrx_word' id='word_1_413' title='bbox 1086 5123 1222 5178; x_wconf 91' lang='lat' dir='ltr'><strong>Deus</strong></span> <span class='ocrx_word' id='word_1_414' title='bbox 1252 5137 1356 5176; x_wconf 91' lang='lat' dir='ltr'><strong>non</strong></span> <span class='ocrx_word' id='word_1_415' title='bbox 1381 5122 1582 5192; x_wconf 87' lang='lat' dir='ltr'><strong>angelis</strong></span> <span class='ocrx_word' id='word_1_416' title='bbox 1619 5122 1720 5178; x_wconf 91' lang='lat' dir='ltr'><strong>hoc</strong></span> <span class='ocrx_word' id='word_1_417' title='bbox 1760 5137 1952 5177; x_wconf 90' lang='lat' dir='ltr'><strong>munus</strong></span> <span class='ocrx_word' id='word_1_418' title='bbox 1977 5123 2242 5177; x_wconf 89' lang='lat' dir='ltr'><strong>commisit</strong></span> <span class='ocrx_word' id='word_1_419' title='bbox 2274 5142 2286 5177; x_wconf 90' lang='lat'>:</span> 
     </span>
    </p>
   </div>
   <div class='ocr_carea' id='block_1_53' title="bbox 725 5213 2291 5286">
    <p class='ocr_par' dir='ltr' id='par_1_53' title="bbox 725 5213 2291 5286">
     <span class='ocr_line' id='line_1_53' title="bbox 725 5213 2291 5286; baseline -0.003 -16"><span class='ocrx_word' id='word_1_420' title='bbox 725 5215 818 5282; x_wconf 83' lang='lat' dir='ltr'><strong>sed</strong></span> <span class='ocrx_word' id='word_1_421' title='bbox 838 5215 951 5284; x_wconf 85' lang='lat' dir='ltr'><strong>ipse</strong></span> <span class='ocrx_word' id='word_1_422' title='bbox 970 5214 1122 5270; x_wconf 83' lang='lat' dir='ltr'><strong>adest</strong></span> <span class='ocrx_word' id='word_1_423' title='bbox 1141 5215 1334 5284; x_wconf 75' lang='lat' dir='ltr'><strong>iubens</strong></span> <span class='ocrx_word' id='word_1_424' title='bbox 1363 5223 1417 5269; x_wconf 88' lang='lat' dir='ltr'><strong>et</strong></span> <span class='ocrx_word' id='word_1_425' title='bbox 1442 5214 1628 5269; x_wconf 88' lang='lat' dir='ltr'><strong>dicens</strong></span> <span class='ocrx_word' id='word_1_426' title='bbox 1657 5229 1672 5267; x_wconf 87' lang='lat'><strong>:</strong></span> <span class='ocrx_word' id='word_1_427' title='bbox 1703 5213 1876 5269; x_wconf 82' lang='lat' dir='ltr'><strong>Nolite</strong></span> <span class='ocrx_word' id='word_1_428' title='bbox 1898 5229 2076 5269; x_wconf 76' lang='lat' dir='ltr'><strong>vocare</strong></span> <span class='ocrx_word' id='word_1_429' title='bbox 2099 5223 2291 5286; x_wconf 80' lang='lat' dir='ltr'><strong>patrem</strong></span> 
     </span>
    </p>
   </div>
   <div class='ocr_carea' id='block_1_54' title="bbox 724 5286 2293 5380">
    <p class='ocr_par' dir='ltr' id='par_1_54' title="bbox 724 5286 2293 5380">
     <span class='ocr_line' id='line_1_54' title="bbox 724 5286 2293 5380; baseline -0.002 -17"><span class='ocrx_word' id='word_1_430' title='bbox 724 5317 874 5377; x_wconf 73' lang='lat' dir='ltr'><strong>super</strong></span> <span class='ocrx_word' id='word_1_431' title='bbox 897 5317 1077 5362; x_wconf 82' lang='lat' dir='ltr'><strong>terram</strong></span> <span class='ocrx_word' id='word_1_432' title='bbox 1100 5286 1309 5380; x_wconf 70' lang='lat' dir='ltr'><strong>(Matth.</strong></span> <span class='ocrx_word' id='word_1_433' title='bbox 1336 5305 1426 5360; x_wconf 73' lang='lat'><strong>23.</strong></span> <span class='ocrx_word' id='word_1_434' title='bbox 1453 5305 1541 5378; x_wconf 89' lang='lat'><strong>9);</strong></span> <span class='ocrx_word' id='word_1_435' title='bbox 1571 5321 1676 5360; x_wconf 90' lang='lat' dir='ltr'><strong>non</strong></span> <span class='ocrx_word' id='word_1_436' title='bbox 1703 5312 1762 5359; x_wconf 89' lang='lat' dir='ltr'><strong>ut</strong></span> <span class='ocrx_word' id='word_1_437' title='bbox 1787 5316 2030 5375; x_wconf 85' lang='lat' dir='ltr'><strong>parentes</strong></span> <span class='ocrx_word' id='word_1_438' title='bbox 2057 5314 2293 5361; x_wconf 82' lang='lat' dir='ltr'><strong>contem-</strong></span> 
     </span>
    </p>
   </div>
   <div class='ocr_carea' id='block_1_55' title="bbox 727 5396 2287 5468">
    <p class='ocr_par' dir='ltr' id='par_1_55' title="bbox 727 5396 2287 5468">
     <span class='ocr_line' id='line_1_55' title="bbox 727 5396 2287 5468; baseline 0.001 -17"><span class='ocrx_word' id='word_1_439' title='bbox 727 5408 847 5466; x_wconf 87' lang='lat' dir='ltr'><strong>nat;</strong></span> <span class='ocrx_word' id='word_1_440' title='bbox 874 5399 966 5454; x_wconf 88' lang='lat' dir='ltr'><strong>sed</strong></span> <span class='ocrx_word' id='word_1_441' title='bbox 991 5407 1050 5453; x_wconf 88' lang='lat' dir='ltr'><strong>ut</strong></span> <span class='ocrx_word' id='word_1_442' title='bbox 1090 5399 1194 5453; x_wconf 86' lang='lat' dir='ltr'><strong>illis</strong></span> <span class='ocrx_word' id='word_1_443' title='bbox 1230 5397 1475 5453; x_wconf 89' lang='lat' dir='ltr'><strong>omnibus</strong></span> <span class='ocrx_word' id='word_1_444' title='bbox 1507 5396 1760 5451; x_wconf 76' lang='lat' dir='ltr'><strong>factorem</strong></span> <span class='ocrx_word' id='word_1_445' title='bbox 1792 5405 1936 5451; x_wconf 92' lang='lat' dir='ltr'><strong>tuum</strong></span> <span class='ocrx_word' id='word_1_446' title='bbox 1976 5405 2287 5468; x_wconf 86' lang='lat' dir='ltr'><strong>anteponas.</strong></span> 
     </span>
    </p>
   </div>
   <div class='ocr_carea' id='block_1_56' title="bbox 726 5489 2290 5563">
    <p class='ocr_par' dir='ltr' id='par_1_56' title="bbox 726 5489 2290 5563">
     <span class='ocr_line' id='line_1_56' title="bbox 726 5489 2290 5563; baseline -0.001 -17"><span class='ocrx_word' id='word_1_447' title='bbox 726 5491 814 5563; x_wconf 87' lang='lat' dir='ltr'><strong>qtti</strong></span> <span class='ocrx_word' id='word_1_448' title='bbox 847 5502 898 5546; x_wconf 89' lang='lat' dir='ltr'><strong>te</strong></span> <span class='ocrx_word' id='word_1_449' title='bbox 936 5491 1073 5546; x_wconf 91' lang='lat' dir='ltr'><strong>inter</strong></span> <span class='ocrx_word' id='word_1_450' title='bbox 1100 5491 1237 5546; x_wconf 77' lang='lat' dir='ltr'><strong>ﬁlios</strong></span> <span class='ocrx_word' id='word_1_451' title='bbox 1264 5505 1390 5547; x_wconf 87' lang='lat' dir='ltr'><strong>suos</strong></span> <span class='ocrx_word' id='word_1_452' title='bbox 1417 5490 1715 5560; x_wconf 87' lang='lat' dir='ltr'><strong>adscripsit.</strong></span> <span class='ocrx_word' id='word_1_453' title='bbox 1753 5489 1883 5545; x_wconf 83' lang='lat' dir='ltr'><strong>Nam</strong></span> <span class='ocrx_word' id='word_1_454' title='bbox 1909 5490 2000 5560; x_wconf 89' lang='lat' dir='ltr'><strong>qui</strong></span> <span class='ocrx_word' id='word_1_455' title='bbox 2050 5489 2101 5546; x_wconf 92' lang='lat' dir='ltr'><strong>id</strong></span> <span class='ocrx_word' id='word_1_456' title='bbox 2150 5490 2290 5560; x_wconf 87' lang='lat' dir='ltr'><strong>quod</strong></span> 
     </span>
    </p>
   </div>
   <div class='ocr_carea' id='block_1_57' title="bbox 725 5582 2292 5655">
    <p class='ocr_par' dir='ltr' id='par_1_57' title="bbox 725 5582 2292 5655">
     <span class='ocr_line' id='line_1_57' title="bbox 725 5582 2292 5655; baseline -0.004 -14"><span class='ocrx_word' id='word_1_457' title='bbox 725 5587 895 5655; x_wconf 81' lang='lat' dir='ltr'><strong>majus</strong></span> <span class='ocrx_word' id='word_1_458' title='bbox 916 5593 1033 5640; x_wconf 87' lang='lat' dir='ltr'><strong>erat</strong></span> <span class='ocrx_word' id='word_1_459' title='bbox 1055 5585 1218 5648; x_wconf 86' lang='lat' dir='ltr'><strong>dedit.</strong></span> <span class='ocrx_word' id='word_1_460' title='bbox 1249 5585 1348 5641; x_wconf 89' lang='lat' dir='ltr'><strong>hoc</strong></span> <span class='ocrx_word' id='word_1_461' title='bbox 1376 5592 1474 5649; x_wconf 87' lang='lat' dir='ltr'><strong>est,</strong></span> <span class='ocrx_word' id='word_1_462' title='bbox 1509 5585 1761 5655; x_wconf 88' lang='lat' dir='ltr'><strong>seipsum,</strong></span> <span class='ocrx_word' id='word_1_463' title='bbox 1803 5584 1970 5639; x_wconf 92' lang='lat' dir='ltr'><strong>multo</strong></span> <span class='ocrx_word' id='word_1_464' title='bbox 2004 5584 2172 5654; x_wconf 88' lang='lat' dir='ltr'><strong>magis</strong></span> <span class='ocrx_word' id='word_1_465' title='bbox 2209 5582 2292 5637; x_wconf 76' lang='lat' dir='ltr'><strong>di.</strong></span> 
     </span>
    </p>
   </div>
   <div class='ocr_carea' id='block_1_58' title="bbox 724 5675 2291 5746">
    <p class='ocr_par' dir='ltr' id='par_1_58' title="bbox 724 5675 2291 5746">
     <span class='ocr_line' id='line_1_58' title="bbox 724 5675 2291 5746; baseline -0.003 -16"><span class='ocrx_word' id='word_1_466' title='bbox 724 5677 969 5746; x_wconf 73' lang='lat' dir='ltr'><strong>gnabitur</strong></span> <span class='ocrx_word' id='word_1_467' title='bbox 995 5691 1146 5731; x_wconf 88' lang='lat' dir='ltr'><strong>suum</strong></span> <span class='ocrx_word' id='word_1_468' title='bbox 1172 5676 1262 5730; x_wconf 89' lang='lat' dir='ltr'><strong>tibi</strong></span> <span class='ocrx_word' id='word_1_469' title='bbox 1289 5675 1501 5730; x_wconf 81' lang='lat' dir='ltr'><strong>tradere</strong></span> <span class='ocrx_word' id='word_1_470' title='bbox 1540 5690 1751 5744; x_wconf 88' lang='lat' dir='ltr'><strong>corpus.</strong></span> <span class='ocrx_word' id='word_1_471' title='bbox 1781 5675 2071 5731; x_wconf 83' lang='lat' dir='ltr'><strong>Audiamus</strong></span> <span class='ocrx_word' id='word_1_472' title='bbox 2113 5675 2291 5745; x_wconf 79' lang='lat' dir='ltr'><strong>igitur,</strong></span> 
     </span>
    </p>
   </div>
   <div class='ocr_carea' id='block_1_59' title="bbox 723 5765 2292 5836">
    <p class='ocr_par' dir='ltr' id='par_1_59' title="bbox 723 5765 2292 5836">
     <span class='ocr_line' id='line_1_59' title="bbox 723 5765 2292 5836; baseline -0.003 -14"><span class='ocrx_word' id='word_1_473' title='bbox 723 5779 776 5822; x_wconf 67' lang='lat' dir='ltr'><strong>et</strong></span> <span class='ocrx_word' id='word_1_474' title='bbox 812 5765 1136 5830; x_wconf 74' lang='lat' dir='ltr'><strong>sacerdotes,</strong></span> <span class='ocrx_word' id='word_1_475' title='bbox 1168 5779 1221 5820; x_wconf 89' lang='lat' dir='ltr'><strong>et</strong></span> <span class='ocrx_word' id='word_1_476' title='bbox 1245 5766 1436 5822; x_wconf 81' lang='lat' dir='ltr'><strong>subditi</strong></span> <span class='ocrx_word' id='word_1_477' title='bbox 1477 5766 1576 5832; x_wconf 89' lang='lat' dir='ltr'><strong>eis,</strong></span> <span class='ocrx_word' id='word_1_478' title='bbox 1622 5775 1817 5835; x_wconf 88' lang='lat' dir='ltr'><strong>quanto</strong></span> <span class='ocrx_word' id='word_1_479' title='bbox 1852 5781 2071 5821; x_wconf 88' lang='lat' dir='ltr'><strong>munere</strong></span> <span class='ocrx_word' id='word_1_480' title='bbox 2098 5765 2292 5836; x_wconf 87' lang='lat' dir='ltr'><strong>dignati</strong></span> 
     </span>
    </p>
   </div>
   <div class='ocr_carea' id='block_1_60' title="bbox 724 5855 2294 5927">
    <p class='ocr_par' dir='ltr' id='par_1_60' title="bbox 724 5855 2294 5927">
     <span class='ocr_line' id='line_1_60' title="bbox 724 5855 2294 5927; baseline -0.003 -11"><span class='ocrx_word' id='word_1_481' title='bbox 724 5860 916 5926; x_wconf 85' lang='lat' dir='ltr'><strong>simus;</strong></span> <span class='ocrx_word' id='word_1_482' title='bbox 955 5857 1247 5925; x_wconf 79' lang='lat' dir='ltr'><strong>audiamus,</strong></span> <span class='ocrx_word' id='word_1_483' title='bbox 1293 5864 1346 5912; x_wconf 88' lang='lat' dir='ltr'><strong>et</strong></span> <span class='ocrx_word' id='word_1_484' title='bbox 1387 5857 1868 5927; x_wconf 83' lang='lat' dir='ltr'><strong>perborrescamus.</strong></span> <span class='ocrx_word' id='word_1_485' title='bbox 1907 5856 2096 5912; x_wconf 84' lang='lat' dir='ltr'><strong>Sacras</strong></span> <span class='ocrx_word' id='word_1_486' title='bbox 2143 5855 2294 5914; x_wconf 89' lang='lat' dir='ltr'><strong>nobis</strong></span> 
     </span>
    </p>
   </div>
   <div class='ocr_carea' id='block_1_61' title="bbox 1367 421 3180 484">
    <p class='ocr_par' dir='ltr' id='par_1_61' title="bbox 1367 421 3180 484">
     <span class='ocr_line' id='line_1_61' title="bbox 1367 421 3180 484; baseline -0.001 -2"><span class='ocrx_word' id='word_1_487' title='bbox 1367 429 1424 484; x_wconf 89' lang='lat' dir='ltr'><strong>S.</strong></span> <span class='ocrx_word' id='word_1_488' title='bbox 1462 426 1734 482; x_wconf 74' lang='lat' dir='ltr'><strong>JOANNIS</strong></span> <span class='ocrx_word' id='word_1_489' title='bbox 1769 422 2237 480; x_wconf 74' lang='lat' dir='ltr'><strong>CllRYSOSTOMI</strong></span> <span class='ocrx_word' id='word_1_490' title='bbox 2284 421 2597 480; x_wconf 69' lang='lat' dir='ltr'><strong>AﬁClllEP.</strong></span> <span class='ocrx_word' id='word_1_491' title='bbox 2638 421 3180 482; x_wconf 68' lang='lat' dir='ltr'><strong>CONS&#39;I‘AN‘l&#39;lNOl’.~</strong></span> 
     </span>
    </p>
   </div>
   <div class='ocr_carea' id='block_1_62' title="bbox 3860 428 3964 484">
    <p class='ocr_par' dir='ltr' id='par_1_62' title="bbox 3860 428 3964 484">
     <span class='ocr_line' id='line_1_62' title="bbox 3860 428 3964 484; baseline 0 0"><span class='ocrx_word' id='word_1_492' title='bbox 3860 428 3964 484; x_wconf 67' lang='lat'><strong>508</strong></span> 
     </span>
    </p>
   </div>
   <div class='ocr_carea' id='block_1_63' title="bbox 2391 535 3964 608">
    <p class='ocr_par' dir='ltr' id='par_1_63' title="bbox 2391 535 3964 608">
     <span class='ocr_line' id='line_1_63' title="bbox 2391 535 3964 608; baseline 0.001 -19"><span class='ocrx_word' id='word_1_493' title='bbox 2391 551 2577 592; x_wconf 81' lang='lat' dir='ltr'><strong>carnes</strong></span> <span class='ocrx_word' id='word_1_494' title='bbox 2604 551 2730 592; x_wconf 87' lang='lat' dir='ltr'><strong>suas</strong></span> <span class='ocrx_word' id='word_1_495' title='bbox 2748 535 3105 593; x_wconf 80' lang='lat' dir='ltr'><strong>cumcdeudas</strong></span> <span class='ocrx_word' id='word_1_496' title='bbox 3133 536 3298 602; x_wconf 90' lang='lat' dir='ltr'><strong>dedit,</strong></span> <span class='ocrx_word' id='word_1_497' title='bbox 3327 537 3562 607; x_wconf 90' lang='lat' dir='ltr'><strong>seipsum</strong></span> <span class='ocrx_word' id='word_1_498' title='bbox 3589 539 3832 608; x_wconf 86' lang='lat' dir='ltr'><strong>apposuit</strong></span> <span class='ocrx_word' id='word_1_499' title='bbox 3860 540 3964 593; x_wconf 78' lang='lat' dir='ltr'><strong>im-</strong></span> 
     </span>
    </p>
   </div>
   <div class='ocr_carea' id='block_1_64' title="bbox 2389 626 3965 697">
    <p class='ocr_par' dir='ltr' id='par_1_64' title="bbox 2389 626 3965 697">
     <span class='ocr_line' id='line_1_64' title="bbox 2389 626 3965 697; baseline 0.001 -17"><span class='ocrx_word' id='word_1_500' title='bbox 2389 627 2662 681; x_wconf 90' lang='lat' dir='ltr'><strong>molatum.</strong></span> <span class='ocrx_word' id='word_1_501' title='bbox 2689 626 2818 692; x_wconf 61' lang='lat' dir='ltr'><strong>Quae</strong></span> <span class='ocrx_word' id='word_1_502' title='bbox 2847 628 3004 697; x_wconf 88' lang='lat' dir='ltr'><strong>igitur</strong></span> <span class='ocrx_word' id='word_1_503' title='bbox 3044 629 3195 684; x_wconf 89' lang='lat' dir='ltr'><strong>nobis</strong></span> <span class='ocrx_word' id='word_1_504' title='bbox 3239 629 3510 684; x_wconf 78' lang='lat' dir='ltr'><strong>excusatio</strong></span> <span class='ocrx_word' id='word_1_505' title='bbox 3555 628 3676 696; x_wconf 86' lang='lat' dir='ltr'><strong>erit,</strong></span> <span class='ocrx_word' id='word_1_506' title='bbox 3716 644 3835 683; x_wconf 91' lang='lat' dir='ltr'><strong>cum</strong></span> <span class='ocrx_word' id='word_1_507' title='bbox 3871 629 3965 683; x_wconf 85' lang='lat' dir='ltr'><strong>tali</strong></span> 
     </span>
    </p>
   </div>
   <div class='ocr_carea' id='block_1_65' title="bbox 2387 719 3963 792">
    <p class='ocr_par' dir='ltr' id='par_1_65' title="bbox 2387 719 3963 792">
     <span class='ocr_line' id='line_1_65' title="bbox 2387 719 3963 792; baseline 0.001 -20"><span class='ocrx_word' id='word_1_508' title='bbox 2387 719 2521 788; x_wconf 87' lang='lat' dir='ltr'><strong>pasti</strong></span> <span class='ocrx_word' id='word_1_509' title='bbox 2548 720 2685 785; x_wconf 85' lang='lat' dir='ltr'><strong>cibo,</strong></span> <span class='ocrx_word' id='word_1_510' title='bbox 2722 720 2895 774; x_wconf 88' lang='lat' dir='ltr'><strong>taliter</strong></span> <span class='ocrx_word' id='word_1_511' title='bbox 2921 721 3240 787; x_wconf 76' lang='lat' dir='ltr'><strong>peccemus?</strong></span> <span class='ocrx_word' id='word_1_512' title='bbox 3280 735 3399 774; x_wconf 89' lang='lat' dir='ltr'><strong>eum</strong></span> <span class='ocrx_word' id='word_1_513' title='bbox 3436 735 3628 792; x_wconf 89' lang='lat' dir='ltr'><strong>agnum</strong></span> <span class='ocrx_word' id='word_1_514' title='bbox 3672 720 3963 775; x_wconf 82' lang='lat' dir='ltr'><strong>comeden-</strong></span> 
     </span>
    </p>
   </div>
   <div class='ocr_carea' id='block_1_66' title="bbox 2388 809 3968 880">
    <p class='ocr_par' dir='ltr' id='par_1_66' title="bbox 2388 809 3968 880">
     <span class='ocr_line' id='line_1_66' title="bbox 2388 809 3968 880; baseline 0.003 -17"><span class='ocrx_word' id='word_1_515' title='bbox 2388 817 2488 874; x_wconf 88' lang='lat' dir='ltr'><strong>tes,</strong></span> <span class='ocrx_word' id='word_1_516' title='bbox 2518 810 2623 880; x_wconf 91' lang='lat' dir='ltr'><strong>lupi</strong></span> <span class='ocrx_word' id='word_1_517' title='bbox 2672 809 2967 865; x_wconf 76' lang='lat' dir='ltr'><strong>efﬁcimur?</strong></span> <span class='ocrx_word' id='word_1_518' title='bbox 3005 827 3122 866; x_wconf 88' lang='lat' dir='ltr'><strong>cum</strong></span> <span class='ocrx_word' id='word_1_519' title='bbox 3153 827 3305 868; x_wconf 82' lang='lat' dir='ltr'><strong>ovem</strong></span> <span class='ocrx_word' id='word_1_520' title='bbox 3351 812 3749 878; x_wconf 87' lang='lat' dir='ltr'><strong>manducantes,</strong></span> <span class='ocrx_word' id='word_1_521' title='bbox 3795 814 3968 868; x_wconf 88' lang='lat' dir='ltr'><strong>instar</strong></span> 
     </span>
    </p>
   </div>
   <div class='ocr_carea' id='block_1_67' title="bbox 2387 889 3964 976">
    <p class='ocr_par' dir='ltr' id='par_1_67' title="bbox 2387 889 3964 976">
     <span class='ocr_line' id='line_1_67' title="bbox 2387 889 3964 976; baseline 0.003 -22"><span class='ocrx_word' id='word_1_522' title='bbox 2387 900 2597 955; x_wconf 90' lang='lat' dir='ltr'><strong>leonum</strong></span> <span class='ocrx_word' id='word_1_523' title='bbox 2625 889 2896 971; x_wconf 35' lang='lat' dir='ltr'><strong>rapimus‘?</strong></span> <span class='ocrx_word' id='word_1_524' title='bbox 2939 901 3050 957; x_wconf 83' lang='lat' dir='ltr'><strong>Hoc</strong></span> <span class='ocrx_word' id='word_1_525' title='bbox 3085 904 3280 974; x_wconf 90' lang='lat' dir='ltr'><strong>quippe</strong></span> <span class='ocrx_word' id='word_1_526' title='bbox 3309 906 3618 976; x_wconf 85' lang='lat' dir='ltr'><strong>mysterium</strong></span> <span class='ocrx_word' id='word_1_527' title='bbox 3654 920 3756 960; x_wconf 90' lang='lat' dir='ltr'><strong>non</strong></span> <span class='ocrx_word' id='word_1_528' title='bbox 3784 907 3964 961; x_wconf 87' lang='lat' dir='ltr'><strong>solum</strong></span> 
     </span>
    </p>
   </div>
   <div class='ocr_carea' id='block_1_68' title="bbox 2384 994 3967 1070">
    <p class='ocr_par' dir='ltr' id='par_1_68' title="bbox 2384 994 3967 1070">
     <span class='ocr_line' id='line_1_68' title="bbox 2384 994 3967 1070; baseline 0.006 -26"><span class='ocrx_word' id='word_1_529' title='bbox 2384 1006 2413 1044; x_wconf 88' lang='lat' dir='ltr'><strong>a</strong></span> <span class='ocrx_word' id='word_1_530' title='bbox 2460 994 2638 1064; x_wconf 86' lang='lat' dir='ltr'><strong>rapina</strong></span> <span class='ocrx_word' id='word_1_531' title='bbox 2666 1033 2681 1060; x_wconf 93' lang='lat'><strong>,</strong></span> <span class='ocrx_word' id='word_1_532' title='bbox 2719 994 2811 1049; x_wconf 89' lang='lat' dir='ltr'><strong>sed</strong></span> <span class='ocrx_word' id='word_1_533' title='bbox 2837 995 2995 1050; x_wconf 90' lang='lat' dir='ltr'><strong>etiam</strong></span> <span class='ocrx_word' id='word_1_534' title='bbox 3025 1011 3054 1050; x_wconf 89' lang='lat' dir='ltr'><strong>a</strong></span> <span class='ocrx_word' id='word_1_535' title='bbox 3091 997 3191 1051; x_wconf 89' lang='lat' dir='ltr'><strong>levi</strong></span> <span class='ocrx_word' id='word_1_536' title='bbox 3242 997 3512 1054; x_wconf 88' lang='lat' dir='ltr'><strong>inimicitia</strong></span> <span class='ocrx_word' id='word_1_537' title='bbox 3543 1014 3704 1069; x_wconf 88' lang='lat' dir='ltr'><strong>puros</strong></span> <span class='ocrx_word' id='word_1_538' title='bbox 3746 1015 3967 1070; x_wconf 86' lang='lat' dir='ltr'><strong>semper</strong></span> 
     </span>
    </p>
   </div>
   <div class='ocr_carea' id='block_1_69' title="bbox 2383 1086 3963 1162">
    <p class='ocr_par' dir='ltr' id='par_1_69' title="bbox 2383 1086 3963 1162">
     <span class='ocr_line' id='line_1_69' title="bbox 2383 1086 3963 1162; baseline 0.005 -23"><span class='ocrx_word' id='word_1_539' title='bbox 2383 1098 2504 1140; x_wconf 85' lang='lat' dir='ltr'><strong>esse</strong></span> <span class='ocrx_word' id='word_1_540' title='bbox 2526 1086 2698 1154; x_wconf 89' lang='lat' dir='ltr'><strong>jubet.</strong></span> <span class='ocrx_word' id='word_1_541' title='bbox 2739 1086 2868 1142; x_wconf 84' lang='lat' dir='ltr'><strong>Nam</strong></span> <span class='ocrx_word' id='word_1_542' title='bbox 2922 1088 3021 1143; x_wconf 90' lang='lat' dir='ltr'><strong>hoc</strong></span> <span class='ocrx_word' id='word_1_543' title='bbox 3073 1089 3403 1159; x_wconf 84' lang='lat' dir='ltr'><strong>mysterium,</strong></span> <span class='ocrx_word' id='word_1_544' title='bbox 3457 1091 3601 1161; x_wconf 86' lang='lat' dir='ltr'><strong>pacis</strong></span> <span class='ocrx_word' id='word_1_545' title='bbox 3646 1100 3726 1146; x_wconf 86' lang='lat' dir='ltr'><strong>est</strong></span> <span class='ocrx_word' id='word_1_546' title='bbox 3755 1103 3963 1162; x_wconf 84' lang='lat' dir='ltr'><strong>myste-</strong></span> 
     </span>
    </p>
   </div>
   <div class='ocr_carea' id='block_1_70' title="bbox 2383 1174 3964 1252">
    <p class='ocr_par' dir='ltr' id='par_1_70' title="bbox 2383 1174 3964 1252">
     <span class='ocr_line' id='line_1_70' title="bbox 2383 1174 3964 1252; baseline 0.004 -23"><span class='ocrx_word' id='word_1_547' title='bbox 2383 1174 2520 1230; x_wconf 89' lang='lat' dir='ltr'><strong>rium</strong></span> <span class='ocrx_word' id='word_1_548' title='bbox 2552 1192 2566 1226; x_wconf 91' lang='lat'><strong>:</strong></span> <span class='ocrx_word' id='word_1_549' title='bbox 2600 1189 2698 1232; x_wconf 90' lang='lat' dir='ltr'><strong>nec</strong></span> <span class='ocrx_word' id='word_1_550' title='bbox 2721 1177 2848 1233; x_wconf 86' lang='lat' dir='ltr'><strong>sinit</strong></span> <span class='ocrx_word' id='word_1_551' title='bbox 2873 1177 3069 1234; x_wconf 85' lang='lat' dir='ltr'><strong>divitiis</strong></span> <span class='ocrx_word' id='word_1_552' title='bbox 3107 1194 3228 1236; x_wconf 88' lang='lat' dir='ltr'><strong>esse</strong></span> <span class='ocrx_word' id='word_1_553' title='bbox 3273 1180 3533 1236; x_wconf 85' lang='lat' dir='ltr'><strong>addictos.</strong></span> <span class='ocrx_word' id='word_1_554' title='bbox 3583 1180 3714 1237; x_wconf 78' lang='lat' dir='ltr'><strong>Nam</strong></span> <span class='ocrx_word' id='word_1_555' title='bbox 3759 1184 3802 1237; x_wconf 88' lang='lat' dir='ltr'><strong>si</strong></span> <span class='ocrx_word' id='word_1_556' title='bbox 3843 1183 3964 1252; x_wconf 83' lang='lat' dir='ltr'><strong>ipse</strong></span> 
     </span>
    </p>
   </div>
   <div class='ocr_carea' id='block_1_71' title="bbox 2383 1266 3965 1346">
    <p class='ocr_par' dir='ltr' id='par_1_71' title="bbox 2383 1266 3965 1346">
     <span class='ocr_line' id='line_1_71' title="bbox 2383 1266 3965 1346; baseline 0.006 -25"><span class='ocrx_word' id='word_1_557' title='bbox 2383 1276 2600 1338; x_wconf 90' lang='lat' dir='ltr'><strong>propter</strong></span> <span class='ocrx_word' id='word_1_558' title='bbox 2627 1266 2727 1324; x_wconf 83' lang='lat' dir='ltr'><strong>nos</strong></span> <span class='ocrx_word' id='word_1_559' title='bbox 2769 1270 2869 1326; x_wconf 88' lang='lat' dir='ltr'><strong>sibi</strong></span> <span class='ocrx_word' id='word_1_560' title='bbox 2915 1271 3014 1342; x_wconf 89' lang='lat' dir='ltr'><strong>ipsi</strong></span> <span class='ocrx_word' id='word_1_561' title='bbox 3053 1287 3158 1329; x_wconf 90' lang='lat' dir='ltr'><strong>non</strong></span> <span class='ocrx_word' id='word_1_562' title='bbox 3211 1274 3464 1344; x_wconf 85' lang='lat' dir='ltr'><strong>pepercit,</strong></span> <span class='ocrx_word' id='word_1_563' title='bbox 3503 1290 3611 1346; x_wconf 90' lang='lat' dir='ltr'><strong>quo</strong></span> <span class='ocrx_word' id='word_1_564' title='bbox 3654 1276 3852 1331; x_wconf 89' lang='lat' dir='ltr'><strong>erimus</strong></span> <span class='ocrx_word' id='word_1_565' title='bbox 3878 1277 3965 1331; x_wconf 84' lang='lat' dir='ltr'><strong>di-</strong></span> 
     </span>
    </p>
   </div>
   <div class='ocr_carea' id='block_1_72' title="bbox 2381 1358 3964 1438">
    <p class='ocr_par' dir='ltr' id='par_1_72' title="bbox 2381 1358 3964 1438">
     <span class='ocr_line' id='line_1_72' title="bbox 2381 1358 3964 1438; baseline 0.007 -26"><span class='ocrx_word' id='word_1_566' title='bbox 2381 1358 2469 1428; x_wconf 91' lang='lat' dir='ltr'><strong>gni</strong></span> <span class='ocrx_word' id='word_1_567' title='bbox 2512 1360 2772 1430; x_wconf 88' lang='lat' dir='ltr'><strong>supplicio</strong></span> <span class='ocrx_word' id='word_1_568' title='bbox 2800 1363 2845 1417; x_wconf 86' lang='lat' dir='ltr'><strong>si</strong></span> <span class='ocrx_word' id='word_1_569' title='bbox 2882 1362 3080 1419; x_wconf 85' lang='lat' dir='ltr'><strong>divitiis</strong></span> <span class='ocrx_word' id='word_1_570' title='bbox 3122 1380 3423 1435; x_wconf 85' lang='lat' dir='ltr'><strong>parcamus,</strong></span> <span class='ocrx_word' id='word_1_571' title='bbox 3475 1368 3810 1438; x_wconf 87' lang='lat' dir='ltr'><strong>animamque</strong></span> <span class='ocrx_word' id='word_1_572' title='bbox 3859 1383 3964 1423; x_wconf 88' lang='lat' dir='ltr'><strong>ne-</strong></span> 
     </span>
    </p>
   </div>
   <div class='ocr_carea' id='block_1_73' title="bbox 2380 1451 3966 1530">
    <p class='ocr_par' dir='ltr' id='par_1_73' title="bbox 2380 1451 3966 1530">
     <span class='ocr_line' id='line_1_73' title="bbox 2380 1451 3966 1530; baseline 0.006 -26"><span class='ocrx_word' id='word_1_573' title='bbox 2380 1451 2681 1520; x_wconf 85' lang='lat' dir='ltr'><strong>gligamus,</strong></span> <span class='ocrx_word' id='word_1_574' title='bbox 2734 1469 2831 1524; x_wconf 90' lang='lat' dir='ltr'><strong>pro</strong></span> <span class='ocrx_word' id='word_1_575' title='bbox 2875 1470 2978 1526; x_wconf 90' lang='lat' dir='ltr'><strong>qua</strong></span> <span class='ocrx_word' id='word_1_576' title='bbox 3039 1457 3154 1528; x_wconf 86' lang='lat' dir='ltr'><strong>ipse</strong></span> <span class='ocrx_word' id='word_1_577' title='bbox 3201 1458 3302 1512; x_wconf 90' lang='lat' dir='ltr'><strong>sibi</strong></span> <span class='ocrx_word' id='word_1_578' title='bbox 3356 1458 3455 1529; x_wconf 85' lang='lat' dir='ltr'><strong>ipsi</strong></span> <span class='ocrx_word' id='word_1_579' title='bbox 3507 1475 3613 1514; x_wconf 90' lang='lat' dir='ltr'><strong>non</strong></span> <span class='ocrx_word' id='word_1_580' title='bbox 3674 1461 3966 1530; x_wconf 72' lang='lat' dir='ltr'><strong>pepercit?</strong></span> 
     </span>
    </p>
   </div>
   <div class='ocr_carea' id='block_1_74' title="bbox 2382 1545 3961 1620">
    <p class='ocr_par' dir='ltr' id='par_1_74' title="bbox 2382 1545 3961 1620">
     <span class='ocr_line' id='line_1_74' title="bbox 2382 1545 3961 1620; baseline 0.004 -18"><span class='ocrx_word' id='word_1_581' title='bbox 2382 1545 2579 1602; x_wconf 74' lang='lat' dir='ltr'><strong>Judteis</strong></span> <span class='ocrx_word' id='word_1_582' title='bbox 2605 1547 2822 1618; x_wconf 89' lang='lat' dir='ltr'><strong>quidem</strong></span> <span class='ocrx_word' id='word_1_583' title='bbox 2874 1551 3157 1620; x_wconf 88' lang='lat' dir='ltr'><strong>quotannis</strong></span> <span class='ocrx_word' id='word_1_584' title='bbox 3200 1551 3252 1606; x_wconf 90' lang='lat' dir='ltr'><strong>in</strong></span> <span class='ocrx_word' id='word_1_585' title='bbox 3302 1553 3611 1607; x_wconf 89' lang='lat' dir='ltr'><strong>memoriam</strong></span> <span class='ocrx_word' id='word_1_586' title='bbox 3664 1554 3961 1608; x_wconf 83' lang='lat' dir='ltr'><strong>beneﬁcio-</strong></span> 
     </span>
    </p>
   </div>
   <div class='ocr_carea' id='block_1_75' title="bbox 2383 1639 3962 1709">
    <p class='ocr_par' dir='ltr' id='par_1_75' title="bbox 2383 1639 3962 1709">
     <span class='ocr_line' id='line_1_75' title="bbox 2383 1639 3962 1709; baseline 0.004 -19"><span class='ocrx_word' id='word_1_587' title='bbox 2383 1652 2498 1691; x_wconf 90' lang='lat' dir='ltr'><strong>rum</strong></span> <span class='ocrx_word' id='word_1_588' title='bbox 2541 1652 2756 1694; x_wconf 87' lang='lat' dir='ltr'><strong>suorum</strong></span> <span class='ocrx_word' id='word_1_589' title='bbox 2787 1639 3150 1696; x_wconf 79' lang='lat' dir='ltr'><strong>solemnitates</strong></span> <span class='ocrx_word' id='word_1_590' title='bbox 3201 1641 3343 1698; x_wconf 82' lang='lat' dir='ltr'><strong>Deus</strong></span> <span class='ocrx_word' id='word_1_591' title='bbox 3385 1643 3650 1709; x_wconf 86' lang='lat' dir='ltr'><strong>instituit;</strong></span> <span class='ocrx_word' id='word_1_592' title='bbox 3695 1644 3786 1698; x_wconf 89' lang='lat' dir='ltr'><strong>tibi</strong></span> <span class='ocrx_word' id='word_1_593' title='bbox 3829 1659 3962 1698; x_wconf 84' lang='lat' dir='ltr'><strong>vero</strong></span> 
     </span>
    </p>
   </div>
   <div class='ocr_carea' id='block_1_76' title="bbox 2380 1728 3966 1804">
    <p class='ocr_par' dir='ltr' id='par_1_76' title="bbox 2380 1728 3966 1804">
     <span class='ocr_line' id='line_1_76' title="bbox 2380 1728 3966 1804; baseline 0.004 -22"><span class='ocrx_word' id='word_1_594' title='bbox 2380 1728 2600 1797; x_wconf 90' lang='lat' dir='ltr'><strong>singulis</strong></span> <span class='ocrx_word' id='word_1_595' title='bbox 2644 1744 2782 1800; x_wconf 91' lang='lat' dir='ltr'><strong>pene</strong></span> <span class='ocrx_word' id='word_1_596' title='bbox 2821 1730 3009 1786; x_wconf 85' lang='lat' dir='ltr'><strong>diebus</strong></span> <span class='ocrx_word' id='word_1_597' title='bbox 3057 1747 3152 1801; x_wconf 88' lang='lat' dir='ltr'><strong>per</strong></span> <span class='ocrx_word' id='word_1_598' title='bbox 3200 1730 3318 1788; x_wconf 57' lang='lat' dir='ltr'><strong>haec</strong></span> <span class='ocrx_word' id='word_1_599' title='bbox 3355 1747 3506 1788; x_wconf 87' lang='lat' dir='ltr'><strong>sacra</strong></span> <span class='ocrx_word' id='word_1_600' title='bbox 3560 1733 3830 1804; x_wconf 84' lang='lat' dir='ltr'><strong>mysteria.</strong></span> <span class='ocrx_word' id='word_1_601' title='bbox 3879 1733 3966 1788; x_wconf 82' lang='lat' dir='ltr'><strong>Ne</strong></span> 
     </span>
    </p>
   </div>
   <div class='ocr_carea' id='block_1_77' title="bbox 2382 1817 3960 1895">
    <p class='ocr_par' dir='ltr' id='par_1_77' title="bbox 2382 1817 3960 1895">
     <span class='ocr_line' id='line_1_77' title="bbox 2382 1817 3960 1895; baseline 0.006 -24"><span class='ocrx_word' id='word_1_602' title='bbox 2382 1817 2539 1887; x_wconf 85' lang='lat' dir='ltr'><strong>igitur</strong></span> <span class='ocrx_word' id='word_1_603' title='bbox 2575 1829 2786 1876; x_wconf 77' lang='lat' dir='ltr'><strong>crucem</strong></span> <span class='ocrx_word' id='word_1_604' title='bbox 2831 1822 3114 1878; x_wconf 87' lang='lat' dir='ltr'><strong>erubescas</strong></span> <span class='ocrx_word' id='word_1_605' title='bbox 3147 1839 3162 1877; x_wconf 91' lang='lat'><strong>:</strong></span> <span class='ocrx_word' id='word_1_606' title='bbox 3194 1823 3307 1879; x_wconf 73' lang='lat' dir='ltr'><strong>haec</strong></span> <span class='ocrx_word' id='word_1_607' title='bbox 3357 1825 3552 1895; x_wconf 88' lang='lat' dir='ltr'><strong>quippe</strong></span> <span class='ocrx_word' id='word_1_608' title='bbox 3600 1833 3725 1880; x_wconf 90' lang='lat' dir='ltr'><strong>sunt</strong></span> <span class='ocrx_word' id='word_1_609' title='bbox 3761 1826 3960 1880; x_wconf 86' lang='lat' dir='ltr'><strong>decora</strong></span> 
     </span>
    </p>
   </div>
   <div class='ocr_carea' id='block_1_78' title="bbox 2383 1912 3964 1985">
    <p class='ocr_par' dir='ltr' id='par_1_78' title="bbox 2383 1912 3964 1985">
     <span class='ocr_line' id='line_1_78' title="bbox 2383 1912 3964 1985; baseline 0.004 -21"><span class='ocrx_word' id='word_1_610' title='bbox 2383 1920 2582 1976; x_wconf 90' lang='lat' dir='ltr'><strong>nostra,</strong></span> <span class='ocrx_word' id='word_1_611' title='bbox 2615 1912 2730 1968; x_wconf 66' lang='lat' dir='ltr'><strong>hare</strong></span> <span class='ocrx_word' id='word_1_612' title='bbox 2765 1924 2944 1969; x_wconf 90' lang='lat' dir='ltr'><strong>nostra</strong></span> <span class='ocrx_word' id='word_1_613' title='bbox 2971 1915 3242 1984; x_wconf 86' lang='lat' dir='ltr'><strong>mysteria,</strong></span> <span class='ocrx_word' id='word_1_614' title='bbox 3294 1915 3392 1970; x_wconf 91' lang='lat' dir='ltr'><strong>hoc</strong></span> <span class='ocrx_word' id='word_1_615' title='bbox 3435 1931 3688 1972; x_wconf 79' lang='lat' dir='ltr'><strong>ornantur</strong></span> <span class='ocrx_word' id='word_1_616' title='bbox 3712 1933 3964 1985; x_wconf 88' lang='lat' dir='ltr'><strong>munere,</strong></span> 
     </span>
    </p>
   </div>
   <div class='ocr_carea' id='block_1_79' title="bbox 2380 2001 3963 2077">
    <p class='ocr_par' dir='ltr' id='par_1_79' title="bbox 2380 2001 3963 2077">
     <span class='ocr_line' id='line_1_79' title="bbox 2380 2001 3963 2077; baseline 0.004 -20"><span class='ocrx_word' id='word_1_617' title='bbox 2380 2001 2483 2057; x_wconf 89' lang='lat' dir='ltr'><strong>hoc</strong></span> <span class='ocrx_word' id='word_1_618' title='bbox 2504 2005 2809 2074; x_wconf 86' lang='lat' dir='ltr'><strong>gloriamur.</strong></span> <span class='ocrx_word' id='word_1_619' title='bbox 2842 2006 2898 2062; x_wconf 91' lang='lat' dir='ltr'><strong>Si</strong></span> <span class='ocrx_word' id='word_1_620' title='bbox 2927 2007 3132 2075; x_wconf 87' lang='lat' dir='ltr'><strong>dixero,</strong></span> <span class='ocrx_word' id='word_1_621' title='bbox 3160 2007 3361 2064; x_wconf 69' lang='lat' dir='ltr'><strong>Caelum</strong></span> <span class='ocrx_word' id='word_1_622' title='bbox 3387 2018 3442 2064; x_wconf 89' lang='lat' dir='ltr'><strong>et</strong></span> <span class='ocrx_word' id='word_1_623' title='bbox 3471 2019 3664 2065; x_wconf 87' lang='lat' dir='ltr'><strong>terram</strong></span> <span class='ocrx_word' id='word_1_624' title='bbox 3693 2010 3963 2077; x_wconf 89' lang='lat' dir='ltr'><strong>extendit,</strong></span> 
     </span>
    </p>
   </div>
   <div class='ocr_carea' id='block_1_80' title="bbox 2377 2095 3964 2170">
    <p class='ocr_par' dir='ltr' id='par_1_80' title="bbox 2377 2095 3964 2170">
     <span class='ocr_line' id='line_1_80' title="bbox 2377 2095 3964 2170; baseline 0.006 -21"><span class='ocrx_word' id='word_1_625' title='bbox 2377 2109 2524 2150; x_wconf 88' lang='lat' dir='ltr'><strong>mare</strong></span> <span class='ocrx_word' id='word_1_626' title='bbox 2567 2095 2769 2161; x_wconf 73' lang='lat' dir='ltr'><strong>effudit,</strong></span> <span class='ocrx_word' id='word_1_627' title='bbox 2799 2097 3086 2168; x_wconf 84' lang='lat' dir='ltr'><strong>prophetas</strong></span> <span class='ocrx_word' id='word_1_628' title='bbox 3123 2108 3178 2154; x_wconf 90' lang='lat' dir='ltr'><strong>et</strong></span> <span class='ocrx_word' id='word_1_629' title='bbox 3215 2101 3432 2170; x_wconf 88' lang='lat' dir='ltr'><strong>angelos</strong></span> <span class='ocrx_word' id='word_1_630' title='bbox 3477 2101 3641 2168; x_wconf 89' lang='lat' dir='ltr'><strong>misit,</strong></span> <span class='ocrx_word' id='word_1_631' title='bbox 3673 2101 3801 2157; x_wconf 90' lang='lat' dir='ltr'><strong>nihil</strong></span> <span class='ocrx_word' id='word_1_632' title='bbox 3832 2103 3964 2159; x_wconf 86' lang='lat' dir='ltr'><strong>huic</strong></span> 
     </span>
    </p>
   </div>
   <div class='ocr_carea' id='block_1_81' title="bbox 2377 2184 3962 2260">
    <p class='ocr_par' dir='ltr' id='par_1_81' title="bbox 2377 2184 3962 2260">
     <span class='ocr_line' id='line_1_81' title="bbox 2377 2184 3962 2260; baseline 0.006 -23"><span class='ocrx_word' id='word_1_633' title='bbox 2377 2184 2453 2238; x_wconf 88' lang='lat' dir='ltr'><strong>rei</strong></span> <span class='ocrx_word' id='word_1_634' title='bbox 2479 2199 2576 2255; x_wconf 83' lang='lat' dir='ltr'><strong>par</strong></span> <span class='ocrx_word' id='word_1_635' title='bbox 2618 2185 2822 2242; x_wconf 85' lang='lat' dir='ltr'><strong>dixero.</strong></span> <span class='ocrx_word' id='word_1_636' title='bbox 2881 2188 2990 2243; x_wconf 93' lang='lat' dir='ltr'><strong>lloe</strong></span> <span class='ocrx_word' id='word_1_637' title='bbox 3013 2189 3207 2258; x_wconf 88' lang='lat' dir='ltr'><strong>quippe</strong></span> <span class='ocrx_word' id='word_1_638' title='bbox 3248 2199 3406 2260; x_wconf 91' lang='lat' dir='ltr'><strong>caput</strong></span> <span class='ocrx_word' id='word_1_639' title='bbox 3429 2199 3513 2246; x_wconf 89' lang='lat' dir='ltr'><strong>est</strong></span> <span class='ocrx_word' id='word_1_640' title='bbox 3540 2191 3796 2246; x_wconf 82' lang='lat' dir='ltr'><strong>bonorum</strong></span> <span class='ocrx_word' id='word_1_641' title='bbox 3834 2207 3962 2246; x_wconf 87' lang='lat' dir='ltr'><strong>om-</strong></span> 
     </span>
    </p>
   </div>
   <div class='ocr_carea' id='block_1_82' title="bbox 2380 2278 3967 2352">
    <p class='ocr_par' dir='ltr' id='par_1_82' title="bbox 2380 2278 3967 2352">
     <span class='ocr_line' id='line_1_82' title="bbox 2380 2278 3967 2352; baseline 0.005 -21"><span class='ocrx_word' id='word_1_642' title='bbox 2380 2278 2522 2331; x_wconf 90' lang='lat' dir='ltr'><strong>nium</strong></span> <span class='ocrx_word' id='word_1_643' title='bbox 2554 2319 2569 2344; x_wconf 92' lang='lat'><strong>,</strong></span> <span class='ocrx_word' id='word_1_644' title='bbox 2605 2279 2744 2348; x_wconf 88' lang='lat' dir='ltr'><strong>quod</strong></span> <span class='ocrx_word' id='word_1_645' title='bbox 2775 2278 2912 2334; x_wconf 82' lang='lat' dir='ltr'><strong>Filio</strong></span> <span class='ocrx_word' id='word_1_646' title='bbox 2950 2294 3047 2334; x_wconf 87' lang='lat' dir='ltr'><strong>suo</strong></span> <span class='ocrx_word' id='word_1_647' title='bbox 3077 2296 3180 2334; x_wconf 89' lang='lat' dir='ltr'><strong>non</strong></span> <span class='ocrx_word' id='word_1_648' title='bbox 3214 2283 3528 2352; x_wconf 89' lang='lat' dir='ltr'><strong>pepercerit,</strong></span> <span class='ocrx_word' id='word_1_649' title='bbox 3571 2291 3629 2338; x_wconf 88' lang='lat' dir='ltr'><strong>ut</strong></span> <span class='ocrx_word' id='word_1_650' title='bbox 3653 2297 3836 2338; x_wconf 83' lang='lat' dir='ltr'><strong>servos</strong></span> <span class='ocrx_word' id='word_1_651' title='bbox 3862 2283 3967 2339; x_wconf 84' lang='lat' dir='ltr'><strong>ab-</strong></span> 
     </span>
    </p>
   </div>
   <div class='ocr_carea' id='block_1_83' title="bbox 2379 2371 3964 2444">
    <p class='ocr_par' dir='ltr' id='par_1_83' title="bbox 2379 2371 3964 2444">
     <span class='ocr_line' id='line_1_83' title="bbox 2379 2371 3964 2444; baseline 0.004 -20"><span class='ocrx_word' id='word_1_652' title='bbox 2379 2371 2635 2427; x_wconf 87' lang='lat' dir='ltr'><strong>alienatos</strong></span> <span class='ocrx_word' id='word_1_653' title='bbox 2661 2381 2918 2427; x_wconf 87' lang='lat' dir='ltr'><strong>servaret.</strong></span> <span class='ocrx_word' id='word_1_654' title='bbox 2942 2371 3127 2427; x_wconf 86' lang='lat' dir='ltr'><strong>Nullus</strong></span> <span class='ocrx_word' id='word_1_655' title='bbox 3140 2389 3266 2444; x_wconf 88' lang='lat' dir='ltr'><strong>ergo</strong></span> <span class='ocrx_word' id='word_1_656' title='bbox 3287 2374 3447 2430; x_wconf 74' lang='lat' dir='ltr'><strong>Iudas</strong></span> <span class='ocrx_word' id='word_1_657' title='bbox 3469 2375 3605 2431; x_wconf 91' lang='lat' dir='ltr'><strong>hanc</strong></span> <span class='ocrx_word' id='word_1_658' title='bbox 3628 2375 3782 2430; x_wconf 82' lang='lat' dir='ltr'><strong>adeat</strong></span> <span class='ocrx_word' id='word_1_659' title='bbox 3806 2391 3964 2431; x_wconf 86' lang='lat' dir='ltr'><strong>men-</strong></span> 
     </span>
    </p>
   </div>
   <div class='ocr_carea' id='block_1_84' title="bbox 2380 2451 3965 2537">
    <p class='ocr_par' dir='ltr' id='par_1_84' title="bbox 2380 2451 3965 2537">
     <span class='ocr_line' id='line_1_84' title="bbox 2380 2451 3965 2537; baseline 0.003 -19"><span class='ocrx_word' id='word_1_660' title='bbox 2380 2479 2527 2527; x_wconf 88' lang='lat' dir='ltr'><strong>sam;</strong></span> <span class='ocrx_word' id='word_1_661' title='bbox 2584 2463 2759 2519; x_wconf 90' lang='lat' dir='ltr'><strong>nullus</strong></span> <span class='ocrx_word' id='word_1_662' title='bbox 2805 2465 2986 2520; x_wconf 88' lang='lat' dir='ltr'><strong>Simon</strong></span> <span class='ocrx_word' id='word_1_663' title='bbox 3036 2485 3048 2519; x_wconf 91' lang='lat'><strong>:</strong></span> <span class='ocrx_word' id='word_1_664' title='bbox 3099 2467 3260 2522; x_wconf 88' lang='lat' dir='ltr'><strong>ambo</strong></span> <span class='ocrx_word' id='word_1_665' title='bbox 3321 2451 3461 2522; x_wconf 79' lang='lat' dir='ltr'><strong>enim</strong></span> <span class='ocrx_word' id='word_1_666' title='bbox 3532 2483 3626 2537; x_wconf 91' lang='lat' dir='ltr'><strong>per</strong></span> <span class='ocrx_word' id='word_1_667' title='bbox 3679 2469 3965 2522; x_wconf 85' lang='lat' dir='ltr'><strong>avaritiam</strong></span> 
     </span>
    </p>
   </div>
   <div class='ocr_carea' id='block_1_85' title="bbox 2381 2557 3968 2630">
    <p class='ocr_par' dir='ltr' id='par_1_85' title="bbox 2381 2557 3968 2630">
     <span class='ocr_line' id='line_1_85' title="bbox 2381 2557 3968 2630; baseline 0.003 -19"><span class='ocrx_word' id='word_1_668' title='bbox 2381 2557 2669 2626; x_wconf 88' lang='lat' dir='ltr'><strong>perierunt.</strong></span> <span class='ocrx_word' id='word_1_669' title='bbox 2710 2557 2995 2628; x_wconf 85' lang='lat' dir='ltr'><strong>Fugiamus</strong></span> <span class='ocrx_word' id='word_1_670' title='bbox 3043 2558 3219 2629; x_wconf 88' lang='lat' dir='ltr'><strong>itaque</strong></span> <span class='ocrx_word' id='word_1_671' title='bbox 3266 2559 3368 2615; x_wconf 90' lang='lat' dir='ltr'><strong>hoc</strong></span> <span class='ocrx_word' id='word_1_672' title='bbox 3409 2559 3736 2624; x_wconf 88' lang='lat' dir='ltr'><strong>barathrum,</strong></span> <span class='ocrx_word' id='word_1_673' title='bbox 3783 2576 3968 2630; x_wconf 81' lang='lat' dir='ltr'><strong>neque</strong></span> 
     </span>
    </p>
   </div>
   <div class='ocr_carea' id='block_1_86' title="bbox 2381 2646 3965 2721">
    <p class='ocr_par' dir='ltr' id='par_1_86' title="bbox 2381 2646 3965 2721">
     <span class='ocr_line' id='line_1_86' title="bbox 2381 2646 3965 2721; baseline 0.003 -21"><span class='ocrx_word' id='word_1_674' title='bbox 2381 2657 2623 2715; x_wconf 90' lang='lat' dir='ltr'><strong>putemus</strong></span> <span class='ocrx_word' id='word_1_675' title='bbox 2643 2646 2794 2706; x_wconf 87' lang='lat' dir='ltr'><strong>nobis</strong></span> <span class='ocrx_word' id='word_1_676' title='bbox 2820 2648 2949 2703; x_wconf 88' lang='lat' dir='ltr'><strong>satis</strong></span> <span class='ocrx_word' id='word_1_677' title='bbox 2977 2663 3094 2705; x_wconf 89' lang='lat' dir='ltr'><strong>esse</strong></span> <span class='ocrx_word' id='word_1_678' title='bbox 3114 2648 3180 2704; x_wconf 89' lang='lat' dir='ltr'><strong>ad</strong></span> <span class='ocrx_word' id='word_1_679' title='bbox 3215 2649 3458 2718; x_wconf 87' lang='lat' dir='ltr'><strong>salutem,</strong></span> <span class='ocrx_word' id='word_1_680' title='bbox 3490 2651 3535 2705; x_wconf 92' lang='lat' dir='ltr'><strong>si</strong></span> <span class='ocrx_word' id='word_1_681' title='bbox 3566 2662 3839 2721; x_wconf 85' lang='lat' dir='ltr'><strong>postquam</strong></span> <span class='ocrx_word' id='word_1_682' title='bbox 3874 2652 3965 2705; x_wconf 88' lang='lat' dir='ltr'><strong>vi-</strong></span> 
     </span>
    </p>
   </div>
   <div class='ocr_carea' id='block_1_87' title="bbox 2378 2739 3964 2811">
    <p class='ocr_par' dir='ltr' id='par_1_87' title="bbox 2378 2739 3964 2811">
     <span class='ocr_line' id='line_1_87' title="bbox 2378 2739 3964 2811; baseline 0.003 -18"><span class='ocrx_word' id='word_1_683' title='bbox 2378 2739 2509 2793; x_wconf 93' lang='lat' dir='ltr'><strong>duas</strong></span> <span class='ocrx_word' id='word_1_684' title='bbox 2541 2748 2596 2794; x_wconf 91' lang='lat' dir='ltr'><strong>et</strong></span> <span class='ocrx_word' id='word_1_685' title='bbox 2618 2740 2845 2810; x_wconf 88' lang='lat' dir='ltr'><strong>pupillos</strong></span> <span class='ocrx_word' id='word_1_686' title='bbox 2883 2740 3320 2810; x_wconf 87' lang='lat' dir='ltr'><strong>exspoliavimus,</strong></span> <span class='ocrx_word' id='word_1_687' title='bbox 3362 2742 3609 2811; x_wconf 92' lang='lat' dir='ltr'><strong>poculum</strong></span> <span class='ocrx_word' id='word_1_688' title='bbox 3649 2757 3867 2796; x_wconf 86' lang='lat' dir='ltr'><strong>aureum</strong></span> <span class='ocrx_word' id='word_1_689' title='bbox 3905 2752 3964 2797; x_wconf 92' lang='lat' dir='ltr'><strong>et</strong></span> 
     </span>
    </p>
   </div>
   <div class='ocr_carea' id='block_1_88' title="bbox 2379 2829 3965 2900">
    <p class='ocr_par' dir='ltr' id='par_1_88' title="bbox 2379 2829 3965 2900">
     <span class='ocr_line' id='line_1_88' title="bbox 2379 2829 3965 2900; baseline 0.003 -16"><span class='ocrx_word' id='word_1_690' title='bbox 2379 2829 2602 2900; x_wconf 89' lang='lat' dir='ltr'><strong>gemmis</strong></span> <span class='ocrx_word' id='word_1_691' title='bbox 2641 2837 2885 2884; x_wconf 90' lang='lat' dir='ltr'><strong>ornatum</strong></span> <span class='ocrx_word' id='word_1_692' title='bbox 2914 2846 3112 2886; x_wconf 66' lang='lat' dir='ltr'><strong>mensae</strong></span> <span class='ocrx_word' id='word_1_693' title='bbox 3157 2831 3459 2887; x_wconf 74' lang='lat' dir='ltr'><strong>oli‘eratnus.</strong></span> <span class='ocrx_word' id='word_1_694' title='bbox 3491 2831 3622 2886; x_wconf 80' lang='lat' dir='ltr'><strong>Nam</strong></span> <span class='ocrx_word' id='word_1_695' title='bbox 3665 2831 3708 2887; x_wconf 88' lang='lat' dir='ltr'><strong>si</strong></span> <span class='ocrx_word' id='word_1_696' title='bbox 3737 2832 3814 2886; x_wconf 91' lang='lat' dir='ltr'><strong>vis</strong></span> <span class='ocrx_word' id='word_1_697' title='bbox 3854 2830 3965 2888; x_wconf 82' lang='lat' dir='ltr'><strong>hoc</strong></span> 
     </span>
    </p>
   </div>
   <div class='ocr_carea' id='block_1_89' title="bbox 2380 2905 3964 2992">
    <p class='ocr_par' dir='ltr' id='par_1_89' title="bbox 2380 2905 3964 2992">
     <span class='ocr_line' id='line_1_89' title="bbox 2380 2905 3964 2992; baseline 0.003 -18"><span class='ocrx_word' id='word_1_698' title='bbox 2380 2905 2698 2974; x_wconf 76' lang='lat' dir='ltr'><strong>sacriﬁcium</strong></span> <span class='ocrx_word' id='word_1_699' title='bbox 2724 2920 3007 2986; x_wconf 88' lang='lat' dir='ltr'><strong>honorare,</strong></span> <span class='ocrx_word' id='word_1_700' title='bbox 3054 2922 3282 2982; x_wconf 85' lang='lat' dir='ltr'><strong>animam</strong></span> <span class='ocrx_word' id='word_1_701' title='bbox 3329 2922 3481 2989; x_wconf 88' lang='lat' dir='ltr'><strong>oﬁ&#39;er,</strong></span> <span class='ocrx_word' id='word_1_702' title='bbox 3511 2922 3581 2978; x_wconf 91' lang='lat' dir='ltr'><strong>ob</strong></span> <span class='ocrx_word' id='word_1_703' title='bbox 3624 2938 3780 2992; x_wconf 90' lang='lat' dir='ltr'><strong>quam</strong></span> <span class='ocrx_word' id='word_1_704' title='bbox 3806 2920 3964 2978; x_wconf 88' lang='lat' dir='ltr'><strong>Chri-</strong></span> 
     </span>
    </p>
   </div>
   <div class='ocr_carea' id='block_1_90' title="bbox 2381 3010 3963 3083">
    <p class='ocr_par' dir='ltr' id='par_1_90' title="bbox 2381 3010 3963 3083">
     <span class='ocr_line' id='line_1_90' title="bbox 2381 3010 3963 3083; baseline 0.001 -19"><span class='ocrx_word' id='word_1_705' title='bbox 2381 3021 2492 3064; x_wconf 89' lang='lat' dir='ltr'><strong>stus</strong></span> <span class='ocrx_word' id='word_1_706' title='bbox 2517 3010 2818 3066; x_wconf 87' lang='lat' dir='ltr'><strong>immolatus</strong></span> <span class='ocrx_word' id='word_1_707' title='bbox 2844 3019 2925 3066; x_wconf 90' lang='lat' dir='ltr'><strong>est</strong></span> <span class='ocrx_word' id='word_1_708' title='bbox 2954 3028 2967 3064; x_wconf 91' lang='lat'>:</span> <span class='ocrx_word' id='word_1_709' title='bbox 2997 3011 3134 3066; x_wconf 89' lang='lat' dir='ltr'><strong>hanc</strong></span> <span class='ocrx_word' id='word_1_710' title='bbox 3155 3011 3314 3067; x_wconf 80' lang='lat' dir='ltr'><strong>facito</strong></span> <span class='ocrx_word' id='word_1_711' title='bbox 3340 3027 3552 3068; x_wconf 86' lang='lat' dir='ltr'><strong>auream</strong></span> <span class='ocrx_word' id='word_1_712' title='bbox 3587 3030 3600 3066; x_wconf 92' lang='lat'><strong>:</strong></span> <span class='ocrx_word' id='word_1_713' title='bbox 3629 3013 3674 3067; x_wconf 82' lang='lat' dir='ltr'><strong>si</strong></span> <span class='ocrx_word' id='word_1_714' title='bbox 3695 3027 3824 3067; x_wconf 87' lang='lat' dir='ltr'><strong>vero</strong></span> <span class='ocrx_word' id='word_1_715' title='bbox 3844 3012 3963 3083; x_wconf 82' lang='lat' dir='ltr'><strong>ipsa</strong></span> 
     </span>
    </p>
   </div>
   <div class='ocr_carea' id='block_1_91' title="bbox 2381 3101 3964 3176">
    <p class='ocr_par' dir='ltr' id='par_1_91' title="bbox 2381 3101 3964 3176">
     <span class='ocr_line' id='line_1_91' title="bbox 2381 3101 3964 3176; baseline -0.001 -17"><span class='ocrx_word' id='word_1_716' title='bbox 2381 3104 2449 3159; x_wconf 89' lang='lat' dir='ltr'><strong>sit</strong></span> <span class='ocrx_word' id='word_1_717' title='bbox 2476 3102 2689 3172; x_wconf 91' lang='lat' dir='ltr'><strong>plumbo</strong></span> <span class='ocrx_word' id='word_1_718' title='bbox 2716 3112 2771 3158; x_wconf 89' lang='lat' dir='ltr'><strong>et</strong></span> <span class='ocrx_word' id='word_1_719' title='bbox 2799 3111 2931 3158; x_wconf 87' lang='lat' dir='ltr'><strong>testa</strong></span> <span class='ocrx_word' id='word_1_720' title='bbox 2956 3101 3207 3176; x_wconf 83' lang='lat' dir='ltr'><strong>deterior,</strong></span> <span class='ocrx_word' id='word_1_721' title='bbox 3252 3119 3345 3158; x_wconf 88' lang='lat' dir='ltr'><strong>vas</strong></span> <span class='ocrx_word' id='word_1_722' title='bbox 3388 3113 3566 3158; x_wconf 90' lang='lat' dir='ltr'><strong>autem</strong></span> <span class='ocrx_word' id='word_1_723' title='bbox 3607 3119 3826 3158; x_wconf 89' lang='lat' dir='ltr'><strong>aureum</strong></span> <span class='ocrx_word' id='word_1_724' title='bbox 3864 3105 3964 3169; x_wconf 88' lang='lat' dir='ltr'><strong>sit,</strong></span> 
     </span>
    </p>
   </div>
   <div class='ocr_carea' id='block_1_92' title="bbox 2381 3193 3963 3265">
    <p class='ocr_par' dir='ltr' id='par_1_92' title="bbox 2381 3193 3963 3265">
     <span class='ocr_line' id='line_1_92' title="bbox 2381 3193 3963 3265; baseline 0.002 -20"><span class='ocrx_word' id='word_1_725' title='bbox 2381 3193 2506 3262; x_wconf 90' lang='lat' dir='ltr'><strong>quid</strong></span> <span class='ocrx_word' id='word_1_726' title='bbox 2527 3193 2651 3249; x_wconf 87' lang='lat' dir='ltr'><strong>inde</strong></span> <span class='ocrx_word' id='word_1_727' title='bbox 2677 3193 2807 3248; x_wconf 91' lang='lat' dir='ltr'><strong>lucri</strong></span> <span class='ocrx_word' id='word_1_728' title='bbox 2832 3194 2855 3248; x_wconf 68' lang='grc' dir='ltr'><strong><em>τ</em></strong></span> <span class='ocrx_word' id='word_1_729' title='bbox 2879 3193 2956 3248; x_wconf 86' lang='lat' dir='ltr'><strong>Ne</strong></span> <span class='ocrx_word' id='word_1_730' title='bbox 2986 3194 3146 3265; x_wconf 91' lang='lat' dir='ltr'><strong>igitur</strong></span> <span class='ocrx_word' id='word_1_731' title='bbox 3174 3195 3275 3250; x_wconf 91' lang='lat' dir='ltr'><strong>hoc</strong></span> <span class='ocrx_word' id='word_1_732' title='bbox 3297 3209 3547 3251; x_wconf 86' lang='lat' dir='ltr'><strong>curemus</strong></span> <span class='ocrx_word' id='word_1_733' title='bbox 3574 3195 3743 3250; x_wconf 89' lang='lat' dir='ltr'><strong>solum</strong></span> <span class='ocrx_word' id='word_1_734' title='bbox 3775 3205 3830 3248; x_wconf 94' lang='lat' dir='ltr'><strong>ut</strong></span> <span class='ocrx_word' id='word_1_735' title='bbox 3856 3210 3963 3248; x_wconf 88' lang='lat' dir='ltr'><strong>au-</strong></span> 
     </span>
    </p>
   </div>
   <div class='ocr_carea' id='block_1_93' title="bbox 2383 3285 3967 3356">
    <p class='ocr_par' dir='ltr' id='par_1_93' title="bbox 2383 3285 3967 3356">
     <span class='ocr_line' id='line_1_93' title="bbox 2383 3285 3967 3356; baseline 0.001 -16"><span class='ocrx_word' id='word_1_736' title='bbox 2383 3300 2473 3340; x_wconf 90' lang='lat' dir='ltr'><strong>rea</strong></span> <span class='ocrx_word' id='word_1_737' title='bbox 2505 3299 2626 3340; x_wconf 89' lang='lat' dir='ltr'><strong>vasa</strong></span> <span class='ocrx_word' id='word_1_738' title='bbox 2665 3285 2970 3348; x_wconf 64' lang='lat' dir='ltr'><strong>oneramus,</strong></span> <span class='ocrx_word' id='word_1_739' title='bbox 3014 3288 3107 3342; x_wconf 85' lang='lat' dir='ltr'><strong>sed</strong></span> <span class='ocrx_word' id='word_1_740' title='bbox 3135 3297 3192 3342; x_wconf 92' lang='lat' dir='ltr'><strong>ut</strong></span> <span class='ocrx_word' id='word_1_741' title='bbox 3214 3302 3280 3342; x_wconf 85' lang='lat' dir='ltr'><strong>ex</strong></span> <span class='ocrx_word' id='word_1_742' title='bbox 3317 3287 3476 3356; x_wconf 89' lang='lat' dir='ltr'><strong>justis</strong></span> <span class='ocrx_word' id='word_1_743' title='bbox 3503 3287 3787 3341; x_wconf 89' lang='lat' dir='ltr'><strong>laboribus.</strong></span> <span class='ocrx_word' id='word_1_744' title='bbox 3834 3286 3967 3342; x_wconf 73' lang='grc' dir='ltr'><strong>Ιιςιιο</strong></span> 
     </span>
    </p>
   </div>
   <div class='ocr_carea' id='block_1_94' title="bbox 2383 3375 3968 3447">
    <p class='ocr_par' dir='ltr' id='par_1_94' title="bbox 2383 3375 3968 3447">
     <span class='ocr_line' id='line_1_94' title="bbox 2383 3375 3968 3447; baseline 0.003 -19"><span class='ocrx_word' id='word_1_745' title='bbox 2383 3375 2582 3446; x_wconf 86' lang='lat' dir='ltr'><strong>quippe</strong></span> <span class='ocrx_word' id='word_1_746' title='bbox 2610 3386 2734 3432; x_wconf 87' lang='lat' dir='ltr'><strong>sunt</strong></span> <span class='ocrx_word' id='word_1_747' title='bbox 2760 3391 2891 3431; x_wconf 88' lang='lat' dir='ltr'><strong>auro</strong></span> <span class='ocrx_word' id='word_1_748' title='bbox 2911 3377 3249 3446; x_wconf 87' lang='lat' dir='ltr'><strong>pretiosiora,</strong></span> <span class='ocrx_word' id='word_1_749' title='bbox 3280 3393 3399 3447; x_wconf 66' lang='lat' dir='ltr'><strong>quae</strong></span> <span class='ocrx_word' id='word_1_750' title='bbox 3437 3392 3544 3432; x_wconf 91' lang='lat' dir='ltr'><strong>non</strong></span> <span class='ocrx_word' id='word_1_751' title='bbox 3571 3393 3636 3432; x_wconf 89' lang='lat' dir='ltr'><strong>ex</strong></span> <span class='ocrx_word' id='word_1_752' title='bbox 3663 3377 3878 3431; x_wconf 85' lang='lat' dir='ltr'><strong>avaritia</strong></span> <span class='ocrx_word' id='word_1_753' title='bbox 3908 3387 3968 3432; x_wconf 91' lang='lat' dir='ltr'><strong>et</strong></span> 
     </span>
    </p>
   </div>
   <div class='ocr_carea' id='block_1_95' title="bbox 2387 3467 3969 3540">
    <p class='ocr_par' dir='ltr' id='par_1_95' title="bbox 2387 3467 3969 3540">
     <span class='ocr_line' id='line_1_95' title="bbox 2387 3467 3969 3540; baseline 0.001 -18"><span class='ocrx_word' id='word_1_754' title='bbox 2387 3467 2571 3537; x_wconf 88' lang='lat' dir='ltr'><strong>rapina</strong></span> <span class='ocrx_word' id='word_1_755' title='bbox 2612 3478 2757 3538; x_wconf 87' lang='lat' dir='ltr'><strong>parta</strong></span> <span class='ocrx_word' id='word_1_756' title='bbox 2807 3479 2949 3523; x_wconf 90' lang='lat' dir='ltr'><strong>sunt.</strong></span> <span class='ocrx_word' id='word_1_757' title='bbox 2991 3468 3174 3539; x_wconf 87' lang='lat' dir='ltr'><strong>Neque</strong></span> <span class='ocrx_word' id='word_1_758' title='bbox 3199 3470 3340 3524; x_wconf 92' lang='lat' dir='ltr'><strong>enim</strong></span> <span class='ocrx_word' id='word_1_759' title='bbox 3366 3470 3586 3524; x_wconf 76' lang='lat' dir='ltr'><strong>aurivel</strong></span> <span class='ocrx_word' id='word_1_760' title='bbox 3613 3470 3816 3540; x_wconf 88' lang='lat' dir='ltr'><strong>argenti</strong></span> <span class='ocrx_word' id='word_1_761' title='bbox 3842 3469 3969 3524; x_wconf 81' lang='lat' dir='ltr'><strong>ofﬁ-</strong></span> 
     </span>
    </p>
   </div>
   <div class='ocr_carea' id='block_1_96' title="bbox 2384 3562 3965 3634">
    <p class='ocr_par' dir='ltr' id='par_1_96' title="bbox 2384 3562 3965 3634">
     <span class='ocr_line' id='line_1_96' title="bbox 2384 3562 3965 3634; baseline 0.004 -19"><span class='ocrx_word' id='word_1_762' title='bbox 2384 3562 2501 3616; x_wconf 88' lang='lat' dir='ltr'><strong>cina</strong></span> <span class='ocrx_word' id='word_1_763' title='bbox 2527 3571 2611 3617; x_wconf 88' lang='lat' dir='ltr'><strong>est</strong></span> <span class='ocrx_word' id='word_1_764' title='bbox 2643 3563 2894 3630; x_wconf 83' lang='lat' dir='ltr'><strong>ecclesia,</strong></span> <span class='ocrx_word' id='word_1_765' title='bbox 2937 3563 3032 3619; x_wconf 91' lang='lat' dir='ltr'><strong>sed</strong></span> <span class='ocrx_word' id='word_1_766' title='bbox 3079 3564 3388 3634; x_wconf 89' lang='lat' dir='ltr'><strong>angelorum</strong></span> <span class='ocrx_word' id='word_1_767' title='bbox 3435 3564 3717 3620; x_wconf 85' lang='lat' dir='ltr'><strong>celebritas</strong></span> <span class='ocrx_word' id='word_1_768' title='bbox 3748 3577 3765 3621; x_wconf 89' lang='lat'><strong>:</strong></span> <span class='ocrx_word' id='word_1_769' title='bbox 3793 3580 3965 3633; x_wconf 87' lang='lat' dir='ltr'><strong>quare</strong></span> 
     </span>
    </p>
   </div>
   <div class='ocr_carea' id='block_1_97' title="bbox 2385 3655 3966 3729">
    <p class='ocr_par' dir='ltr' id='par_1_97' title="bbox 2385 3655 3966 3729">
     <span class='ocr_line' id='line_1_97' title="bbox 2385 3655 3966 3729; baseline 0.003 -20"><span class='ocrx_word' id='word_1_770' title='bbox 2385 3655 2663 3710; x_wconf 85' lang='lat' dir='ltr'><strong>animabus</strong></span> <span class='ocrx_word' id='word_1_771' title='bbox 2683 3655 2836 3711; x_wconf 89' lang='lat' dir='ltr'><strong>nobis</strong></span> <span class='ocrx_word' id='word_1_772' title='bbox 2861 3664 2943 3711; x_wconf 85' lang='lat' dir='ltr'><strong>est</strong></span> <span class='ocrx_word' id='word_1_773' title='bbox 2966 3670 3100 3725; x_wconf 91' lang='lat' dir='ltr'><strong>opus</strong></span> <span class='ocrx_word' id='word_1_774' title='bbox 3127 3676 3142 3713; x_wconf 79' lang='lat'><strong>;</strong></span> <span class='ocrx_word' id='word_1_775' title='bbox 3167 3672 3287 3710; x_wconf 89' lang='lat' dir='ltr'><strong>nam</strong></span> <span class='ocrx_word' id='word_1_776' title='bbox 3310 3656 3424 3711; x_wconf 72' lang='lat' dir='ltr'><strong>haec</strong></span> <span class='ocrx_word' id='word_1_777' title='bbox 3447 3672 3569 3713; x_wconf 90' lang='lat' dir='ltr'><strong>vasa</strong></span> <span class='ocrx_word' id='word_1_778' title='bbox 3599 3668 3814 3729; x_wconf 88' lang='lat' dir='ltr'><strong>propter</strong></span> <span class='ocrx_word' id='word_1_779' title='bbox 3841 3661 3966 3713; x_wconf 84' lang='lat' dir='ltr'><strong>ani-</strong></span> 
     </span>
    </p>
   </div>
   <div class='ocr_carea' id='block_1_98' title="bbox 2389 3746 3966 3819">
    <p class='ocr_par' dir='ltr' id='par_1_98' title="bbox 2389 3746 3966 3819">
     <span class='ocr_line' id='line_1_98' title="bbox 2389 3746 3966 3819; baseline 0.003 -20"><span class='ocrx_word' id='word_1_780' title='bbox 2389 3761 2501 3800; x_wconf 87' lang='lat' dir='ltr'><strong>mas</strong></span> <span class='ocrx_word' id='word_1_781' title='bbox 2538 3746 2767 3802; x_wconf 90' lang='lat' dir='ltr'><strong>admittit</strong></span> <span class='ocrx_word' id='word_1_782' title='bbox 2815 3747 2970 3802; x_wconf 92' lang='lat' dir='ltr'><strong>Deus.</strong></span> <span class='ocrx_word' id='word_1_783' title='bbox 3013 3746 3128 3802; x_wconf 83' lang='lat' dir='ltr'><strong>Non</strong></span> <span class='ocrx_word' id='word_1_784' title='bbox 3182 3758 3296 3803; x_wconf 88' lang='lat' dir='ltr'><strong>erat</strong></span> <span class='ocrx_word' id='word_1_785' title='bbox 3332 3758 3582 3819; x_wconf 87' lang='lat' dir='ltr'><strong>argentea</strong></span> <span class='ocrx_word' id='word_1_786' title='bbox 3619 3763 3803 3805; x_wconf 87' lang='lat' dir='ltr'><strong>mensa</strong></span> <span class='ocrx_word' id='word_1_787' title='bbox 3849 3749 3966 3814; x_wconf 91' lang='lat' dir='ltr'><strong>illa,</strong></span> 
     </span>
    </p>
   </div>
   <div class='ocr_carea' id='block_1_99' title="bbox 2387 3839 3971 3910">
    <p class='ocr_par' dir='ltr' id='par_1_99' title="bbox 2387 3839 3971 3910">
     <span class='ocr_line' id='line_1_99' title="bbox 2387 3839 3971 3910; baseline 0.003 -19"><span class='ocrx_word' id='word_1_788' title='bbox 2387 3852 2487 3892; x_wconf 91' lang='lat' dir='ltr'><strong>nec</strong></span> <span class='ocrx_word' id='word_1_789' title='bbox 2526 3853 2719 3893; x_wconf 87' lang='lat' dir='ltr'><strong>aureus</strong></span> <span class='ocrx_word' id='word_1_790' title='bbox 2759 3839 2892 3894; x_wconf 87' lang='lat' dir='ltr'><strong>calix</strong></span> <span class='ocrx_word' id='word_1_791' title='bbox 2926 3839 2977 3894; x_wconf 90' lang='lat' dir='ltr'><strong>in</strong></span> <span class='ocrx_word' id='word_1_792' title='bbox 3027 3853 3134 3910; x_wconf 89' lang='lat' dir='ltr'><strong>quo</strong></span> <span class='ocrx_word' id='word_1_793' title='bbox 3159 3839 3470 3909; x_wconf 87' lang='lat' dir='ltr'><strong>sanguinem</strong></span> <span class='ocrx_word' id='word_1_794' title='bbox 3510 3854 3664 3895; x_wconf 88' lang='lat' dir='ltr'><strong>suum</strong></span> <span class='ocrx_word' id='word_1_795' title='bbox 3690 3839 3971 3910; x_wconf 86' lang='lat' dir='ltr'><strong>discipulis</strong></span> 
     </span>
    </p>
   </div>
   <div class='ocr_carea' id='block_1_100' title="bbox 2386 3927 3969 4000">
    <p class='ocr_par' dir='ltr' id='par_1_100' title="bbox 2386 3927 3969 4000">
     <span class='ocr_line' id='line_1_100' title="bbox 2386 3927 3969 4000; baseline 0.001 -17"><span class='ocrx_word' id='word_1_796' title='bbox 2386 3927 2628 3983; x_wconf 87' lang='lat' dir='ltr'><strong>Christus</strong></span> <span class='ocrx_word' id='word_1_797' title='bbox 2648 3929 2793 3984; x_wconf 91' lang='lat' dir='ltr'><strong>dedit</strong></span> <span class='ocrx_word' id='word_1_798' title='bbox 2825 3949 2838 3985; x_wconf 89' lang='lat'><strong>:</strong></span> <span class='ocrx_word' id='word_1_799' title='bbox 2871 3929 2963 3986; x_wconf 91' lang='lat' dir='ltr'><strong>sed</strong></span> <span class='ocrx_word' id='word_1_800' title='bbox 2997 3937 3172 3986; x_wconf 91' lang='lat' dir='ltr'><strong>tamen</strong></span> <span class='ocrx_word' id='word_1_801' title='bbox 3213 3931 3391 3985; x_wconf 89' lang='lat' dir='ltr'><strong>omnia</strong></span> <span class='ocrx_word' id='word_1_802' title='bbox 3429 3931 3518 3986; x_wconf 91' lang='lat' dir='ltr'><strong>illa</strong></span> <span class='ocrx_word' id='word_1_803' title='bbox 3545 3932 3771 4000; x_wconf 87' lang='lat' dir='ltr'><strong>pretiosa</strong></span> <span class='ocrx_word' id='word_1_804' title='bbox 3810 3945 3969 3986; x_wconf 89' lang='lat' dir='ltr'><strong>erant</strong></span> 
     </span>
    </p>
   </div>
   <div class='ocr_carea' id='block_1_101' title="bbox 2387 4019 3973 4092">
    <p class='ocr_par' dir='ltr' id='par_1_101' title="bbox 2387 4019 3973 4092">
     <span class='ocr_line' id='line_1_101' title="bbox 2387 4019 3973 4092; baseline 0.001 -17"><span class='ocrx_word' id='word_1_805' title='bbox 2387 4029 2440 4075; x_wconf 91' lang='lat' dir='ltr'><strong>et</strong></span> <span class='ocrx_word' id='word_1_806' title='bbox 2462 4020 2752 4088; x_wconf 87' lang='lat' dir='ltr'><strong>tremenda,</strong></span> <span class='ocrx_word' id='word_1_807' title='bbox 2795 4021 2915 4092; x_wconf 90' lang='lat' dir='ltr'><strong>quia</strong></span> <span class='ocrx_word' id='word_1_808' title='bbox 2957 4023 3131 4075; x_wconf 88' lang='lat' dir='ltr'><strong>omnia</strong></span> <span class='ocrx_word' id='word_1_809' title='bbox 3197 4020 3394 4091; x_wconf 87' lang='lat' dir='ltr'><strong>Spiritu</strong></span> <span class='ocrx_word' id='word_1_810' title='bbox 3431 4022 3632 4092; x_wconf 89' lang='lat' dir='ltr'><strong>repleta</strong></span> <span class='ocrx_word' id='word_1_811' title='bbox 3673 4033 3842 4077; x_wconf 90' lang='lat' dir='ltr'><strong>erant.</strong></span> <span class='ocrx_word' id='word_1_812' title='bbox 3873 4019 3973 4077; x_wconf 76' lang='lat' dir='ltr'><strong>Vis</strong></span> 
     </span>
    </p>
   </div>
   <div class='ocr_carea' id='block_1_102' title="bbox 2389 4111 3972 4185">
    <p class='ocr_par' dir='ltr' id='par_1_102' title="bbox 2389 4111 3972 4185">
     <span class='ocr_line' id='line_1_102' title="bbox 2389 4111 3972 4185; baseline 0.002 -20"><span class='ocrx_word' id='word_1_813' title='bbox 2389 4126 2580 4180; x_wconf 92' lang='lat' dir='ltr'><strong>corpus</strong></span> <span class='ocrx_word' id='word_1_814' title='bbox 2611 4112 2803 4167; x_wconf 89' lang='lat' dir='ltr'><strong>Christi</strong></span> <span class='ocrx_word' id='word_1_815' title='bbox 2849 4111 3153 4168; x_wconf 76' lang='lat' dir='ltr'><strong>honorare?</strong></span> <span class='ocrx_word' id='word_1_816' title='bbox 3197 4112 3311 4167; x_wconf 78' lang='lat' dir='ltr'><strong>Non</strong></span> <span class='ocrx_word' id='word_1_817' title='bbox 3350 4111 3614 4184; x_wconf 79' lang='lat' dir='ltr'><strong>despicias</strong></span> <span class='ocrx_word' id='word_1_818' title='bbox 3652 4114 3823 4185; x_wconf 87' lang='lat' dir='ltr'><strong>ipsum</strong></span> <span class='ocrx_word' id='word_1_819' title='bbox 3864 4129 3972 4168; x_wconf 80' lang='lat' dir='ltr'><strong>nu-</strong></span> 
     </span>
    </p>
   </div>
   <div class='ocr_carea' id='block_1_103' title="bbox 2391 4202 3972 4271">
    <p class='ocr_par' dir='ltr' id='par_1_103' title="bbox 2391 4202 3972 4271">
     <span class='ocr_line' id='line_1_103' title="bbox 2391 4202 3972 4271; baseline 0.003 -15"><span class='ocrx_word' id='word_1_820' title='bbox 2391 4202 2518 4256; x_wconf 90' lang='lat' dir='ltr'><strong>dum</strong></span> <span class='ocrx_word' id='word_1_821' title='bbox 2549 4219 2562 4254; x_wconf 89' lang='lat'><strong>:</strong></span> <span class='ocrx_word' id='word_1_822' title='bbox 2592 4216 2761 4271; x_wconf 88' lang='lat' dir='ltr'><strong>neque</strong></span> <span class='ocrx_word' id='word_1_823' title='bbox 2789 4202 2877 4257; x_wconf 90' lang='lat' dir='ltr'><strong>hic</strong></span> <span class='ocrx_word' id='word_1_824' title='bbox 2903 4203 3087 4257; x_wconf 87' lang='lat' dir='ltr'><strong>sericis</strong></span> <span class='ocrx_word' id='word_1_825' title='bbox 3113 4203 3346 4258; x_wconf 84' lang='lat' dir='ltr'><strong>vestibus</strong></span> <span class='ocrx_word' id='word_1_826' title='bbox 3374 4202 3624 4268; x_wconf 89' lang='lat' dir='ltr'><strong>honores,</strong></span> <span class='ocrx_word' id='word_1_827' title='bbox 3649 4205 3774 4259; x_wconf 79' lang='lat' dir='ltr'><strong>loris</strong></span> <span class='ocrx_word' id='word_1_828' title='bbox 3788 4215 3972 4260; x_wconf 89' lang='lat' dir='ltr'><strong>autem</strong></span> 
     </span>
    </p>
   </div>
   <div class='ocr_carea' id='block_1_104' title="bbox 2393 4292 3976 4367">
    <p class='ocr_par' dir='ltr' id='par_1_104' title="bbox 2393 4292 3976 4367">
     <span class='ocr_line' id='line_1_104' title="bbox 2393 4292 3976 4367; baseline 0.004 -21"><span class='ocrx_word' id='word_1_829' title='bbox 2393 4292 2587 4364; x_wconf 78' lang='lat' dir='ltr'><strong>frigore</strong></span> <span class='ocrx_word' id='word_1_830' title='bbox 2631 4308 2692 4348; x_wconf 94' lang='lat' dir='ltr'><strong>ac</strong></span> <span class='ocrx_word' id='word_1_831' title='bbox 2739 4293 2974 4348; x_wconf 90' lang='lat' dir='ltr'><strong>nuditate</strong></span> <span class='ocrx_word' id='word_1_832' title='bbox 3019 4292 3273 4348; x_wconf 83' lang='lat' dir='ltr'><strong>amictum</strong></span> <span class='ocrx_word' id='word_1_833' title='bbox 3320 4296 3574 4366; x_wconf 88' lang='lat' dir='ltr'><strong>negligas.</strong></span> <span class='ocrx_word' id='word_1_834' title='bbox 3627 4296 3757 4351; x_wconf 82' lang='lat' dir='ltr'><strong>Nam</strong></span> <span class='ocrx_word' id='word_1_835' title='bbox 3791 4297 3835 4349; x_wconf 89' lang='lat' dir='ltr'><strong>is</strong></span> <span class='ocrx_word' id='word_1_836' title='bbox 3878 4299 3976 4367; x_wconf 83' lang='lat' dir='ltr'><strong>qui</strong></span> 
     </span>
    </p>
   </div>
   <div class='ocr_carea' id='block_1_105' title="bbox 2392 4383 3980 4458">
    <p class='ocr_par' dir='ltr' id='par_1_105' title="bbox 2392 4383 3980 4458">
     <span class='ocr_line' id='line_1_105' title="bbox 2392 4383 3980 4458; baseline 0.003 -17"><span class='ocrx_word' id='word_1_837' title='bbox 2392 4385 2543 4451; x_wconf 82' lang='lat' dir='ltr'><strong>dixit,</strong></span> <span class='ocrx_word' id='word_1_838' title='bbox 2567 4383 2681 4439; x_wconf 84' lang='lat' dir='ltr'><strong>Hoc</strong></span> <span class='ocrx_word' id='word_1_839' title='bbox 2708 4395 2779 4440; x_wconf 87' lang='lat' dir='ltr'><strong>est</strong></span> <span class='ocrx_word' id='word_1_840' title='bbox 2811 4402 2994 4455; x_wconf 85' lang='lat' dir='ltr'><strong>corpus</strong></span> <span class='ocrx_word' id='word_1_841' title='bbox 3021 4403 3188 4441; x_wconf 78' lang='lat' dir='ltr'><strong>meum</strong></span> <span class='ocrx_word' id='word_1_842' title='bbox 3215 4387 3428 4458; x_wconf 79' lang='lat' dir='ltr'><strong>(Matth.</strong></span> <span class='ocrx_word' id='word_1_843' title='bbox 3461 4389 3552 4444; x_wconf 74' lang='lat'><strong>26.</strong></span> <span class='ocrx_word' id='word_1_844' title='bbox 3580 4389 3697 4458; x_wconf 68' lang='lat'><strong>26),</strong></span> <span class='ocrx_word' id='word_1_845' title='bbox 3725 4400 3778 4444; x_wconf 89' lang='lat' dir='ltr'><strong>et</strong></span> <span class='ocrx_word' id='word_1_846' title='bbox 3805 4391 3980 4445; x_wconf 86' lang='lat' dir='ltr'><strong>verbo</strong></span> 
     </span>
    </p>
   </div>
   <div class='ocr_carea' id='block_1_106' title="bbox 2393 4477 3978 4548">
    <p class='ocr_par' dir='ltr' id='par_1_106' title="bbox 2393 4477 3978 4548">
     <span class='ocr_line' id='line_1_106' title="bbox 2393 4477 3978 4548; baseline 0.001 -14"><span class='ocrx_word' id='word_1_847' title='bbox 2393 4493 2505 4534; x_wconf 89' lang='lat' dir='ltr'><strong>rem</strong></span> <span class='ocrx_word' id='word_1_848' title='bbox 2534 4477 2780 4542; x_wconf 86' lang='lat' dir='ltr'><strong>ﬁrmavit,</strong></span> <span class='ocrx_word' id='word_1_849' title='bbox 2810 4477 2949 4533; x_wconf 90' lang='lat' dir='ltr'><strong>idem</strong></span> <span class='ocrx_word' id='word_1_850' title='bbox 2998 4478 3110 4548; x_wconf 88' lang='lat' dir='ltr'><strong>ipse</strong></span> <span class='ocrx_word' id='word_1_851' title='bbox 3148 4479 3322 4534; x_wconf 79' lang='lat' dir='ltr'><strong>dixit:</strong></span> <span class='ocrx_word' id='word_1_852' title='bbox 3354 4479 3673 4535; x_wconf 78' lang='lat' dir='ltr'><strong>Esurientem</strong></span> <span class='ocrx_word' id='word_1_853' title='bbox 3713 4496 3793 4536; x_wconf 84' lang='lat' dir='ltr'><strong>me</strong></span> <span class='ocrx_word' id='word_1_854' title='bbox 3834 4482 3978 4536; x_wconf 81' lang='lat' dir='ltr'><strong>uidi-</strong></span> 
     </span>
    </p>
   </div>
   <div class='ocr_carea' id='block_1_107' title="bbox 2393 4569 3978 4643">
    <p class='ocr_par' dir='ltr' id='par_1_107' title="bbox 2393 4569 3978 4643">
     <span class='ocr_line' id='line_1_107' title="bbox 2393 4569 3978 4643; baseline 0.003 -20"><span class='ocrx_word' id='word_1_855' title='bbox 2393 4569 2502 4636; x_wconf 88' lang='lat' dir='ltr'><strong>stis,</strong></span> <span class='ocrx_word' id='word_1_856' title='bbox 2533 4578 2576 4622; x_wconf 85' lang='lat' dir='ltr'><strong>et</strong></span> <span class='ocrx_word' id='word_1_857' title='bbox 2601 4584 2700 4622; x_wconf 84' lang='lat' dir='ltr'><strong>not.</strong></span> <span class='ocrx_word' id='word_1_858' title='bbox 2727 4569 3002 4623; x_wconf 76' lang='lat' dir='ltr'><strong>nutriuistis</strong></span> <span class='ocrx_word' id='word_1_859' title='bbox 3024 4585 3041 4634; x_wconf 87' lang='lat'><strong>;</strong></span> <span class='ocrx_word' id='word_1_860' title='bbox 3067 4577 3140 4636; x_wconf 90' lang='lat' dir='ltr'><strong>et,</strong></span> <span class='ocrx_word' id='word_1_861' title='bbox 3172 4569 3238 4625; x_wconf 85' lang='lat' dir='ltr'><strong>In</strong></span> <span class='ocrx_word' id='word_1_862' title='bbox 3266 4582 3509 4640; x_wconf 83' lang='lat' dir='ltr'><strong>quantum</strong></span> <span class='ocrx_word' id='word_1_863' title='bbox 3538 4589 3638 4626; x_wconf 83' lang='lat' dir='ltr'><strong>non</strong></span> <span class='ocrx_word' id='word_1_864' title='bbox 3666 4574 3851 4643; x_wconf 73' lang='lat' dir='ltr'><strong>fecistis</strong></span> <span class='ocrx_word' id='word_1_865' title='bbox 3882 4576 3978 4630; x_wconf 79' lang='lat' dir='ltr'><strong>stiti</strong></span> 
     </span>
    </p>
   </div>
   <div class='ocr_carea' id='block_1_108' title="bbox 2395 4659 3977 4734">
    <p class='ocr_par' dir='ltr' id='par_1_108' title="bbox 2395 4659 3977 4734">
     <span class='ocr_line' id='line_1_108' title="bbox 2395 4659 3977 4734; baseline 0.005 -23"><span class='ocrx_word' id='word_1_866' title='bbox 2395 4662 2570 4712; x_wconf 82' lang='lat' dir='ltr'><strong>horum</strong></span> <span class='ocrx_word' id='word_1_867' title='bbox 2608 4659 2949 4725; x_wconf 74' lang='lat' dir='ltr'><strong>minimarum,</strong></span> <span class='ocrx_word' id='word_1_868' title='bbox 2995 4675 3084 4712; x_wconf 87' lang='lat' dir='ltr'><strong>nec</strong></span> <span class='ocrx_word' id='word_1_869' title='bbox 3113 4660 3236 4714; x_wconf 77' lang='lat' dir='ltr'><strong>milii</strong></span> <span class='ocrx_word' id='word_1_870' title='bbox 3273 4662 3465 4732; x_wconf 77' lang='lat' dir='ltr'><strong>fecistis</strong></span> <span class='ocrx_word' id='word_1_871' title='bbox 3509 4660 3717 4734; x_wconf 74' lang='lat' dir='ltr'><strong>(Matth.</strong></span> <span class='ocrx_word' id='word_1_872' title='bbox 3748 4661 3837 4719; x_wconf 71' lang='grc'><strong>25.</strong></span> <span class='ocrx_word' id='word_1_873' title='bbox 3876 4663 3977 4719; x_wconf 76' lang='grc'><strong>42.</strong></span> 
     </span>
    </p>
   </div>
   <div class='ocr_carea' id='block_1_109' title="bbox 2393 4752 3983 4827">
    <p class='ocr_par' dir='ltr' id='par_1_109' title="bbox 2393 4752 3983 4827">
     <span class='ocr_line' id='line_1_109' title="bbox 2393 4752 3983 4827; baseline 0.003 -19"><span class='ocrx_word' id='word_1_874' title='bbox 2393 4752 2508 4823; x_wconf 73' lang='grc'><strong>45).</strong></span> <span class='ocrx_word' id='word_1_875' title='bbox 2547 4752 2660 4808; x_wconf 82' lang='lat' dir='ltr'><strong>Hoc</strong></span> <span class='ocrx_word' id='word_1_876' title='bbox 2712 4765 2857 4807; x_wconf 89' lang='lat' dir='ltr'><strong>certe</strong></span> <span class='ocrx_word' id='word_1_877' title='bbox 2906 4767 3010 4808; x_wconf 91' lang='lat' dir='ltr'><strong>non</strong></span> <span class='ocrx_word' id='word_1_878' title='bbox 3043 4767 3176 4823; x_wconf 88' lang='lat' dir='ltr'><strong>opus</strong></span> <span class='ocrx_word' id='word_1_879' title='bbox 3227 4755 3385 4809; x_wconf 87' lang='lat' dir='ltr'><strong>habet</strong></span> <span class='ocrx_word' id='word_1_880' title='bbox 3430 4756 3647 4823; x_wconf 87' lang='lat' dir='ltr'><strong>amictu,</strong></span> <span class='ocrx_word' id='word_1_881' title='bbox 3699 4755 3794 4811; x_wconf 88' lang='lat' dir='ltr'><strong>sed</strong></span> <span class='ocrx_word' id='word_1_882' title='bbox 3839 4772 3983 4827; x_wconf 89' lang='lat' dir='ltr'><strong>puro</strong></span> 
     </span>
    </p>
   </div>
   <div class='ocr_carea' id='block_1_110' title="bbox 2395 4843 3987 4916">
    <p class='ocr_par' dir='ltr' id='par_1_110' title="bbox 2395 4843 3987 4916">
     <span class='ocr_line' id='line_1_110' title="bbox 2395 4843 3987 4916; baseline 0.004 -18"><span class='ocrx_word' id='word_1_883' title='bbox 2395 4845 2603 4910; x_wconf 89' lang='lat' dir='ltr'><strong>animo;</strong></span> <span class='ocrx_word' id='word_1_884' title='bbox 2629 4843 2756 4898; x_wconf 90' lang='lat' dir='ltr'><strong>illud</strong></span> <span class='ocrx_word' id='word_1_885' title='bbox 2775 4853 2952 4900; x_wconf 89' lang='lat' dir='ltr'><strong>autem</strong></span> <span class='ocrx_word' id='word_1_886' title='bbox 2973 4859 3160 4914; x_wconf 84' lang='lat' dir='ltr'><strong>magna</strong></span> <span class='ocrx_word' id='word_1_887' title='bbox 3185 4860 3318 4916; x_wconf 79' lang='lat' dir='ltr'><strong>Opus</strong></span> <span class='ocrx_word' id='word_1_888' title='bbox 3340 4844 3499 4901; x_wconf 89' lang='lat' dir='ltr'><strong>habet</strong></span> <span class='ocrx_word' id='word_1_889' title='bbox 3524 4861 3676 4901; x_wconf 72' lang='lat' dir='ltr'><strong>cura:</strong></span> <span class='ocrx_word' id='word_1_890' title='bbox 3695 4848 3987 4905; x_wconf 86' lang='lat' dir='ltr'><strong>Discamus</strong></span> 
     </span>
    </p>
   </div>
   <div class='ocr_carea' id='block_1_111' title="bbox 2396 4936 3986 5012">
    <p class='ocr_par' dir='ltr' id='par_1_111' title="bbox 2396 4936 3986 5012">
     <span class='ocr_line' id='line_1_111' title="bbox 2396 4936 3986 5012; baseline 0.003 -20"><span class='ocrx_word' id='word_1_891' title='bbox 2396 4937 2572 5008; x_wconf 83' lang='lat' dir='ltr'><strong>itaque</strong></span> <span class='ocrx_word' id='word_1_892' title='bbox 2613 4936 2993 5010; x_wconf 84' lang='lat' dir='ltr'><strong>philosOphari,</strong></span> <span class='ocrx_word' id='word_1_893' title='bbox 3044 4949 3096 4993; x_wconf 89' lang='lat' dir='ltr'><strong>et</strong></span> <span class='ocrx_word' id='word_1_894' title='bbox 3138 4936 3406 4994; x_wconf 90' lang='lat' dir='ltr'><strong>Christum</strong></span> <span class='ocrx_word' id='word_1_895' title='bbox 3448 4938 3714 4996; x_wconf 82' lang='lat' dir='ltr'><strong>honorare</strong></span> <span class='ocrx_word' id='word_1_896' title='bbox 3762 4950 3820 4996; x_wconf 90' lang='lat' dir='ltr'><strong>ut</strong></span> <span class='ocrx_word' id='word_1_897' title='bbox 3857 4941 3986 5012; x_wconf 77' lang='lat' dir='ltr'><strong>ipse</strong></span> 
     </span>
    </p>
   </div>
   <div class='ocr_carea' id='block_1_112' title="bbox 2396 5028 3982 5101">
    <p class='ocr_par' dir='ltr' id='par_1_112' title="bbox 2396 5028 3982 5101">
     <span class='ocr_line' id='line_1_112' title="bbox 2396 5028 3982 5101; baseline 0.004 -18"><span class='ocrx_word' id='word_1_898' title='bbox 2396 5028 2510 5084; x_wconf 84' lang='lat' dir='ltr'><strong>vult</strong></span> <span class='ocrx_word' id='word_1_899' title='bbox 2539 5044 2555 5084; x_wconf 84' lang='lat'><strong>:</strong></span> <span class='ocrx_word' id='word_1_900' title='bbox 2585 5044 2707 5093; x_wconf 78' lang='lat' dir='ltr'><strong>nam</strong></span> <span class='ocrx_word' id='word_1_901' title='bbox 2733 5029 2803 5096; x_wconf 89' lang='lat' dir='ltr'><strong>ei,</strong></span> <span class='ocrx_word' id='word_1_902' title='bbox 2831 5030 2921 5101; x_wconf 88' lang='lat' dir='ltr'><strong>qui</strong></span> <span class='ocrx_word' id='word_1_903' title='bbox 2948 5028 3255 5098; x_wconf 89' lang='lat' dir='ltr'><strong>honoratur,</strong></span> <span class='ocrx_word' id='word_1_904' title='bbox 3290 5029 3461 5085; x_wconf 91' lang='lat' dir='ltr'><strong>honor</strong></span> <span class='ocrx_word' id='word_1_905' title='bbox 3487 5030 3577 5087; x_wconf 93' lang='lat' dir='ltr'><strong>ille</strong></span> <span class='ocrx_word' id='word_1_906' title='bbox 3604 5033 3982 5100; x_wconf 83' lang='lat' dir='ltr'><strong>suavissimus,</strong></span> 
     </span>
    </p>
   </div>
   <div class='ocr_carea' id='block_1_113' title="bbox 2395 5121 3984 5194">
    <p class='ocr_par' dir='ltr' id='par_1_113' title="bbox 2395 5121 3984 5194">
     <span class='ocr_line' id='line_1_113' title="bbox 2395 5121 3984 5194; baseline 0.004 -20"><span class='ocrx_word' id='word_1_907' title='bbox 2395 5136 2554 5191; x_wconf 90' lang='lat' dir='ltr'><strong>quem</strong></span> <span class='ocrx_word' id='word_1_908' title='bbox 2587 5121 2699 5190; x_wconf 86' lang='lat' dir='ltr'><strong>ipse</strong></span> <span class='ocrx_word' id='word_1_909' title='bbox 2727 5130 2904 5190; x_wconf 70' lang='lat' dir='ltr'><strong>optat,</strong></span> <span class='ocrx_word' id='word_1_910' title='bbox 2935 5137 3038 5176; x_wconf 91' lang='lat' dir='ltr'><strong>non</strong></span> <span class='ocrx_word' id='word_1_911' title='bbox 3070 5136 3228 5194; x_wconf 87' lang='lat' dir='ltr'><strong>quem</strong></span> <span class='ocrx_word' id='word_1_912' title='bbox 3260 5135 3358 5176; x_wconf 88' lang='lat' dir='ltr'><strong>nos</strong></span> <span class='ocrx_word' id='word_1_913' title='bbox 3396 5131 3663 5193; x_wconf 87' lang='lat' dir='ltr'><strong>putamus.</strong></span> <span class='ocrx_word' id='word_1_914' title='bbox 3702 5122 3984 5194; x_wconf 84' lang='lat' dir='ltr'><strong>Siquidem</strong></span> 
     </span>
    </p>
   </div>
   <div class='ocr_carea' id='block_1_114' title="bbox 2397 5213 3989 5284">
    <p class='ocr_par' dir='ltr' id='par_1_114' title="bbox 2397 5213 3989 5284">
     <span class='ocr_line' id='line_1_114' title="bbox 2397 5213 3989 5284; baseline 0.004 -16"><span class='ocrx_word' id='word_1_915' title='bbox 2397 5213 2586 5268; x_wconf 90' lang='lat' dir='ltr'><strong>Petrus</strong></span> <span class='ocrx_word' id='word_1_916' title='bbox 2615 5228 2672 5268; x_wconf 87' lang='lat' dir='ltr'><strong>se</strong></span> <span class='ocrx_word' id='word_1_917' title='bbox 2700 5213 2846 5267; x_wconf 90' lang='lat' dir='ltr'><strong>illum</strong></span> <span class='ocrx_word' id='word_1_918' title='bbox 2882 5215 3141 5268; x_wconf 87' lang='lat' dir='ltr'><strong>honorare</strong></span> <span class='ocrx_word' id='word_1_919' title='bbox 3175 5215 3412 5284; x_wconf 89' lang='lat' dir='ltr'><strong>putabat,</strong></span> <span class='ocrx_word' id='word_1_920' title='bbox 3440 5229 3558 5270; x_wconf 90' lang='lat' dir='ltr'><strong>cum</strong></span> <span class='ocrx_word' id='word_1_921' title='bbox 3596 5215 3866 5272; x_wconf 78' lang='lat' dir='ltr'><strong>cohiberet</strong></span> <span class='ocrx_word' id='word_1_922' title='bbox 3911 5233 3989 5274; x_wconf 86' lang='lat' dir='ltr'><strong>ne</strong></span> 
     </span>
    </p>
   </div>
   <div class='ocr_carea' id='block_1_115' title="bbox 2400 5303 3988 5378">
    <p class='ocr_par' dir='ltr' id='par_1_115' title="bbox 2400 5303 3988 5378">
     <span class='ocr_line' id='line_1_115' title="bbox 2400 5303 3988 5378; baseline 0.003 -19"><span class='ocrx_word' id='word_1_923' title='bbox 2400 5303 2562 5374; x_wconf 88' lang='lat' dir='ltr'><strong>pedes</strong></span> <span class='ocrx_word' id='word_1_924' title='bbox 2589 5319 2714 5359; x_wconf 89' lang='lat' dir='ltr'><strong>suos</strong></span> <span class='ocrx_word' id='word_1_925' title='bbox 2747 5304 2945 5360; x_wconf 86' lang='lat' dir='ltr'><strong>lavaret</strong></span> <span class='ocrx_word' id='word_1_926' title='bbox 2985 5303 3164 5374; x_wconf 83' lang='lat' dir='ltr'><strong>(Joan.</strong></span> <span class='ocrx_word' id='word_1_927' title='bbox 3195 5306 3282 5360; x_wconf 78' lang='grc'><strong>15.</strong></span> <span class='ocrx_word' id='word_1_928' title='bbox 3313 5307 3404 5377; x_wconf 80' lang='lat'><strong>8);</strong></span> <span class='ocrx_word' id='word_1_929' title='bbox 3437 5305 3532 5362; x_wconf 90' lang='lat' dir='ltr'><strong>sed</strong></span> <span class='ocrx_word' id='word_1_930' title='bbox 3568 5307 3618 5362; x_wconf 90' lang='lat' dir='ltr'><strong>id</strong></span> <span class='ocrx_word' id='word_1_931' title='bbox 3657 5310 3795 5378; x_wconf 89' lang='lat' dir='ltr'><strong>quod</strong></span> <span class='ocrx_word' id='word_1_932' title='bbox 3822 5308 3988 5366; x_wconf 79' lang='lat' dir='ltr'><strong>vole-</strong></span> 
     </span>
    </p>
   </div>
   <div class='ocr_carea' id='block_1_116' title="bbox 2399 5397 3987 5465">
    <p class='ocr_par' dir='ltr' id='par_1_116' title="bbox 2399 5397 3987 5465">
     <span class='ocr_line' id='line_1_116' title="bbox 2399 5397 3987 5465; baseline 0.003 -13"><span class='ocrx_word' id='word_1_933' title='bbox 2399 5397 2489 5452; x_wconf 87' lang='lat' dir='ltr'><strong>bat</strong></span> <span class='ocrx_word' id='word_1_934' title='bbox 2515 5413 2617 5454; x_wconf 92' lang='lat' dir='ltr'><strong>non</strong></span> <span class='ocrx_word' id='word_1_935' title='bbox 2647 5408 2761 5453; x_wconf 85' lang='lat' dir='ltr'><strong>erat</strong></span> <span class='ocrx_word' id='word_1_936' title='bbox 2783 5397 2974 5465; x_wconf 89' lang='lat' dir='ltr'><strong>honor,</strong></span> <span class='ocrx_word' id='word_1_937' title='bbox 2998 5399 3092 5454; x_wconf 88' lang='lat' dir='ltr'><strong>sed</strong></span> <span class='ocrx_word' id='word_1_938' title='bbox 3113 5414 3266 5461; x_wconf 80' lang='lat' dir='ltr'><strong>secus</strong></span> <span class='ocrx_word' id='word_1_939' title='bbox 3295 5401 3532 5455; x_wconf 88' lang='lat' dir='ltr'><strong>omnino.</strong></span> <span class='ocrx_word' id='word_1_940' title='bbox 3556 5400 3648 5456; x_wconf 88' lang='lat' dir='ltr'><strong>Sic</strong></span> <span class='ocrx_word' id='word_1_941' title='bbox 3671 5410 3723 5455; x_wconf 90' lang='lat' dir='ltr'><strong>et</strong></span> <span class='ocrx_word' id='word_1_942' title='bbox 3751 5409 3803 5454; x_wconf 92' lang='lat' dir='ltr'><strong>tu</strong></span> <span class='ocrx_word' id='word_1_943' title='bbox 3826 5400 3987 5457; x_wconf 86' lang='lat' dir='ltr'><strong>illum</strong></span> 
     </span>
    </p>
   </div>
   <div class='ocr_carea' id='block_1_117' title="bbox 2399 5489 3993 5564">
    <p class='ocr_par' dir='ltr' id='par_1_117' title="bbox 2399 5489 3993 5564">
     <span class='ocr_line' id='line_1_117' title="bbox 2399 5489 3993 5564; baseline 0.004 -20"><span class='ocrx_word' id='word_1_944' title='bbox 2399 5490 2497 5559; x_wconf 84' lang='lat' dir='ltr'><strong>ipsi</strong></span> <span class='ocrx_word' id='word_1_945' title='bbox 2542 5489 2731 5546; x_wconf 78' lang='lat' dir='ltr'><strong>exhibe</strong></span> <span class='ocrx_word' id='word_1_946' title='bbox 2778 5489 3033 5548; x_wconf 89' lang='lat' dir='ltr'><strong>honorem</strong></span> <span class='ocrx_word' id='word_1_947' title='bbox 3076 5507 3232 5563; x_wconf 90' lang='lat' dir='ltr'><strong>quem</strong></span> <span class='ocrx_word' id='word_1_948' title='bbox 3281 5506 3396 5563; x_wconf 84' lang='lat' dir='ltr'><strong>tege</strong></span> <span class='ocrx_word' id='word_1_949' title='bbox 3442 5493 3712 5564; x_wconf 65' lang='lat' dir='ltr'><strong>praecepit,</strong></span> <span class='ocrx_word' id='word_1_950' title='bbox 3764 5493 3993 5551; x_wconf 81' lang='lat' dir='ltr'><strong>divitias</strong></span> 
     </span>
    </p>
   </div>
   <div class='ocr_carea' id='block_1_118' title="bbox 2400 5581 3996 5654">
    <p class='ocr_par' dir='ltr' id='par_1_118' title="bbox 2400 5581 3996 5654">
     <span class='ocr_line' id='line_1_118' title="bbox 2400 5581 3996 5654; baseline 0.005 -19"><span class='ocrx_word' id='word_1_951' title='bbox 2400 5593 2518 5636; x_wconf 88' lang='lat' dir='ltr'><strong>tuas</strong></span> <span class='ocrx_word' id='word_1_952' title='bbox 2546 5581 2864 5653; x_wconf 87' lang='lat' dir='ltr'><strong>pauperibus</strong></span> <span class='ocrx_word' id='word_1_953' title='bbox 2906 5599 3151 5653; x_wconf 88' lang='lat' dir='ltr'><strong>erogans.</strong></span> <span class='ocrx_word' id='word_1_954' title='bbox 3201 5583 3382 5654; x_wconf 81' lang='lat' dir='ltr'><strong>Neque</strong></span> <span class='ocrx_word' id='word_1_955' title='bbox 3430 5585 3572 5640; x_wconf 91' lang='lat' dir='ltr'><strong>enim</strong></span> <span class='ocrx_word' id='word_1_956' title='bbox 3620 5586 3758 5640; x_wconf 86' lang='lat' dir='ltr'><strong>vasis</strong></span> <span class='ocrx_word' id='word_1_957' title='bbox 3799 5587 3996 5643; x_wconf 84' lang='lat' dir='ltr'><strong>aureis</strong></span> 
     </span>
    </p>
   </div>
   <div class='ocr_carea' id='block_1_119' title="bbox 2399 5674 3548 5742">
    <p class='ocr_par' dir='ltr' id='par_1_119' title="bbox 2399 5674 3548 5742">
     <span class='ocr_line' id='line_1_119' title="bbox 2399 5674 3548 5742; baseline 0.003 -15"><span class='ocrx_word' id='word_1_958' title='bbox 2399 5689 2532 5742; x_wconf 87' lang='lat' dir='ltr'><strong>epus</strong></span> <span class='ocrx_word' id='word_1_959' title='bbox 2559 5674 2719 5729; x_wconf 86' lang='lat' dir='ltr'><strong>habet</strong></span> <span class='ocrx_word' id='word_1_960' title='bbox 2741 5675 2901 5741; x_wconf 90' lang='lat' dir='ltr'><strong>Deus,</strong></span> <span class='ocrx_word' id='word_1_961' title='bbox 2931 5675 3024 5730; x_wconf 91' lang='lat' dir='ltr'><strong>sed</strong></span> <span class='ocrx_word' id='word_1_962' title='bbox 3051 5677 3323 5732; x_wconf 88' lang='lat' dir='ltr'><strong>animabus</strong></span> <span class='ocrx_word' id='word_1_963' title='bbox 3352 5679 3548 5733; x_wconf 86' lang='lat' dir='ltr'><strong>aureis.</strong></span> 
     </span>
    </p>
   </div>
   <div class='ocr_carea' id='block_1_120' title="bbox 2469 5763 3996 5841">
    <p class='ocr_par' dir='ltr' id='par_1_120' title="bbox 2469 5763 3996 5841">
     <span class='ocr_line' id='line_1_120' title="bbox 2469 5763 3996 5841; baseline 0.003 -22"><span class='ocrx_word' id='word_1_964' title='bbox 2469 5765 2521 5819; x_wconf 68' lang='grc'><strong>6.</strong></span> <span class='ocrx_word' id='word_1_965' title='bbox 2561 5763 2894 5836; x_wconf 70' lang='grc' dir='ltr'><strong>Ειιοηιοιῃηα</strong></span> <span class='ocrx_word' id='word_1_966' title='bbox 2920 5767 3081 5837; x_wconf 86' lang='lat' dir='ltr'><strong>magis</strong></span> <span class='ocrx_word' id='word_1_967' title='bbox 3114 5765 3221 5819; x_wconf 87' lang='lat' dir='ltr'><strong>Deo</strong></span> <span class='ocrx_word' id='word_1_968' title='bbox 3251 5767 3410 5835; x_wconf 78' lang='lat' dir='ltr'><strong>placet</strong></span> <span class='ocrx_word' id='word_1_969' title='bbox 3451 5784 3600 5838; x_wconf 77' lang='lat' dir='ltr'><strong>quam</strong></span> <span class='ocrx_word' id='word_1_970' title='bbox 3634 5784 3842 5823; x_wconf 75' lang='lat' dir='ltr'><strong>munera</strong></span> <span class='ocrx_word' id='word_1_971' title='bbox 3885 5772 3996 5841; x_wconf 79' lang='lat' dir='ltr'><strong>ipsi</strong></span> 
     </span>
    </p>
   </div>
   <div class='ocr_carea' id='block_1_121' title="bbox 2405 5856 3996 5935">
    <p class='ocr_par' dir='ltr' id='par_1_121' title="bbox 2405 5856 3996 5935">
     <span class='ocr_line' id='line_1_121' title="bbox 2405 5856 3996 5935; baseline 0.007 -24"><span class='ocrx_word' id='word_1_972' title='bbox 2405 5856 2512 5911; x_wconf 78' lang='lat' dir='ltr'><strong>sine</strong></span> <span class='ocrx_word' id='word_1_973' title='bbox 2553 5857 2769 5912; x_wconf 80' lang='lat' dir='ltr'><strong>utilitate</strong></span> <span class='ocrx_word' id='word_1_974' title='bbox 2803 5858 3019 5928; x_wconf 69' lang='lat' dir='ltr'><strong>proximi</strong></span> <span class='ocrx_word' id='word_1_975' title='bbox 3063 5869 3370 5914; x_wconf 81' lang='lat' dir='ltr'><strong>consecrata.</strong></span> <span class='ocrx_word' id='word_1_976' title='bbox 3410 5859 3606 5917; x_wconf 81' lang='lat' dir='ltr'><strong>—Hoc</strong></span> <span class='ocrx_word' id='word_1_977' title='bbox 3635 5876 3799 5932; x_wconf 88' lang='lat' dir='ltr'><strong>porro</strong></span> <span class='ocrx_word' id='word_1_978' title='bbox 3835 5861 3996 5935; x_wconf 80' lang='lat' dir='ltr'><strong>dico,</strong></span> 
     </span>
    </p>
   </div>
  </div>
