4170 6492
284 464 390 520 δίη

288 596 396 636 non
421 577 569 650 quod
598 571 917 648 prohibeam
946 583 1012 625 ne
1040 563 1161 623 talia
1187 583 1405 621 munera
1431 572 1779 634 apparentur,
1806 559 1901 616 sed

289 673 591 745 postulans,
636 677 695 723 ut
724 681 848 722 cum
879 663 961 718 bis
989 674 1044 718 et
1072 670 1196 716 ante
1236 659 1352 715 haec
1387 657 1728 726 eleemosyna
1777 669 1902 710 ero-

286 778 464 838 getur.
496 763 630 819 Nam
656 761 774 816 haec
800 758 1014 831 quidem
1039 756 1252 824 accipit,
1280 754 1374 808 sed
1397 752 1565 806 multo
1591 749 1760 820 magis
1787 749 1902 803 illa.

288 858 352 912 In
383 856 463 911 his
490 854 638 910 enim
681 852 729 907 is
773 850 864 920 qui
905 847 1063 904 offert
1097 847 1244 902 solus
1288 844 1573 899 utilitatem
1609 842 1798 906 habet,
1833 840 1902 896 ibi

284 962 424 1003 vero
467 946 630 1002 etiam
679 944 726 998 is
766 943 855 1015 qui
896 940 1110 1009 accipit.
1162 939 1258 994 Hic
1303 937 1518 992 videtur
1545 935 1744 990 donum
1785 949 1905 989 esse

288 1038 674 1097 ostentationis
715 1036 965 1098 occasio;
999 1032 1069 1087 ibi
1109 1035 1456 1102 eleemosyna
1501 1037 1556 1084 et
1599 1028 1905 1098 benignitas

285 1142 498 1188 tantum
549 1139 650 1184 est.
696 1126 828 1196 Quae
871 1125 1014 1180 enim
1047 1121 1251 1180 utilitas
1280 1123 1324 1176 si
1373 1135 1557 1176 mensa
1591 1120 1786 1175 Christi
1831 1123 1905 1173 sit

281 1225 473 1279 aureis
495 1219 705 1292 poculis
734 1228 952 1280 onusta,
985 1216 1102 1288 ipse
1131 1229 1261 1269 vero
1301 1213 1441 1268 fame
1473 1214 1694 1282 pereat?
1724 1211 1906 1266 Primo

282 1314 622 1371 esurientem
650 1311 833 1382 imple,
863 1319 918 1366 et
941 1319 1064 1363 tunc
1089 1322 1158 1362 ex
1182 1304 1638 1376 superabundauti
1662 1318 1904 1360 mensam

193 1467 200 1470 ,
283 1407 411 1477 ejus
435 1420 660 1461 exorna.
700 1405 938 1460 Aureum
968 1401 1191 1456 calicem
1223 1398 1374 1465 facis,
1409 1404 1468 1453 et
1495 1398 1716 1453 calicem
1753 1411 1905 1467 aqua:

284 1514 403 1555 non
451 1496 585 1554 das?
620 1496 692 1552 Et
728 1495 856 1566 quid
901 1508 1038 1566 opus
1081 1501 1167 1549 est
1208 1507 1343 1546 auro
1391 1493 1590 1547 intexta
1639 1492 1903 1544 velamina

281 1605 498 1647 mensa:
523 1603 804 1659 apparare,
853 1586 954 1657 ipsi
999 1600 1129 1641 vero
1171 1599 1241 1640 ne
1283 1583 1499 1654 quidem
1540 1583 1903 1638 necessarium

287 1692 663 1754 tegumentum
690 1679 966 1752 praebere?
982 1679 1108 1751 quid
1133 1678 1256 1734 inde
1278 1678 1410 1733 lucri
1426 1678 1451 1730 τ
1472 1677 1605 1734 Nam
1628 1677 1715 1732 dic
1736 1677 1901 1732 mihi:

285 1775 338 1829 si
370 1787 525 1844 quem
556 1773 766 1828 videres
792 1772 1100 1828 necessario
1125 1779 1375 1841 egentem
1403 1769 1549 1833 cibo,
1585 1777 1644 1825 et
1681 1769 1799 1838 ipso
1826 1769 1905 1823 sic

286 1863 506 1931 relicto,
553 1877 796 1918 mensam
843 1877 978 1918 auro
1016 1861 1384 1918 circumdares
1427 1871 1655 1928 tantum,
1696 1877 1765 1916 an
1809 1861 1902 1917 tibi

284 1958 495 2027 gratias
508 1955 755 2023 haberet,
777 1971 955 2012 annon
974 1956 1152 2028 potius
1171 1956 1537 2028 indignaretur
1551 1955 1575 2010 ?
1589 1955 1727 2025 Quid
1753 1971 1901 2022 vero,

285 2050 340 2104 si
375 2048 520 2104 illum
553 2049 765 2106 videres
784 2049 997 2105 detritis
1023 2049 1212 2119 pannis
1241 2048 1485 2104 indutum
1515 2059 1569 2104 et
1595 2048 1791 2119 frigore
1826 2049 1904 2105 ri-

287 2149 531 2213 gentem,
565 2151 620 2196 et
649 2142 827 2196 missis
853 2141 1114 2204 vestibus,
1146 2155 1338 2196 aureas
1369 2141 1469 2211 ipsi
1499 2142 1779 2196 columnas
1799 2141 1907 2194 eri-

285 2250 474 2306 geres,
502 2233 689 2289 dicens
720 2233 771 2288 id
800 2248 852 2288 te
874 2233 925 2287 in
955 2233 1072 2304 ejus
1093 2232 1354 2289 honorem
1383 2231 1600 2288 facere?
1629 2235 1821 2288 Annon
1845 2249 1905 2290 se

284 2327 528 2384 derideri
576 2336 809 2400 putaret,
861 2337 1023 2394 atque
1066 2337 1310 2384 extrema
1349 2328 1675 2383 contumelia
1722 2327 1904 2383 afﬁci?

290 2420 412 2477 Hoc
436 2421 595 2475 etiam
622 2421 765 2475 circa
792 2419 1071 2475 Christum
1103 2429 1314 2490 reputa,
1341 2434 1464 2476 cum
1493 2419 1833 2476 errabundus
1851 2428 1908 2476 et

286 2513 606 2585 peregrinus
634 2513 901 2580 circumit,
930 2521 1075 2567 tecto
1111 2512 1386 2584 indigens;
1420 2521 1475 2567 tu
1519 2521 1698 2568 autem
1729 2512 1820 2568 illo
1850 2513 1902 2566 in

285 2607 560 2676 hospitem
598 2622 704 2661 non
749 2606 1006 2672 admisso,
1042 2606 1406 2675 pavimentum
1449 2620 1682 2661 exornas
1710 2614 1764 2661 et
1807 2621 1904 2676 pa-

283 2699 457 2753 rietes
481 2698 962 2768 columnarumque
991 2698 1259 2768 capitclla,
1289 2707 1346 2753 et
1369 2708 1658 2769 argenteas
1681 2708 1904 2753 catenas

283 2790 628 2862 lampadibus
652 2793 857 2863 alligas,
889 2792 1066 2862 ipsum
1097 2806 1226 2846 vero
1258 2791 1310 2845 iu
1339 2805 1560 2846 carcere
1591 2791 1811 2861 ligatum
1837 2808 1906 2848 ne

285 2885 477 2941 videre
505 2886 724 2956 quidem
769 2887 1027 2942 sustines.
1069 2885 1194 2940 llaec
1231 2901 1392 2955 porro
1424 2886 1546 2941 dico
1574 2901 1683 2940 non
1715 2886 1903 2956 prohi-

288 2977 434 3033 bens
476 2988 536 3033 ut
581 2977 698 3034 haec
741 2988 1059 3034 ornamenta
1102 2977 1495 3044 adhibeantur;
1546 2978 1641 3034 sed
1686 2991 1744 3033 ut
1787 2977 1904 3036 haec

285 3071 457 3128 etiam
485 3088 605 3127 cum
645 3073 764 3128 aliis
807 3083 1102 3140 curentur;
1131 3073 1239 3128 imo
1281 3072 1471 3127 hortor
1506 3083 1561 3128 ut
1591 3073 1708 3130 haec
1752 3075 1903 3145 prius

284 3179 455 3236 quam
497 3165 598 3219 alia
641 3164 789 3219 fiant.
820 3163 994 3220 Nemo
1018 3166 1186 3231 enim,
1218 3164 1362 3235 quod
1403 3166 1590 3221 isthaec
1617 3181 1723 3221 non
1755 3167 1902 3223 face-

282 3263 396 3319 ret,
429 3265 713 3311 accusatus
756 3271 1011 3326 umquam
1043 3255 1171 3324 fuit;
1221 3256 1310 3311 illa
1355 3272 1484 3312 vero
1511 3257 1903 3330 negligentibus

281 3346 532 3420 gehenna
564 3348 862 3404 deStinatur
901 3360 956 3405 et
1000 3352 1136 3421 ignis
1168 3351 1636 3423 iucxstinguibilis,
1676 3363 1729 3409 et
1769 3368 1897 3425 snp-

287 3442 511 3513 plicium
542 3457 664 3497 cum
693 3445 1028 3498 daemonibus
1049 3445 1442 3501 sustinendum.
1473 3446 1550 3503 Ne
1571 3449 1750 3518 itaque
1772 3449 1898 3504 dum

283 3536 506 3590 dommn
536 3551 788 3602 exornas,
833 3536 1094 3592 afﬂictum
1145 3537 1366 3594 fratrem
1401 3540 1668 3610 despicias
1715 3560 1728 3594 :
1775 3557 1898 3597 nam

282 3637 395 3688 hoc
422 3634 676 3705 templum
710 3633 802 3689 illo
831 3634 1138 3705 pretiosius.
1172 3635 1298 3690 llaec
1326 3637 1524 3708 quippe
1553 3638 1763 3692 cimelia
1797 3654 1898 3709 po-

283 3735 487 3792 terunt,
519 3726 600 3783 vel
629 3743 782 3799 reges
812 3727 1075 3792 infideles,
1109 3729 1195 3784 vel
1224 3731 1458 3803 tyranni,
1491 3731 1577 3788 vel
1611 3730 1757 3788 fures
1795 3747 1894 3786 au-

1457 4009 1797 4072 HOMILIA
1853 4009 1958 4073 LI.

275 4181 412 4239 Car.
448 4181 536 4238 15.
566 4197 620 4236 v.
653 4181 704 4236 l.
746 4179 888 4235 Tum:
915 4191 1234 4236 accesserunt
1267 4180 1336 4234 ad
1363 4180 1542 4234 Iesum
1569 4197 1600 4234 a
1625 4179 1894 4252 Jerosoly-

466 4277 561 4331 mis
581 4277 763 4330 scriba:
787 4285 832 4329 et
855 4275 1106 4330 Pltariuei
1127 4275 1369 4341 dicentes,
1405 4276 1596 4342 Quare,
1621 4285 1728 4330 etc.

360 4369 411 4423 l.
451 4369 600 4423 Tum:
626 4368 1044 4439 :quandonam?
1069 4367 1201 4424 Cum
1231 4369 1378 4423 mille
1399 4369 1550 4440 signa
1577 4366 1734 4431 fecit;
1768 4381 1888 4422 cmn

277 4459 527 4516 infirmos
555 4475 619 4514 ex
650 4469 794 4515 tactu
819 4458 1044 4514 fimbriae
1072 4459 1298 4514 curavit.
1337 4459 1459 4515 Ideo
1486 4459 1628 4515 enim
1661 4474 1895 4530 evange-

276 4554 404 4609 lista
434 4562 645 4622 tempus
673 4553 892 4619 indicat,
922 4564 980 4608 ut
1012 4537 1249 4622 ipsorum
1298 4553 1567 4624 ingentem
1597 4553 1889 4624 nequitiam

274 4644 531 4700 ostendat
559 4646 688 4700 nulli
721 4645 1003 4700 cedentem
1054 4644 1192 4713 Quid
1235 4646 1333 4700 sibi
1363 4645 1476 4700 vult
1507 4645 1662 4711 illud,
1698 4645 1770 4699 Ab
1797 4645 1885 4700 Je-

275 4739 554 4810 rosolymis
595 4739 776 4793 scriba:
804 4747 852 4792 et
882 4736 1178 4794 Pharisa’i?
1218 4739 1351 4808 Quia
1396 4740 1446 4795 in
1493 4740 1744 4795 omnibus
1789 4741 1888 4794 tri-

275 4831 458 4887 bubus
485 4829 710 4902 dispersi
747 4841 921 4894 erant.
958 4841 1012 4887 et
1041 4831 1092 4887 in
1135 4832 1416 4888 duodecim
1460 4844 1639 4905 partes
1669 4833 1824 4888 divisi
1869 4849 1885 4888 :

272 4923 376 4979 sed
416 4921 849 4997 Jeromlymitaui
893 4926 1105 4981 caeteris
1148 4926 1434 4997 nequiores
1479 4937 1653 4991 erant,
1697 4935 1755 4981 ut
1794 4928 1885 4996 qui

271 5017 472 5085 majori
503 5015 810 5072 fruerentur
836 5017 1059 5079 honore.
1090 5027 1145 5092 et
1179 5020 1472 5092 plurimum
1515 5019 1618 5076 sibi
1659 5037 1883 5093 arroga-

270 5120 418 5167 γεω.
447 5109 724 5179 Perpende
749 5123 924 5166 autem
955 5114 1229 5195 quomqu
1258 5131 1321 5171 ex
1353 5115 1466 5186 ipsa
1511 5131 1606 5172 sua
1649 5116 1884 5174 interro-

259 5203 497 5274 gatione
524 5204 824 5272 capiantur.
858 5203 1042 5275 Neque
1068 5207 1212 5260 enim
1241 5207 1446 5273 dicunt,
1473 5207 1581 5265 Cur
1609 5223 1881 5282 transgre-

266 5293 498 5348 diuntur
538 5294 710 5365 legem
744 5293 984 5366 Moysis?
1027 5297 1145 5365 sed,
1195 5296 1542 5355 Traditiunem
1582 5303 1885 5358 seniorum?

267 5386 430 5446 Unde
462 5387 638 5458 palam
665 5397 769 5455 est,
801 5391 967 5444 multa
992 5392 1305 5448 sacerdotes
1328 5393 1634 5459 innovasse,
1668 5398 1879 5454 etiamsi

264 5479 484 5554 lloyses
519 5497 716 5552 magno
741 5491 965 5550 terrore,
999 5485 1289 5557 multisque
1318 5489 1476 5543 minis
1508 5488 1763 5546 adhibitis
1790 5507 1883 5547 ve-

271 5577 465 5631 tuisset
491 5590 561 5630 ne
587 5575 717 5646 quid
746 5576 1028 5644 adderent,
1064 5579 1146 5634 vel
1185 5579 1483 5638 demerent.
1517 5582 1639 5637 Non
1664 5584 1881 5656 adjicie-

263 5670 332 5724 tis
359 5670 426 5723 ad
453 5669 683 5735 uerbum,
712 5669 848 5739 quod
874 5687 965 5741 ego
997 5673 1239 5742 praecipio
1263 5673 1401 5730 vobis
1436 5676 1609 5745 hodie,
1655 5695 1746 5732 nec
1781 5696 1880 5732 au-

258 5762 435 5834 feretis
459 5763 523 5817 ab
549 5780 608 5818 eo
642 5761 824 5835 (Deut.
845 5764 899 5819 4.
927 5763 1010 5835 2).
1040 5764 1320 5837 Nihiloque
1347 5770 1525 5827 minus
1552 5787 1685 5826 nova
1719 5772 1876 5827 indu-

259 5853 488 5923 cebant;
526 5868 588 5912 ut
618 5856 722 5911 hoc
752 5868 889 5924 erat,
935 5874 1001 5912 nc
1033 5858 1194 5914 illotis
1226 5863 1472 5918 manibus
1502 5866 1873 5933 comederent,

258 5959 315 6004 ut
341 5952 532 6017 pocula
558 5959 618 6006 et
637 5964 764 6005 rasa
787 5965 937 6007 aenea
963 5951 1266 6021 abluerent,
1296 5966 1353 6009 ut
1379 5971 1497 6013 sese
1521 5959 1872 6029 baptizarent.

1375 450 1439 507 IN
1479 445 1890 504 MATTIIIEUM
1921 445 2152 502 llOMiL.
2197 445 2284 501 Li.
2326 446 2398 500 al.
2443 443 2549 500 LII.

3524 441 3634 502 5m

2021 561 2196 627 ferre;
2244 574 2599 630 quascumque
2653 573 2779 614 vero
2825 557 3058 631 benigne
3100 556 3152 612 in
3194 556 3418 613 fratrem
3461 553 3630 614 facies

2012 653 2364 715 esurientem,
2397 650 2764 722 peregrinum,
2795 650 3020 715 nudum,
3045 664 3114 706 ne
3134 647 3382 706 diabolus
3409 648 3628 720 quidem

2014 746 2212 816 poterit
2232 743 2466 810 auferre,
2496 744 2591 800 sed
2619 745 2672 799 in
2700 742 2958 800 thesauro
2979 741 3220 798 manebit
3241 742 3462 798 intacto.
3488 742 3628 812 Quid

2015 839 2174 909 igitur
2201 839 2277 892 ait
2319 837 2443 893 ille?
2471 836 2736 908 Pauperes
2763 837 3020 893 uobiscum
3050 852 3250 906 semper
3283 835 3500 903 habetis,
3549 852 3630 890 me

2012 941 2180 984 autem
2206 947 2405 1001 semper
2428 946 2531 984 non
2561 930 2754 985 habetis
2787 929 3002 1001 (Matth.
3032 928 3124 986 26.
3157 927 3272 1004 il).
3316 928 3444 985 Ideo
3481 930 3627 986 enim

2012 1025 2247 1080 maxime
2273 1022 2645 1079 misericordia
2675 1024 2877 1079 moveri
2904 1032 3139 1096 oportet,
3185 1025 3309 1094 quia
3342 1038 3448 1079 non
3479 1038 3626 1080 sem-

2013 1132 2111 1188 per
2135 1117 2396 1174 habemus
2423 1119 2572 1174 illum
2601 1119 2953 1183 esurientem,
2981 1118 3076 1176 sed
3113 1119 3167 1174 in
3209 1120 3461 1190 praesenti
3504 1130 3626 1176 tau-

2015 1223 2126 1268 tum
2153 1212 2284 1268 vita.
2317 1213 2474 1279 Quod
2513 1214 2558 1278 si
2592 1213 2727 1269 velis
2772 1223 2939 1268 totam
2970 1213 3096 1269 dicti
3141 1213 3261 1285 ejus
3302 1214 3625 1270 sententiam

2013 1305 2279 1372 ediscere,
2327 1305 2474 1360 audi.
2509 1306 2626 1363 Hoc
2662 1306 2730 1361 ad
2760 1305 3056 1376 discipulos
3094 1306 3299 1362 dictum
3347 1322 3452 1361 non
3500 1306 3622 1375 fuit,

2011 1400 2223 1455 etiamsi
2256 1400 2327 1454 ita
2368 1398 2616 1456 videatur
2641 1442 2656 1465 ,
2708 1399 2802 1456 sed
2842 1399 3197 1457 imbecillitati
3237 1401 3478 1456 mulieris
3520 1400 3624 1456 ad-

2012 1503 2254 1563 optatum
2285 1502 2385 1547 est.
2429 1493 2563 1561 Quia
2590 1493 2734 1548 enim
2766 1493 2943 1548 adlmc
2971 1495 3339 1565 imperfectior
3367 1502 3508 1562 erat,
3548 1495 3623 1552 illi

2010 1599 2144 1640 vero
2169 1584 2268 1654 ipsi
2297 1585 2512 1641 molesti
2557 1595 2732 1652 erant,
2775 1595 2835 1641 ut
2866 1587 3009 1640 illam
3037 1586 3306 1643 solaretur
3336 1587 3452 1644 haec
3479 1587 3618 1644 dice-

2012 1678 2122 1735 bat.
2153 1678 2208 1736 ld
2235 1695 2364 1735 vero
2391 1690 2536 1752 patet
2563 1695 2632 1735 ex
2667 1680 2732 1735 iis
2760 1695 2879 1750 qua:
2906 1679 3043 1736 dixit
3071 1699 3084 1735 :
3116 1681 3255 1750 Quid
3280 1683 3479 1737 molesti
3506 1683 3626 1738 estis

2011 1772 2132 1825 huic
2152 1771 2356 1826 mulieri
2386 1770 2549 1838 (Ibid.
2578 1789 2624 1826 υ.
2659 1772 2793 1843 10)?
2816 1772 2971 1842 Quod
3000 1783 3179 1829 autem
3208 1775 3381 1845 ipsum
3409 1789 3628 1845 semper

2012 1863 2290 1920 nobiscum
2317 1863 2614 1921 habeamus
2640 1865 2720 1922 sic
2749 1866 2840 1921 ille
2869 1865 3006 1921 dixit
3040 1885 3053 1919 :
3085 1865 3221 1938 Ecce
3246 1883 3338 1940 ego
3366 1864 3624 1923 vobiscum

2009 1972 2124 2012 sum
2153 1957 2387 2013 omnibus
2413 1957 2590 2013 diebus
2631 1975 2787 2030 usque
2820 1959 2890 2013 ad
2923 1960 3409 2018 consummationem
3449 1960 3629 2017 seculi

2013 2048 2231 2120 (Matth.
2265 2049 2358 2106 98.
2398 2051 2517 2124 20).
2554 2051 2634 2107 Ex
2675 2052 2872 2123 quibus
2915 2054 3165 2110 omnibus
3211 2056 3398 2126 liquet,
3446 2057 3622 2127 ipsum

2011 2157 2120 2198 non
2150 2143 2256 2198 alia
2281 2143 2352 2200 de
2379 2159 2541 2199 causa
2570 2145 2687 2201 haec
2714 2145 2936 2212 dixisse,
2969 2147 3067 2202 nisi
3093 2155 3150 2202 ut
3171 2148 3414 2203 mulieris
3436 2147 3622 2212 fidem,

2011 2249 2132 2306 quae
2179 2244 2306 2290 tunc
2357 2236 2680 2306 pullulabat,
2734 2237 3124 2309 discipulorum
3172 2240 3469 2311 increpatio
3515 2256 3625 2295 non

2011 2330 2254 2387 laederet.
2297 2329 2378 2386 Ne
2409 2331 2572 2402 igitur
2603 2332 2719 2387 hac
2756 2335 2810 2386 in
2849 2331 3088 2389 medium
3129 2348 3272 2389 nunc
3310 2333 3624 2402 aderamus,

2009 2440 2132 2498 quae
2147 2439 2244 2497 per
2271 2425 2628 2484 mconomiam
2658 2425 2802 2483 dicta
2831 2435 2978 2491 sunt.
3005 2427 3099 2483 sed
3123 2427 3270 2500 leges
3290 2442 3482 2484 omnes
3503 2443 3626 2500 quae

2011 2518 2066 2575 in
2093 2534 2253 2583 nova,
2291 2533 2409 2592 qua:
2437 2519 2488 2574 in
2518 2520 2685 2575 veteri
2719 2520 2836 2591 lege
2864 2530 2989 2575 sunt
3021 2521 3284 2592 legentes,
3315 2522 3538 2577 multam
3560 2538 3623 2578 ea

2011 2613 2065 2669 in
2107 2630 2169 2670 re
2203 2629 2389 2670 curam
2420 2615 2817 2685 impendamus.
2847 2614 2962 2671 Hoc
2988 2616 3134 2671 enim
3164 2631 3194 2670 a
3228 2626 3450 2687 peccato
3492 2633 3624 2688 pur-

2008 2719 2099 2780 gat
2147 2725 2161 2763 :
2208 2724 2332 2765 nam
2383 2711 2458 2764 ait
2499 2728 2512 2764 :
2555 2708 2687 2763 Date
2729 2710 3131 2781 eleemosynam,
3184 2719 3234 2763 et
3276 2711 3450 2763 omnia
3489 2709 3630 2766 vobis

2010 2803 2203 2855 hianda
2231 2812 2379 2856 erunt
2413 2800 2564 2873 (Luc.
2597 2804 2685 2857 ll.
2719 2803 2836 2874 41).
2881 2802 3006 2858 Haec
3033 2800 3299 2858 sacriﬁcio
3325 2803 3498 2874 major
3522 2813 3625 2868 est,

2013 2895 2423 2952 Misericordiam
2451 2897 2649 2968 quippe
2674 2901 2810 2962 voto,
2843 2908 2892 2952 et
2921 2913 3021 2952 non
3051 2898 3358 2967 sacrificium
3383 2897 3543 2970 (Osee
3568 2898 3624 2954 6.

2011 2988 2091 3060 6).
2123 2988 2236 3043 Hoc
2261 2989 2425 3044 cailos
2466 2989 2636 3059 aperit
2673 3009 2686 3045 :
2720 2989 3013 3057 Orationes,
3059 2992 3249 3062 inquit,
3295 3001 3398 3046 tam
3425 3001 3472 3046 et
3497 2991 3630 3046 elec-

2008 3096 2237 3153 mosgme
2261 3091 2363 3135 tua:
2388 3083 2721 3137 ascenderunt
2747 3084 2800 3137 in
2832 3085 3130 3138 "ternarium
3154 3085 3208 3139 in
3233 3094 3506 3154 conspectu
3529 3084 3627 3140 Dei

2009 3175 2151 3245 (Act.
2182 3175 2268 3230 lO.
2296 3176 2374 3245 4).
2403 3175 2516 3229 Hoc
2542 3177 2714 3246 magis
2740 3177 3107 3234 necessarium
3148 3186 3232 3231 est
3270 3192 3432 3246 quam
3464 3178 3630 3248 virgi-

2009 3270 2184 3336 nitas;
2219 3285 2342 3323 nam
2372 3269 2722 3342 eleemOsyna
2752 3273 2996 3343 neglecta
3021 3271 3125 3326 illa:
3149 3270 3392 3342 expulsa:
3417 3289 3481 3327 ex
3513 3273 3630 3326 tha-

2009 3361 2151 3415 lamo
2179 3359 2432 3427 fuerunt;
2462 3362 2581 3416 alite
2604 3377 2732 3418 vero
2755 3365 3011 3435 ingressae
3057 3373 3201 3418 sunt.
3259 3366 3391 3431 Quae
3443 3367 3625 3421 omnia

2008 3470 2130 3509 cum
2157 3453 2414 3521 sciamus,
2435 3456 2768 3511 seiniucmus
2797 3457 3032 3529 largiter,
3068 3467 3124 3514 ut
3157 3474 3279 3514 cum
3313 3459 3500 3530 majori
3529 3476 3624 3515 co-

2007 3547 2090 3614 pia
2119 3557 2406 3611 metamus,
2439 3557 2494 3602 et
2537 3546 2712 3601 futura
2741 3562 3137 3620 consequamur
3164 3549 3298 3607 bona
3325 3593 3340 3619 ,
3372 3552 3544 3622 gratia
3571 3539 3642 3608 ct.

2008 3638 2335 3710 benignitate
2364 3641 2576 3696 Domini
2604 3643 2774 3697 nostri
2819 3641 2946 3699 Jesu
2985 3643 3209 3713 Christi,
3252 3646 3338 3701 cui
3366 3647 3537 3717 gloria
3568 3647 3622 3702 in

2003 3733 2223 3789 smcula.
2250 3734 2448 3789 Amen.

2008 4012 2095 4075 al.
2153 4013 2289 4076 LII.

2004 4181 2123 4250 Quo
2167 4192 2411 4254 tempore
2455 4187 2638 4244 autem
2687 4189 2975 4260 oportebat
3023 4191 3148 4248 illos
3193 4192 3262 4247 ab
3308 4192 3622 4264 huiusmodi

2001 4277 2472 4337 observationibus
2501 4298 2624 4338 sese
2653 4284 2931 4355 expedire,
2965 4297 3092 4342 tunc
3123 4303 3182 4344 se
3211 4289 3285 4343 illi
3319 4290 3489 4360 magis
3521 4291 3616 4346 iis-

2000 4381 2122 4427 dem
2151 4373 2478 4445 obligarent,
2513 4384 2816 4433 metuentes
2861 4393 2930 4434 ne
2962 4381 3084 4451 quis
3123 4381 3223 4437 sibi
3259 4382 3616 4454 principattun

1999 4467 2306 4539 abriperet;
2338 4481 2393 4524 et
2419 4469 2875 4528 formidabiliores
2906 4472 3092 4530 haberi
3125 4477 3399 4544 volebant,
3431 4487 3618 4548 utpote

1999 4559 2358 4629 lcgislatores.
2388 4560 2443 4616 ln
2473 4570 2675 4617 tantam
2697 4578 2828 4635 ergo
2849 4564 3185 4636 iniquitatem
3217 4585 3305 4624 res
3327 4571 3612 4639 processit,

1998 4663 2056 4708 ut
2083 4665 2355 4728 praecepta
2382 4655 2600 4727 quidem
2630 4672 2727 4713 sua
2755 4669 3126 4728 servarentur,
3163 4663 3256 4719 Dei
3301 4680 3431 4719 vero
3462 4681 3615 4722 man-

1994 4747 2124 4804 data
2165 4749 2540 4810 violarentur:
2603 4765 2656 4810 et
2693 4764 2906 4811 tantum
2948 4758 3022 4810 illi
3075 4756 3508 4826 praevalnerant,
3546 4767 3606 4812 ut

1992 4840 2108 4912 jam
2162 4845 2371 4901 crimen
2420 4859 2572 4904 esset
2629 4865 2822 4904 eorum
2881 4860 3155 4920 praecepta
3202 4851 3445 4917 violare;
3493 4865 3604 4922 qua

1999 4936 2056 4992 in
2092 4953 2152 4993 re
2205 4939 2411 5010 duplex
2461 4943 2624 5012 culpa
2676 4953 2816 5008 erat,
2851 4953 2905 4999 et
2952 4945 3100 5012 quod
3133 4945 3499 5009 innovarent,
3551 4951 3609 5000 et

1991 5028 2135 5100 quod
2167 5030 2245 5083 sic
2270 5045 2365 5084 sua
2394 5031 2750 5097 vmtlicarent,
2783 5031 2875 5086 Dei
2910 5032 3110 5088 nullam
3145 5033 3409 5092 habentes
3435 5035 3606 5093 ratio-

1991 5137 2138 5178 nem.
2170 5122 2558 5179 Prmtermissis
2584 5140 2712 5180 vero
2740 5125 2882 5194 aliis,
2925 5127 3175 5183 sextariis
3207 5145 3399 5199 nempe
3425 5140 3479 5186 et
3509 5146 3608 5186 va-

1989 5213 2064 5271 sis
2087 5217 2276 5279 reneis,
2303 5232 2424 5286 qua:
2457 5216 2677 5272 ridicula
2712 5227 2888 5284 erant,
2920 5218 3062 5290 quod
3097 5221 3425 5293 praecipuum
3456 5223 3612 5280 vide-

1989 5309 2147 5365 hatur
2174 5310 2225 5364 in
2259 5309 2493 5366 medium
2525 5309 2826 5381 proferunt,
2860 5327 2970 5384 quo
2999 5313 3173 5380 illum,
3213 5322 3272 5369 ut
3309 5314 3440 5372 mihi
3480 5319 3617 5388 qui-

1987 5405 2109 5460 dem
2142 5406 2375 5471 videtur,
2410 5406 2462 5462 in
2496 5407 2629 5461 iram
2650 5407 3006 5464 concitarent.
3030 5407 3394 5477 Quamobrem
3423 5413 3605 5468 senio-

1987 5517 2105 5556 rum
2143 5503 2527 5567 memiuerunt,
2558 5511 2615 5557 ut
2643 5502 2796 5574 quasi
2829 5502 2952 5557 illos
2981 5501 3306 5571 destiiceret,
3341 5503 3469 5562 hinc
3497 5522 3599 5562 an-

1986 5612 2100 5650 sam
2133 5596 2423 5653 accusandi
2468 5595 2753 5667 praeberet.
2786 5595 3219 5657 Examinandum
3270 5600 3448 5668 primo
3493 5609 3600 5669 est,

1985 5702 2082 5743 cur
2126 5688 2371 5760 discipuli
2416 5689 2582 5744 illotis
2630 5688 2878 5746 manibus
2918 5689 3329 5746 manducarent.
3371 5689 3490 5746 Non
3531 5691 3601 5749 de

1985 5781 2244 5838 industria
2277 5782 2328 5837 id
2356 5781 2586 5855 agebant
2608 5783 2647 5849 ι,
2677 5781 2775 5840 sed
2799 5784 2942 5852 quod
2965 5782 3056 5838 illa
3075 5783 3349 5855 superﬂua
3378 5798 3602 5853 respue-

2054 5980 2071 6012 ί
2108 5979 2182 6031 Ex
2212 5980 2382 6033 Graec
2409 5985 2681 6048 legendum
2717 5991 2874 6050 esset,
2915 6000 3004 6040 cur
3049 5987 3290 6056 discipuli
3320 5987 3468 6045 illatis
3490 6003 3599 6043 ma-
