4170 6476
716 387 810 441 5”
1447 381 1503 436 S.
1545 381 1819 436 JOANNIS
1855 374 2326 435 CIlRYSOSTOMI
2371 375 2683 434 ARCHIEP.
2725 382 3250 442 CONSTANTINOP.

713 506 852 559 rent,
881 495 1006 550 dum
1038 493 1353 548 necessariis
1377 493 1711 548 attendereut
1741 509 1755 546 :
1789 507 1885 546 nec
1917 507 2010 562 pro
2041 494 2155 560 lege
2188 492 2283 546 ha-

653 592 660 598 ’
717 588 909 643 hebant
937 586 1057 639 lotis
1082 596 1174 639 aut
1195 584 1358 639 illotis
1380 585 1622 639 manibus
1647 583 1948 645 eomedere,
1975 582 2066 637 sed
2091 593 2294 636 utrum-

712 689 814 745 que
846 686 899 729 ιιι
928 690 1046 730 sese
1074 677 1284 731 occasio
1313 677 1472 730 dabat
1494 676 1740 744 agebant.
1773 674 1902 728 Nam
1933 677 2021 743 qui
2047 688 2293 728 necessa-

712 769 848 821 rium
890 782 1099 836 quoque
1139 769 1312 822 cihum
1344 767 1727 835 despiciebant,
1755 765 2021 833 quomodo
2051 765 2165 819 hzec
2200 779 2290 818 ac-

710 866 893 910 curate
914 857 1252 912 servassent?
1273 858 1403 922 Quia
1438 857 1593 925 igitur
1621 857 1932 924 plerumque
1954 854 2292 924 contingebat

711 955 769 997 ut
807 946 857 998 iu
891 957 1158 1014 promptu,
1188 955 1241 999 et
1266 948 1415 1013 quasi
1447 946 1662 999 fortuito
1698 945 1746 998 id
1796 944 2048 1008 facerent,
2080 954 2138 997 ut
2170 959 2288 998 cum

712 1037 763 1086 in
809 1035 1019 1089 deserto
1062 1036 1432 1100 comedeltant,
1469 1039 1521 1090 el
1547 1051 1667 1089 eum
1697 1035 1871 1102 spicas
1912 1034 2195 1096 vellchaut,
2239 1033 2290 1086 id

710 1126 859 1193 quasi
887 1127 1087 1180 crimen
1117 1126 1411 1194 proferunt,
1451 1127 1540 1196 qui
1571 1127 1770 1194 majora
1810 1141 2023 1194 semper
2061 1126 2290 1194 neglige-

715 1217 861 1279 hant,
906 1227 958 1272 et
1003 1218 1266 1284 superﬂua
1310 1219 1593 1272 admodum
1638 1217 1911 1272 curabant.
1953 1216 2088 1284 Quid
2132 1217 2292 1285 igitur

709 1312 988 1366 Christus?
1032 1312 1144 1366 Non
1191 1314 1319 1368 illud
1368 1312 1615 1370 attendit.
1654 1326 1824 1379 neque
1867 1311 2288 1364 criminationem

710 1403 933 1472 depulit,
964 1404 1054 1458 sed
1081 1403 1259 1457 stat-im
1288 1403 1658 1458 recrimiuatus
1688 1411 1788 1466 est,
1825 1408 1880 1454 ut
1918 1401 2189 1454 audaciam
2221 1399 2288 1453 ilo

714 1494 882 1547 lorum
924 1495 1259 1562 reprimeret,
1301 1493 1730 1560 ostenderetque,
1761 1507 1880 1544 eum
1909 1490 1998 1560 qui
2040 1491 2089 1542 in
2120 1489 2289 1558 majo-

711 1583 858 1637 ribus
887 1591 1090 1650 pereat,
1132 1582 1336 1636 minora
1370 1583 1420 1634 in
1451 1581 1568 1635 aliis
1602 1595 1704 1634 non
1750 1590 1889 1634 tanta
1937 1595 2062 1634 cura
2107 1579 2290 1646 explu-

710 1689 828 1728 rare
855 1672 1072 1726 debere.
1103 1671 1208 1727 Vos
1235 1672 1471 1726 accusari
1502 1671 1797 1740 oportebat,
1827 1681 1879 1724 et
1907 1670 2186 1724 accusatis.
2212 1668 2290 1723 Tu

709 1781 838 1820 vero
868 1766 1120 1819 observes
1147 1763 1326 1829 velim,
1364 1767 1632 1834 quomodo
1660 1777 1780 1816 cum
1812 1761 2008 1831 aliquid
2042 1777 2106 1816 ex
2138 1761 2284 1830 lega-

708 1858 846 1912 libus
887 1857 1098 1913 solvcre
1125 1858 1254 1923 vult,
1288 1858 1436 1924 quasi
1482 1871 1601 1910 sese
1645 1855 1945 1909 excusando
1995 1855 2044 1908 id
2097 1856 2287 1920 iaciat;

703 1949 848 2017 quod
876 1958 926 2002 et
957 1961 1084 2001 tunc.
1113 1947 1254 2000 fecit.
1286 1947 1398 1999 Non
1425 1948 1566 1999 enim
1606 1947 1784 1997 statim
1807 1945 1872 1997 ad
1905 1946 2290 2013 transgressio-

707 2054 826 2092 nem
867 2037 1127 2107 procedit,
1182 2050 1356 2105 neque
1408 2036 1569 2100 dicit,
1625 2035 1678 2089 Id
1730 2034 1857 2088 nihil
1901 2042 2012 2098 est;
2055 2033 2286 2102 alioquin

704 2142 831 2181 vero
876 2127 993 2182 illos
1033 2126 1322 2182 ferociores
1348 2126 1666 2181 reddidisset
1700 2144 1712 2178 :
1755 2125 1849 2178 sed
1889 2125 2038 2194 prius
2079 2125 2288 2178 illorum

704 2219 978 2274 audaciam
1011 2220 1262 2287 retundit,
1312 2219 1469 2290 longe
1515 2219 1686 2285 majus
1722 2219 1921 2273 crimen
1965 2218 2016 2271 in
2056 2216 2288 2271 medium

705 2312 1000 2382 proferens,
1033 2323 1088 2368 et
1115 2315 1164 2368 in
1195 2315 1429 2383 ipsorum
1456 2322 1612 2380 caput
1633 2321 1968 2380 retorquens.
2000 2311 2182 2380 Neque
2212 2310 2291 2364 di-

704 2409 797 2472 cit,
832 2416 980 2460 recte
1005 2407 1125 2460 illos
1149 2405 1321 2460 facere
1349 2406 1473 2459 dum
1501 2403 1982 2473 transgrediuntur,
2009 2418 2076 2456 ne
2105 2418 2286 2458 ansam

705 2497 810 2550 illis
841 2497 1110 2563 prmbeat;
1143 2510 1316 2564 neque
1362 2495 1482 2549 ideo
1525 2493 1792 2563 objurgat,
1838 2508 1905 2547 ne
1935 2492 2175 2547 videatur
2217 2492 2291 2546 le-

705 2603 823 2657 gem
859 2588 1103 2652 ﬁrmare;
1149 2603 1320 2658 neque
1351 2601 1536 2641 rursus
1565 2587 1805 2642 seniores
1845 2597 2058 2640 accusat
2089 2595 2147 2640 ut
2185 2586 2288 2639 ini-

704 2693 858 2747 quos,
907 2689 966 2733 ut
1010 2680 1301 2744 scelestos;
1348 2679 1580 2748 alioquin
1611 2680 1752 2734 enim
1786 2688 1844 2733 ut
1874 2681 2285 2734 conviciatorem

705 2770 853 2825 illum
879 2781 1254 2827 aversarentur
1286 2790 1298 2825 :
1332 2787 1514 2824 verum
1547 2771 1724 2824 missis
1752 2770 1855 2825 illis
1882 2771 2151 2832 omnibus,
2186 2772 2286 2825 alia

703 2863 786 2916 via
813 2863 1085 2933 procedit;
1108 2877 1171 2916 ac
1188 2862 1395 2918 videtur
1416 2861 1628 2931 quidem
1651 2862 1967 2917 accedentes
1990 2861 2285 2931 increpare,

704 2955 798 3008 sed
844 2955 1146 3025 perstringit
1190 2969 1283 3009 eos
1311 2955 1400 3025 qui
1445 2952 1745 3024 hujusmodi
1791 2954 1935 3024 leges
1963 2965 2285 3022 posuerant;

707 3047 944 3100 seniores
971 3061 1228 3115 nusquam
1252 3061 1577 3109 memorans,
1601 3045 1692 3100 sed
1718 3046 1768 3098 in
1798 3047 2137 3100 accusatione
2161 3060 2289 3100 con-

707 3147 784 3191 tra
828 3137 926 3191 hos
965 3138 1222 3202 instituta,
1257 3138 1375 3193 illos
1418 3151 1628 3208 quoque
1665 3136 1938 3204 dejiciens,
1968 3136 2286 3191 ostendens-

705 3246 829 3298 que,
861 3229 1060 3298 duplex
1099 3243 1217 3283 esse
1263 3238 1558 3297 peceatum,
1591 3227 1732 3297 quod
1762 3238 1816 3282 et
1846 3229 1953 3283 Deo
1983 3242 2090 3282 non
2133 3227 2290 3284 obse-

704 3331 1020 3388 querentur,
1054 3331 1110 3376 et
1149 3322 1288 3391 quod
1318 3331 1535 3390 propter
1562 3320 1807 3375 homines
1836 3320 1886 3376 id
1923 3321 2181 3387 iacerent;
2227 3335 2290 3376 ac

704 3411 750 3465 si
775 3411 1020 3467 diceret:
1053 3411 1162 3467 lloc
1239 3411 1383 3466 enim
1422 3411 1601 3481 ipsum
1640 3426 1737 3465 vos
1767 3454 1780 3476 ,
1820 3410 1925 3464 hoc
1998 3411 2287 3481 perdidit',

703 3503 844 3573 quod
879 3506 932 3558 in
963 3505 1107 3559 omni
1140 3521 1196 3560 re
1223 3505 1524 3560 senioribus
1553 3520 1755 3559 morem
1785 3505 2016 3575 geratis;
2059 3503 2151 3558 sed
2182 3520 2287 3558 non

706 3593 807 3648 hoc
833 3593 980 3658 dicit,
1012 3593 1141 3648 illud
1168 3603 1343 3648 autem
1369 3595 1538 3663 ipsum
1562 3594 1882 3658 subindicat,
1905 3594 2031 3649 dum
2057 3598 2135 3649 sic
2163 3590 2291 3664 ipsis

703 3685 1009 3754 respondet.
1043 3687 1097 3740 ὅ.
1133 3686 1302 3751 Quare
1325 3689 1476 3738 etiam
1504 3703 1590 3740 vos
1631 3686 2043 3756 transgredimini
2073 3687 2291 3740 oranda-

704 3785 808 3827 tam
837 3774 931 3827 Dei
961 3784 1165 3844 prOpter
1191 3776 1516 3830 traditionem
1543 3787 1758 3830 uestram
1775 3776 1801 3829 ?
1831 3775 1969 3829 Deus
1993 3779 2126 3830 enim
2153 3793 2288 3846 pra:-

702 3867 833 3936 cepit
867 3881 884 3918 :
913 3866 965 3920 4.
1009 3864 1223 3920 Honora
1267 3877 1462 3936 patrem
1505 3876 1551 3920 et
1596 3877 1842 3930 matrem;
1879 3878 1946 3931 et,
1999 3867 2099 3934 Qui
2134 3869 2290 3922 ntale-

703 3958 884 4011 ἀείδει-ἐι
911 3959 1046 4028 patri
1078 3959 1153 4010 rei
1184 3959 1355 4024 matri,
1387 3967 1546 4011 morte
1578 3960 1824 4012 moriatur
1850 3957 2050 4029 (Exod.
2077 3958 2166 4012 20.
2199 3959 2286 4013 l2.

702 4057 750 4100 et
776 4046 868 4102 2|.
896 4048 1006 4118 17).
1042 4049 1096 4103 5.
1138 4046 1237 4102 Vos
1274 4059 1440 4102 autem
1477 4050 1645 4103 dicitis
1688 4064 1705 4102 :
1749 4049 2062 4118 Quicumque
2108 4049 2291 4102 dixerit

703 4145 835 4212 patri
861 4143 944 4197 vel
969 4145 1139 4210 matri,
1170 4143 1221 4197 Μ
1230 4161 1358 4196 unus
1382 4147 1729 4214 quodcumque
1757 4154 1828 4197 est
1855 4160 1917 4197 ea:
1944 4161 2022 4196 me
2050 4144 2137 4196 tibi
2169 4161 2289 4210 pro-

703 4235 853 4302 derit,
898 4240 951 4292 6.
991 4249 1037 4290 et
1081 4254 1180 4290 non
1221 4237 1488 4290 honorabit
1535 4247 1727 4306 patrem
1771 4251 1918 4290 suum
1955 4235 2034 4290 vel
2075 4247 2285 4289 matrem

701 4347 884 4394 suam;
915 4339 961 4385 et
998 4331 1200 4384 irritum
1237 4330 1427 4400 fecistis
1464 4329 1762 4384 mandatum
1801 4329 1899 4382 Dei
1938 4340 2142 4400 propter
2188 4339 2292 4383 tra-

701 4424 941 4478 ditionem
983 4435 1217 4477 vestram.

771 4516 826 4569 2.
870 4515 1218 4570 Traditioncm
1240 4515 1513 4569 Iudaicam
1539 4515 1796 4585 redarguit
1823 4512 2070 4568 Christus.
2089 4512 2290 4568 —-Non

701 4609 852 4676 dicit,
891 4609 1175 4664 Seniorum
1207 4608 1566 4672 traditionem,
1614 4607 1729 4673 sed,
1787 4604 2037 4673 Vestram,
2083 4615 2153 4675 et,
2192 4605 2292 4661 Vos

701 4702 907 4765 dicitis;
937 4716 1042 4756 non
1071 4700 1223 4766 dixit,
1245 4699 1521 4766 Seuiores,
1546 4711 1601 4754 ut
1627 4699 1804 4754 minus
1833 4699 2086 4754 molestus
2114 4714 2292 4754 sermo

703 4797 996 4851 videretur.
1027 4795 1158 4862 Quia
1201 4795 1341 4849 enim
1390 4792 1684 4862 discipulos
1726 4802 2144 4863 transgressores
2170 4807 2290 4847 esse

701 4890 834 4960 legis
861 4892 1234 4945 demonstrare
1265 4888 1533 4951 volebant,
1565 4887 1754 4958 probat
1784 4887 1929 4956 ipsos
1956 4903 2082 4940 vere
2110 4895 2289 4940 trans-

702 4982 852 5053 gredi
884 4981 1074 5052 legem,
1106 4979 1397 5049 discipulos
1441 4989 1619 5033 autem
1661 4979 1884 5033 crimine
1913 4977 2108 5033 liberos
2146 4993 2285 5033 esse.

701 5076 884 5147 Neque
911 5076 994 5130 lex
1015 5085 1097 5130 est
1118 5073 1168 5128 id
1196 5074 1335 5144 quod
1364 5073 1432 5127 ab
1459 5072 1761 5127 hominibus
1785 5073 2118 5143 prascipitnr:
2143 5071 2292 5127 idco-

699 5184 807 5240 que
839 5166 1176 5223 traditionem
1207 5176 1381 5228 vocat,
1412 5181 1531 5235 quae
1560 5174 1679 5220 erat
1709 5165 2160 5234 iniquissimorum
2189 5165 2288 5218 ho-

700 5260 924 5316 minum.
957 5257 1150 5313 Verum
1180 5259 1301 5328 quia
1328 5259 1501 5326 jussio
1548 5255 1758 5311 lavandi
1800 5271 1988 5310 manus
2031 5271 2134 5310 non
2175 5266 2288 5311 erat

698 5353 800 5424 legi
826 5354 1093 5409 contraria
1126 5371 1140 5408 :
1169 5353 1328 5407 aliam
1358 5351 1695 5405 traditionem
1723 5349 1771 5402 in
1803 5349 2033 5404 medimn
2065 5349 2284 5418 profert,

699 5459 820 5515 qua:
850 5446 948 5514 legi
990 5447 1254 5499 contraria
1282 5454 1445 5499 esset.
1474 5440 1625 5511 Quod
1661 5455 1789 5496 vero
1815 5441 1962 5508 dicit,
1997 5440 2098 5497 hoc
2128 5443 2289 5512 signi-

700 5537 845 5593 ﬂeat.
896 5539 1200 5593 Docuerunt
1239 5537 1467 5606 juvenes
1517 5545 1570 5589 ut
1620 5534 1836 5603 pietatis
1881 5535 2059 5604 specie
2106 5545 2286 5606 patres

701 5682 842 5755 nibus
859 5684 1227 5755 inirmducarent.
1260 5688 1419 5747 Quare
1439 5686 1594 5754 igitur
1615 5686 1685 5740 sic
1707 5688 2094 5744 manducarunt?
2113 5705 2208 5742 non
2229 5689 2288 5744 de

703 5747 949 5810 industria
973 5747 1024 5797 id
1049 5750 1263 5810 agebant.

769 5811 785 5841 ⁸
811 5808 925 5872 Alli,
953 5810 1039 5861 hoc
1061 5808 1190 5861 enim
1215 5826 1294 5864 res
1314 5819 1359 5865 et
1385 5808 1496 5863 illos
1519 5813 1757 5878 perdidit.

3853 390 3958 450 51:!

2402 491 2751 561 despicerent.
2779 500 3054 565 Quomodo
3080 513 3130 557 et
3160 521 3263 574 qua
3297 510 3534 563 ratione?
3559 512 3613 566 Si
3644 515 3762 584 quis
3788 531 3966 585 paren-

2403 595 2510 639 tum
2537 588 2648 641 lilio
2673 588 2894 658 diceret,
2929 593 2998 646 Da
3031 596 3158 648 mihi
3196 596 3352 662 hanc,
3395 615 3550 668 quam
3577 602 3759 670 habes,
3792 624 3963 668 ovem.

2399 689 2487 732 aut
2533 681 2771 746 vitulum,
2823 694 2914 740 aut
2955 687 3094 742 aliud
3126 691 3249 758 quid
3294 693 3514 749 simile:
3557 700 3975 770 respondebant,

2401 771 2454 824 ld
2483 777 2620 842 quod
2653 792 2683 830 a
2718 793 2800 831 me
2840 780 2917 834 vis
2955 784 3219 852 accipere,
3259 785 3457 841 donum
3497 799 3578 844 est
3609 791 3715 846 Deo
3740 799 3969 864 promis-

2397 876 2538 927 sum,
2569 883 2668 922 nec
2696 878 2843 937 potes
2876 871 3000 925 illud
3030 875 3293 943 accipere,
3324 893 3386 932 ac
3411 880 3602 948 duplex
3632 882 3751 936 hinc
3773 887 3970 941 malum

2398 957 2720 1025 emergehat.
2751 960 2932 1031 Neque
2957 968 3096 1018 enim
3134 967 3240 1021 Deo
3283 968 3596 1032 olferebant.
3636 989 3698 1028 ac
3726 987 3972 1044 parentes

2397 1045 2682 1103 oblationis
2729 1055 2941 1108 nomine
2987 1054 3411 1123 defraudahant,
3462 1074 3516 1118 et
3567 1065 3710 1134 ipsos
3754 1081 3972 1137 propter

2400 1137 2563 1192 Deum
2612 1142 2800 1209 injuria
2831 1145 3164 1211 afﬁciehant;
3211 1149 3480 1220 Deumque
3521 1167 3737 1223 propter
3779 1173 3969 1226 paren-

2400 1241 2498 1285 tes.
2535 1232 2730 1287 Verum
2761 1253 2862 1290 non
2897 1239 2993 1292 hoc
3023 1242 3199 1294 statim
3225 1242 3371 1306 dicit,
3401 1245 3494 1300 sed
3525 1247 3666 1315 prius
3695 1251 3862 1316 legem
3886 1269 3970 1303 rc-

2397 1321 2544 1385 citat,
2578 1341 2677 1392 qua
2706 1327 2938 1382 declarat
2981 1331 3140 1396 Deus,
3185 1333 3468 1389 admodum
3511 1337 3643 1392 velle
3682 1353 3738 1392 se
3778 1351 3837 1393 ut
3881 1357 3972 1408 pa-

2397 1425 2576 1468 rcntes
2620 1417 2950 1472 liciiorentur
2988 1439 2999 1472 :
3035 1437 3153 1475 nam
3200 1425 3271 1477 ait
3307 1445 3318 1479 :
3357 1425 3566 1480 Honora
3598 1438 3790 1494 patrem
3834 1443 3970 1484 tuum
4016 1427 4020 1431 ’

2397 1515 2440 1557 et
2469 1517 2697 1568 matrem,
2727 1521 2780 1562 ut
2800 1511 2868 1564 sis
2890 1512 3139 1583 longaevus
3160 1516 3210 1568 in
3231 1526 3396 1581 terra;
3419 1520 3565 1585 item,
3585 1519 3681 1585 Qui
3703 1524 3972 1578 maledix-

2399 1598 2458 1650 rit
2479 1601 2610 1667 putri
2629 1602 2702 1654 vel
2715 1604 2881 1668 matri,
2902 1615 3059 1657 morte
3075 1608 3334 1660 moriatur.
3358 1607 3602 1664 Chrisms
3617 1624 3789 1666 autem
3811 1617 3973 1668 misso

2400 1692 2618 1760 prwntio
2643 1708 2750 1762 quo
2768 1695 3034 1750 donantur
3063 1698 3095 1752 ii
3123 1700 3210 1767 qui
3242 1712 3487 1769 parentes
3518 1701 3800 1769 honorant,
3832 1713 3969 1774 quod

2397 1783 2684 1838 terribilius
2731 1795 2814 1838 est
2865 1787 3084 1854 profert,
3131 1806 3321 1859 nempe
3358 1793 3674 1861 supplicium
3727 1811 3978 1864 parentes

2397 1871 2833 1928 inhunorantibus
2876 1877 3229 1942 inferendum,
3273 1891 3380 1933 tum
3426 1893 3482 1935 ut
3511 1884 3656 1954 ipsos
3685 1888 3973 1954 deterreat,

2395 1969 2506 2012 tum
2535 1973 2582 2014 ut
2617 1963 2904 2029 prudentes
2926 1965 3174 2029 attrahat,
3207 1969 3434 2038 hincque
3457 1974 3690 2028 ostendit
3717 1976 3835 2030 illos
3856 1993 3974 2032 esse

2397 2063 2567 2103 morte
2597 2051 2803 2120 dignos.
2833 2053 2964 2108 Nam
2995 2057 3038 2109 si
3068 2059 3110 2110 is
3141 2098 3157 2122 ,
3190 2061 3277 2126 qui
3302 2061 3480 2117 verbis
3507 2063 3806 2132 inhonorat,
3858 2069 3971 2137 ple-

2396 2143 2573 2204 ctitur,
2597 2146 2952 2216 multomagis
2977 2163 3071 2201 vos
3087 2152 3176 2218 qui
3201 2167 3361 2220 opere
3387 2153 3436 2206 id
3466 2153 3670 2210 facitis:
3695 2173 3792 2212 nec
3814 2160 3977 2216 modo

2395 2233 2747 2301 inhonoratis,
2789 2239 2880 2292 sed
2915 2239 3073 2292 etiam
3103 2241 3232 2295 alios
3290 2241 3342 2297 id
3386 2242 3565 2299 facere
3603 2246 3826 2303 docetis.
3873 2250 3977 2304 Vos

2393 2331 2520 2394 ergo
2546 2327 2634 2396 qui
2669 2343 2763 2381 nec
2801 2328 2852 2382 in
2901 2329 3035 2384 vivis
3076 2346 3194 2386 esse
3234 2333 3520 2402 deberetis,
3552 2352 3651 2392 cur
3689 2339 3976 2410 discipulos

2396 2417 2688 2471 iucusatis?
2717 2421 2852 2483 Quid
2882 2423 3073 2475 mirum
3103 2434 3277 2477 autem
3307 2427 3351 2478 si
3384 2426 3434 2479 in
3465 2442 3570 2493 me,
3601 2445 3757 2498 quem
3788 2431 3976 2486 hacte-

2395 2521 2495 2560 nus
2535 2508 2834 2578 ignorasus,
2885 2519 2990 2565 tam
3033 2517 3404 2570 contumeliosi
3443 2519 3596 2584 estis,
3643 2522 3858 2588 quando
3900 2523 3979 2577 id-

2396 2598 2565 2667 ipsum
2615 2615 2740 2668 erga
2792 2613 2994 2669 patrem
3044 2602 3250 2658 facitis?
3307 2606 3512 2677 Ubique
3556 2611 3700 2665 enim
3752 2612 3886 2668 dicit
3926 2624 3978 2667 et

2393 2692 2626 2745 ostendit
2654 2692 2777 2746 hinc
2805 2704 2974 2749 ortam
2997 2699 3354 2767 arrogantiam
3385 2700 3527 2753 illam
3553 2717 3693 2757 esse.
3725 2703 3975 2760 Nonnulli

2395 2786 2551 2842 aliter
2581 2787 2998 2854 interpretantur
3027 2790 3178 2851 illud,
3205 2788 3414 2844 Donum
3441 2794 3787 2866 quodcumque
3811 2815 3875 2852 ea:
3903 2816 3978 2850 me

2395 2877 2482 2930 tibi
2511 2879 2730 2947 proderit
2760 2880 2831 2950 ta)
2857 2896 2870 2942 ;
2905 2879 2955 2934 id
2985 2890 3085 2945 est,
3114 2881 3230 2935 Non
3268 2881 3440 2935 debeo
3462 2882 3552 2937 tibi
3578 2884 3857 2953 honorem,
3885 2887 3978 2942 sed

2394 2973 2436 3023 si
2470 2982 2518 3024 te
2549 2971 2824 3037 honorem,
2856 2972 2904 3026 id
2933 2975 3099 3041 gratis
3125 2972 3280 3028 iacio.
3312 2975 3416 3030 Sed
3438 2975 3682 3032 Christus
3707 2994 3812 3033 non
3842 2980 3980 3034 hanc

2394 3061 2770 3116 contumeliam
2836 3066 3170 3118 memoravit.
3227 3066 3434 3122 Marcus
3491 3084 3620 3123 vero
3675 3071 3874 3124 clarius
3927 3071 3979 3125 id

2392 3154 2645 3224 exprimit
2691 3154 2772 3210 his
2813 3155 2989 3212 verbis
3031 3175 3044 3210 :
3076 3157 3275 3212 Corban
3302 3159 3649 3230 quodcumque
3688 3178 3751 3216 ex
3784 3179 3868 3218 me
3895 3162 3982 3217 tibi

2395 3249 2616 3319 proderit
2645 3248 2834 3320 (Marc.
2871 3249 2921 3303 7.
2963 3249 3050 3318 ll)
3081 3267 3095 3303 :
3126 3250 3178 3303 id
3210 3250 3348 3320 quod
3386 3267 3490 3304 non
3531 3262 3611 3306 est
3657 3268 3854 3310 munus
3893 3267 3982 3310 aut

2395 3342 2618 3408 donum,
2646 3341 2741 3395 sed
2772 3341 2972 3396 oblatio
3005 3343 3218 3411 proprie
3255 3343 3470 3396 dicitur.
3507 3343 3641 3398 Cum
3685 3346 3844 3413 igitur
3885 3347 3980 3403 de-

2397 3445 2767 3500 monstrasset,
2801 3451 2905 3488 non
2942 3435 3063 3504 jure
3101 3434 3238 3499 illos,
3285 3436 3374 3506 qui
3419 3436 3589 3506 legem
3633 3437 3725 3492 Dei
3764 3439 3982 3492 concul-

2395 3539 2537 3593 cent,
2571 3530 2704 3583 alios
2746 3527 3160 3596 reprehendere,
3204 3529 3294 3596 qui
3338 3530 3606 3584 seniorum
3656 3543 3981 3599 praeceptum

2398 3621 2714 3690 transgressi
2742 3631 2940 3686 essent,
2975 3620 3200 3689 idipsum
3226 3621 3458 3676 ostendit
3497 3631 3551 3676 ct
3583 3637 3649 3677 ex
3692 3624 3974 3692 propheta.

2396 3715 2528 3781 Quia
2551 3713 2693 3768 enim
2719 3713 2836 3767 illos
2865 3712 3210 3767 vehementer
3232 3713 3594 3783 redarguerat,
3619 3714 3838 3769 ulterius
3862 3730 3983 3784 pro-

2395 3805 2535 3862 cedit
2563 3804 2737 3873 :quod
2767 3805 2927 3859 etiam
2957 3804 3150 3874 ubique
3167 3803 3310 3867 facit,
3341 3805 3638 3874 Scripturas
3666 3807 3720 3860 in
3748 3806 3982 3861 medium

2396 3895 2702 3957 adducens,
2736 3906 2792 3948 ιιι
2822 3895 2944 3950 hinc
2982 3911 3041 3952 se
3081 3896 3331 3950 ostendat
3371 3897 3477 3951 Deo
3513 3911 3805 3952 consonum
3841 3913 3980 3960 esse.

2397 3986 2530 4053 Quid
2580 3986 2738 4056 igitur
2779 3988 2854 4040 ait
2897 3986 3194 4055 propheta?
3225 3987 3276 4041 8.
3313 3985 3546 4055 Papulas
3581 3987 3664 4040 hic
3710 3989 3859 4042 labiis
3908 4005 3985 4041 me

2397 4077 2632 4140 honorat,
2661 4093 2748 4131 cor
2767 4088 2932 4130 autem
2957 4093 3131 4131 eorum
3151 4077 3299 4146 longe
3318 4087 3390 4131 est
3415 4093 3446 4130 a
3471 4095 3550 4131 me
3573 4077 3724 4147 (Isai.
3752 4079 3844 4135 29.
3874 4077 3984 4150 15).

2398 4168 2451 4224 9.
2486 4169 2703 4223 Frustra
2727 4164 2890 4223 autem
2918 4171 3088 4223 colant
3122 4186 3219 4232 me,
3256 4171 3491 4224 docentes
3519 4171 3796 4237 doctrinas,
3835 4187 3983 4224 nian-

2400 4264 2522 4316 data
2569 4263 2845 4316 hominum.
2910 4262 3095 4318 Viden’
3141 4263 3470 4332 prophetiam
3521 4272 3771 4317 accurate
3828 4263 3986 4319 dictis

2397 4370 2711 4419 consonam,
2745 4371 2861 4426 qn:e
2895 4354 3007 4425 jam
3046 4355 3172 4408 olim
3204 4371 3390 4409 eorum
3430 4357 3810 4424 malignitatem
3847 4373 3982 4426 pra:-

2399 4449 2646 4503 nuntiat?
2668 4448 2818 4516 Quod
2850 4448 3096 4502 Christus
3121 4464 3261 4503 nunc
3285 4449 3587 4505 accusando
3614 4449 3837 4518 profert,
3885 4448 3986 4504 hoc

2393 4543 2504 4612 jam
2536 4543 2662 4597 olim
2693 4543 2824 4597 dixit
2866 4540 3048 4608 lsaias,
3092 4543 3236 4613 quod
3267 4544 3514 4598 mandata
3543 4543 3637 4599 Dei
3670 4553 3928 4614 spernant
3968 4562 3984 4598 :

2398 4637 2615 4691 Frustra
2640 4637 2782 4692 enim
2824 4637 2995 4691 colunt
3025 4652 3124 4702 me,
3173 4636 3376 4706 inquit;
3417 4635 3485 4691 de
3523 4637 3634 4693 suis
3673 4652 3802 4693 vero
3842 4653 3986 4708 pne-

2396 4731 2564 4798 ceptis
2608 4743 2852 4799 magnam
2903 4742 3085 4783 curam
3137 4726 3386 4794 habeant,
3431 4726 3678 4782 Docentes
3721 4729 3986 4794 mandata,

2397 4823 2652 4876 doctrinas
2679 4823 2961 4875 hominum.
2993 4820 3119 4876 Iure
3164 4835 3295 4892 ergo
3324 4821 3422 4876 has
3451 4821 3695 4891 discipuli
3729 4839 3834 4876 non
3866 4837 3984 4878 ser-

2401 4925 2548 4969 vant.
2584 4915 2866 4983 Postquam
2897 4914 3059 4982 igitur
3098 4913 3310 4968 letalem
3341 4913 3477 4967 hanc
3515 4913 3721 4982 plagam
3754 4913 3861 4968 illis
3901 4914 3985 4967 in-

2397 5009 2552 5074 ﬂixit,
2580 5017 2740 5079 atque
2795 5023 2861 5062 ex
2916 5007 3102 5073 factis,
3162 5016 3218 5062 et
3271 5021 3337 5062 ex
3362 5007 3573 5076 propria
3601 5007 3836 5076 ipsorum
3864 5021 3987 5062 sen-

2399 5100 2582 5164 tentia,
2611 5113 2783 5169 exque
2816 5096 3069 5166 propheta
3095 5099 3487 5152 accusationem
3520 5099 3686 5159 auxit,
3718 5098 3822 5153 illis
3861 5100 3983 5170 qui-

2394 5193 2516 5249 dem
2564 5192 2694 5247 nihil
2740 5190 2872 5245 ultra
2915 5190 3166 5258 loquitur,
3201 5198 3383 5258 utpote
3421 5190 3512 5260 qui
3554 5190 3829 5246 emendari
3877 5207 3982 5246 non

2397 5295 2663 5358 poterant,
2714 5299 3018 5340 sermonem
3064 5300 3192 5338 vero
3240 5285 3503 5338 convertit
3547 5282 3614 5338 ad
3665 5284 3877 5349 turbas,
3927 5293 3985 5340 ut

2395 5381 2585 5452 dogma
2616 5377 2830 5433 inducat
2860 5377 3109 5439 sublime,
3148 5393 3417 5446 magnum,
3447 5388 3500 5431 et
3531 5377 3694 5433 multa
3737 5378 3983 5450 philoso-

2456 5565 2528 5627 (a)
2545 5571 2713 5612 Eorum
2736 5561 2819 5627 qui
2839 5561 2910 5610 sic
2931 5561 3531 5627 interpretabanturmens
3551 5563 3656 5627 haec
3666 5562 3857 5627 videtur
3875 5566 3984 5627 iub:

2392 5622 2485 5690 se}
2509 5636 2702 5690 portum
2722 5622 2895 5690 offero,
2921 5622 3317 5690 quodetiamtibt’
3340 5626 3517 5687 prosit,
3541 5624 3724 5690 siquid
3747 5639 3859 5678 uero
3895 5623 3986 5690 tibi

2391 5685 2782 5758 oﬂiriigrwsteni
2803 5724 2816 5746 ,
2851 5687 2917 5758 id.
2936 5686 3088 5758 gratis
3134 5685 3260 5758 facio
3278 5725 3290 5747 ,
3329 5701 3437 5758 cum
3473 5685 3632 5738 omnia
3668 5702 3775 5758 mea

2397 5747 2493 5803 Ii'eo
2506 5747 2710 5815 offerre;
2732 5747 2776 5799 si
2798 5748 2917 5811 quid
2938 5747 2990 5799 in
3014 5757 3058 5799 te
3083 5748 3346 5811 conferam,
3365 5749 3417 5801 id
3438 5763 3504 5801 ea:
3522 5764 3629 5802 utea
3644 5747 3818 5816 patdet
3837 5749 3976 5802 litter-

2387 5824 2505 5870 tote.
