4170 6488
296 537 422 609 phia
452 533 717 608 plenum;
747 538 1075 603 sumptaque
1100 544 1166 585 ex
1196 528 1289 583 illo
1317 524 1625 589 occasione,
1655 516 1833 591 majus
1861 516 1928 571 il-

305 631 397 687 Iud
434 630 741 695 contexuit,
789 638 844 683 et
890 627 1136 681 ciborum
1180 620 1613 676 observationem
1660 611 1922 669 eliminat.

298 724 411 780 Sed
440 723 565 779 vide
590 719 832 792 quando.
855 718 992 774 Cum
1020 717 1295 787 leprosum
1320 710 1619 774 mundavit,
1650 722 1774 763 cum
1800 704 1924 760 sab-

301 819 484 873 batum
512 814 713 880 solvit;
746 812 963 887 quando
1003 820 1162 865 terra:
1207 806 1479 875 marisque
1508 816 1690 873 regem
1728 815 1790 857 se
1827 798 1922 854 de-

300 908 548 974 claravit,
579 905 798 979 quando
823 905 972 975 leges
1001 902 1169 965 dedit,
1196 898 1414 971 quando
1446 907 1664 968 peccata
1690 893 1915 956 dimisit,

295 1000 517 1071 quando
546 1007 791 1055 mortuos
830 984 1103 1063 excitavit,
1135 992 1354 1063 quando
1391 999 1709 1061 argumenta
1750 988 1919 1041 multa

296 1091 600 1148 divinitatis
641 1105 756 1147 sum
801 1090 933 1162 ipsis
975 1086 1226 1159 praebuit,
1273 1094 1401 1140 tunc
1444 1082 1514 1138 de
1557 1080 1696 1137 cibis
1738 1078 1917 1149 loqui-

294 1196 408 1242 tur.
912 1178 916 1183 ”
1818 1238 1829 1248 .

372 1280 427 1335 3.
472 1276 801 1350 Abrogandte
851 1274 1254 1333 circumcisionis
1306 1270 1598 1344 diﬁicultas.
1633 1299 1707 1310 —
1746 1267 1915 1323 Totus

293 1371 443 1426 enim
478 1369 791 1426 Judaismus
830 1368 932 1425 hac
961 1368 1014 1422 in
1044 1382 1105 1423 re
1130 1366 1483 1422 cuntiuetur:
1513 1363 1560 1419 si
1601 1362 1705 1418 hoc
1729 1361 1915 1418 abstu-

293 1464 462 1532 leris,
513 1473 685 1519 totum
745 1461 1032 1519 abstulisti.
1103 1460 1236 1517 Nam
1300 1457 1427 1516 inde
1476 1463 1910 1523 commonstrat,

290 1559 459 1614 etiam
506 1557 975 1614 circumcisionem
1019 1553 1269 1625 abrogari
1316 1560 1611 1626 oportere:
1644 1550 1740 1608 sed
1780 1549 1913 1605 illud

291 1668 405 1707 non
461 1651 734 1721 prmeipue
799 1648 1041 1728 induxit,
1094 1646 1349 1718 quoniam
1414 1644 1518 1701 hoc
1584 1651 1911 1714 praeceptum

291 1742 420 1797 aliis
468 1752 589 1797 erat
637 1740 944 1810 antiquius,
992 1747 1050 1794 et
1096 1739 1304 1808 majore
1348 1735 1740 1793 observabatur
1782 1733 1912 1788 reli-

290 1834 487 1903 gione;
516 1832 613 1888 sed
658 1847 754 1903 per
772 1830 1069 1901 discipulos
1100 1829 1232 1885 illud
1256 1830 1462 1885 statuit.
1493 1827 1569 1883 Ita
1599 1841 1791 1898 magna
1823 1842 1913 1882 res

288 1896 449 1993 eral,
473 1896 539 1981 ut
585 1896 708 1983 cuin
749 1896 998 1996 discipuli
1049 1933 1170 1996 post
1209 1932 1419 1979 tantum
1452 1932 1666 1993 tempus
1694 1896 1912 1977 vvellent

288 2020 443 2077 illam
494 2021 789 2092 abrogare,
851 2021 1022 2089 primo
1069 2020 1214 2075 illam
1268 2018 1651 2085 adhibuerint,
1713 2016 1911 2073 deinde

288 2116 628 2182 abrogarint.
685 2115 818 2170 Vide
871 2122 1049 2169 autem
1103 2112 1377 2185 quomodo
1431 2112 1606 2182 legem
1666 2110 1907 2167 inducat.

288 2210 385 2264 10.
427 2206 557 2263 Cum
614 2207 907 2262 advocasset
953 2207 1086 2260 enim
1131 2204 1342 2269 turbas,
1386 2202 1592 2274 inquit,
1626 2204 1758 2258 dixit
1792 2204 1905 2282 eis,

285 2299 483 2354 Audite
506 2308 553 2353 et
579 2299 864 2369 intelligite.
897 2296 1085 2369 Neque
1116 2299 1259 2351 enim
1287 2295 1605 2366 simpliciter
1646 2296 1778 2365 ipsis
1805 2294 1907 2350 hoc

286 2392 607 2457 annuntiat,
660 2390 756 2445 sed
802 2390 952 2461 prius
982 2389 1187 2444 honore
1227 2398 1390 2458 atque
1430 2386 1693 2457 obsequio
1728 2395 1907 2441 atten-

289 2484 493 2540 tionem
538 2484 778 2540 sermoni
816 2497 921 2539 suo
960 2482 1213 2539 conciliat
1258 2480 1386 2553 (hoc
1409 2479 1554 2537 enim
1582 2479 1908 2550 signiﬁcavit

284 2578 620 2649 evangelista
650 2593 773 2632 cum
803 2577 974 2644 dixit,
1007 2574 1139 2632 Cum
1162 2575 1458 2630 aduocasset
1484 2574 1731 2645 deinde),
1774 2589 1905 2630 nec-

286 2684 399 2724 non
425 2685 493 2725 ex
524 2669 784 2740 temporis
807 2668 1230 2738 opportunitate.
1279 2665 1569 2737 Postquam
1610 2665 1753 2719 enim
1781 2664 1904 2720 illos

284 2765 658 2822 confutaverat
697 2774 751 2819 et
796 2763 1031 2827 vicerat,
1070 2770 1351 2832 postquam
1380 2776 1446 2815 ex
1477 2757 1738 2831 propheta
1782 2758 1905 2812 red-

281 2864 571 2928 arguerat,
618 2864 746 2911 tunc
795 2855 966 2925 legem
1016 2853 1161 2909 ferre
1225 2853 1448 2924 incipit,
1516 2866 1638 2905 cunt
1692 2851 1901 2906 facilius

282 2959 536 3021 potet-ant
576 2948 718 3006 dicta
768 2949 1056 3019 excipere;
1116 2962 1219 3003 nec
1264 2948 1427 3003 modo
1477 2948 1741 3012 advocat,
1801 2947 1898 3003 sed

279 3046 603 3101 attentiores
649 3044 844 3100 reddit.
881 3043 1191 3117 lntelligite,
1236 3043 1444 3114 inquit;
1490 3043 1593 3098 hoc
1630 3052 1746 3107 est,
1792 3041 1897 3095 Co-

278 3139 449 3211 gitate
466 3181 481 3204 ,
505 3140 743 3194 animum
773 3139 1002 3210 erigite,
1025 3137 1325 3193 attentione
1359 3136 1519 3207 digna
1542 3145 1626 3191 est
1649 3135 1733 3191 lex
1770 3152 1895 3192 mox

276 3231 590 3286 scribenda.
638 3230 771 3286 Nam
801 3232 846 3285 si
888 3230 964 3285 illi
1007 3239 1250 3299 tempore
1286 3244 1393 3283 non
1426 3236 1791 3283 consentanea
1817 3227 1896 3284 lt:~

276 3337 403 3393 gem
453 3322 737 3377 solverunt
792 3331 1011 3391 propter
1056 3320 1400 3376 traditionem
1451 3334 1639 3384 suam,
1688 3330 1743 3374 et
1795 3334 1895 3375 ves

277 3413 506 3469 audiStis
543 3414 665 3469 illos
703 3430 717 3467 :
762 3413 932 3469 multo
961 3414 1131 3484 magis
1174 3428 1261 3468 me
1300 3413 1485 3469 audire
1512 3422 1761 3482 Oportet,
1799 3413 1889 3484 qui

278 3516 526 3578 tempore
572 3516 876 3576 opportuno
923 3506 990 3560 ad
1032 3506 1291 3576 majorem
1346 3520 1441 3561 vos
1489 3504 1888 3577 philosOphiam

280 3599 501 3657 induco.
558 3598 669 3655 Nec
707 3599 881 3662 dixit,
931 3598 1073 3654 Nihil
1122 3608 1206 3654 est
1252 3598 1495 3653 ciborum
1541 3597 1886 3664 observatio,

275 3691 394 3756 vel,
422 3691 637 3763 Moyses
663 3689 714 3745 id
743 3690 883 3744 male
912 3691 1168 3760 praecepit
1189 3732 1201 3749 ,
1233 3689 1317 3744 vel
1350 3705 1472 3745 sese
1498 3690 1652 3744 vobis
1689 3698 1887 3745 attem-

274 3783 519 3855 peravit;
564 3780 660 3837 sed
699 3782 850 3852 quasi
892 3781 1235 3836 admonendo
1277 3792 1331 3836 et
1367 3780 1731 3847 consulendo,
1774 3793 1825 3836 et
1854 3797 1885 3837 a

272 3890 457 3931 rerum
505 3882 693 3928 natura
725 3874 1090 3929 testiinonium
1132 3873 1403 3944 accipiens
1431 3872 1564 3929 dicit
1591 3891 1605 3928 :
1638 3875 1728 3930 ll.
1762 3873 1884 3929 Non

269 3984 387 4037 qua:
415 3967 611 4021 intrant
646 3968 700 4020 in
736 3983 819 4030 os,
852 3967 1184 4038 coinquinant
1224 3969 1479 4022 hominem
1502 4009 1516 4033 ,
1548 3968 1638 4022 sed
1672 3984 1787 4036 qate
1823 3985 1887 4023 ea:

271 4076 361 4114 ore
390 4060 670 4129 procedunt
698 4075 719 4115 :
749 4060 1042 4115 secundum
1081 4060 1252 4129 ipsam
1300 4071 1544 4115 ttaturam
1567 4104 1582 4127 ,
1623 4070 1679 4118 et
1708 4062 1881 4133 legem

272 4153 478 4221 profert
528 4162 582 4206 et
625 4146 948 4208 sententiam
976 4153 1127 4208 dicit.
1179 4152 1303 4209 llatc
1335 4154 1407 4208 illi
1449 4154 1731 4210 audientes
1772 4170 1880 4210 non

267 4244 712 4299 contradixerunt
736 4286 749 4305 ,
797 4261 970 4317 neque
1019 4246 1310 4315 dixerunt,
1339 4246 1477 4316 Quid
1522 4257 1576 4301 tu
1605 4247 1719 4303 ais?
1756 4265 1879 4304 cum

268 4340 414 4395 Deus
457 4340 527 4396 de
570 4340 813 4397 ciborum
855 4342 1232 4398 observatione
1275 4343 1557 4400 innumera
1604 4359 1881 4415 pratcepe-

266 4433 371 4496 rit,
404 4442 459 4487 tu
494 4432 802 4503 hujusmodi
834 4433 979 4504 leges
1011 4433 1215 4489 tradis?
1241 4434 1335 4489 sed
1373 4436 1496 4505 quia
1526 4434 1877 4491 vehementer

265 4527 391 4581 illos
418 4538 782 4596 represserat,
813 4545 917 4582 non
964 4528 1290 4583 eonfutando
1330 4530 1536 4593 solum,
1570 4530 1663 4584 sed
1696 4530 1875 4585 dolum

264 4622 511 4688 ipsorum
570 4622 624 4676 in
683 4622 917 4677 medium
963 4622 1275 4690 all‘ercndo,
1334 4639 1398 4679 ac
1454 4640 1572 4693 quae
1611 4626 1748 4680 clam
1804 4626 1873 4679 illi

264 4726 613 4783 struxerant,
679 4734 981 4789 arcanaque
1044 4720 1239 4775 mentis
1291 4736 1476 4776 eorum
1544 4722 1873 4787 revelando,

265 4826 391 4865 cum
432 4811 649 4867 silentio
690 4825 1051 4868 recesserunt.
1096 4813 1177 4868 'I‘u
1219 4830 1349 4868 vero
1388 4813 1518 4868 mihi
1556 4814 1831 4884 perpende
1856 4858 1870 4882 ,

264 4903 539 4973 quomodo
592 4920 691 4959 nec
739 4905 1023 4961 manifeste
1072 4921 1172 4960 nec
1234 4906 1408 4975 palam
1450 4906 1519 4962 de
1554 4906 1687 4961 cibis
1731 4906 1877 4962 edis-

260 5008 433 5053 serat.
465 4994 695 5068 ideoque
726 5013 831 5053 non
858 4999 1025 5065 dixit,
1067 4998 1211 5062 Cibi,
1242 5000 1335 5055 sed
1361 5043 1376 5066 ,
1413 4999 1523 5067 Ea,
1566 5018 1679 5069 queo
1699 5003 1871 5071 ingre-

260 5088 509 5155 diuntur,
544 5107 646 5145 non
689 5091 1031 5162 coinquinant
1065 5094 1355 5156 hominem;
1399 5095 1540 5164 quod
1573 5096 1733 5149 etiam
1779 5110 1874 5162 po-

261 5190 444 5237 terant
496 5181 564 5237 de
601 5182 764 5238 illotis
823 5185 1069 5240 inanibus
1108 5186 1392 5255 suSpicari.
1457 5186 1575 5257 Ipse
1638 5202 1871 5257 namque

257 5273 360 5329 de'
386 5274 527 5331 cibis
564 5275 921 5346 loquebatur;
964 5288 1281 5349 poteratque
1322 5290 1498 5335 tamen
1542 5280 1761 5350 intelligi
1804 5281 1871 5337 de

256 5364 425 5421 illatis
455 5365 722 5421 manibus.
767 5367 937 5422 Tanta
981 5372 1123 5424 enim
1159 5382 1275 5425 erat
1322 5364 1562 5426 ciboi'um
1609 5373 1871 5429 observa-

255 5456 367 5523 tio,
411 5467 469 5512 ιιι
511 5460 674 5513 etiam
720 5469 840 5528 post
880 5460 1332 5517 resurrectionem
1376 5462 1568 5518 Petrus
1606 5464 1813 5518 diceret
1852 5480 1866 5516 :

257 5547 418 5617 Non,
468 5548 725 5618 Domine,
767 5552 886 5623 quia
946 5570 1221 5626 numquam
1269 5573 1569 5622 commune,
1626 5568 1715 5611 aut
1769 5560 1871 5611 im-

254 5645 500 5698 mundam
547 5646 673 5716 quid
716 5646 913 5700 comedi
969 5648 1106 5715 (Act.
1155 5649 1243 5704 10.
1288 5651 1402 5721 14).
1454 5651 1673 5705 Etiamsi
1724 5653 1867 5707 enim

250 5736 481 5795 aliorum
520 5754 688 5795 causa
738 5739 853 5794 haec
882 5741 1119 5809 diceret,
1156 5753 1212 5797 ut
1251 5743 1351 5797 sibi
1401 5743 1662 5798 adversus
1706 5761 1867 5799 accu-

249 5841 455 5890 satores
495 5832 881 5892 defensionem
931 5846 1174 5904 pararet,
1228 5836 1645 5907 ostenderetque
1691 5853 1751 5893 se
1777 5854 1868 5894 re-

246 5930 444 5987 stitisse
465 5972 481 5999 ,
512 5942 697 5999 neque
721 5926 802 5982 sic
838 5926 889 5981 id
918 5927 1016 5983 sibi
1046 5943 1366 5986 concessum
1396 5930 1562 5987 fuisse
1581 5971 1598 6001 ,
1630 5942 1865 5989 attamen

1370 404 1434 464 IN
1473 395 1890 462 hlAT'l‘Il/EUM
1930 396 2166 457 HOMIL.
2206 400 2295 460 LI.
2337 404 2410 460 al.
2453 401 2601 467 ιιι..

3552 406 3665 466 διε

2035 518 2268 573 ostendit
2292 535 2538 590 magnam
2570 521 2731 593 hujus
2762 523 2839 579 rei
2865 536 3051 579 curant
3083 533 3138 579 et
3170 525 3504 595 opinionem.
3534 525 3662 581 Ideo

2029 607 2279 666 Christus
2299 612 2351 668 in
2377 613 2644 686 principio
2679 631 2790 672 non
2824 617 2896 672 ita
2924 628 3114 689 aperte
3139 618 3210 675 de
3234 620 3372 676 cibis
3399 620 3661 692 loquutus

2027 711 2140 770 est,
2169 704 2265 759 sed
2303 704 2470 771 dixit,
2504 705 2632 773 Quae
2672 724 2766 781 per
2788 726 2845 765 os
2878 711 3241 782 ingrediuntur
3276 728 3297 768 :
3332 727 3398 768 ac
3427 726 3617 769 rursus
3638 753 3658 782 ,

2026 811 2151 851 cum
2194 799 2532 855 manifestius
2562 800 2663 857 hac
2698 801 2768 859 de
2813 820 2873 861 re
2919 814 3106 874 postea
3149 804 3408 875 loquutus
3436 805 3658 862 videre-

2030 900 2118 947 tur
2140 934 2155 959 ,
2187 907 2218 948 a
2253 892 2362 951 fine
2390 894 2478 950 illa
2503 895 2848 954 obumbravit
2875 898 3065 955 dicens
3093 918 3108 955 :
3140 898 3315 955 lllotis
3338 911 3510 956 autem
3544 918 3661 955 ma-

2025 983 2175 1067 nibus
2217 987 2533 1044 manducare
2576 997 2679 1045 non
2723 992 3021 1062 coinquinat
3066 992 3368 1049 hominem:
3414 1004 3471 1049 ut
3531 994 3659 1050 hinc

2026 1078 2302 1136 videretur
2332 1082 2542 1140 initium
2585 1084 2820 1151 ducere,
2865 1087 3192 1161 interimque
3232 1088 3324 1145 illa
3353 1088 3422 1146 de
3457 1104 3517 1146 re
3544 1090 3659 1146 dis-

2024 1173 2283 1231 seruisse.
2324 1175 2537 1235 Idcirco
2562 1194 2673 1235 non
2716 1180 2882 1249 dixit,
2914 1179 3173 1238 Ciborum
3194 1198 3325 1239 esus
3358 1180 3466 1239 non
3496 1185 3655 1240 eoin-

2022 1267 2211 1336 quinat
2229 1268 2537 1337 hominem;
2571 1272 2667 1329 Sed
2696 1275 2847 1346 quasi
2883 1273 2955 1331 de
2989 1275 3095 1332 alia
3136 1291 3196 1333 re
3237 1276 3522 1348 disputans
3543 1320 3560 1347 ,
3592 1288 3654 1333 ut

2025 1359 2161 1416 nihil
2203 1372 2426 1433 possent
2466 1364 2543 1420 illi
2572 1366 2832 1438 objicere.
2875 1368 3005 1426 Haec
3043 1384 3167 1426 cum
3206 1370 3527 1439 audissent,
3563 1371 3650 1427 in—

2020 1456 2168 1525 quit,
2196 1458 2549 1515 scandalizati
2580 1470 2741 1528 sunt,
2779 1463 3036 1521 Pharisaei
3064 1480 3285 1537 nempe,
3319 1481 3427 1523 non
3452 1467 3645 1525 turben

2022 1547 2112 1603 12.
2154 1548 2470 1608 Accedentes
2515 1554 2692 1620 enim,
2746 1556 2945 1628 inquit,
2979 1556 3227 1631 discipuli
3268 1560 3380 1630 ejus
3407 1561 3649 1617 dixerunt

2020 1640 2067 1694 ei
2092 1657 2113 1695 :
2143 1639 2262 1696 Scis
2302 1644 2424 1713 quia
2469 1642 2763 1712 Pharisaei,
2795 1649 2974 1704 audito
3009 1650 3107 1706 hoc
3150 1652 3304 1709 verba
3325 1693 3341 1719 ,
3381 1652 3647 1709 καικίαιὶ-

2018 1735 2123 1789 sati
2150 1737 2315 1791 sunt?
2347 1738 2411 1793 Et
2439 1748 2618 1796 tamen
2651 1741 3064 1800 nihiladversus
3092 1759 3189 1800 eos
3215 1745 3419 1802 dictum
3449 1746 3644 1819 fuerat.

2019 1826 2158 1895 Quid
2191 1828 2353 1900 igitur
2387 1827 2673 1888 Christus?
2708 1834 2824 1890 Non
2857 1835 3019 1892 solvit
3060 1837 3381 1895 scandalum
3411 1834 3601 1896 earum
3625 1882 3642 1905 ,

2018 1919 2114 1976 sed
2144 1921 2478 1995 increpavit,
2524 1927 2715 1984 dicens
2746 1947 2761 1985 :
2793 1930 2885 1987 15.
2919 1930 3101 1986 Omnis
3152 1932 3441 2004 plantatio,
3485 1951 3643 2005 quam

2017 2028 2121 2067 non
2149 2014 2398 2085 plantavit
2440 2017 2596 2074 Pater
2638 2038 2782 2077 meus
2814 2023 3030 2080 celestis
3051 2065 3067 2093 ,
3115 2025 3482 2083 eradicabitur.
3525 2026 3641 2084 No-

2016 2116 2169 2162 verat
2215 2111 2361 2166 enim
2403 2113 2747 2183 quandonam
2802 2117 3055 2173 scandala
3098 2120 3537 2187 contemnenda,
3585 2130 3641 2180 et

2014 2202 2231 2273 quando
2282 2220 2391 2261 non
2442 2207 2790 2279 despicienda
2837 2222 3013 2269 erant.
3058 2214 3200 2270 Alibi
3251 2216 3450 2287 quippe
3494 2218 3570 2272 ait
3619 2235 3634 2273 :

2016 2294 2102 2351 Ne
2126 2298 2534 2355 scandalizemus
2558 2319 2673 2367 eos,
2719 2304 2862 2360 mitts
2904 2304 3115 2360 hamum
3142 2307 3195 2362 in
3234 2325 3380 2363 mare
3417 2309 3635 2379 (Matth.

2017 2390 2107 2445 l7.
2135 2390 2271 2463 26);
2308 2392 2396 2449 hic
2437 2410 2568 2451 vero
2596 2397 2728 2453 dicit
2760 2416 2773 2451 :
2810 2399 2898 2455 ιι.
2942 2399 3112 2457 Sinite
3138 2400 3293 2468 illos,
3321 2403 3444 2458 cteci
3479 2414 3634 2468 sunt,

2012 2492 2061 2537 et
2102 2484 2257 2540 duces
2304 2502 2579 2543 caecorum.
2645 2487 2822 2546 Caecus
2871 2504 3041 2548 autem
3102 2494 3148 2548 si
3194 2509 3329 2549 circa
3391 2494 3634 2551 ducatum

2012 2587 2246 2645 pra'stet,
2275 2580 2425 2635 ambo
2459 2581 2514 2637 in
2543 2586 2744 2653 foveam
2772 2583 2975 2640 cadent.
3009 2584 3139 2642 Ha‘c
3167 2598 3351 2644 autem
3380 2588 3633 2646 dicebant

2010 2668 2295 2741 discipuli,
2345 2688 2451 2729 non
2483 2682 2591 2730 tam
2620 2676 2763 2746 quod
2807 2674 2876 2733 de
2906 2676 3013 2733 illis
3037 2678 3317 2745 dolerent,
3346 2681 3443 2737 sed
3485 2682 3631 2753 quod

2011 2776 2065 2822 et
2094 2766 2194 2838 ipsi
2240 2770 2577 2841 aliquantum
2627 2773 2993 2829 turbarentur.
3027 2774 3164 2844 Quia
3194 2792 3323 2833 vero
3371 2789 3480 2833 non
3526 2794 3627 2833 au-

2009 2859 2211 2917 debant
2258 2862 2389 2919 illttd
2432 2880 2499 2920 ex
2533 2866 2750 2938 propria
2784 2882 3015 2938 persona
3062 2868 3276 2935 dicere,
3325 2870 3378 2925 in
3428 2887 3622 2927 narra-

2010 2956 2155 3011 tione
2188 2955 2259 3013 de
2310 2958 2431 3013 aliis
2466 2957 2707 3015 instituta
2761 2960 2813 3016 id
2864 2961 3111 3018 ediscere
3156 2962 3432 3019 volebant.
3490 2965 3626 3023 Nam

2004 3051 2149 3122 quod
2178 3065 2267 3107 res
2301 3052 2373 3107 ita
2408 3066 2469 3112 se
2493 3052 2692 3110 habeat
2711 3096 2726 3117 ,
2754 3054 2879 3110 audi
2917 3055 3190 3126 quomodo
3217 3067 3401 3128 postea
3433 3058 3625 3127 Petrus

2004 3143 2225 3201 fervens
2256 3147 2376 3213 ille,
2405 3149 2496 3217 qui
2541 3163 2760 3218 semper
2789 3149 2938 3219 prior
2965 3149 3209 3217 accedit,
3239 3150 3384 3207 dicat
3417 3171 3435 3206 ι
3468 3151 3624 3208 Edis-

2000 3254 2107 3293 sere
2136 3238 2279 3293 nobis
2320 3241 2620 3311 parabolam
2642 3242 2772 3295 hanc
2806 3240 3021 3310 (Matth.
3057 3242 3144 3299 15.
3176 3242 3304 3315 15);
3346 3246 3510 3302 animi
3536 3249 3620 3303 sui

2002 3332 2460 3401 perturbationem
2520 3332 2838 3398 declarans,
2886 3350 2988 3390 nec
3036 3335 3245 3391 audens
3293 3339 3465 3407 palam
3534 3340 3620 3394 di-

1998 3439 2156 3489 cere,
2212 3423 2314 3479 hoc
2362 3425 2463 3479 sibi
2523 3423 2849 3481 oﬂ‘endiculo
2915 3442 3072 3489 esse,
3125 3429 3224 3484 sed
3271 3446 3501 3501 rogans,
3559 3449 3621 3489 se

1997 3524 2365 3583 commotum,
2460 3517 2907 3588 interpretatione
2996 3520 3207 3588 sedari;
3288 3537 3619 3596 quapropter

1996 3606 2161 3663 etiam
2222 3610 2529 3679 increpatus
2584 3608 2703 3666 fuit.
2772 3610 2910 3679 Quid
2962 3613 3124 3684 igitur
3185 3615 3262 3670 ait
3323 3614 3617 3674 Christus?

1997 3699 2180 3757 Omnis
2223 3702 2475 3771 plantatio
2498 3745 2514 3769 ,
2571 3719 2727 3774 quam
2780 3721 2884 3759 non
2946 3707 3195 3776 plantarit
3247 3707 3410 3764 Pater
3470 3728 3617 3767 meus

1994 3796 2247 3861 ctelestis,
2298 3797 2662 3853 eradicabilur.
2719 3798 2831 3857 Hoc
2862 3797 2930 3854 de
2981 3800 3097 3871 lege
3131 3802 3336 3857 dictum
3383 3805 3614 3862 al'l'crunt

1997 3891 2030 3945 ii
2060 3892 2149 3961 qui
2202 3890 2624 3947 Manichaeorum
2678 3894 2870 3950 morbo
2910 3894 3160 3952 laborant
3187 3898 3299 3970 (a);
3347 3900 3439 3955 sed
3490 3916 3612 3972 quae

1994 3985 2142 4055 prius
2167 3986 2311 4041 dicta
2357 3996 2517 4054 sunt,
2553 4002 2648 4041 ora
2680 3988 2893 4043 illorum
2930 3989 3239 4048 obstruunt.
3289 3992 3423 4048 Nam
3469 3996 3512 4049 si
3541 3996 3612 4052 de

1993 4078 2109 4149 lege
2146 4078 2404 4145 dixisset,
2437 4080 2712 4150 quomodo
2742 4096 2904 4151 supra
2937 4082 3113 4154 legem
3134 4082 3502 4153 defendisset,
3544 4104 3613 4145 ac

1989 4189 2089 4242 pro
2136 4189 2197 4229 ea
2241 4184 2531 4243 pugnasset
2561 4175 2967 4232 dicendo:Cur
3010 4180 3429 4251 transgredimini
3456 4200 3609 4239 mane

1988 4268 2167 4320 datum
2212 4265 2303 4320 Dei
2342 4284 2434 4337 per
2462 4267 2791 4322 traditionem
2819 4271 3081 4324 vestram?
3125 4274 3400 4342 quomodo
3424 4285 3605 4332 autem

1991 4362 2308 4432 prophetam
2357 4362 2411 4416 in
2459 4361 2695 4417 medium
2743 4363 2949 4419 inducit
2993 4363 3267 4421 dicentem
3319 4386 3333 4421 :
3372 4366 3607 4439 Populus

1988 4456 2070 4510 hic
2122 4456 2272 4510 labiis
2323 4472 2405 4509 me
2462 4457 2719 4523 honorat,
2767 4468 2878 4514 etc.
2944 4458 3051 4514 Sed
3106 4459 3173 4516 de
3224 4463 3328 4517 illis
3376 4464 3507 4535 ipsis
3548 4475 3606 4522 et

1986 4550 2053 4605 de
2086 4549 2464 4604 traditionibus
2494 4566 2684 4605 eorum
2719 4550 2836 4607 huic
2878 4552 3133 4623 loquitur.
3180 4554 3313 4609 Nam
3363 4557 3407 4612 si
3462 4556 3604 4614 Deus

1984 4643 2154 4707 dixit,
2229 4640 2445 4697 Honora
2505 4653 2702 4713 patrem
2769 4652 2950 4711 luunt,
3018 4656 3065 4701 et
3126 4658 3339 4702 matrem
3403 4659 3541 4703 luant
3582 4668 3604 4707 .°

1984 4737 2257 4807 quomodo
2281 4737 2331 4792 id
2362 4738 2506 4808 quod
2529 4754 2556 4791 a
2586 4738 2696 4793 Deo
2724 4738 2924 4794 dictum
2954 4751 3057 4805 est,
3090 4758 3194 4796 non
3228 4751 3313 4798 est
3343 4744 3605 4814 plantatio

1988 4833 2122 4886 Dei?

2056 4924 2109 4979 4.
2145 4923 2199 4979 Id
2240 4925 2409 4980 etiam
2460 4926 2605 4996 quod
2654 4927 2899 4997 sequitur
2939 4928 3165 4998 prohat,
3197 4928 3264 4986 de
3296 4931 3403 4985 illis
3429 4941 3489 4988 et
3532 4933 3603 4989 de

1986 5015 2367 5071 traditionibus
2421 5016 2635 5071 illorum
2697 5017 2813 5073 hme
2859 5019 3001 5075 dicta
3035 5020 3201 5076 fuisse
3255 5044 3268 5078 :
3318 5038 3442 5078 nam
3469 5026 3602 5080 sul;-

1977 5110 2158 5180 junxit
2189 5128 2201 5163 :
2230 5110 2366 5168 Circi
2394 5122 2511 5166 sunt
2553 5112 2708 5166 duces
2746 5130 3014 5170 eiecerunt.
3051 5116 3105 5169 Si
3132 5115 3202 5173 de
3249 5118 3367 5189 lege
3419 5120 3471 5174 id
3518 5122 3601 5175 lo.

1984 5214 2183 5273 quntus
2214 5206 2399 5261 luisset
2421 5248 2434 5273 ,
2467 5207 2717 5262 dieturus
2747 5219 2899 5273 erat,
2948 5210 3060 5265 Dux
3092 5222 3170 5267 est
3222 5230 3396 5269 ett-eus
3426 5231 3602 5271 meo.

1980 5315 2135 5365 rum;
2186 5314 2370 5354 verum
2418 5316 2522 5355 non
2576 5302 2647 5356 ila
2700 5302 2869 5369 dixit,
2918 5304 3048 5369 sed,
3107 5305 3274 5363 Duces
3324 5321 3441 5364 sunt
3479 5315 3602 5367 aeri

1980 5408 2264 5453 carcerum,
2314 5391 2485 5462 legem
2530 5394 2598 5449 ab
2628 5396 2974 5453 accusatione
3004 5399 3317 5466 vindicans,
3353 5402 3405 5457 in
3454 5404 3603 5459 illos-

1980 5500 2082 5552 que
2126 5494 2293 5539 totunt
2326 5485 2643 5542 refundens.
2694 5488 2899 5543 Deinde
2939 5500 2995 5545 nt
3027 5492 3236 5547 turbam
3286 5494 3354 5549 ab
3384 5496 3489 5550 illis
3515 5499 3601 5551 di-

1981 5577 2201 5631 velleret
2228 5620 2241 5639 ,
2280 5593 2346 5629 ne
2389 5577 2442 5632 in
2477 5578 2789 5635 barathrum
2826 5581 2893 5635 ab
2926 5582 3054 5650 ipsis
3084 5584 3444 5654 dejiceretur,
3476 5591 3550 5643 ait
3584 5607 3599 5645 :

1981 5670 2041 5723 Si
2072 5686 2238 5723 aecus
2267 5686 2458 5724 ccecum
2503 5672 2689 5738 ducat,
2737 5674 2965 5729 amboin
3010 5676 3206 5745 foveam
3250 5678 3453 5733 cadent.
3487 5683 3600 5737 Ma.

1980 5778 2139 5833 gnum
2168 5763 2384 5833 quidem
2414 5764 2615 5820 malum
2648 5768 2863 5823 cmcitas
2891 5777 2974 5822 est
3023 5788 3036 5823 :
3082 5770 3176 5825 sed
3204 5787 3326 5829 esse
3358 5789 3559 5829 cweum
3580 5815 3599 5845 ,

2047 5940 2119 5999 (α)
2158 5941 2405 5990 λιθιιίςὶιςιτὶ
2433 5941 2600 6005 legem
2626 5955 2722 5991 non
2748 5954 2775 5990 a
2796 5938 2907 5990 Deo
2934 5948 3073 5993 Patre
3100 5956 3212 5994 csse
3232 5944 3483 5993 dicebant.
