4170 6486
632 443 735 499 M5

630 578 735 618 nec
762 562 957 616 habere
980 556 1166 611 ducem
1186 595 1202 619 ,
1233 560 1295 605 ct
1320 564 1377 603 se
1402 547 1594 602 ducem
1622 540 1890 613 prmhcre,
1924 533 1976 589 id
2022 530 2219 601 duplex

636 652 935 725 triplexque
980 647 1187 702 crimen
1242 653 1344 696 est.
1391 638 1525 695 Nam
1578 635 1624 691 si
1667 628 2026 702 periculosum
2075 634 2249 683 cmco.

637 714 725 804 est
743 786 758 811 ,
793 714 896 797 non
946 739 1144 795 habere
1172 736 1396 798 ducent,
1432 730 1600 786 multo
1640 721 1995 797 periculosius
2036 716 2140 772 erit
2177 714 2220 768 si

635 854 693 893 se
738 807 892 891 alteri
935 832 1124 888 ducem
1154 828 1413 900 prmheat.
1443 820 1580 890 Quid
1625 818 1785 890 igitur
1831 810 2057 868 Petrus?
2106 807 2221 863 Non

605 926 941 993 -dixit,-Cur
995 922 1113 979 haec
1158 918 1378 977 dixisti?
1424 913 1518 971 sed
1564 910 1716 983 quasi
1761 907 1845 963 rei
1894 901 2224 960 obscuritate

638 1032 857 1090 pressus
880 1016 1193 1087 interrogat.
1227 1010 1337 1066 Nec
1368 1006 1498 1063 dicit
1524 1016 1542 1054 ε
1566 1003 1675 1060 Cur
1697 1010 1884 1056 contra
1929 997 2102 1090 legem
2142 993 2225 1090 lo-

635 1084 832 1183 quutus
860 1107 960 1165 est
991 1084 1209 1161 timebat.
1237 1102 1377 1158 enim
1417 1114 1485 1154 ne
1514 1094 1906 1153 scandalizatus
1951 1088 2115 1144 fuisse
2139 1084 2217 1139 vi-

636 1175 888 1267 deretur;
917 1199 1010 1256 sed
1057 1196 1204 1267 quasi
1230 1194 1459 1249 obseura
1488 1204 1575 1245 res
1604 1194 1752 1243 esset
1788 1182 2045 1253 loquitur.
2072 1175 2223 1245 Quod

622 1283 771 1353 ’νει-ο
808 1307 916 1351 non
946 1288 1288 1348 obscuritatis
1312 1299 1472 1342 causa
1495 1325 1510 1349 ,
1557 1280 1653 1336 sed
1705 1276 1845 1349 quod
1898 1269 2226 1343 scagdaliza-

636 1399 816 1453 retur,
864 1388 979 1442 haec
1003 1382 1232 1443 dixerit,
1266 1379 1440 1450 palam
1486 1385 1566 1432 est
1598 1393 1609 1427 :
1645 1371 1773 1426 nihil
1816 1368 1959 1424 enim
2004 1365 2073 1420 ibi
2125 1362 2225 1418 oh-

637 1478 908 1537 scurilatis
959 1478 1147 1533 inerat.
1201 1472 1461 1540 Quocirca
1512 1464 1755 1522 Christus
1802 1462 2045 1528 increpat
2101 1454 2225 1510 illos

638 1574 871 1629 dicens:
917 1568 1004 1625 i6.
1061 1565 1241 1621 Adhuc
1278 1579 1367 1619 uos
1412 1560 1561 1614 etiam
1608 1558 1716 1612 sine
1761 1551 2016 1608 intettecttt
2062 1546 2227 1603 estis?

639 1667 771 1723 Nam
800 1665 970 1720 turbas
991 1661 1210 1717 forsitan
1232 1658 1375 1712 dicta
1398 1670 1503 1710 non
1530 1650 1905 1708 intellexerunt
1931 1663 1944 1699 :
1974 1643 2077 1714 ipsi
2097 1657 2227 1701 vero

638 1754 978 1815 scandaliaati
1017 1753 1247 1808 fueram.
1295 1748 1472 1817 Quare
1515 1745 1695 1811 initio,
1741 1740 1891 1812 quasi
1931 1738 2000 1793 de
2042 1734 2229 1791 Phari-

638 1852 761 1906 sznis
810 1850 1230 1917 interrogantes,
1288 1839 1532 1896 ediscere
1576 1834 1857 1899 volebant;
1905 1829 1991 1885 ubi
2047 1834 2227 1883 autem

639 1943 924 1999 audierunt
962 1954 1083 1993 eum
1108 1936 1341 2007 grav-iter
1364 1928 1782 1987 comminantem
1825 1939 1888 1981 ac
1915 1922 2187 1977 dicentem
2206 1959 2224 1985 ,

646 2034 825 2089 Omnis
864 2031 1113 2101 plantatio
1132 2070 1149 2094 ,
1198 2041 1350 2096 quam
1410 2038 1511 2077 non
1564 2017 1809 2090 plantavit
1874 2013 2035 2068 Pater
2086 2027 2228 2065 meus

639 2127 881 2193 celestis,
922 2119 1287 2185 eradicabitnr,
1316 2124 1371 2171 et
1391 2157 1404 2177 .
1436 2113 1569 2168 Cia-ci
1590 2122 1708 2167 sunt
1751 2109 1903 2163 duces
1941 2120 2187 2160 coxarum
2207 2144 2223 2168 ,

640 2218 873 2288 repressi
915 2225 1056 2272 sunt.
1109 2210 1213 2268 Sed
1273 2210 1461 2265 Petrus
1504 2219 1716 2275 semper
1759 2200 1988 2265 unicus,
2035 2211 2104 2252 ne
2148 2194 2228 2250 sic

639 2312 853 2385 quidem
883 2319 1063 2364 tacete
1106 2304 1311 2375 putuit,
1353 2298 1447 2354 sed
1476 2297 1603 2353 dicit
1634 2313 1647 2348 :
1682 2294 1768 2349 15.
1820 2289 2059 2345 Edissere
2085 2287 2228 2342 nobis

643 2380 939 2477 par-abolent
990 2402 1138 2452 hanc.
1170 2393 1307 2464 Quid
1356 2406 1483 2462 ergo
1530 2384 1815 2445 Christus?
1850 2380 2229 2437 Vehementius

642 2470 930 2565 respondet
979 2508 992 2543 :
1042 2490 1221 2543 Adhuc
1271 2486 1422 2539 etiam
1472 2498 1559 2536 vos
1615 2480 1723 2534 sine
1775 2474 2030 2530 intellectu
2072 2470 2230 2528 estis?

642 2593 728 2649 17.
764 2587 1004 2644 Nondum
1049 2582 1347 2651 intettigitfs.
1382 2578 1504 2633 Haec
1549 2575 1683 2630 dixit
1712 2574 2024 2641 increpans,
2072 2576 2129 2621 ut
2162 2565 2229 2621 il-

642 2685 811 2739 lorum
854 2676 1249 2751 pezejrnlicetam
1294 2670 1599 2741 npitiionem
1634 2665 1885 2733 ejicerct,
1919 2676 2019 2716 nec
2070 2659 2229 2713 linem

642 2774 851 2833 dicendi
895 2774 1046 2833 fecit,
1076 2768 1170 2824 sed
1198 2766 1318 2822 haec
1357 2761 1554 2833 adjecit
1580 2776 1594 2812 :
1625 2758 1790 2813 Omne
1834 2755 1968 2828 quod
1996 2756 2149 2809 intrat
2176 2753 2231 2805 in

644 2884 735 2934 as,
801 2867 856 2920 in
908 2872 1129 2918 uentrem
1184 2855 1357 2923 vadit,
1414 2864 1462 2909 et
1520 2854 1575 2907 in
1640 2865 1891 2906 secessum
1955 2846 2230 2908 emittitur;

647 2959 733 3016 l8.
763 2972 877 3029 qua
910 2962 1075 3009 aettem
1114 2950 1391 3023 procedunt
1439 2962 1503 3000 ea:
1552 2960 1672 3004 ore,
1724 2942 1787 2995 de
1834 2939 1984 2993 corde
2010 2944 2229 3000 exeunt,

644 3051 800 3111 stilla
824 3046 1150 3116 coinquinant
1178 3041 1451 3095 hominem.
1495 3036 1579 3091 l9.
1614 3033 1693 3089 De
1713 3032 1866 3105 corde
1890 3030 2023 3084 enim
2046 3034 2232 3093 exeunt

644 3144 968 3216 cogitationes
1016 3138 1204 3199 male,
1247 3131 1552 3194 homicidia,
1598 3126 1883 3189 adulteria,
1936 3120 2232 3195 fornicatio-

645 3213 769 3303 nes,
825 3236 997 3308 furta,
1039 3230 1407 3300 blasphemia,
1457 3225 1589 3293 {uisa
1639 3220 1944 3277 testimonia.
2001 3216 2093 3272 20.
2163 3213 2233 3269 Et

647 3331 754 3385 haec
780 3337 895 3383 sunt
936 3342 1049 3397 qute
1088 3321 1413 3391 coinquinant
1454 3316 1725 3370 hominem.
1754 3311 1879 3367 Non
1913 3309 2029 3364 totis
2065 3316 2235 3362 autem

645 3423 875 3480 inanibus
904 3418 1243 3485 manducare,
1281 3429 1381 3468 non
1415 3410 1707 3480 coinquinat
1742 3405 2012 3459 hominem.
2046 3399 2234 3456 Viden‘

646 3533 806 3590 quam
837 3513 1188 3569 vehementer
1213 3508 1333 3563 illos
1361 3500 1637 3573 increpet?
1677 3496 1880 3555 Deinde
1901 3512 1930 3550 a
1958 3491 2233 3549 conununi

648 3619 835 3667 natura
884 3604 1311 3662 sermocinatur,
1357 3606 1413 3653 ut
1470 3596 1588 3650 illos
1639 3591 1705 3647 aii
1754 3592 1945 3646 bonam
1997 3592 2233 3641 mentem

647 3704 826 3760 ducat.
870 3699 1004 3755 Cum
1032 3696 1177 3752 enim
1221 3693 1381 3759 dicit,
1416 3689 1481 3743 In
1518 3696 1740 3743 uentrem
1780 3683 1952 3746 vadit,
1982 3690 2026 3734 et
2061 3679 2116 3733 in
2157 3694 2236 3732 se-

649 3810 844 3851 cessum
883 3792 1155 3853 emittitur,
1195 3784 1373 3840 adbuc
1417 3780 1710 3838 secundum
1760 3775 2039 3833 Iudaicum
2083 3772 2236 3841 abje-

650 3898 794 3943 ctum
820 3898 1037 3940 sensum
1065 3879 1317 3950 loquitur.
1347 3874 1484 3930 Dicit
1506 3873 1685 3937 enim,
1716 3868 1808 3925 illa
1836 3882 1944 3923 non
1973 3878 2195 3921 manere
2217 3903 2234 3927 ,

649 3983 743 4039 sed
787 3976 991 4051 egredi.
1023 3975 1354 4044 Quamquam
1385 3966 1597 4024 etiamsi
1638 3969 1949 4031 manerent,
1980 3973 2091 4017 non
2133 3960 2237 4015 im-

581 4077 589 4089 '
650 4070 907 4130 mundum
953 4065 1258 4124 redderent.
1308 4060 1414 4118 Sed
1446 4057 1677 4115 nondum
1725 4061 1974 4127 poterant
2000 4051 2116 4109 inec
2142 4066 2238 4107 au-

650 4168 788 4220 dire.
819 4162 943 4218 Ideo
970 4158 1243 4232 legislator
1286 4163 1437 4210 tanto
1465 4150 1684 4207 dimittit
1726 4156 1969 4217 tempore
1989 4186 2003 4209 ,
2036 4152 2238 4216 quanto

646 4259 797 4312 .intns
837 4262 1052 4310 maneat
1093 4268 1109 4306 :
1149 4263 1271 4304 cum
1320 4254 1496 4301 autem
1552 4255 1826 4312 egressum
1893 4237 2081 4302 fuerit,
2130 4253 2236 4292 non

654 4350 815 4405 ultra.
845 4346 1083 4415 Vespere
1120 4343 1278 4413 igitur
1307 4337 1469 4394 lavari
1488 4335 1675 4406 jubet,
1700 4348 1762 4387 ac
1798 4330 2054 4388 mundum
2082 4344 2236 4394 esse,

653 4438 967 4511 digestionis
994 4444 1049 4492 et
1074 4432 1403 4503 eapnlsionis
1428 4437 1636 4497 tempus
1658 4433 1909 4480 accurate
1931 4420 2237 4477 dimetiens.

655 4534 783 4604 Qua:
821 4540 997 4586 autem
1028 4526 1205 4584 cordis
1260 4530 1417 4588 sunt,
1462 4519 1664 4589 inquit,
1714 4518 1857 4571 intus
1906 4523 2157 4578 manent,
2187 4522 2242 4568 et

653 4641 773 4681 cum
816 4622 1188 4695 egrediuntur,
1219 4616 1599 4687 coinquinant,
1641 4626 1739 4668 nec
1770 4608 1930 4665 modo
1959 4622 2081 4664 cum
2126 4622 2240 4661 ma-

656 4728 817 4783 nent,
868 4717 921 4772 id
957 4715 1175 4771 faciunt.
1224 4711 1403 4767 Primo
1449 4706 1600 4779 ponit
1645 4703 1811 4758 malas
1853 4699 2237 4770 cogitationes,

657 4810 800 4883 quod
820 4807 1123 4865 Judzcorum
1149 4810 1263 4859 erat
1316 4818 1328 4854 :
1380 4814 1478 4855 nec
1506 4796 1679 4852 adhuc
1725 4810 1754 4847 a
1803 4800 2029 4857 natura,
2071 4789 2165 4845 sed
2209 4804 2241 4843 a

658 4881 813 4972 partu
840 4898 1041 4955 ventris
1064 4905 1121 4953 et
1147 4893 1324 4950 cordis
1363 4889 1665 4960 redarguit,
1694 4896 1748 4943 et
1773 4901 1839 4941 es
1863 4898 1930 4940 eo
1970 4881 2112 4953 quod
2139 4881 2240 4936 alia

659 4992 943 5047 maneant,
981 4983 1087 5038 alia
1116 4999 1223 5037 non
1250 4983 1399 5035 item.
1442 4983 1559 5036 Alia
1587 4980 1841 5047 enim,dc
1875 4979 2011 5034 foris
2038 4979 2243 5048 ingres-

658 5094 759 5143 sa,
806 5076 956 5133 foras
1000 5092 1196 5132 rursus
1236 5085 1483 5134 exeunt:
1516 5075 1623 5131 alia
1662 5088 1813 5138 vero,
1858 5073 2004 5129 intus
2038 5071 2239 5142 genita,

660 5186 789 5227 cum
845 5178 1081 5234 exeunt,
1133 5167 1539 5239 coinquinant,
1590 5175 1646 5221 et
1699 5173 1831 5220 tunc
1872 5163 2082 5235 magis,
2116 5177 2243 5219 cum

658 5264 1027 5333 egrediuntur.
1074 5257 1316 5314 Nondum
1350 5255 1492 5310 enim
1537 5261 1822 5323 poterant,
1854 5258 1911 5304 ut
1956 5249 2099 5311 dixi,
2130 5248 2246 5302 haec

656 5369 777 5410 cum
816 5351 1129 5423 congruenti
1164 5346 1499 5420 philosophia
1542 5343 1747 5400 audire.
1780 5341 1986 5397 Marcus
2013 5339 2160 5410 (Cap.
2188 5340 2240 5393 7.

661 5448 749 5516 19)
774 5456 951 5501 autem
976 5444 1134 5509 dicit,
1168 5444 1341 5513 ipsum
1370 5439 1435 5493 ad
1466 5436 1765 5509 purgandos
1791 5434 1939 5489 cibos
1956 5435 2068 5489 hate
2086 5432 2249 5488 dixis-

659 5556 753 5607 se;
784 5557 888 5595 non
941 5551 1116 5596 tamen
1176 5537 1227 5592 id
1280 5534 1573 5605 expressit,
1604 5530 1742 5601 quod
1791 5528 1914 5583 talia
1960 5525 2244 5580 comedere

661 5648 769 5689 non
802 5630 1108 5700 coinquinet
1154 5627 1426 5683 hominem
1479 5640 1493 5677 :
1546 5638 1652 5677 non
1682 5620 1825 5677 enim
1857 5618 2148 5673 voluissent
2177 5615 2242 5669 il-

662 5726 773 5781 lum
803 5735 910 5778 lam
938 5722 1082 5777 clare
1120 5724 1422 5793 loquentem
1464 5718 1669 5773 audire.
1705 5714 1827 5770 ldco
1853 5712 1969 5767 ham
1996 5708 2197 5765 addidit
2229 5727 2242 5764 :

666 5816 786 5872 Non
826 5815 942 5870 lotis
984 5814 1213 5866 manibus
1262 5810 1566 5865 manducare
1588 5850 1604 5874 ,
1632 5825 1731 5863 non
1761 5804 2052 5875 coinquinat
2078 5801 2245 5855 homi-

668 5925 803 5963 item.
833 5906 1108 5963 Discamus
1136 5917 1264 5976 ergo
1284 5918 1528 5975 quaenam
1557 5899 1901 5972 coinquinant
1926 5898 2195 5954 hominem
2226 5914 2243 5950 :

1341 430 1393 488 S.
1436 422 1710 486 JOANNI'S
1746 408 2220 476 CllBYSOSTOllI
2263 403 2577 465 ARCIIIEP.
2620 402 3158 463 CONSTANTINOP.

3814 396 3905 453 Elii

2327 523 2591 579 discamus
2620 522 2734 579 huic
2753 562 2769 588 ,
2796 530 2852 577 et
2878 521 3164 592 fugiamus.
3188 515 3318 574 Nam
3350 517 3403 573 in
3428 514 3653 572 ecclesia
3679 513 3916 570 videmus

2328 617 2470 674 hunc
2512 630 2716 672 morem
2766 615 2905 686 apud
2953 614 3149 669 multos
3171 612 3381 683 vigere,
3416 611 3506 681 qui
3557 606 3776 663 mundis
3823 620 3912 663 rc-

2328 709 2499 764 stibus
2545 706 2745 763 inﬂare
2792 705 3037 771 student,
3099 705 3335 774 itemque
3382 702 3505 757 lotis
3544 698 3823 764 manibus;
3866 709 3917 753 ut

2329 816 2459 857 vero
2492 799 2728 869 animam
2773 813 2961 869 puram
2992 797 3104 852 Deo
3129 797 3318 852 sistant
3340 838 3357 862 ,
3398 793 3533 849 nihil
3559 800 3773 849 curant.
3804 790 3921 847 lites

2332 908 2496 964 porro
2514 893 2670 959 diro,
2704 908 2813 947 non
2860 890 3004 962 quod
3055 888 3369 961 prohibeam
3400 902 3590 943 manus
3629 885 3717 942 vel
3749 900 3809 941 os
3847 885 3919 939 la-

2330 1001 2456 1043 vare
2475 1027 2491 1054 ,
2523 984 2617 1042 sed
2647 984 2790 1056 quod
2818 983 2974 1039 velim
2996 983 3066 1039 ita
3100 982 3263 1037 lavari
3290 990 3349 1035 ut
3375 995 3471 1050 par
3495 989 3577 1034 est
3598 1020 3615 1043 ,
3651 991 3761 1033 non
3792 990 3923 1046 aqua

2329 1076 2539 1142 solum,
2580 1075 2675 1131 sed
2717 1074 3022 1131 virtutibus.
3054 1072 3189 1130 Nam
3217 1073 3407 1129 sordes
3447 1072 3561 1127 oris
3588 1078 3721 1126 sunt
3762 1068 3924 1125 malc-

2331 1166 2503 1234 dicta,
2563 1166 2929 1239 blasphemia,
2997 1152 3334 1229 convicium,
3399 1164 3563 1220 verba
3639 1160 3925 1219 iracundia:

2332 1258 2509 1329 plena,
2536 1261 2621 1315 vet
2647 1259 2897 1317 obscaena
2919 1300 2933 1325 ,
2961 1258 3184 1315 ridicula
3206 1299 3221 1326 ,
3254 1256 3519 1313 scurrilia.
3552 1255 3609 1312 Si
3655 1268 3788 1326 ergo
3836 1252 3924 1308 tibi

2328 1350 2578 1407 conscius
2617 1350 2694 1407 sis
2723 1349 2853 1406 nihil
2881 1349 2987 1407 tale
3010 1349 3211 1406 dixisse
3254 1357 3339 1417 te,
3367 1362 3543 1419 neque
3569 1346 3654 1402 his
3683 1344 3929 1403 sordibus

2333 1443 2632 1514 inquinari,
2662 1459 2785 1500 cum
2828 1442 3018 1499 ﬁducia
3065 1442 3297 1509 accede;
3328 1441 3411 1499 sin
3461 1441 3655 1497 millies
3686 1440 3788 1496 has
3834 1441 3927 1493 ad-

2333 1538 2521 1592 misisti
2567 1538 2838 1604 maculas,
2868 1553 2967 1593 cur
3016 1537 3212 1593 frustra
3266 1538 3497 1609 linguam
3546 1536 3762 1604 abiuis,
3801 1534 3928 1593 dum

2335 1630 2665 1701 perniciosas
2686 1641 2741 1686 et
2770 1632 2957 1687 noxias
2977 1630 3167 1687 sordes
3194 1630 3251 1686 in
3278 1630 3365 1686 illa
3388 1630 3740 1686 circumfers?

2405 1722 2459 1776 5.
2495 1721 2609 1789 Qua
2636 1724 2834 1779 ratione
2855 1722 3108 1779 orandam
3132 1723 3215 1778 sit.
3231 1722 3455 1778 —Nam
3490 1722 3577 1778 die
3601 1721 3737 1778 mihi
3762 1762 3777 1785 ,
3802 1720 3845 1777 si
3874 1719 3931 1776 fi-

2335 1829 2479 1869 mum
2522 1826 2578 1873 et
2623 1816 2789 1871 lutum
2828 1831 2939 1887 pra:
2984 1815 3231 1872 manibus
3277 1815 3535 1884 haberes,
3584 1831 3653 1872 an
3703 1815 3933 1871 auderes

2332 1910 2533 1964 orare?
2562 1908 2927 1981 Nequaquam.
2958 1910 3211 1966 Attamen
3244 1909 3373 1965 nihil
3402 1908 3530 1966 hinc
3554 1908 3739 1965 damni
3764 1927 3781 1973 ;
3806 1907 3932 1964 illud

2332 2011 2511 2057 autem
2540 2002 2898 2072 perniciosum
2921 2010 3021 2057 est.
3052 2002 3165 2057 Cur
3191 2017 3321 2073 ergo
3348 2003 3401 2058 in
3440 2001 3603 2059 rebus
3628 2001 3936 2057 indifferen-

2335 2096 2477 2150 tibus
2515 2099 2649 2165 plus.
2686 2095 2736 2149 in
2763 2093 3048 2165 prohibitis
3069 2095 3139 2150 ita
3165 2094 3441 2167 negligens
3467 2110 3529 2151 es
3553 2095 3577 2149 ?
3601 2094 3746 2164 Quid
3772 2093 3936 2166 ergo?

2335 2189 2578 2260 inquies;
2610 2204 2715 2243 non
2760 2189 2969 2259 precari
3012 2191 3269 2260 oportet?
3297 2189 3526 2260 Oportet
3563 2190 3810 2261 quidem,
3844 2187 3936 2245 sed

2335 2299 2440 2339 non
2475 2282 2723 2339 sordibus
2769 2283 3117 2351 maculatum,
3158 2299 3263 2337 non
3287 2292 3438 2339 tanto
3466 2298 3622 2341 emno
3656 2291 3934 2339 onustum.

2334 2376 2471 2444 Quid
2500 2374 2543 2432 si
2563 2390 2691 2432 casu
2718 2376 2899 2446 lapsus
2923 2375 3114 2431 tulero?
3142 2376 3313 2448 Perga
3342 2375 3590 2447 teipsum.
3611 2374 3938 2445 Quomodo?

2335 2468 2503 2539 Lege,
2531 2482 2706 2539 geme,
2734 2468 3128 2540 eleemosynam
3158 2484 3337 2540 eroga,
3367 2484 3531 2540 purga
3562 2477 3615 2526 te
3638 2468 3787 2540 apud
3815 2484 3937 2525 eunt

2336 2574 2494 2630 quem
2522 2559 2843 2615 contumelia
2875 2558 3121 2627 allecisti,
3149 2561 3430 2616 reconcilia
3474 2571 3526 2617 te
3556 2560 3653 2626 illi,
3689 2560 3939 2630 absterge

2338 2651 2593 2721 linguam,
2626 2667 2692 2707 ne
2720 2651 2933 2721 gravius
2964 2651 3126 2707 Deum
3157 2652 3350 2707 irrites.
3381 2652 3515 2707 Nam
3543 2655 3587 2707 si
3617 2656 3745 2723 quis
3765 2652 3941 2710 sordi-

2336 2742 2475 2799 datis
2503 2750 2742 2799 stercore
2780 2742 3024 2798 manibus
3055 2743 3222 2813 pedes
3254 2753 3371 2800 tuos
3394 2745 3708 2816 supplicans
3753 2755 3939 2816 tange-

2336 2844 2437 2902 ret,
2458 2849 2563 2891 non
2590 2833 2753 2889 modo
2780 2834 2924 2889 illum
2949 2850 3052 2891 non
3074 2834 3311 2903 audires,
3331 2836 3424 2892 sed
3458 2836 3594 2907 pede
3616 2837 3937 2909 impeteres:

2335 2926 2604 2998 quomodo
2628 2926 2793 2984 audes
2822 2928 2900 2984 sic
2930 2928 3097 2984 Deum
3128 2929 3316 2985 adire?
3341 2928 3472 2985 Nam
3502 2930 3679 3003 lingua
3712 2944 3939 3002 precan-

2338 3022 2467 3076 tium
2504 3030 2586 3077 est
2614 3036 2826 3085 manus,
2857 3036 2920 3077 ac
2956 3037 3054 3094 per
3077 3037 3198 3079 eam
3240 3023 3331 3077 Dei
3361 3038 3536 3094 genua
3580 3022 3942 3096 apprehendi-

2338 3130 2479 3169 mus.
2500 3112 2579 3169 Ne
2619 3113 2797 3185 itaque
2825 3114 2970 3169 illam
2998 3114 3378 3183 commacules,
3404 3130 3471 3171 ne
3500 3115 3593 3171 tibi
3628 3116 3773 3173 dicit
3799 3114 3937 3171 ille:

2340 3208 2401 3263 Si
2423 3205 2877 3277 multiplicaveritis
2896 3207 3323 3278 deprecationem,
3356 3224 3455 3262 non
3482 3208 3757 3262 exaudiant
3784 3206 3941 3281 (lani.

2342 3299 2525 3371 1.15).
2550 3298 2683 3355 Nam
2709 3298 2777 3353 In
2803 3314 2955 3353 nilum
2981 3300 3168 3370 lingua:
3192 3300 3295 3354 vita
3322 3308 3521 3354 etrnors
3539 3310 3611 3354 est
3631 3288 3821 3372 (Preti.
3853 3299 3939 3356 18.

2340 3390 2401 3447 21
2434 3391 2488 3464 );
2520 3402 2574 3446 et
2599 3391 2683 3445 Ex
2709 3392 3023 3447 sermonibus
3045 3392 3144 3445 tuis
3164 3392 3547 3463 justiﬁcaberis,
3571 3402 3723 3461 atque
3742 3410 3809 3449 ex
3833 3408 3942 3448 ser-

2339 3482 2570 3538 monibus
2614 3482 2712 3537 tuis
2749 3481 3159 3537 condemnaberis
3194 3480 3425 3553 (Matth.
3471 3481 3559 3537 12.
3602 3483 3671 3539 57
3698 3483 3740 3555 ).
3776 3482 3942 3555 Magis

2343 3577 2500 3645 igitur
2524 3590 2685 3647 quam
2725 3575 2981 3647 pupillam
3017 3573 3155 3629 oculi
3190 3574 3423 3645 linguam
3460 3584 3601 3630 tuam
3643 3576 3944 3632 custodias.

2342 3670 2542 3741 Regius
2564 3669 2780 3742 quidam
2821 3684 2990 3739 equus
3018 3676 3103 3723 est
3149 3667 3347 3739 lingua.
3380 3668 3434 3724 Si
3465 3684 3593 3740 ergo
3620 3669 3696 3724 illi
3732 3670 3944 3726 frenum

2343 3758 2651 3829 immiseris,
2679 3775 2733 3820 et
2757 3763 3020 3819 concinne
3051 3763 3128 3817 ire
3157 3762 3403 3818 docueris
3422 3806 3437 3829 ,
3457 3779 3553 3819 rex
3584 3763 3636 3819 in
3665 3764 3760 3819 illa
3791 3764 3946 3820 sede-

2344 3857 2423 3912 bit
2448 3865 2503 3911 et
2526 3855 2800 3927 quiescet;
2831 3855 2917 3910 sin
2948 3853 3209 3909 infrenem
3241 3854 3355 3910 ﬁeri
3388 3864 3443 3910 ct
3457 3854 3647 3925 jactari
3681 3855 3948 3926 permisc-

2345 3950 2440 4014 ris,
2482 3947 2678 4004 diaboli
2720 3956 2775 4003 et
2816 3946 3120 4003 daemonum
3166 3945 3470 4003 vehiculum
3515 3948 3638 4004 erit.
3683 3946 3768 4004 Tu
3818 3960 3948 4003 vero

2343 4043 2558 4117 quando
2581 4059 2701 4100 cum
2731 4057 2897 4099 uxore
2916 4041 3271 4109 concubuisti,
3301 4040 3444 4113 quod
3470 4058 3600 4098 sane
3627 4042 3788 4113 culpa
3817 4042 3948 4099 libe-

2345 4154 2460 4194 rum
2487 4146 2589 4205 est,
2621 4136 2825 4207 precari
2852 4150 2960 4190 non
2985 4133 3185 4201 audes;
3214 4142 3333 4204 post
3359 4132 3660 4189 convicium
3683 4143 3869 4191 autem
3895 4141 3951 4189 et

2345 4230 2719 4287 contumeliam
2746 4270 2761 4293 ,
2792 4242 2912 4299 quae
2932 4225 3229 4298 gehennam
3256 4234 3552 4293 merentur,
3575 4236 3866 4297 antequam
3896 4234 3950 4281 te

2349 4324 2516 4393 probe
2540 4321 2869 4395 purgaveris,
2890 4320 3134 4377 extendis
3159 4320 3389 4375 manus?
3412 4331 3468 4377 et
3494 4320 3784 4392 quomodo,
3802 4337 3950 4393 qua:-

2347 4432 2427 4481 so,
2459 4432 2565 4471 non
2615 4412 3021 4483 perhorrescis?
3046 4412 3163 4468 Non
3189 4411 3383 4467 audisti
3412 4411 3631 4467 Paulum
3654 4411 3943 4474 dicentem,

2351 4508 2664 4567 Honorabilc
2676 4508 2991 4580 conjugium,
3022 4517 3068 4562 et
3098 4515 3237 4560 torus
3255 4505 3613 4560 immaculata“
3640 4504 3842 4575 (Hebr.
3860 4506 3949 4561 13.

2346 4607 2382 4661 ι
2404 4604 2421 4675 )
2446 4606 2469 4659 ?
2502 4603 2557 4659 Si
2586 4612 2762 4658 autem
2789 4616 2856 4657 ex
2879 4599 3221 4655 immaculato
3257 4610 3374 4654 toro
3394 4612 3621 4670 surgens
3646 4613 3749 4651 non
3778 4596 3953 4653 audes

2347 4698 2414 4755 ad
2462 4697 2759 4754 orationem
2804 4682 3085 4760 accedere,
3113 4708 3239 4748 cum
3282 4708 3349 4749 ex
3377 4702 3495 4748 toro
3536 4691 3808 4747 diabolico
3852 4692 3950 4755 sis,

2348 4809 2445 4849 cur
2512 4790 2769 4847 horribile
2838 4787 2966 4844 illud
3033 4787 3377 4859 terribileque
3441 4800 3636 4841 nomen
3697 4786 3954 4843 invocare

2350 4885 2553 4942 audes?
2596 4881 2799 4939 Diaboli
2829 4882 3024 4953 quippe
3053 4880 3223 4938 lectus
3258 4887 3342 4935 est
3383 4878 3436 4933 in
3480 4876 3737 4934 conviciis
3763 4887 3822 4934 et
3850 4893 3952 4949 op-

2352 4977 2579 5050 probriis
2606 4974 2769 5032 lavari
2797 4973 2892 5047 (α).
2923 4974 3002 5030 Ac
3032 4972 3177 5029 velut
3199 4971 3529 5043 perniciosus
3552 4968 3768 5041 quidam
3799 4969 3954 5025 adul-

2353 5082 2437 5125 ter
2476 5067 2751 5125 iracundia
2807 5080 2909 5123 nos
2953 5080 3076 5121 cum
3130 5077 3320 5135 magna
3366 5062 3637 5134 voluptate
3700 5060 3951 5127 invadit,

2353 5164 2650 5235 perniciosa
2694 5163 2747 5217 in
2797 5160 2954 5216 nobis
2999 5158 3205 5231 jaeiens
3256 5157 3501 5223 semina,
3549 5163 3605 5211 et
3656 5153 3954 5211 diabolicas

2350 5257 2575 5328 gignens
2604 5252 2931 5315 inimicitias,
2955 5267 3016 5306 ac
3040 5260 3225 5306 contra
3253 5247 3578 5303 ronnnbium
3595 5247 3774 5302 omnia
3802 5247 3949 5303 facit.

2354 5350 2483 5407 Nam
2512 5342 2818 5419 coniugium
2866 5345 2915 5400 id
2960 5344 3088 5399 facit
3133 5352 3191 5397 ut
3236 5341 3344 5397 duo
3371 5341 3478 5396 sint
3518 5354 3643 5395 caro
3683 5354 3823 5405 una;
3872 5338 3949 5393 ira

2349 5461 2482 5502 vero
2506 5458 2599 5500 eos
2622 5443 2710 5513 qui
2750 5440 2918 5511 juncti
2960 5447 3085 5494 sunt
3111 5437 3165 5491 ln
3205 5445 3382 5506 partes
3416 5432 3640 5495 dividit,
3670 5432 3949 5503 ipsamque

2353 5536 2586 5593 animam
2629 5534 2826 5592 scindit
2870 5540 2926 5587 et
2980 5530 3202 5584 lacerat.
3245 5525 3314 5583 Ut
3357 5527 3534 5596 itaque
3577 5540 3697 5580 cum
3757 5521 3948 5577 ﬁducia

2354 5628 2522 5685 Deum
2558 5627 2740 5689 adeas,
2786 5626 2917 5678 iram
2950 5631 3003 5678 te
3040 5619 3381 5676 invadentem
3412 5634 3479 5673 ne
3524 5615 3773 5671 admittas
3796 5655 3813 5679 ,
3854 5611 3947 5669 sed

2353 5720 2505 5792 quasi
2531 5711 2773 5776 rabidum
2800 5730 2988 5771 canem
3018 5712 3249 5786 depelle.
3280 5709 3414 5765 Illud
3442 5708 3582 5764 enim
3606 5705 3800 5760 Paulus
3830 5702 3948 5776 jus-

2423 5843 2632 5909 (a)_Non_
2654 5845 2798 5909 video
2820 5844 2997 5896 horum
3024 5846 3409 5896 consonantiam.
3437 5869 3493 5877 -ο
3521 5838 3653 5890 Vidit
3679 5839 3840 5903 Ficld,
3861 5846 3947 5887 Ctt-

2347 5905 2440 5976 jus
2465 5905 2531 5994 ei.
2558 5905 2729 5961 Adnot.
2759 5907 2895 5959 Eutr.
