4170 6486
285 435 384 488 517

283 553 389 604 sit:
421 550 669 605 Levantes
699 559 902 603 sanctas
929 563 1110 600 manus
1143 545 1326 617 absque
1360 546 1436 597 ira
1461 553 1507 597 et
1529 543 1890 613 disceptatione

285 643 377 712 (1.
411 641 546 696 Tim.
595 642 652 696 ‘2.
687 641 780 713 8).
813 639 888 694 Ne
939 641 1170 709 linguam
1231 653 1360 707 ergo
1406 637 1660 705 deturpes
1700 653 1711 688 :
1768 649 1888 686 nam

288 735 557 804 quomodo
588 749 686 802 pro
719 745 769 788 te
796 733 1097 803 precabitur
1117 773 1131 795 ,
1160 745 1279 784 eum
1314 729 1559 782 fiduciam
1607 725 1892 781 amiseris!

289 827 382 880 sed
413 843 541 880 orna
569 828 710 880 illam
743 825 1019 888 modestia,
1045 823 1373 876 humilitate:
1410 821 1490 874 fac
1513 821 1724 888 dignam
1757 818 1883 880 lleo,

288 920 379 988 qui
423 935 516 986 per
566 920 705 972 illam
755 926 1008 986 rogatur;
1045 916 1182 969 illam
1231 913 1376 982 reple
1422 913 1790 967 benedictione
1835 919 1888 962 et

287 1012 652 1080 eleemosyua.
711 1008 839 1062 Nam
891 1007 1068 1061 verbis
1121 1007 1280 1060 etiam
1329 1015 1501 1074 potest
1545 1004 1884 1068 elcemosyua

287 1105 498 1174 erogari
523 1122 534 1156 :
572 1103 754 1156 Melior
779 1114 850 1155 est
881 1102 1021 1156 enim
1045 1117 1229 1164 scrnto,
1260 1116 1410 1168 quant
1433 1099 1622 1150 donum
1647 1104 1724 1159 ;et
1747 1109 1758 1146 :
1783 1092 1881 1146 Re-

283 1197 480 1264 sponde
509 1195 720 1263 pauperi
745 1195 959 1265 paciﬁca
989 1194 1041 1245 in
1069 1191 1453 1244 mansuetudine
1472 1187 1659 1261 (Eccli.
1687 1188 1768 1242 18.
1797 1187 1880 1239 £6.

280 1297 334 1340 et
360 1287 408 1341 4.
428 1286 504 1357 8).
530 1287 718 1339 Totum
746 1300 870 1339 vero
898 1286 1155 1354 reliquum
1181 1294 1389 1352 tempus
1411 1283 1707 1335 divinarum
1732 1296 1884 1332 enar-

283 1379 492 1432 ratione
525 1378 696 1447 legum
735 1385 954 1432 esurna.
987 1377 1163 1430 Omnis
1191 1376 1446 1429 enarratio
1471 1384 1554 1425 tua
1595 1374 1657 1425 sit
1687 1373 1737 1424 in
1780 1372 1884 1439 lege

283 1470 530 1523 Altissimi
559 1467 729 1540 (Ibid.
758 1470 808 1524 9.
841 1469 910 1522 23
1009 1469 1079 1522 Ita
1138 1484 1236 1522 nos
1267 1467 1552 1520 adorantes
1583 1464 1646 1517 ad
1685 1465 1880 1532 Regem

279 1561 604 1615 accedamus
628 1601 642 1624 ,
675 1569 727 1614 et
773 1560 836 1614 ad
882 1575 1050 1630 genua
1079 1560 1193 1628 ejus
1223 1558 1594 1628 procidantus,
1630 1573 1732 1610 non
1765 1572 1883 1610 cor-

283 1669 414 1722 pore
465 1663 709 1715 tantum,
756 1652 848 1706 sed
898 1653 1057 1705 etiam
1113 1662 1312 1705 mente.
1366 1650 1675 1719 Cogitemus
1722 1665 1879 1718 quem

279 1746 554 1807 adeamus,
606 1754 659 1798 et
705 1761 798 1813 pro
847 1744 1057 1813 quibus,
1099 1755 1151 1798 et
1190 1742 1313 1812 quid
1361 1743 1599 1796 volentes
1643 1741 1876 1794 efﬁcere.

281 1837 448 1890 Deum
483 1837 714 1900 adimus,
739 1852 895 1906 quem
923 1835 1202 1904 Serapltim
1236 1834 1496 1898 videntes,
1523 1836 1697 1887 vultus
1724 1849 1874 1887 aver-

279 1939 421 1995 tunt,
454 1947 558 1983 non
591 1929 822 1983 ferentes
855 1927 1115 1998 fulgorem
1146 1944 1341 1996 ;quem
1369 1927 1554 1981 videns
1583 1938 1720 1980 terra
1751 1943 1880 1980 con-

282 2025 568 2077 tremiscit.
599 2023 762 2076 Deum
795 2021 1025 2084 adimus,
1059 2021 1146 2090 qui
1186 2020 1357 2075 lucem
1400 2018 1600 2075 habitat
1639 2020 1878 2073 inacces-

273 2116 510 2170 sibilem.
544 2115 785 2180 Adimus,
831 2127 887 2167 ut
917 2130 943 2167 a
972 2113 1215 2185 geltenna
1249 2114 1557 2178 liberemur,
1589 2123 1645 2166 ut
1691 2113 1878 2168 remis-

276 2212 488 2264 sionem
515 2221 851 2279 peccatorum
875 2209 1239 2277 impetremus,
1262 2217 1317 2262 ut
1343 2208 1410 2261 ab
1434 2206 1528 2261 illo
1556 2206 1875 2263 intolerabili

274 2301 540 2368 supplicio
567 2301 875 2364 liberemur,
906 2308 963 2353 ιιι
1003 2298 1192 2354 uelum
1240 2307 1294 2352 et
1345 2297 1416 2352 ibi
1459 2299 1686 2367 reposita
1739 2297 1875 2351 bona

270 2408 290 2443 (
307 2408 686 2458 onsequatnur.

352 2485 402 2535 6.
436 2483 772 2536 Mansuetudo
801 2483 852 2535 in
873 2484 1099 2537 oratione
1119 2484 1424 2542 adhibenda.
1457 2483 1622 2537 Nemo
1654 2485 1874 2549 laeditur,

272 2575 376 2628 nisi
412 2592 442 2626 α
483 2575 669 2642 seipse.
713 2572 898 2627 Contra
932 2591 1014 2628 eos
1044 2576 1129 2645 qui
1153 2577 1368 2629 aliorum
1397 2579 1524 2629 bona
1554 2577 1776 2645 rapiunt.
1809 2605 1878 2618 -ο

275 2665 623 2719 Procidamus
651 2667 808 2735 igitur
832 2676 884 2721 et
922 2681 1149 2736 corpore
1179 2677 1231 2720 et
1259 2677 1457 2732 mente,
1490 2677 1544 2720 ut
1576 2667 1664 2721 ille
1689 2669 1874 2734 jacen-

275 2767 359 2812 tes
400 2758 569 2827 erigat
620 2777 632 2810 :
689 2774 808 2813 cum
857 2759 1116 2814 modestia
1168 2762 1420 2828 omnique
1469 2762 1878 2816 ntansuetudine

278 2849 453 2918 ipsum
481 2849 837 2918 alloquamur.
872 2850 946 2904 Ει
962 2853 1081 2921 quis
1108 2861 1208 2914 est,
1248 2851 1476 2921 inquies,
1511 2853 1580 2905 ita
1615 2856 1778 2909 miser
1826 2865 1878 2907 ct

278 2941 486 3005 infelix,
516 2951 573 2996 ut
598 2943 650 2996 in
683 2944 922 2997 oratione
951 2960 1054 2998 non
1085 2945 1153 2998 sit
1181 2946 1527 3000 moderatus?
1551 2947 1643 3001 Ille
1672 2949 1759 3018 qui
1794 2949 1875 3002 \el

272 3034 543 3103 precando
571 3036 851 3091 maledicta
898 3037 1118 3106 profert,
1159 3038 1442 3106 furoreque
1476 3040 1662 3108 plenus
1693 3050 1794 3105 est,
1824 3051 1877 3094 ct

271 3137 458 3179 contra
508 3127 752 3181 inimicos
796 3129 1074 3183 acclamat.
1116 3130 1168 3184 Si
1205 3131 1280 3184 vis
1323 3146 1573 3186 accusare
1599 3175 1611 3193 ,
1646 3133 1872 3200 teipsum

272 3234 489 3273 accusa.
529 3221 582 3274 Si
633 3221 710 3275 vis
755 3220 986 3291 linguam
1031 3238 1241 3282 acuere.
1281 3234 1465 3278 contra
1519 3237 1730 3293 peccata
1788 3236 1872 3280 tua

271 3328 424 3368 acue.
447 3313 556 3368 Nec
584 3314 729 3369 dicas
759 3315 882 3384 quid
916 3317 1049 3370 alius
1079 3317 1168 3370 tibi
1197 3319 1318 3370 mali
1352 3319 1604 3381 intulerit,
1631 3320 1720 3371 sed
1750 3320 1872 3389 quid

274 3414 332 3456 tu
371 3405 463 3457 tibi
498 3406 621 3458 mali
654 3405 881 3461 feceris:
914 3406 1036 3460 illud
1087 3409 1229 3461 enim
1262 3411 1490 3462 maxime
1534 3412 1725 3463 malmn
1771 3421 1870 3465 est.

272 3495 457 3564 Neque
486 3497 630 3550 enim
659 3499 776 3567 quis
810 3509 860 3553 te
888 3499 1083 3554 laedere
1129 3501 1358 3568 poterit,
1400 3502 1496 3554 nisi
1547 3514 1594 3556 te
1625 3503 1735 3570 ipsc
1782 3505 1872 3557 lse-

271 3589 373 3642 das
402 3589 497 3660 (ιι).
537 3588 719 3661 Itaque
763 3593 805 3645 si
840 3593 916 3647 vis
963 3603 1147 3647 contra
1192 3595 1444 3648 lzedentes
1487 3606 1534 3648 te
1578 3599 1870 3666 insurgere,

281 3681 508 3747 teipsum
541 3683 766 3748 primum
801 3682 1043 3751 impetus.
1078 3684 1246 3740 Nemo
1283 3687 1331 3739 id
1365 3687 1623 3756 impedit;
1678 3706 1796 3742 nam
1828 3692 1871 3744 si

272 3771 436 3824 alium
467 3772 814 3842 aggrediaris,
849 3776 1015 3844 magis
1039 3777 1192 3831 laesus
1216 3779 1403 3833 abibis.
1437 3781 1604 3846 Quam
1635 3797 1760 3835 vero
1782 3783 1871 3837 tibi

275 3863 478 3916 illatam
529 3864 772 3931 injuriatn
815 3866 1054 3934 proferre
1091 3870 1286 3936 potes?
1318 3870 1408 3924 llle
1451 3873 1577 3925 mihi
1626 3873 1870 3940 injuriam

275 3955 481 4019 intulit,
525 3957 656 4009 bona
688 3959 883 4026 rapuit,
917 3975 1002 4015 me
1035 3961 1083 4013 itt
1115 3964 1346 4029 pericula
1379 3965 1597 4033 injecit?
1627 3966 1729 4020 Sed
1775 3968 1873 4022 hoc

277 4061 387 4097 non
417 4057 495 4097 est
543 4047 681 4112 la'di,
715 4049 828 4114 sed,
863 4050 904 4102 si
954 4051 1136 4120 vigiles
1163 4053 1361 4116 simus,
1398 4056 1511 4110 haec
1541 4058 1693 4113 nobis
1735 4062 1872 4114 tntil-

275 4149 388 4191 tum
435 4141 690 4208 prodesse
731 4152 997 4210 poterunt.
1037 4144 1167 4198 Nam
1209 4147 1370 4200 liBSUS
1396 4158 1477 4201 est
1519 4150 1604 4204 ille
1643 4154 1729 4220 qui
1761 4154 1874 4206 bmc

275 4234 413 4285 mala
449 4235 646 4297 intulit,
679 4254 782 4288 non
813 4239 898 4304 qui
931 4255 1118 4307 pa..sus
1145 4250 1243 4294 est.
1281 4241 1344 4295 Et
1378 4241 1478 4297 hoc
1507 4247 1734 4299 maxime
1765 4264 1873 4300 ma-

275 4325 449 4377 lorum
468 4329 702 4379 omnium
723 4344 878 4381 Causa
902 4339 1002 4395 est,
1021 4331 1161 4400 quod
1194 4334 1491 4389 nesciamus
1513 4338 1628 4404 quis
1655 4339 1869 4403 Ιευιιριιει,

274 4417 399 4482 quis
448 4417 600 4467 Lusus
633 4419 720 4470 sit.
770 4418 821 4472 Si
855 4420 982 4474 illud
1027 4422 1192 4490 probe
1237 4426 1534 4492 sciremus,
1583 4446 1870 4500 numquam

276 4522 378 4558 nos
430 4509 842 4575 ulciscerentur,
893 4528 995 4566 non
1045 4530 1383 4583 precarentur
1429 4529 1610 4573 contra
1663 4524 1823 4576 alium
1857 4566 1871 4591 ,

344 4680 414 4739 (α)
453 4680 504 4729 lu
548 4681 669 4730 banc
695 4682 1385 4751 pulcherrimamsententiam
1421 4697 1690 4744 orationem
1726 4700 1878 4751 edidit

271 4739 650 4811 Cbrysostomus
683 4739 843 4811 exsul,
870 4747 959 4795 hoc
981 4749 1138 4807 titulo,
1165 4755 1297 4810 Quod
1321 4739 1464 4802 nemo
1480 4739 1696 4807 'tiidiiii}

271 4807 450 4863 seipso,
476 4819 620 4867 quam
641 4807 793 4855 babes
811 4821 955 4868 supra
979 4818 1124 4860 Τοιηο
1149 4807 1196 4873 δ;
1221 4813 1314 4862 col.
1342 4816 1576 4867 459-460.

271 4929 524 4941 _—

1294 425 1360 483 IN
1401 422 1804 480 MAT'l‘ll/EUM
1851 421 2080 477 llOlllL.
2127 422 2232 477 l.ll.
2279 426 2350 478 al.
2395 423 2527 478 Llll.

530 4933 2872 4964 -—_....__.._____________________________________

3505 424 3609 484 518

2001 541 2151 610 gnari
2188 557 2291 595 non
2341 556 2498 610 posse
2530 556 2627 596 nos
2656 541 2796 596 malo
2826 540 2965 596 allici
2995 544 3063 596 ab
3093 542 3217 596 alio.
3253 544 3436 614 Neque
3464 550 3612 604 cnim

2000 634 2238 703 rapinam
2273 634 2401 702 pati,
2435 633 2526 688 sed
2550 631 2747 697 facere,
2779 634 3000 690 malutn.
3025 634 3082 689 Si
3113 636 3354 704 rapuisti.
3379 639 3606 707 teipsum

1998 735 2287 790 accusato;
2317 727 2398 781 sin
2433 741 2562 780 vero
2592 735 2678 782 tua
2720 726 2856 780 alius
2896 728 3092 794 rapuit,
3118 741 3337 796 precare
3381 745 3480 800 pro
3517 745 3607 783 ra-

1999 829 2169 887 ptore,
2205 819 2327 888 quia
2379 817 2470 871 tibi
2519 817 2751 872 maxime
2794 817 3013 887 proluit.
3050 817 3268 873 Etiamsi
3301 821 3444 875 enim
3495 838 3602 875 non

1997 913 2115 966 talis
2141 914 2210 966 sit
2236 927 2388 965 mens
2420 911 2580 975 illius,
2614 919 2760 966 certe
2792 921 2844 964 tu
2868 927 3112 980 magnam
3146 911 3424 967 Utilitatem
3457 930 3608 970 acce-

1995 1004 2115 1073 pisti
2145 1045 2159 1068 ,
2195 1005 2240 1057 si
2273 1002 2480 1057 fortiter
2527 1003 2734 1058 tuleris.
2767 1001 2918 1056 Illum
2950 1003 3091 1058 enim
3123 1013 3177 1058 et
3204 1004 3398 1059 divinm
3424 1015 3476 1060 et
3505 1008 3604 1060 lut-

1994 1109 2165 1148 mana:
2185 1095 2327 1164 leges
2361 1095 2615 1148 miserum
2651 1093 2976 1162 praedicarit;
3003 1105 3054 1149 te
3083 1109 3209 1148 vero
3237 1095 3420 1150 laesum
3451 1113 3608 1152 coro-

1993 1197 2121 1239 nant
2147 1193 2202 1240 et
2230 1186 2527 1240 celebrant.
2569 1184 2753 1255 Neque
2781 1186 2923 1240 enim
2955 1185 2998 1240 si
3031 1186 3152 1254 quis
3179 1176 3488 1242 febricitans
3513 1204 3606 1242 vas

1991 1296 2127 1350 aqua
2157 1281 2372 1351 plenum
2405 1283 2644 1349 rapuerit
2670 1280 2737 1334 ab
2764 1281 2889 1346 alio,
2927 1288 2980 1334 ct
3007 1282 3226 1335 noxiam
3263 1282 3477 1338 bibendi
3509 1301 3604 1339 cu-

1993 1375 2269 1444 piditatem
2298 1376 2629 1446 expleverit,
2659 1375 2902 1431 dicemus
2952 1377 3134 1431 lzesum
3173 1378 3322 1432 illum
3372 1380 3532 1433 fuisse
3572 1396 3600 1433 a

1991 1481 2096 1534 quo
2133 1477 2343 1536 raptum
2390 1481 2485 1521 vas
2514 1477 2616 1531 est,
2659 1467 2751 1521 scd
2799 1469 2976 1537 potius
3024 1469 3364 1537 rapientem:
3413 1470 3600 1523 febritn

1989 1559 2130 1612 cnim
2180 1559 2352 1624 auxit,
2383 1559 2739 1627 morbumque
2768 1561 3032 1614 acriorem
3059 1560 3258 1615 eil‘ecit'.
3285 1561 3395 1616 lloc
3427 1561 3600 1632 ipsum

1988 1649 2054 1703 de
2083 1652 2426 1718 pecuniarum
2455 1660 2508 1704 et
2532 1666 2692 1719 opum
2721 1661 2934 1706 amante
2958 1663 3164 1721 reputa.
3191 1653 3320 1707 Nam
3367 1655 3451 1707 ltic
3486 1657 3602 1724 plus

1986 1758 2144 1811 quam
2190 1743 2278 1797 ille
2303 1743 2437 1796 alios
2468 1743 2796 1806 febricitans,
2829 1759 2923 1813 per
2963 1746 3098 1799 lianc
3139 1749 3415 1816 rapinam,
3449 1764 3600 1801 suam

1987 1835 2223 1889 int-endit
2255 1835 2546 1889 ﬂammam.
2595 1837 2659 1890 Et
2686 1838 2729 1889 si
2761 1838 2879 1907 quis
2922 1821 3108 1892 furehs
3133 1839 3357 1908 abrepto
3402 1855 3430 1893 a
3464 1857 3598 1907 quo-

1989 1929 2126 1996 piam
2157 1927 2332 1997 gladio
2369 1943 2428 1982 se
2471 1928 2805 1995 confoderit,
2837 1930 2957 1999 quis
2990 1931 3149 1986 ltesus
3190 1933 3306 1986 est?
3335 1934 3378 1985 is
3422 1949 3450 1987 a
3494 1948 3600 2004 qua

1986 2021 2239 2088 abreptus
2266 2020 2506 2088 gladius,
2539 2035 2605 2072 au
2636 2022 2725 2090 qui
2770 2021 2989 2090 rapuit?
3018 2022 3111 2075 llic
3154 2025 3355 2092 utique.
3393 2024 3464 2078 De
3503 2041 3595 2093 pe-

1986 2111 2261 2164 cuniarum
2293 2113 2449 2180 igitur
2478 2113 2661 2182 rapina
2693 2113 2922 2182 idipsum
2955 2115 3272 2184 cogitemus.
3293 2115 3423 2169 Nam
3455 2118 3595 2185 quod

1987 2201 2180 2256 furenti
2213 2203 2417 2272 gladius
2461 2213 2572 2270 est,
2605 2204 2655 2259 id
2687 2220 2851 2258 avaro
2881 2204 3080 2259 divitia:
3126 2218 3248 2260 sunt
3275 2224 3288 2269 ;
3333 2207 3440 2260 imo
3481 2224 3596 2277 per-

1986 2296 2319 2350 niciosiores.
2351 2295 2481 2349 Nam
2512 2298 2601 2366 qui
2635 2296 2758 2350 furit
2785 2339 2798 2364 ,
2831 2307 2884 2351 et
2915 2312 3034 2353 sese
3084 2297 3263 2368 gladio
3319 2301 3594 2366 confodit,

1981 2391 2090 2460 jam
2126 2409 2152 2444 a
2185 2393 2360 2446 furore
2402 2392 2658 2446 liberatus
2703 2403 2784 2452 est
2810 2435 2823 2459 ,
2857 2407 3031 2462 neque
3077 2393 3372 2447 secundum
3403 2396 3593 2463 accipt

1987 2487 2182 2539 vulnus
2214 2503 2224 2540 :
2251 2499 2447 2538 avarus
2486 2501 2610 2538 vero
2650 2485 2928 2538 innumera
2976 2483 3216 2554 quotidie
3257 2493 3310 2539 et
3349 2486 3593 2554 graviora

1984 2579 2178 2646 accipit
2207 2578 2446 2641 vulnera,
2487 2591 2592 2630 non
2623 2590 2744 2630 sese
2766 2575 2834 2629 ab
2866 2574 2965 2630 bac
2994 2576 3196 2629 insania
3227 2577 3481 2642 edocens,
3500 2577 3592 2632 sed

1984 2673 2153 2741 magis
2180 2685 2381 2740 augens
2411 2671 2460 2723 in
2488 2670 2604 2724 dies
2633 2687 2646 2723 :
2679 2680 2732 2723 et
2759 2679 2958 2738 quanto
2989 2670 3138 2739 plura
3171 2671 3439 2740 acceperit
3473 2672 3592 2725 vul-

1985 2779 2110 2816 nera
2140 2805 2154 2828 ,
2191 2773 2336 2816 tanto
2367 2762 2534 2832 magis
2573 2763 2909 2815 occasionem
2944 2762 3149 2831 praebet
3176 2762 3343 2832 plagis
3373 2762 3593 2833 majori-

1985 2853 2103 2906 bus.
2135 2853 2260 2907 llazc
2299 2867 2429 2922 ergo
2455 2855 2750 2922 cogitantes
2772 2896 2784 2918 ,
2820 2852 3086 2923 fugiamus
3135 2855 3274 2909 ltuuc
3316 2856 3552 2924 gladium
3577 2897 3592 2920 ,

1983 2943 2122 2998 banc
2163 2945 2442 3007 insaniam,
2469 2955 2522 2998 et
2557 2960 2680 2998 sero
2710 2936 2922 2999 tandem
2959 2944 3258 3016 vigilemus.
3291 2946 3423 3000 Nam
3456 2946 3593 3004 hanc

1980 3047 2128 3090 certe
2161 3037 2404 3090 virtutem
2445 3037 2827 3091 continentiam
2857 3047 3002 3093 recte
3030 3053 3284 3092 vocemus
3307 3081 3322 3099 .
3355 3055 3458 3094 non
3488 3043 3592 3094 mi-

1984 3146 2084 3183 nus
2125 3145 2282 3200 quam
2332 3129 2472 3183 illam
2523 3146 2642 3200 quae
2689 3130 2767 3183 sic
2817 3131 3016 3200 passim
3052 3141 3292 3185 vocatur.
3341 3132 3411 3186 lbi
3445 3135 3589 3188 enim

1981 3233 2165 3275 c0ulra
2212 3237 2367 3275 unam
2413 3221 2862 3290 concupiscentia:
2909 3222 3247 3293 tyrannidem
3284 3235 3588 3294 pugnatur,

1983 3313 2066 3366 hic
2093 3328 2221 3367 vero
2236 3313 2430 3366 multas
2451 3328 2513 3366 ac
2538 3313 2778 3366 diversas
2803 3313 3124 3382 cupiditates
3151 3330 3406 3383 superare
3431 3331 3592 3387 opor-

1983 3415 2075 3460 tet.
2102 3406 2269 3460 Nemo
2296 3407 2460 3469 enim,
2487 3419 2646 3460 nemo
2671 3405 2888 3459 stultior
2917 3419 2985 3461 eo
3015 3407 3103 3476 qui
3131 3406 3438 3462 divitiarum
3473 3403 3588 3464 Scr-

1981 3513 2078 3551 vus
2106 3507 2206 3553 est.
2249 3498 2518 3567 imperare
2560 3497 2661 3552 sibi
2710 3497 2962 3564 videtur,
3010 3498 3138 3552 dum
3181 3498 3425 3554 subditus
3461 3511 3586 3567 est;

1981 3592 2244 3646 dominari
2275 3591 2488 3644 videtur
2512 3633 2526 3657 ,
2560 3606 2680 3645 cum
2730 3591 2800 3645 sit
2846 3606 3071 3656 servus;
3106 3591 3232 3644 dum
3262 3606 3321 3647 se
3365 3593 3588 3650 vinetilis

1980 3683 2325 3753 constringit,
2375 3682 2604 3754 gaudet;
2635 3698 2756 3738 cum
2800 3683 3066 3738 acriorem
3119 3683 3285 3738 feram
3327 3684 3584 3750 reddidit,

1983 3778 2230 3839 lietatur;
2263 3790 2383 3829 cum
2415 3775 2661 3842 captivus
2688 3773 2920 3840 ducitur,
2954 3773 3187 3828 exsultat
3209 3791 3222 3838 ;
3247 3791 3308 3828 ac
3340 3775 3466 3830 dum
3515 3779 3589 3830 vi.

1981 3868 2068 3920 det
2119 3881 2304 3920 canem
2357 3867 2601 3920 rabidmn
2653 3867 2704 3919 in
2752 3867 2984 3919 animam
3030 3881 3180 3918 suam
3227 3867 3580 3930 insilientem,

1980 3978 2101 4016 cum
2133 3969 2404 4029 oporteret
2430 3960 2576 4013 illum
2605 3961 2768 4030 ligare
2786 3971 2836 4016 et
2860 3959 3000 4016 fame
3023 3963 3286 4028 cruciare,
3316 3962 3412 4031 ipsi
3443 3961 3588 4032 large

1981 4053 2155 4108 cibum
2182 4052 2508 4120 suppeditat,
2541 4061 2598 4104 ut
2627 4053 2998 4106 vehementius
3042 4053 3241 4106 insiliat
3282 4065 3333 4108 ct
3359 4053 3588 4108 ferocior

1981 4148 2070 4201 sit.
2099 4146 2223 4199 llaec
2253 4146 2431 4214 itaque
2473 4144 2652 4197 omnia
2685 4144 3006 4214 cogitantes,
3037 4144 3247 4198 vincula
3290 4146 3586 4209 solvamus,

1982 4237 2148 4292 feram
2181 4235 2509 4298 occidatnus,
2535 4235 2780 4288 morbum
2817 4234 3078 4303 pellamus
3105 4277 3116 4296 ,
3157 4235 3396 4289 furorem
3446 4236 3587 4291 bune

1982 4329 2280 4400 ejiciamus,
2317 4338 2372 4381 ut
2418 4327 2795 4396 tranquillitate
2838 4337 2890 4379 et
2935 4343 3064 4395 pura
3109 4327 3414 4383 valetudine
3443 4331 3584 4383 frua-

1985 4439 2122 4486 mur,
2151 4432 2357 4476 etcum
2405 4421 2566 4472 multa
2612 4419 2882 4487 voluptate
2923 4417 2988 4470 ad
3031 4418 3370 4487 tranquilltttn
3401 4420 3587 4488 appel-

1985 4515 2154 4567 lentes
2185 4523 2416 4582 portum,
2437 4521 2636 4565 a-tcrna
2664 4512 2798 4564 bona
2827 4512 3186 4578 adipiscamur
3207 4531 3220 4565 :
3244 4529 3361 4581 qua:
3387 4515 3587 4568 utinam

1983 4620 2168 4660 omnes
2197 4620 2565 4674 assequamur,
2596 4603 2764 4671 gratia
2798 4612 2848 4656 et
2885 4603 3210 4671 benignitate
3246 4604 3452 4658 Domini
3497 4623 3586 4660 no-

1983 4698 2216 4752 striJesu
2240 4697 2455 4757 tjbristi,
2481 4696 2564 4747 cui
2597 4695 2760 4762 gloria
2791 4703 2844 4747 et
2872 4693 3334 4761 imperium,ttunc
3362 4706 3412 4748 et
3443 4711 3586 4752 sem-

1986 4807 2098 4862 per,
2123 4800 2176 4844 et
2198 4790 2250 4842 in
2276 4787 2466 4841 sazcula
2493 4786 2832 4840 szeculorum.
2859 4788 3048 4838 Amen.

3354 4944 3578 4959 __.

1505 5017 1849 5084 HOMILIA
1895 5027 2026 5087 ιιι.
2085 5025 2169 5085 al.
2213 5021 2373 5082 Llll.

267 5153 402 5206 CAP.
432 5156 512 5209 15.
540 5173 590 5208 v.
614 5154 705 5209 21.
734 5155 795 5210 ΕΙ
821 5175 1048 5229 egressus
1081 5163 1198 5216 inde
1217 5163 1389 5226 Iesus,
1413 5169 1612 5224 secessit
1635 5172 1684 5223 itt
1709 5182 1877 5241 partes

347 5244 470 5314 Tyri
497 5257 540 5297 ct
569 5249 773 5304 Sidonis
821 5251 907 5306 22.
936 5252 1004 5306 Et
1029 5272 1138 5308 erce
1159 5259 1338 5312 mulier
1359 5260 1650 5316 Utanrma'a
1675 5280 1875 5336 egressa

347 5353 410 5389 ex
439 5341 620 5403 ﬁntous
656 5343 782 5406 suis,
824 5344 1058 5400 clamavit
1097 5351 1269 5404 dicens
1306 5353 1353 5405 ei
1396 5368 1414 5405 :
1459 5353 1698 5410 Miserere
1737 5359 1868 5424 mei,

347 5425 560 5482 Domine
579 5431 657 5496 ﬁli
684 5430 881 5498 Dauid;
905 5436 1011 5501 ﬁlia
1033 5455 1142 5491 mea
1164 5441 1294 5492 male
1314 5442 1617 5498 a'dtemonio
1639 5459 1867 5503 vexatur.

346 5519 394 5572 1.
425 5519 528 5573 Cur
550 5520 780 5577 Christus
817 5537 986 5594 gentes
1022 5529 1165 5582 adiit.
1195 5560 1263 5571 —-—
1297 5531 1508 5588 Marcus
1551 5547 1730 5590 autem
1774 5539 1868 5603 ait,

265 5611 442 5680 ipsum
476 5613 643 5669 latere
676 5632 778 5670 non
812 5621 1081 5687 potuisse;
1115 5638 1234 5678 cum
1273 5625 1324 5677 in
1372 5625 1590 5680 domum
1637 5630 1870 5684 venisset

261 5701 466 5773 (lare.
503 5708 556 5763 7.
599 5708 723 5777 24).
764 5709 872 5764 Cur
901 5724 1075 5766 autem
1119 5715 1170 5768 in
1211 5726 1389 5786 partes
1434 5719 1550 5773 illas
1596 5721 1868 5791 proiectus

263 5805 380 5856 esti
417 5800 647 5871 Quando
681 5802 922 5857 liberavit
953 5820 1044 5859 eos
1073 5807 1140 5860 ab
1169 5808 1542 5865 observatione
1581 5815 1821 5867 ciborum
1845 5855 1858 5875 .

264 5902 388 5948 tunc
415 5894 609 5949 eadem
643 5893 726 5944 via
758 5909 1086 5964 progressus,
1121 5899 1367 5964 gentibus
1397 5917 1606 5971 quoque
1649 5903 1862 5968 ianuam

597 5998 871 6055 ΡΑΤΙιυι..
923 5999 1038 6055 (in.
1099 6000 1308 6058 LVI”.

1970 5162 2180 5233 aperit:
2207 5157 2660 5230 quemadmodum
2693 5168 2747 5211 et
2787 5154 3000 5214 Petrus,
3050 5168 3172 5207 cum
3223 5153 3455 5222 primum
3483 5153 3568 5222 ju-

1974 5257 2131 5311 betur
2183 5253 2323 5307 banc
2369 5251 2540 5321 legem
2587 5250 2820 5311 solvere,
2874 5245 3103 5300 mittitur
3150 5243 3215 5300 ad
3262 5241 3572 5303 Cornelium

1974 5349 2112 5417 (Aet.
2150 5347 2260 5412 10).
2295 5343 2350 5398 Si
2389 5344 2510 5411 quis
2543 5355 2672 5396 vero
2721 5340 2938 5403 dixerit,
2967 5336 3077 5392 Cur
3123 5350 3251 5407 ergo
3293 5336 3384 5407 qui
3413 5336 3577 5391 disci—

1973 5440 2119 5508 wlis
2144 5437 2294 5498 dicit,
2320 5436 2382 5488 In
2408 5435 2539 5487 viam
2559 5433 2782 5504 gentium
2802 5447 2866 5485 ne
2893 5429 3117 5484 abieritis
3135 5428 3354 5498 (Matth.
3381 5427 3466 5484 10.
3491 5427 3574 5497 5),

1975 5531 2114 5585 hanc
2155 5531 2273 5598 ipse
2320 5528 2460 5580 viam
2489 5523 2639 5579 adit?
2667 5524 2842 5606 primo
2867 5521 3086 5594 quidem
3118 5520 3246 5574 illud
3281 5519 3573 5589 responde-

1973 5620 2170 5683 bimus,
2226 5634 2332 5672 non
2381 5617 2698 5672 adstrictum
2747 5613 2896 5668 illum
2937 5613 3005 5667 iis
3053 5612 3332 5666 servandis
3387 5610 3580 5665 fuisse.

1973 5729 2092 5782 quae
2119 5712 2398 5783 discipulis
2429 5708 2715 5778 pra'ceuit;
2746 5706 3008 5772 secundo,
3037 5705 3184 5762 illum
3210 5718 3315 5758 non
3346 5713 3403 5758 ut
3433 5716 3574 5768 pra)-

1972 5809 2272 5862 dicaturum
2303 5807 2396 5859 illo
2423 5803 2646 5863 abiisse;
2677 5801 2816 5873 quod
2843 5792 3577 5854 subindicausMarcusdice-

1975 5901 2082 5967 bat,
2103 5899 2224 5970 quia
2244 5897 2530 5953 occultavit
2562 5895 2798 5964 sgeipsttm
2815 5903 2869 5949 et
2895 5907 3000 5946 non
3024 5893 3190 5945 latere
3211 5889 3400 5960 potuit.
3421 5884 3572 5938 Sient

3224 6009 3262 6067 ι
