  <div class='ocr_page' id='page_1' title='image "/cluster/home/n/w/nwhite01/storage/ocr_20150623/58/uva.x004914844/066.png"; bbox 0 0 4170 6478; ppageno 0'>
   <div class='ocr_carea' id='block_1_1' title="bbox 259 356 2519 436">
    <p class='ocr_par' dir='ltr' id='par_1_1' title="bbox 259 356 2519 436">
     <span class='ocr_line' id='line_1_1' title="bbox 259 356 2519 436; baseline 0 -20"><span class='ocrx_word' id='word_1_1' title='bbox 259 378 348 436; x_wconf 59' lang='grc' dir='ltr'><strong>ειη</strong></span> <span class='ocrx_word' id='word_1_2' title='bbox 1297 363 1360 421; x_wconf 77' lang='lat' dir='ltr'><strong>IN</strong></span> <span class='ocrx_word' id='word_1_3' title='bbox 1403 358 1810 419; x_wconf 54' lang='lat' dir='ltr'><strong>MAT&#39;I‘llJ-ilill</strong></span> <span class='ocrx_word' id='word_1_4' title='bbox 1852 356 2078 412; x_wconf 67' lang='lat' dir='ltr'><strong>llOlllL</strong></span> <span class='ocrx_word' id='word_1_5' title='bbox 2127 358 2230 415; x_wconf 88' lang='lat' dir='ltr'><strong>Lll.</strong></span> <span class='ocrx_word' id='word_1_6' title='bbox 2274 363 2343 415; x_wconf 86' lang='lat' dir='ltr'><strong>al.</strong></span> <span class='ocrx_word' id='word_1_7' title='bbox 2391 361 2519 416; x_wconf 88' lang='lat' dir='ltr'><strong>LIII.</strong></span> 
     </span>
    </p>
   </div>
   <div class='ocr_carea' id='block_1_2' title="bbox 260 483 1812 560">
    <p class='ocr_par' dir='ltr' id='par_1_2' title="bbox 260 483 1812 560">
     <span class='ocr_line' id='line_1_2' title="bbox 260 483 1812 560; baseline -0.015 -5"><span class='ocrx_word' id='word_1_8' title='bbox 260 515 306 555; x_wconf 81' lang='lat' dir='ltr'><strong>ut</strong></span> <span class='ocrx_word' id='word_1_9' title='bbox 333 506 480 554; x_wconf 69' lang='lat' dir='ltr'><strong>intres</strong></span> <span class='ocrx_word' id='word_1_10' title='bbox 511 498 602 552; x_wconf 85' lang='lat' dir='ltr'><strong>sub</strong></span> <span class='ocrx_word' id='word_1_11' title='bbox 633 505 814 549; x_wconf 79' lang='lat' dir='ltr'><strong>tectum</strong></span> <span class='ocrx_word' id='word_1_12' title='bbox 857 509 1054 554; x_wconf 88' lang='lat' dir='ltr'><strong>meum;</strong></span> <span class='ocrx_word' id='word_1_13' title='bbox 1095 487 1339 560; x_wconf 88' lang='lat' dir='ltr'><strong>quodque</strong></span> <span class='ocrx_word' id='word_1_14' title='bbox 1383 485 1434 538; x_wconf 90' lang='lat' dir='ltr'><strong>in</strong></span> <span class='ocrx_word' id='word_1_15' title='bbox 1477 483 1674 537; x_wconf 70' lang='lat' dir='ltr'><strong>fluxum</strong></span> <span class='ocrx_word' id='word_1_16' title='bbox 1719 493 1812 533; x_wconf 84' lang='lat' dir='ltr'><strong>san</strong></span> 
     </span>
    </p>
   </div>
   <div class='ocr_carea' id='block_1_3' title="bbox 257 577 1850 666">
    <p class='ocr_par' dir='ltr' id='par_1_3' title="bbox 257 577 1850 666">
     <span class='ocr_line' id='line_1_3' title="bbox 257 577 1850 666; baseline -0.014 -18"><span class='ocrx_word' id='word_1_17' title='bbox 257 596 424 666; x_wconf 76' lang='lat' dir='ltr'><strong>guinis</strong></span> <span class='ocrx_word' id='word_1_18' title='bbox 448 594 683 662; x_wconf 78' lang='lat' dir='ltr'><strong>patiente</strong></span> <span class='ocrx_word' id='word_1_19' title='bbox 708 588 857 646; x_wconf 65' lang='lat' dir='ltr'><strong>fecit.</strong></span> <span class='ocrx_word' id='word_1_20' title='bbox 885 585 994 657; x_wconf 84' lang='lat' dir='ltr'><strong>Ego</strong></span> <span class='ocrx_word' id='word_1_21' title='bbox 1015 627 1028 648; x_wconf 93' lang='lat'><strong>,</strong></span> <span class='ocrx_word' id='word_1_22' title='bbox 1061 582 1254 650; x_wconf 89' lang='lat' dir='ltr'><strong>inquit,</strong></span> <span class='ocrx_word' id='word_1_23' title='bbox 1286 579 1400 632; x_wconf 83' lang='lat' dir='ltr'><strong>novi</strong></span> <span class='ocrx_word' id='word_1_24' title='bbox 1429 577 1656 630; x_wconf 75' lang='lat' dir='ltr'><strong>virtutem</strong></span> <span class='ocrx_word' id='word_1_25' title='bbox 1683 589 1745 626; x_wconf 70' lang='lat' dir='ltr'><strong>ex</strong></span> <span class='ocrx_word' id='word_1_26' title='bbox 1773 588 1850 625; x_wconf 85' lang='lat' dir='ltr'><strong>me</strong></span> 
     </span>
    </p>
   </div>
   <div class='ocr_carea' id='block_1_4' title="bbox 256 669 1845 758">
    <p class='ocr_par' dir='ltr' id='par_1_4' title="bbox 256 669 1845 758">
     <span class='ocr_line' id='line_1_4' title="bbox 256 669 1845 758; baseline -0.014 -18"><span class='ocrx_word' id='word_1_27' title='bbox 256 704 498 758; x_wconf 77' lang='lat' dir='ltr'><strong>egressam</strong></span> <span class='ocrx_word' id='word_1_28' title='bbox 530 683 694 754; x_wconf 84' lang='lat' dir='ltr'><strong>(an.</strong></span> <span class='ocrx_word' id='word_1_29' title='bbox 727 684 776 736; x_wconf 82' lang='lat'><strong>8.</strong></span> <span class='ocrx_word' id='word_1_30' title='bbox 813 683 878 734; x_wconf 68' lang='lat' dir='ltr'><strong>ili</strong></span> <span class='ocrx_word' id='word_1_31' title='bbox 899 681 936 747; x_wconf 91' lang='lat'><strong>),</strong></span> <span class='ocrx_word' id='word_1_32' title='bbox 981 686 1039 731; x_wconf 91' lang='lat' dir='ltr'><strong>ut</strong></span> <span class='ocrx_word' id='word_1_33' title='bbox 1069 677 1210 730; x_wconf 87' lang='lat' dir='ltr'><strong>illius</strong></span> <span class='ocrx_word' id='word_1_34' title='bbox 1242 673 1397 727; x_wconf 98' lang='lat' dir='ltr'><strong>ﬁdem</strong></span> <span class='ocrx_word' id='word_1_35' title='bbox 1430 669 1761 728; x_wconf 78' lang='lat' dir='ltr'><strong>declararet;</strong></span> <span class='ocrx_word' id='word_1_36' title='bbox 1796 675 1845 719; x_wconf 91' lang='lat' dir='ltr'><strong>et</strong></span> 
     </span>
    </p>
   </div>
   <div class='ocr_carea' id='block_1_5' title="bbox 255 760 1846 847">
    <p class='ocr_par' dir='ltr' id='par_1_5' title="bbox 255 760 1846 847">
     <span class='ocr_line' id='line_1_5' title="bbox 255 760 1846 847; baseline -0.01 -18"><span class='ocrx_word' id='word_1_37' title='bbox 255 778 390 847; x_wconf 88' lang='lat' dir='ltr'><strong>quod</strong></span> <span class='ocrx_word' id='word_1_38' title='bbox 420 778 470 830; x_wconf 89' lang='lat' dir='ltr'><strong>iu</strong></span> <span class='ocrx_word' id='word_1_39' title='bbox 499 775 830 831; x_wconf 78' lang='lat' dir='ltr'><strong>Satmrituna</strong></span> <span class='ocrx_word' id='word_1_40' title='bbox 855 815 867 837; x_wconf 89' lang='lat'><strong>,</strong></span> <span class='ocrx_word' id='word_1_41' title='bbox 904 779 959 824; x_wconf 86' lang='lat' dir='ltr'><strong>ut</strong></span> <span class='ocrx_word' id='word_1_42' title='bbox 997 766 1303 823; x_wconf 82' lang='lat' dir='ltr'><strong>Ostenderet</strong></span> <span class='ocrx_word' id='word_1_43' title='bbox 1332 780 1449 819; x_wconf 87' lang='lat' dir='ltr'><strong>eam</strong></span> <span class='ocrx_word' id='word_1_44' title='bbox 1471 805 1485 826; x_wconf 96' lang='lat'><strong>,</strong></span> <span class='ocrx_word' id='word_1_45' title='bbox 1529 777 1596 816; x_wconf 88' lang='lat' dir='ltr'><strong>ne</strong></span> <span class='ocrx_word' id='word_1_46' title='bbox 1634 760 1846 828; x_wconf 76' lang='lat' dir='ltr'><strong>quidem</strong></span> 
     </span>
    </p>
   </div>
   <div class='ocr_carea' id='block_1_6' title="bbox 256 853 1846 934">
    <p class='ocr_par' dir='ltr' id='par_1_6' title="bbox 256 853 1846 934">
     <span class='ocr_line' id='line_1_6' title="bbox 256 853 1846 934; baseline -0.011 -10"><span class='ocrx_word' id='word_1_47' title='bbox 256 873 574 924; x_wconf 72' lang='lat' dir='ltr'><strong>confutatam</strong></span> <span class='ocrx_word' id='word_1_48' title='bbox 603 867 860 919; x_wconf 88' lang='lat' dir='ltr'><strong>absistere</strong></span> <span class='ocrx_word' id='word_1_49' title='bbox 881 864 900 934; x_wconf 88' lang='lat'>(</span> <span class='ocrx_word' id='word_1_50' title='bbox 919 862 1075 916; x_wconf 82' lang='lat' dir='ltr'><strong>Joan.</strong></span> <span class='ocrx_word' id='word_1_51' title='bbox 1110 861 1178 929; x_wconf 70' lang='grc'><strong>4)</strong></span> <span class='ocrx_word' id='word_1_52' title='bbox 1206 877 1217 914; x_wconf 90' lang='lat'><strong>:</strong></span> <span class='ocrx_word' id='word_1_53' title='bbox 1243 860 1318 912; x_wconf 87' lang='lat' dir='ltr'><strong>sic</strong></span> <span class='ocrx_word' id='word_1_54' title='bbox 1344 866 1397 912; x_wconf 88' lang='lat' dir='ltr'><strong>et</strong></span> <span class='ocrx_word' id='word_1_55' title='bbox 1423 857 1523 911; x_wconf 90' lang='lat' dir='ltr'><strong>hoc</strong></span> <span class='ocrx_word' id='word_1_56' title='bbox 1552 856 1670 909; x_wconf 91' lang='lat' dir='ltr'><strong>loco</strong></span> <span class='ocrx_word' id='word_1_57' title='bbox 1702 853 1846 908; x_wconf 86' lang='lat' dir='ltr'><strong>facit.</strong></span> 
     </span>
    </p>
   </div>
   <div class='ocr_carea' id='block_1_7' title="bbox 257 945 1870 1018">
    <p class='ocr_par' dir='ltr' id='par_1_7' title="bbox 257 945 1870 1018">
     <span class='ocr_line' id='line_1_7' title="bbox 257 945 1870 1018; baseline -0.007 -8"><span class='ocrx_word' id='word_1_58' title='bbox 257 963 365 1018; x_wconf 67' lang='lat' dir='ltr'><strong>Non</strong></span> <span class='ocrx_word' id='word_1_59' title='bbox 395 963 538 1017; x_wconf 90' lang='lat' dir='ltr'><strong>enim</strong></span> <span class='ocrx_word' id='word_1_60' title='bbox 571 968 769 1012; x_wconf 68' lang='lat' dir='ltr'><strong>emtam</strong></span> <span class='ocrx_word' id='word_1_61' title='bbox 797 957 1006 1010; x_wconf 84' lang='lat' dir='ltr'><strong>volebat</strong></span> <span class='ocrx_word' id='word_1_62' title='bbox 1034 952 1270 1006; x_wconf 84' lang='lat' dir='ltr'><strong>mulieris</strong></span> <span class='ocrx_word' id='word_1_63' title='bbox 1294 951 1539 1004; x_wconf 89' lang='lat' dir='ltr'><strong>virtutem</strong></span> <span class='ocrx_word' id='word_1_64' title='bbox 1569 948 1754 1001; x_wconf 88' lang='lat' dir='ltr'><strong>latere.</strong></span> <span class='ocrx_word' id='word_1_65' title='bbox 1780 945 1870 1000; x_wconf 36' lang='lat' dir='ltr'><strong>At.</strong></span> 
     </span>
    </p>
   </div>
   <div class='ocr_carea' id='block_1_8' title="bbox 255 1039 1848 1120">
    <p class='ocr_par' dir='ltr' id='par_1_8' title="bbox 255 1039 1848 1120">
     <span class='ocr_line' id='line_1_8' title="bbox 255 1039 1848 1120; baseline -0.008 -15"><span class='ocrx_word' id='word_1_66' title='bbox 255 1055 391 1107; x_wconf 77' lang='lat' dir='ltr'><strong>t&#39;ttitn</strong></span> <span class='ocrx_word' id='word_1_67' title='bbox 427 1070 532 1106; x_wconf 87' lang='lat' dir='ltr'><strong>non</strong></span> <span class='ocrx_word' id='word_1_68' title='bbox 564 1050 936 1120; x_wconf 74' lang='lat' dir='ltr'><strong>exprobrantis</strong></span> <span class='ocrx_word' id='word_1_69' title='bbox 965 1056 1118 1102; x_wconf 86' lang='lat' dir='ltr'><strong>erant</strong></span> <span class='ocrx_word' id='word_1_70' title='bbox 1143 1060 1206 1099; x_wconf 89' lang='lat' dir='ltr'><strong>ea</strong></span> <span class='ocrx_word' id='word_1_71' title='bbox 1233 1059 1350 1113; x_wconf 75' lang='lat' dir='ltr'><strong>qua:</strong></span> <span class='ocrx_word' id='word_1_72' title='bbox 1379 1042 1607 1106; x_wconf 85' lang='lat' dir='ltr'><strong>dicebat,</strong></span> <span class='ocrx_word' id='word_1_73' title='bbox 1637 1041 1725 1094; x_wconf 91' lang='lat' dir='ltr'><strong>sed</strong></span> <span class='ocrx_word' id='word_1_74' title='bbox 1754 1039 1848 1093; x_wconf 88' lang='lat' dir='ltr'><strong>ad-</strong></span> 
     </span>
    </p>
   </div>
   <div class='ocr_carea' id='block_1_9' title="bbox 260 1137 1594 1208">
    <p class='ocr_par' dir='ltr' id='par_1_9' title="bbox 260 1137 1594 1208">
     <span class='ocr_line' id='line_1_9' title="bbox 260 1137 1594 1208; baseline -0.01 -9"><span class='ocrx_word' id='word_1_75' title='bbox 260 1147 519 1208; x_wconf 56' lang='lat' dir='ltr'><strong>meantis,</strong></span> <span class='ocrx_word' id='word_1_76' title='bbox 563 1156 615 1198; x_wconf 88' lang='lat' dir='ltr'><strong>et</strong></span> <span class='ocrx_word' id='word_1_77' title='bbox 646 1142 912 1198; x_wconf 61' lang='lat' dir='ltr'><strong>occultum</strong></span> <span class='ocrx_word' id='word_1_78' title='bbox 946 1141 1254 1194; x_wconf 81' lang='lat' dir='ltr'><strong>thesaurum</strong></span> <span class='ocrx_word' id='word_1_79' title='bbox 1287 1137 1594 1189; x_wconf 85' lang='lat' dir='ltr'><strong>revelantis.</strong></span> 
     </span>
    </p>
   </div>
   <div class='ocr_carea' id='block_1_10' title="bbox 321 1224 1844 1306">
    <p class='ocr_par' dir='ltr' id='par_1_10' title="bbox 321 1224 1844 1306">
     <span class='ocr_line' id='line_1_10' title="bbox 321 1224 1844 1306; baseline -0.009 -17"><span class='ocrx_word' id='word_1_80' title='bbox 321 1236 627 1289; x_wconf 76' lang='lat' dir='ltr'><strong>Clnmana&#39;te</strong></span> <span class='ocrx_word' id='word_1_81' title='bbox 655 1233 780 1302; x_wconf 80' lang='lat' dir='ltr'><strong>ﬁdes</strong></span> <span class='ocrx_word' id='word_1_82' title='bbox 818 1241 862 1306; x_wconf 83' lang='lat' dir='ltr'><strong>et</strong></span> <span class='ocrx_word' id='word_1_83' title='bbox 899 1227 1356 1284; x_wconf 85' lang='lat' dir='ltr'><strong>Immilitas.—Tu</strong></span> <span class='ocrx_word' id='word_1_84' title='bbox 1395 1242 1522 1280; x_wconf 84' lang='lat' dir='ltr'><strong>vero</strong></span> <span class='ocrx_word' id='word_1_85' title='bbox 1569 1224 1695 1278; x_wconf 88' lang='lat' dir='ltr'><strong>mihi</strong></span> <span class='ocrx_word' id='word_1_86' title='bbox 1743 1241 1844 1277; x_wconf 89' lang='lat' dir='ltr'><strong>una</strong></span> 
     </span>
    </p>
   </div>
   <div class='ocr_carea' id='block_1_11' title="bbox 255 1316 1847 1392">
    <p class='ocr_par' dir='ltr' id='par_1_11' title="bbox 255 1316 1847 1392">
     <span class='ocr_line' id='line_1_11' title="bbox 255 1316 1847 1392; baseline -0.008 -10"><span class='ocrx_word' id='word_1_87' title='bbox 255 1343 372 1382; x_wconf 86' lang='lat' dir='ltr'><strong>cum</strong></span> <span class='ocrx_word' id='word_1_88' title='bbox 406 1327 509 1382; x_wconf 89' lang='lat' dir='ltr'><strong>tide</strong></span> <span class='ocrx_word' id='word_1_89' title='bbox 536 1325 885 1379; x_wconf 68' lang='lat' dir='ltr'><strong>humilitatem</strong></span> <span class='ocrx_word' id='word_1_90' title='bbox 914 1337 1126 1392; x_wconf 89' lang='lat' dir='ltr'><strong>quoque</strong></span> <span class='ocrx_word' id='word_1_91' title='bbox 1151 1319 1389 1374; x_wconf 71' lang='lat' dir='ltr'><strong>mulieris</strong></span> <span class='ocrx_word' id='word_1_92' title='bbox 1412 1316 1704 1387; x_wconf 74' lang='lat' dir='ltr'><strong>perpende.</strong></span> <span class='ocrx_word' id='word_1_93' title='bbox 1734 1316 1847 1384; x_wconf 88' lang='lat' dir='ltr'><strong>Ipse</strong></span> 
     </span>
    </p>
   </div>
   <div class='ocr_carea' id='block_1_12' title="bbox 256 1407 1848 1487">
    <p class='ocr_par' dir='ltr' id='par_1_12' title="bbox 256 1407 1848 1487">
     <span class='ocr_line' id='line_1_12' title="bbox 256 1407 1848 1487; baseline -0.008 -14"><span class='ocrx_word' id='word_1_94' title='bbox 256 1432 479 1487; x_wconf 85' lang='lat' dir='ltr'><strong>namque</strong></span> <span class='ocrx_word' id='word_1_95' title='bbox 513 1418 649 1470; x_wconf 84' lang='lat' dir='ltr'><strong>filios</strong></span> <span class='ocrx_word' id='word_1_96' title='bbox 682 1414 888 1470; x_wconf 79' lang='lat' dir='ltr'><strong>vocavit</strong></span> <span class='ocrx_word' id='word_1_97' title='bbox 922 1413 1170 1477; x_wconf 69' lang='lat' dir='ltr'><strong>.Iudtcos;</strong></span> <span class='ocrx_word' id='word_1_98' title='bbox 1204 1411 1317 1465; x_wconf 72' lang='lat' dir='ltr'><strong>ha‘c</strong></span> <span class='ocrx_word' id='word_1_99' title='bbox 1344 1425 1469 1464; x_wconf 85' lang='lat' dir='ltr'><strong>vero</strong></span> <span class='ocrx_word' id='word_1_100' title='bbox 1497 1408 1545 1462; x_wconf 90' lang='lat' dir='ltr'><strong>id</strong></span> <span class='ocrx_word' id='word_1_101' title='bbox 1574 1423 1676 1461; x_wconf 91' lang='lat' dir='ltr'><strong>non</strong></span> <span class='ocrx_word' id='word_1_102' title='bbox 1717 1407 1848 1462; x_wconf 85' lang='lat' dir='ltr'><strong>Satis</strong></span> 
     </span>
    </p>
   </div>
   <div class='ocr_carea' id='block_1_13' title="bbox 259 1498 1848 1576">
    <p class='ocr_par' dir='ltr' id='par_1_13' title="bbox 259 1498 1848 1576">
     <span class='ocr_line' id='line_1_13' title="bbox 259 1498 1848 1576; baseline -0.004 -16"><span class='ocrx_word' id='word_1_103' title='bbox 259 1509 489 1576; x_wconf 76' lang='lat' dir='ltr'><strong>habens,</strong></span> <span class='ocrx_word' id='word_1_104' title='bbox 530 1508 776 1562; x_wconf 91' lang='lat' dir='ltr'><strong>dominos</strong></span> <span class='ocrx_word' id='word_1_105' title='bbox 817 1505 1102 1576; x_wconf 81' lang='lat' dir='ltr'><strong>appellavit</strong></span> <span class='ocrx_word' id='word_1_106' title='bbox 1145 1521 1158 1555; x_wconf 79' lang='lat' dir='ltr'><em>z</em></span> <span class='ocrx_word' id='word_1_107' title='bbox 1196 1511 1401 1556; x_wconf 88' lang='lat' dir='ltr'><strong>tantum</strong></span> <span class='ocrx_word' id='word_1_108' title='bbox 1443 1499 1643 1562; x_wconf 83' lang='lat' dir='ltr'><strong>abfuit,</strong></span> <span class='ocrx_word' id='word_1_109' title='bbox 1685 1508 1744 1552; x_wconf 90' lang='lat' dir='ltr'><strong>ut</strong></span> <span class='ocrx_word' id='word_1_110' title='bbox 1782 1498 1848 1553; x_wconf 86' lang='lat' dir='ltr'><strong>de</strong></span> 
     </span>
    </p>
   </div>
   <div class='ocr_carea' id='block_1_14' title="bbox 254 1590 1849 1660">
    <p class='ocr_par' dir='ltr' id='par_1_14' title="bbox 254 1590 1849 1660">
     <span class='ocr_line' id='line_1_14' title="bbox 254 1590 1849 1660; baseline -0.006 -8"><span class='ocrx_word' id='word_1_111' title='bbox 254 1601 419 1653; x_wconf 86' lang='lat' dir='ltr'><strong>aliena</strong></span> <span class='ocrx_word' id='word_1_112' title='bbox 447 1599 604 1652; x_wconf 83' lang='lat' dir='ltr'><strong>laude</strong></span> <span class='ocrx_word' id='word_1_113' title='bbox 629 1597 834 1652; x_wconf 85' lang='lat' dir='ltr'><strong>doleret</strong></span> <span class='ocrx_word' id='word_1_114' title='bbox 859 1615 870 1650; x_wconf 89' lang='lat'><strong>:</strong></span> <span class='ocrx_word' id='word_1_115' title='bbox 899 1596 985 1649; x_wconf 72' lang='lat'><strong>27.</strong></span> <span class='ocrx_word' id='word_1_116' title='bbox 1021 1594 1218 1648; x_wconf 82' lang='lat' dir='ltr'><strong>Etenim</strong></span> <span class='ocrx_word' id='word_1_117' title='bbox 1239 1593 1438 1656; x_wconf 87' lang='lat' dir='ltr'><strong>catelli,</strong></span> <span class='ocrx_word' id='word_1_118' title='bbox 1465 1590 1669 1660; x_wconf 88' lang='lat' dir='ltr'><strong>inquit,</strong></span> <span class='ocrx_word' id='word_1_119' title='bbox 1696 1590 1849 1642; x_wconf 85' lang='lat' dir='ltr'><strong>edunt</strong></span> 
     </span>
    </p>
   </div>
   <div class='ocr_carea' id='block_1_15' title="bbox 255 1685 1845 1760">
    <p class='ocr_par' dir='ltr' id='par_1_15' title="bbox 255 1685 1845 1760">
     <span class='ocr_line' id='line_1_15' title="bbox 255 1685 1845 1760; baseline -0.007 -15"><span class='ocrx_word' id='word_1_120' title='bbox 255 1693 314 1745; x_wconf 87' lang='lat' dir='ltr'><strong>de</strong></span> <span class='ocrx_word' id='word_1_121' title='bbox 355 1695 496 1746; x_wconf 86' lang='lat' dir='ltr'><strong>micis</strong></span> <span class='ocrx_word' id='word_1_122' title='bbox 544 1708 657 1760; x_wconf 71' lang='lat' dir='ltr'><strong>qua:</strong></span> <span class='ocrx_word' id='word_1_123' title='bbox 699 1692 882 1743; x_wconf 85' lang='lat' dir='ltr'><strong>cadunt</strong></span> <span class='ocrx_word' id='word_1_124' title='bbox 932 1691 994 1742; x_wconf 85' lang='lat' dir='ltr'><strong>de</strong></span> <span class='ocrx_word' id='word_1_125' title='bbox 1037 1703 1207 1740; x_wconf 85' lang='lat' dir='ltr'><strong>mensa</strong></span> <span class='ocrx_word' id='word_1_126' title='bbox 1248 1685 1568 1738; x_wconf 87' lang='lat' dir='ltr'><strong>dominorum</strong></span> <span class='ocrx_word' id='word_1_127' title='bbox 1617 1699 1845 1737; x_wconf 84' lang='lat' dir='ltr'><strong>suorum.</strong></span> 
     </span>
    </p>
   </div>
   <div class='ocr_carea' id='block_1_16' title="bbox 259 1774 1846 1854">
    <p class='ocr_par' dir='ltr' id='par_1_16' title="bbox 259 1774 1846 1854">
     <span class='ocr_line' id='line_1_16' title="bbox 259 1774 1846 1854; baseline -0.005 -17"><span class='ocrx_word' id='word_1_128' title='bbox 259 1785 440 1839; x_wconf 80' lang='lat' dir='ltr'><strong>\‘iden’</strong></span> <span class='ocrx_word' id='word_1_129' title='bbox 473 1783 809 1854; x_wconf 83' lang='lat' dir='ltr'><strong>prudentiam</strong></span> <span class='ocrx_word' id='word_1_130' title='bbox 841 1780 1116 1836; x_wconf 85' lang='lat' dir='ltr'><strong>mulieris?</strong></span> <span class='ocrx_word' id='word_1_131' title='bbox 1146 1777 1417 1849; x_wconf 88' lang='lat' dir='ltr'><strong>quomodo</strong></span> <span class='ocrx_word' id='word_1_132' title='bbox 1448 1792 1546 1831; x_wconf 90' lang='lat' dir='ltr'><strong>nec</strong></span> <span class='ocrx_word' id='word_1_133' title='bbox 1572 1774 1846 1832; x_wconf 89' lang='lat' dir='ltr'><strong>contradi-</strong></span> 
     </span>
    </p>
   </div>
   <div class='ocr_carea' id='block_1_17' title="bbox 255 1870 1841 1942">
    <p class='ocr_par' dir='ltr' id='par_1_17' title="bbox 255 1870 1841 1942">
     <span class='ocr_line' id='line_1_17' title="bbox 255 1870 1841 1942; baseline -0.007 -13"><span class='ocrx_word' id='word_1_134' title='bbox 255 1891 372 1930; x_wconf 86' lang='lat' dir='ltr'><strong>cere</strong></span> <span class='ocrx_word' id='word_1_135' title='bbox 401 1876 594 1929; x_wconf 81' lang='lat' dir='ltr'><strong>audeat</strong></span> <span class='ocrx_word' id='word_1_136' title='bbox 616 1916 632 1942; x_wconf 93' lang='lat'><strong>,</strong></span> <span class='ocrx_word' id='word_1_137' title='bbox 661 1889 760 1928; x_wconf 81' lang='lat' dir='ltr'><strong>nec</strong></span> <span class='ocrx_word' id='word_1_138' title='bbox 784 1873 1008 1927; x_wconf 89' lang='lat' dir='ltr'><strong>aliorum</strong></span> <span class='ocrx_word' id='word_1_139' title='bbox 1041 1871 1180 1924; x_wconf 82' lang='lat' dir='ltr'><strong>laudi</strong></span> <span class='ocrx_word' id='word_1_140' title='bbox 1215 1870 1482 1935; x_wconf 88' lang='lat' dir='ltr'><strong>invideat,</strong></span> <span class='ocrx_word' id='word_1_141' title='bbox 1526 1883 1624 1924; x_wconf 89' lang='lat' dir='ltr'><strong>nec</strong></span> <span class='ocrx_word' id='word_1_142' title='bbox 1650 1877 1841 1923; x_wconf 86' lang='lat' dir='ltr'><strong>contu—</strong></span> 
     </span>
    </p>
   </div>
   <div class='ocr_carea' id='block_1_18' title="bbox 257 1959 1844 2036">
    <p class='ocr_par' dir='ltr' id='par_1_18' title="bbox 257 1959 1844 2036">
     <span class='ocr_line' id='line_1_18' title="bbox 257 1959 1844 2036; baseline -0.006 -17"><span class='ocrx_word' id='word_1_143' title='bbox 257 1966 463 2020; x_wconf 69' lang='lat' dir='ltr'><strong>nit-liam</strong></span> <span class='ocrx_word' id='word_1_144' title='bbox 497 1980 641 2036; x_wconf 71' lang='lat' dir='ltr'><strong>a-gre</strong></span> <span class='ocrx_word' id='word_1_145' title='bbox 670 1965 838 2018; x_wconf 83' lang='lat' dir='ltr'><strong>ferat?</strong></span> <span class='ocrx_word' id='word_1_146' title='bbox 865 1963 1036 2016; x_wconf 72' lang='lat' dir='ltr'><strong>viden”</strong></span> <span class='ocrx_word' id='word_1_147' title='bbox 1066 1961 1552 2031; x_wconf 76' lang='lat' dir='ltr'><strong>perseverantiam?</strong></span> <span class='ocrx_word' id='word_1_148' title='bbox 1586 1959 1677 2013; x_wconf 89' lang='lat' dir='ltr'><strong>Ille</strong></span> <span class='ocrx_word' id='word_1_149' title='bbox 1698 1959 1844 2021; x_wconf 87' lang='lat' dir='ltr'><strong>dicit,</strong></span> 
     </span>
    </p>
   </div>
   <div class='ocr_carea' id='block_1_19' title="bbox 259 2051 1849 2122">
    <p class='ocr_par' dir='ltr' id='par_1_19' title="bbox 259 2051 1849 2122">
     <span class='ocr_line' id='line_1_19' title="bbox 259 2051 1849 2122; baseline -0.003 -15"><span class='ocrx_word' id='word_1_150' title='bbox 259 2055 372 2109; x_wconf 75' lang='lat' dir='ltr'><strong>Non</strong></span> <span class='ocrx_word' id='word_1_151' title='bbox 402 2067 472 2110; x_wconf 83' lang='lat' dir='ltr'><strong>est</strong></span> <span class='ocrx_word' id='word_1_152' title='bbox 504 2055 726 2117; x_wconf 87' lang='lat' dir='ltr'><strong>bonum;</strong></span> <span class='ocrx_word' id='word_1_153' title='bbox 763 2055 848 2108; x_wconf 90' lang='lat' dir='ltr'><strong>illa</strong></span> <span class='ocrx_word' id='word_1_154' title='bbox 876 2053 1182 2122; x_wconf 84' lang='lat' dir='ltr'><strong>respondet,</strong></span> <span class='ocrx_word' id='word_1_155' title='bbox 1217 2051 1405 2116; x_wconf 83' lang='lat' dir='ltr'><strong>Etiam,</strong></span> <span class='ocrx_word' id='word_1_156' title='bbox 1437 2051 1651 2104; x_wconf 84' lang='lat' dir='ltr'><strong>Domine</strong></span> <span class='ocrx_word' id='word_1_157' title='bbox 1680 2066 1697 2103; x_wconf 92' lang='lat'><em>:</em></span> <span class='ocrx_word' id='word_1_158' title='bbox 1737 2051 1849 2120; x_wconf 91' lang='lat' dir='ltr'><strong>ipse</strong></span> 
     </span>
    </p>
   </div>
   <div class='ocr_carea' id='block_1_20' title="bbox 258 2142 1847 2212">
    <p class='ocr_par' dir='ltr' id='par_1_20' title="bbox 258 2142 1847 2212">
     <span class='ocr_line' id='line_1_20' title="bbox 258 2142 1847 2212; baseline -0.003 -14"><span class='ocrx_word' id='word_1_159' title='bbox 258 2146 388 2200; x_wconf 86' lang='lat' dir='ltr'><strong>ﬁlios</strong></span> <span class='ocrx_word' id='word_1_160' title='bbox 420 2158 610 2211; x_wconf 81' lang='lat' dir='ltr'><strong>vocat;</strong></span> <span class='ocrx_word' id='word_1_161' title='bbox 647 2147 759 2200; x_wconf 69' lang='lat' dir='ltr'><strong>hazc</strong></span> <span class='ocrx_word' id='word_1_162' title='bbox 785 2145 1031 2200; x_wconf 84' lang='lat' dir='ltr'><strong>dominos</strong></span> <span class='ocrx_word' id='word_1_163' title='bbox 1061 2163 1073 2197; x_wconf 88' lang='lat'><strong>:</strong></span> <span class='ocrx_word' id='word_1_164' title='bbox 1104 2145 1214 2212; x_wconf 79' lang='lat' dir='ltr'><strong>ipse</strong></span> <span class='ocrx_word' id='word_1_165' title='bbox 1245 2159 1430 2198; x_wconf 88' lang='lat' dir='ltr'><strong>canem</strong></span> <span class='ocrx_word' id='word_1_166' title='bbox 1461 2142 1728 2212; x_wconf 78' lang='lat' dir='ltr'><strong>appellat;</strong></span> <span class='ocrx_word' id='word_1_167' title='bbox 1759 2143 1847 2196; x_wconf 91' lang='lat' dir='ltr'><strong>illa</strong></span> 
     </span>
    </p>
   </div>
   <div class='ocr_carea' id='block_1_21' title="bbox 255 2236 1850 2294">
    <p class='ocr_par' dir='ltr' id='par_1_21' title="bbox 255 2236 1850 2294">
     <span class='ocr_line' id='line_1_21' title="bbox 255 2236 1850 2294; baseline -0.003 -1"><span class='ocrx_word' id='word_1_168' title='bbox 255 2256 439 2294; x_wconf 85' lang='lat' dir='ltr'><strong>canum</strong></span> <span class='ocrx_word' id='word_1_169' title='bbox 492 2256 698 2294; x_wconf 85' lang='lat' dir='ltr'><strong>morem</strong></span> <span class='ocrx_word' id='word_1_170' title='bbox 753 2238 972 2294; x_wconf 82' lang='lat' dir='ltr'><strong>addidit.</strong></span> <span class='ocrx_word' id='word_1_171' title='bbox 1031 2239 1214 2291; x_wconf 77' lang='lat' dir='ltr'><strong>Vidisti</strong></span> <span class='ocrx_word' id='word_1_172' title='bbox 1265 2239 1404 2292; x_wconf 77' lang='lat' dir='ltr'><strong>illzus</strong></span> <span class='ocrx_word' id='word_1_173' title='bbox 1454 2236 1850 2292; x_wconf 83' lang='lat' dir='ltr'><strong>humilitatem?</strong></span> 
     </span>
    </p>
   </div>
   <div class='ocr_carea' id='block_1_22' title="bbox 257 2331 1846 2403">
    <p class='ocr_par' dir='ltr' id='par_1_22' title="bbox 257 2331 1846 2403">
     <span class='ocr_line' id='line_1_22' title="bbox 257 2331 1846 2403; baseline 0 -17"><span class='ocrx_word' id='word_1_174' title='bbox 257 2333 385 2386; x_wconf 76' lang='lat' dir='ltr'><strong>Audi</strong></span> <span class='ocrx_word' id='word_1_175' title='bbox 423 2333 733 2388; x_wconf 65' lang='lat' dir='ltr'><strong>.Iudzeorum</strong></span> <span class='ocrx_word' id='word_1_176' title='bbox 769 2333 1101 2403; x_wconf 67' lang='lat' dir='ltr'><strong>jactantinm.</strong></span> <span class='ocrx_word' id='word_1_177' title='bbox 1147 2331 1330 2386; x_wconf 80' lang='lat' dir='ltr'><strong>Semen</strong></span> <span class='ocrx_word' id='word_1_178' title='bbox 1379 2331 1594 2385; x_wconf 78' lang='lat' dir='ltr'><strong>Abralia:</strong></span> <span class='ocrx_word' id='word_1_179' title='bbox 1635 2348 1846 2397; x_wconf 86' lang='lat' dir='ltr'><strong>sumus,</strong></span> 
     </span>
    </p>
   </div>
   <div class='ocr_carea' id='block_1_23' title="bbox 256 2423 1851 2498">
    <p class='ocr_par' dir='ltr' id='par_1_23' title="bbox 256 2423 1851 2498">
     <span class='ocr_line' id='line_1_23' title="bbox 256 2423 1851 2498; baseline 0 -18"><span class='ocrx_word' id='word_1_180' title='bbox 256 2431 520 2497; x_wconf 86' lang='lat' dir='ltr'><strong>inquiunt,</strong></span> <span class='ocrx_word' id='word_1_181' title='bbox 565 2438 609 2481; x_wconf 85' lang='lat' dir='ltr'><strong>et</strong></span> <span class='ocrx_word' id='word_1_182' title='bbox 650 2428 777 2481; x_wconf 81' lang='lat' dir='ltr'><strong>nulli</strong></span> <span class='ocrx_word' id='word_1_183' title='bbox 818 2443 1057 2498; x_wconf 85' lang='lat' dir='ltr'><strong>umquam</strong></span> <span class='ocrx_word' id='word_1_184' title='bbox 1087 2426 1412 2490; x_wconf 74' lang='lat' dir='ltr'><strong>seruiuimus,</strong></span> <span class='ocrx_word' id='word_1_185' title='bbox 1451 2435 1602 2494; x_wconf 84' lang='lat' dir='ltr'><strong>atque</strong></span> <span class='ocrx_word' id='word_1_186' title='bbox 1638 2442 1700 2479; x_wconf 78' lang='lat' dir='ltr'><strong>ex</strong></span> <span class='ocrx_word' id='word_1_187' title='bbox 1742 2423 1851 2480; x_wconf 72' lang='lat' dir='ltr'><strong>Deo</strong></span> 
     </span>
    </p>
   </div>
   <div class='ocr_carea' id='block_1_24' title="bbox 257 2520 1850 2596">
    <p class='ocr_par' dir='ltr' id='par_1_24' title="bbox 257 2520 1850 2596">
     <span class='ocr_line' id='line_1_24' title="bbox 257 2520 1850 2596; baseline -0.001 -20"><span class='ocrx_word' id='word_1_188' title='bbox 257 2525 355 2576; x_wconf 86' lang='lat' dir='ltr'><strong>nati</strong></span> <span class='ocrx_word' id='word_1_189' title='bbox 376 2541 552 2578; x_wconf 88' lang='lat' dir='ltr'><strong>sumus</strong></span> <span class='ocrx_word' id='word_1_190' title='bbox 575 2522 752 2596; x_wconf 79' lang='lat' dir='ltr'><strong>(Joan.</strong></span> <span class='ocrx_word' id='word_1_191' title='bbox 777 2524 830 2578; x_wconf 91' lang='lat'><strong>8.</strong></span> <span class='ocrx_word' id='word_1_192' title='bbox 853 2523 965 2594; x_wconf 72' lang='lat'><strong>35).</strong></span> <span class='ocrx_word' id='word_1_193' title='bbox 993 2521 1099 2576; x_wconf 89' lang='lat' dir='ltr'><strong>Sed</strong></span> <span class='ocrx_word' id='word_1_194' title='bbox 1128 2536 1233 2575; x_wconf 88' lang='lat' dir='ltr'><strong>non</strong></span> <span class='ocrx_word' id='word_1_195' title='bbox 1258 2521 1329 2574; x_wconf 88' lang='lat' dir='ltr'><strong>ita</strong></span> <span class='ocrx_word' id='word_1_196' title='bbox 1357 2520 1581 2586; x_wconf 90' lang='lat' dir='ltr'><strong>mulier;</strong></span> <span class='ocrx_word' id='word_1_197' title='bbox 1603 2520 1850 2574; x_wconf 89' lang='lat' dir='ltr'><strong>catellum</strong></span> 
     </span>
    </p>
   </div>
   <div class='ocr_carea' id='block_1_25' title="bbox 258 2613 1847 2684">
    <p class='ocr_par' dir='ltr' id='par_1_25' title="bbox 258 2613 1847 2684">
     <span class='ocr_line' id='line_1_25' title="bbox 258 2613 1847 2684; baseline -0.003 -14"><span class='ocrx_word' id='word_1_198' title='bbox 258 2632 311 2670; x_wconf 75' lang='lat' dir='ltr'><strong>se</strong></span> <span class='ocrx_word' id='word_1_199' title='bbox 339 2627 528 2679; x_wconf 82' lang='lat' dir='ltr'><strong>vocat,</strong></span> <span class='ocrx_word' id='word_1_200' title='bbox 566 2617 790 2684; x_wconf 77' lang='lat' dir='ltr'><strong>illosque</strong></span> <span class='ocrx_word' id='word_1_201' title='bbox 831 2615 1076 2669; x_wconf 87' lang='lat' dir='ltr'><strong>dominos</strong></span> <span class='ocrx_word' id='word_1_202' title='bbox 1102 2634 1115 2670; x_wconf 90' lang='lat'><strong>:</strong></span> <span class='ocrx_word' id='word_1_203' title='bbox 1146 2615 1370 2683; x_wconf 78' lang='lat' dir='ltr'><strong>ideoque</strong></span> <span class='ocrx_word' id='word_1_204' title='bbox 1401 2613 1504 2666; x_wconf 89' lang='lat' dir='ltr'><strong>filia</strong></span> <span class='ocrx_word' id='word_1_205' title='bbox 1531 2613 1717 2668; x_wconf 83' lang='lat' dir='ltr'><strong>effecta</strong></span> <span class='ocrx_word' id='word_1_206' title='bbox 1745 2623 1847 2668; x_wconf 88' lang='lat' dir='ltr'><strong>est.</strong></span> 
     </span>
    </p>
   </div>
   <div class='ocr_carea' id='block_1_26' title="bbox 256 2705 1846 2778">
    <p class='ocr_par' dir='ltr' id='par_1_26' title="bbox 256 2705 1846 2778">
     <span class='ocr_line' id='line_1_26' title="bbox 256 2705 1846 2778; baseline -0.001 -18"><span class='ocrx_word' id='word_1_207' title='bbox 256 2708 386 2773; x_wconf 76' lang='lat' dir='ltr'><strong>Quid</strong></span> <span class='ocrx_word' id='word_1_208' title='bbox 410 2723 542 2778; x_wconf 79' lang='lat' dir='ltr'><strong>ergo</strong></span> <span class='ocrx_word' id='word_1_209' title='bbox 563 2707 844 2761; x_wconf 78' lang='lat' dir='ltr'><strong>Christus?</strong></span> <span class='ocrx_word' id='word_1_210' title='bbox 867 2706 955 2761; x_wconf 66' lang='lat'><strong>28.</strong></span> <span class='ocrx_word' id='word_1_211' title='bbox 987 2705 1031 2760; x_wconf 88' lang='grc' dir='ltr'><em>Ο</em></span> <span class='ocrx_word' id='word_1_212' title='bbox 1054 2707 1270 2760; x_wconf 86' lang='lat' dir='ltr'><strong>mulier!</strong></span> <span class='ocrx_word' id='word_1_213' title='bbox 1297 2722 1478 2776; x_wconf 82' lang='lat' dir='ltr'><strong>magna</strong></span> <span class='ocrx_word' id='word_1_214' title='bbox 1498 2717 1570 2760; x_wconf 84' lang='lat' dir='ltr'><strong>est</strong></span> <span class='ocrx_word' id='word_1_215' title='bbox 1591 2705 1718 2772; x_wconf 76' lang='lat' dir='ltr'><strong>ﬁdes</strong></span> <span class='ocrx_word' id='word_1_216' title='bbox 1741 2715 1846 2758; x_wconf 90' lang='lat' dir='ltr'><strong>tua.</strong></span> 
     </span>
    </p>
   </div>
   <div class='ocr_carea' id='block_1_27' title="bbox 259 2799 1852 2870">
    <p class='ocr_par' dir='ltr' id='par_1_27' title="bbox 259 2799 1852 2870">
     <span class='ocr_line' id='line_1_27' title="bbox 259 2799 1852 2870; baseline 0.001 -17"><span class='ocrx_word' id='word_1_217' title='bbox 259 2799 376 2854; x_wconf 83' lang='lat' dir='ltr'><strong>Ideo</strong></span> <span class='ocrx_word' id='word_1_218' title='bbox 420 2816 651 2870; x_wconf 83' lang='lat' dir='ltr'><strong>namque</strong></span> <span class='ocrx_word' id='word_1_219' title='bbox 697 2801 1002 2865; x_wconf 76' lang='lat' dir='ltr'><strong>differebat,</strong></span> <span class='ocrx_word' id='word_1_220' title='bbox 1039 2810 1091 2854; x_wconf 90' lang='lat' dir='ltr'><strong>ut</strong></span> <span class='ocrx_word' id='word_1_221' title='bbox 1125 2802 1175 2854; x_wconf 90' lang='lat' dir='ltr'><strong>in</strong></span> <span class='ocrx_word' id='word_1_222' title='bbox 1210 2800 1347 2854; x_wconf 87' lang='lat' dir='ltr'><strong>hanc</strong></span> <span class='ocrx_word' id='word_1_223' title='bbox 1376 2815 1560 2855; x_wconf 84' lang='lat' dir='ltr'><strong>vocem</strong></span> <span class='ocrx_word' id='word_1_224' title='bbox 1601 2816 1852 2870; x_wconf 85' lang='lat' dir='ltr'><strong>erumpe-</strong></span> 
     </span>
    </p>
   </div>
   <div class='ocr_carea' id='block_1_28' title="bbox 259 2894 1847 2959">
    <p class='ocr_par' dir='ltr' id='par_1_28' title="bbox 259 2894 1847 2959">
     <span class='ocr_line' id='line_1_28' title="bbox 259 2894 1847 2959; baseline 0.002 -12"><span class='ocrx_word' id='word_1_225' title='bbox 259 2905 369 2959; x_wconf 92' lang='lat' dir='ltr'><strong>ret,</strong></span> <span class='ocrx_word' id='word_1_226' title='bbox 405 2904 460 2949; x_wconf 90' lang='lat' dir='ltr'><strong>ut</strong></span> <span class='ocrx_word' id='word_1_227' title='bbox 484 2895 769 2951; x_wconf 81' lang='lat' dir='ltr'><strong>mulierem</strong></span> <span class='ocrx_word' id='word_1_228' title='bbox 797 2907 1100 2950; x_wconf 87' lang='lat' dir='ltr'><strong>coronaret.</strong></span> <span class='ocrx_word' id='word_1_229' title='bbox 1129 2894 1248 2949; x_wconf 84' lang='lat' dir='ltr'><strong>Fiat</strong></span> <span class='ocrx_word' id='word_1_230' title='bbox 1276 2897 1361 2949; x_wconf 88' lang='lat' dir='ltr'><strong>tibi</strong></span> <span class='ocrx_word' id='word_1_231' title='bbox 1390 2897 1515 2948; x_wconf 87' lang='lat' dir='ltr'><strong>sicut</strong></span> <span class='ocrx_word' id='word_1_232' title='bbox 1541 2897 1631 2950; x_wconf 80' lang='lat' dir='ltr'><strong>ris.</strong></span> <span class='ocrx_word' id='word_1_233' title='bbox 1665 2895 1719 2950; x_wconf 95' lang='lat' dir='ltr'><strong>Id</strong></span> <span class='ocrx_word' id='word_1_234' title='bbox 1746 2904 1847 2958; x_wconf 88' lang='lat' dir='ltr'><strong>est,</strong></span> 
     </span>
    </p>
   </div>
   <div class='ocr_carea' id='block_1_29' title="bbox 259 2985 1852 3055">
    <p class='ocr_par' dir='ltr' id='par_1_29' title="bbox 259 2985 1852 3055">
     <span class='ocr_line' id='line_1_29' title="bbox 259 2985 1852 3055; baseline 0.003 -19"><span class='ocrx_word' id='word_1_235' title='bbox 259 2986 386 3041; x_wconf 89' lang='lat' dir='ltr'><strong>tides</strong></span> <span class='ocrx_word' id='word_1_236' title='bbox 413 2995 504 3039; x_wconf 90' lang='lat' dir='ltr'><strong>tua</strong></span> <span class='ocrx_word' id='word_1_237' title='bbox 540 2988 624 3040; x_wconf 78' lang='lat' dir='ltr'><strong>his</strong></span> <span class='ocrx_word' id='word_1_238' title='bbox 652 2987 853 3055; x_wconf 81' lang='lat' dir='ltr'><strong>majora</strong></span> <span class='ocrx_word' id='word_1_239' title='bbox 896 2995 1070 3055; x_wconf 87' lang='lat' dir='ltr'><strong>potest</strong></span> <span class='ocrx_word' id='word_1_240' title='bbox 1112 2986 1400 3055; x_wconf 75' lang='lat' dir='ltr'><strong>perﬁcere;</strong></span> <span class='ocrx_word' id='word_1_241' title='bbox 1439 2997 1690 3041; x_wconf 64' lang='lat' dir='ltr'><strong>ueterum</strong></span> <span class='ocrx_word' id='word_1_242' title='bbox 1732 2985 1852 3040; x_wconf 82' lang='lat' dir='ltr'><strong>Fiat</strong></span> 
     </span>
    </p>
   </div>
   <div class='ocr_carea' id='block_1_30' title="bbox 260 3079 1853 3145">
    <p class='ocr_par' dir='ltr' id='par_1_30' title="bbox 260 3079 1853 3145">
     <span class='ocr_line' id='line_1_30' title="bbox 260 3079 1853 3145; baseline 0.003 -16"><span class='ocrx_word' id='word_1_243' title='bbox 260 3079 340 3132; x_wconf 85' lang='lat' dir='ltr'><strong>tibi</strong></span> <span class='ocrx_word' id='word_1_244' title='bbox 366 3081 492 3134; x_wconf 88' lang='lat' dir='ltr'><strong>sicut</strong></span> <span class='ocrx_word' id='word_1_245' title='bbox 526 3080 618 3134; x_wconf 82' lang='lat' dir='ltr'><strong>vis.</strong></span> <span class='ocrx_word' id='word_1_246' title='bbox 654 3080 778 3135; x_wconf 72' lang='lat' dir='ltr'><strong>llarc</strong></span> <span class='ocrx_word' id='word_1_247' title='bbox 809 3096 907 3133; x_wconf 81' lang='lat' dir='ltr'><strong>vox</strong></span> <span class='ocrx_word' id='word_1_248' title='bbox 937 3079 1111 3135; x_wconf 89' lang='lat' dir='ltr'><strong>afﬁnis</strong></span> <span class='ocrx_word' id='word_1_249' title='bbox 1138 3090 1219 3134; x_wconf 89' lang='lat' dir='ltr'><strong>est</strong></span> <span class='ocrx_word' id='word_1_250' title='bbox 1250 3081 1358 3145; x_wconf 91' lang='lat' dir='ltr'><strong>illi,</strong></span> <span class='ocrx_word' id='word_1_251' title='bbox 1404 3079 1521 3133; x_wconf 76' lang='lat' dir='ltr'><strong>Fiat</strong></span> <span class='ocrx_word' id='word_1_252' title='bbox 1561 3079 1775 3143; x_wconf 61' lang='lat' dir='ltr'><strong>caelum,</strong></span> <span class='ocrx_word' id='word_1_253' title='bbox 1805 3090 1853 3134; x_wconf 87' lang='lat' dir='ltr'><strong>et</strong></span> 
     </span>
    </p>
   </div>
   <div class='ocr_carea' id='block_1_31' title="bbox 260 3172 1850 3244">
    <p class='ocr_par' dir='ltr' id='par_1_31' title="bbox 260 3172 1850 3244">
     <span class='ocr_line' id='line_1_31' title="bbox 260 3172 1850 3244; baseline 0.001 -21"><span class='ocrx_word' id='word_1_254' title='bbox 260 3176 443 3238; x_wconf 77' lang='lat' dir='ltr'><strong>factum</strong></span> <span class='ocrx_word' id='word_1_255' title='bbox 471 3182 548 3226; x_wconf 86' lang='lat' dir='ltr'><strong>est</strong></span> <span class='ocrx_word' id='word_1_256' title='bbox 577 3172 776 3226; x_wconf 68' lang='lat' dir='ltr'><strong>celum.</strong></span> <span class='ocrx_word' id='word_1_257' title='bbox 811 3172 875 3225; x_wconf 83' lang='lat' dir='ltr'><strong>Et</strong></span> <span class='ocrx_word' id='word_1_258' title='bbox 899 3183 1081 3227; x_wconf 87' lang='lat' dir='ltr'><strong>sanata</strong></span> <span class='ocrx_word' id='word_1_259' title='bbox 1111 3183 1181 3227; x_wconf 87' lang='lat' dir='ltr'><strong>est</strong></span> <span class='ocrx_word' id='word_1_260' title='bbox 1219 3174 1327 3240; x_wconf 82' lang='lat' dir='ltr'><strong>ﬁlia</strong></span> <span class='ocrx_word' id='word_1_261' title='bbox 1355 3174 1462 3244; x_wconf 84' lang='lat' dir='ltr'><strong>ejus</strong></span> <span class='ocrx_word' id='word_1_262' title='bbox 1489 3173 1551 3226; x_wconf 90' lang='lat' dir='ltr'><strong>ab</strong></span> <span class='ocrx_word' id='word_1_263' title='bbox 1579 3172 1672 3226; x_wconf 82' lang='lat' dir='ltr'><strong>illa</strong></span> <span class='ocrx_word' id='word_1_264' title='bbox 1703 3173 1850 3226; x_wconf 78' lang='lat' dir='ltr'><strong>hora.</strong></span> 
     </span>
    </p>
   </div>
   <div class='ocr_carea' id='block_1_32' title="bbox 263 3262 1854 3333">
    <p class='ocr_par' dir='ltr' id='par_1_32' title="bbox 263 3262 1854 3333">
     <span class='ocr_line' id='line_1_32' title="bbox 263 3262 1854 3333; baseline 0.003 -19"><span class='ocrx_word' id='word_1_265' title='bbox 263 3262 442 3317; x_wconf 74' lang='lat' dir='ltr'><strong>Viden‘</strong></span> <span class='ocrx_word' id='word_1_266' title='bbox 467 3280 574 3316; x_wconf 89' lang='lat' dir='ltr'><strong>non</strong></span> <span class='ocrx_word' id='word_1_267' title='bbox 603 3279 787 3333; x_wconf 90' lang='lat' dir='ltr'><strong>parum</strong></span> <span class='ocrx_word' id='word_1_268' title='bbox 817 3265 961 3318; x_wconf 88' lang='lat' dir='ltr'><strong>illam</strong></span> <span class='ocrx_word' id='word_1_269' title='bbox 987 3263 1227 3318; x_wconf 89' lang='lat' dir='ltr'><strong>intulisse</strong></span> <span class='ocrx_word' id='word_1_270' title='bbox 1252 3263 1315 3316; x_wconf 93' lang='lat' dir='ltr'><strong>ad</strong></span> <span class='ocrx_word' id='word_1_271' title='bbox 1344 3263 1674 3331; x_wconf 86' lang='lat' dir='ltr'><strong>curationem</strong></span> <span class='ocrx_word' id='word_1_272' title='bbox 1700 3262 1854 3318; x_wconf 70' lang='grc' dir='ltr'><strong>[11ξωῖ</strong></span> 
     </span>
    </p>
   </div>
   <div class='ocr_carea' id='block_1_33' title="bbox 261 3353 1850 3422">
    <p class='ocr_par' dir='ltr' id='par_1_33' title="bbox 261 3353 1850 3422">
     <span class='ocr_line' id='line_1_33' title="bbox 261 3353 1850 3422; baseline 0.002 -16"><span class='ocrx_word' id='word_1_273' title='bbox 261 3353 379 3408; x_wconf 88' lang='lat' dir='ltr'><strong>Ideo</strong></span> <span class='ocrx_word' id='word_1_274' title='bbox 399 3356 545 3410; x_wconf 90' lang='lat' dir='ltr'><strong>enim</strong></span> <span class='ocrx_word' id='word_1_275' title='bbox 570 3371 673 3408; x_wconf 87' lang='lat' dir='ltr'><strong>non</strong></span> <span class='ocrx_word' id='word_1_276' title='bbox 695 3355 823 3409; x_wconf 88' lang='lat' dir='ltr'><strong>dicit</strong></span> <span class='ocrx_word' id='word_1_277' title='bbox 843 3354 1088 3409; x_wconf 82' lang='lat' dir='ltr'><strong>Christus</strong></span> <span class='ocrx_word' id='word_1_278' title='bbox 1108 3397 1121 3417; x_wconf 96' lang='lat'><strong>,</strong></span> <span class='ocrx_word' id='word_1_279' title='bbox 1153 3355 1381 3410; x_wconf 86' lang='lat' dir='ltr'><strong>Sanetur</strong></span> <span class='ocrx_word' id='word_1_280' title='bbox 1405 3354 1509 3408; x_wconf 89' lang='lat' dir='ltr'><strong>ﬁlia</strong></span> <span class='ocrx_word' id='word_1_281' title='bbox 1543 3363 1630 3409; x_wconf 89' lang='lat' dir='ltr'><strong>tua</strong></span> <span class='ocrx_word' id='word_1_282' title='bbox 1655 3357 1706 3414; x_wconf 69' lang='grc' dir='ltr'>’ς</span> <span class='ocrx_word' id='word_1_283' title='bbox 1733 3353 1850 3422; x_wconf 86' lang='lat' dir='ltr'><strong>sed,</strong></span> 
     </span>
    </p>
   </div>
   <div class='ocr_carea' id='block_1_34' title="bbox 263 3446 1856 3518">
    <p class='ocr_par' dir='ltr' id='par_1_34' title="bbox 263 3446 1856 3518">
     <span class='ocr_line' id='line_1_34' title="bbox 263 3446 1856 3518; baseline 0.001 -17"><span class='ocrx_word' id='word_1_284' title='bbox 263 3446 448 3518; x_wconf 74' lang='lat' dir='ltr'><strong>Magna</strong></span> <span class='ocrx_word' id='word_1_285' title='bbox 475 3458 554 3502; x_wconf 86' lang='lat' dir='ltr'><strong>est</strong></span> <span class='ocrx_word' id='word_1_286' title='bbox 581 3448 707 3514; x_wconf 79' lang='lat' dir='ltr'><strong>ﬁdes</strong></span> <span class='ocrx_word' id='word_1_287' title='bbox 734 3459 821 3501; x_wconf 86' lang='lat' dir='ltr'><strong>tua</strong></span> <span class='ocrx_word' id='word_1_288' title='bbox 841 3491 855 3511; x_wconf 87' lang='lat'><strong>,</strong></span> <span class='ocrx_word' id='word_1_289' title='bbox 888 3449 980 3516; x_wconf 80' lang='lat' dir='ltr'><strong>ﬁat</strong></span> <span class='ocrx_word' id='word_1_290' title='bbox 1008 3449 1096 3500; x_wconf 87' lang='lat' dir='ltr'><strong>tibi</strong></span> <span class='ocrx_word' id='word_1_291' title='bbox 1121 3459 1174 3500; x_wconf 87' lang='lat' dir='ltr'><strong>ut</strong></span> <span class='ocrx_word' id='word_1_292' title='bbox 1195 3448 1267 3500; x_wconf 67' lang='lat' dir='ltr'><strong>vis</strong></span> <span class='ocrx_word' id='word_1_293' title='bbox 1288 3463 1306 3500; x_wconf 92' lang='lat'><strong><em>:</em></strong></span> <span class='ocrx_word' id='word_1_294' title='bbox 1329 3457 1387 3501; x_wconf 91' lang='lat' dir='ltr'><strong>ut</strong></span> <span class='ocrx_word' id='word_1_295' title='bbox 1413 3447 1606 3512; x_wconf 87' lang='lat' dir='ltr'><strong>discas,</strong></span> <span class='ocrx_word' id='word_1_296' title='bbox 1638 3461 1742 3502; x_wconf 90' lang='lat' dir='ltr'><strong>non</strong></span> <span class='ocrx_word' id='word_1_297' title='bbox 1770 3461 1856 3502; x_wconf 90' lang='lat' dir='ltr'><strong>as-</strong></span> 
     </span>
    </p>
   </div>
   <div class='ocr_carea' id='block_1_35' title="bbox 260 3540 1852 3605">
    <p class='ocr_par' dir='ltr' id='par_1_35' title="bbox 260 3540 1852 3605">
     <span class='ocr_line' id='line_1_35' title="bbox 260 3540 1852 3605; baseline -0.001 -9"><span class='ocrx_word' id='word_1_298' title='bbox 260 3544 573 3596; x_wconf 83' lang='lat' dir='ltr'><strong>sentationis</strong></span> <span class='ocrx_word' id='word_1_299' title='bbox 605 3542 761 3595; x_wconf 84' lang='lat' dir='ltr'><strong>verba</strong></span> <span class='ocrx_word' id='word_1_300' title='bbox 794 3541 957 3595; x_wconf 85' lang='lat' dir='ltr'><strong>fuisse</strong></span> <span class='ocrx_word' id='word_1_301' title='bbox 977 3583 990 3605; x_wconf 92' lang='lat'><strong>,</strong></span> <span class='ocrx_word' id='word_1_302' title='bbox 1027 3540 1120 3596; x_wconf 87' lang='lat' dir='ltr'><strong>sed</strong></span> <span class='ocrx_word' id='word_1_303' title='bbox 1146 3541 1395 3596; x_wconf 81' lang='lat' dir='ltr'><strong>eximiam</strong></span> <span class='ocrx_word' id='word_1_304' title='bbox 1430 3540 1548 3596; x_wconf 83' lang='lat' dir='ltr'><strong>fidei</strong></span> <span class='ocrx_word' id='word_1_305' title='bbox 1579 3542 1852 3596; x_wconf 84' lang='lat' dir='ltr'><strong>virtutem.</strong></span> 
     </span>
    </p>
   </div>
   <div class='ocr_carea' id='block_1_36' title="bbox 266 3632 1852 3702">
    <p class='ocr_par' dir='ltr' id='par_1_36' title="bbox 266 3632 1852 3702">
     <span class='ocr_line' id='line_1_36' title="bbox 266 3632 1852 3702; baseline 0.001 -16"><span class='ocrx_word' id='word_1_306' title='bbox 266 3633 567 3702; x_wconf 75' lang='lat' dir='ltr'><strong>llerumque</strong></span> <span class='ocrx_word' id='word_1_307' title='bbox 593 3633 807 3688; x_wconf 85' lang='lat' dir='ltr'><strong>eventui</strong></span> <span class='ocrx_word' id='word_1_308' title='bbox 837 3643 1139 3687; x_wconf 81' lang='lat' dir='ltr'><strong>accuratam</strong></span> <span class='ocrx_word' id='word_1_309' title='bbox 1169 3634 1244 3687; x_wconf 87' lang='lat' dir='ltr'><strong>rei</strong></span> <span class='ocrx_word' id='word_1_310' title='bbox 1273 3633 1641 3701; x_wconf 86' lang='lat' dir='ltr'><strong>probationem</strong></span> <span class='ocrx_word' id='word_1_311' title='bbox 1673 3641 1727 3687; x_wconf 91' lang='lat' dir='ltr'><strong>et</strong></span> <span class='ocrx_word' id='word_1_312' title='bbox 1756 3632 1852 3688; x_wconf 81' lang='lat' dir='ltr'><strong>de-</strong></span> 
     </span>
    </p>
   </div>
   <div class='ocr_carea' id='block_1_37' title="bbox 263 3724 1854 3795">
    <p class='ocr_par' dir='ltr' id='par_1_37' title="bbox 263 3724 1854 3795">
     <span class='ocr_line' id='line_1_37' title="bbox 263 3724 1854 3795; baseline -0.001 -16"><span class='ocrx_word' id='word_1_313' title='bbox 263 3727 699 3779; x_wconf 60' lang='lat' dir='ltr'><strong>monstrationem</strong></span> <span class='ocrx_word' id='word_1_314' title='bbox 743 3724 987 3780; x_wconf 87' lang='lat' dir='ltr'><strong>Christus</strong></span> <span class='ocrx_word' id='word_1_315' title='bbox 1016 3725 1249 3795; x_wconf 84' lang='lat' dir='ltr'><strong>reliquit.</strong></span> <span class='ocrx_word' id='word_1_316' title='bbox 1285 3724 1479 3780; x_wconf 88' lang='lat' dir='ltr'><strong>Sauata</strong></span> <span class='ocrx_word' id='word_1_317' title='bbox 1507 3733 1617 3790; x_wconf 87' lang='lat' dir='ltr'><strong>est,</strong></span> <span class='ocrx_word' id='word_1_318' title='bbox 1651 3725 1854 3794; x_wconf 85' lang='lat' dir='ltr'><strong>inquit,</strong></span> 
     </span>
    </p>
   </div>
   <div class='ocr_carea' id='block_1_38' title="bbox 263 3818 736 3886">
    <p class='ocr_par' dir='ltr' id='par_1_38' title="bbox 263 3818 736 3886">
     <span class='ocr_line' id='line_1_38' title="bbox 263 3818 736 3886; baseline -0.002 -16"><span class='ocrx_word' id='word_1_319' title='bbox 263 3820 436 3871; x_wconf 85' lang='lat' dir='ltr'><strong>statim</strong></span> <span class='ocrx_word' id='word_1_320' title='bbox 466 3820 577 3872; x_wconf 89' lang='lat' dir='ltr'><strong>lilia</strong></span> <span class='ocrx_word' id='word_1_321' title='bbox 601 3818 736 3886; x_wconf 93' lang='lat' dir='ltr'><strong>ejus.</strong></span> 
     </span>
    </p>
   </div>
   <div class='ocr_carea' id='block_1_39' title="bbox 333 3911 1858 3980">
    <p class='ocr_par' dir='ltr' id='par_1_39' title="bbox 333 3911 1858 3980">
     <span class='ocr_line' id='line_1_39' title="bbox 333 3911 1858 3980; baseline 0.001 -15"><span class='ocrx_word' id='word_1_322' title='bbox 333 3913 366 3965; x_wconf 71' lang='grc' dir='ltr'>ὅ</span> <span class='ocrx_word' id='word_1_323' title='bbox 417 3911 704 3965; x_wconf 80' lang='lat' dir='ltr'><strong>Assiduitas</strong></span> <span class='ocrx_word' id='word_1_324' title='bbox 731 3911 973 3980; x_wconf 83' lang='lat' dir='ltr'><strong>precandi</strong></span> <span class='ocrx_word' id='word_1_325' title='bbox 1002 3921 1192 3979; x_wconf 85' lang='lat' dir='ltr'><strong>quanta</strong></span> <span class='ocrx_word' id='word_1_326' title='bbox 1230 3929 1328 3966; x_wconf 84' lang='lat' dir='ltr'><strong>res.</strong></span> <span class='ocrx_word' id='word_1_327' title='bbox 1354 3911 1506 3966; x_wconf 84' lang='grc' dir='ltr'><strong>-Τιι</strong></span> <span class='ocrx_word' id='word_1_328' title='bbox 1537 3927 1662 3967; x_wconf 88' lang='lat' dir='ltr'><strong>vero</strong></span> <span class='ocrx_word' id='word_1_329' title='bbox 1685 3911 1858 3966; x_wconf 76' lang='lat' dir='ltr'><strong>anim~</strong></span> 
     </span>
    </p>
   </div>
   <div class='ocr_carea' id='block_1_40' title="bbox 266 4003 1860 4074">
    <p class='ocr_par' dir='ltr' id='par_1_40' title="bbox 266 4003 1860 4074">
     <span class='ocr_line' id='line_1_40' title="bbox 266 4003 1860 4074; baseline 0.004 -21"><span class='ocrx_word' id='word_1_330' title='bbox 266 4003 500 4068; x_wconf 76' lang='lat' dir='ltr'><strong>adverte,</strong></span> <span class='ocrx_word' id='word_1_331' title='bbox 535 4003 828 4072; x_wconf 89' lang='lat' dir='ltr'><strong>quomodo,</strong></span> <span class='ocrx_word' id='word_1_332' title='bbox 857 4003 1116 4074; x_wconf 76' lang='lat' dir='ltr'><strong>apostolis</strong></span> <span class='ocrx_word' id='word_1_333' title='bbox 1157 4005 1423 4072; x_wconf 87' lang='lat' dir='ltr'><strong>superatis</strong></span> <span class='ocrx_word' id='word_1_334' title='bbox 1461 4004 1699 4074; x_wconf 87' lang='lat' dir='ltr'><strong>nihilque</strong></span> <span class='ocrx_word' id='word_1_335' title='bbox 1732 4019 1860 4074; x_wconf 86' lang='lat' dir='ltr'><strong>ope-</strong></span> 
     </span>
    </p>
   </div>
   <div class='ocr_carea' id='block_1_41' title="bbox 269 4095 1861 4166">
    <p class='ocr_par' dir='ltr' id='par_1_41' title="bbox 269 4095 1861 4166">
     <span class='ocr_line' id='line_1_41' title="bbox 269 4095 1861 4166; baseline 0.004 -20"><span class='ocrx_word' id='word_1_336' title='bbox 269 4096 426 4159; x_wconf 85' lang='lat' dir='ltr'><strong>ratis,</strong></span> <span class='ocrx_word' id='word_1_337' title='bbox 462 4095 557 4148; x_wconf 79' lang='lat' dir='ltr'><strong>illa</strong></span> <span class='ocrx_word' id='word_1_338' title='bbox 609 4103 778 4149; x_wconf 93' lang='lat' dir='ltr'><strong>totum</strong></span> <span class='ocrx_word' id='word_1_339' title='bbox 826 4095 1070 4166; x_wconf 78' lang='lat' dir='ltr'><strong>perfecit.</strong></span> <span class='ocrx_word' id='word_1_340' title='bbox 1115 4096 1283 4151; x_wconf 84' lang='lat' dir='ltr'><strong>Tanta</strong></span> <span class='ocrx_word' id='word_1_341' title='bbox 1339 4111 1421 4150; x_wconf 90' lang='lat' dir='ltr'><strong>res</strong></span> <span class='ocrx_word' id='word_1_342' title='bbox 1451 4107 1532 4150; x_wconf 88' lang='lat' dir='ltr'><strong>est</strong></span> <span class='ocrx_word' id='word_1_343' title='bbox 1577 4097 1861 4152; x_wconf 87' lang='lat' dir='ltr'><strong>assiduitas</strong></span> 
     </span>
    </p>
   </div>
   <div class='ocr_carea' id='block_1_42' title="bbox 270 4189 1862 4261">
    <p class='ocr_par' dir='ltr' id='par_1_42' title="bbox 270 4189 1862 4261">
     <span class='ocr_line' id='line_1_42' title="bbox 270 4189 1862 4261; baseline 0.004 -22"><span class='ocrx_word' id='word_1_344' title='bbox 270 4189 610 4255; x_wconf 79' lang='lat' dir='ltr'><strong>precationis.</strong></span> <span class='ocrx_word' id='word_1_345' title='bbox 639 4189 769 4242; x_wconf 82' lang='lat' dir='ltr'><strong>Nam</strong></span> <span class='ocrx_word' id='word_1_346' title='bbox 811 4204 932 4243; x_wconf 89' lang='lat' dir='ltr'><strong>cum</strong></span> <span class='ocrx_word' id='word_1_347' title='bbox 977 4189 1044 4244; x_wconf 90' lang='lat' dir='ltr'><strong>de</strong></span> <span class='ocrx_word' id='word_1_348' title='bbox 1075 4191 1234 4244; x_wconf 87' lang='lat' dir='ltr'><strong>rebus</strong></span> <span class='ocrx_word' id='word_1_349' title='bbox 1279 4191 1477 4244; x_wconf 85' lang='lat' dir='ltr'><strong>nostris</strong></span> <span class='ocrx_word' id='word_1_350' title='bbox 1508 4192 1682 4261; x_wconf 79' lang='lat' dir='ltr'><strong>agitur</strong></span> <span class='ocrx_word' id='word_1_351' title='bbox 1702 4234 1716 4259; x_wconf 95' lang='lat'><strong>,</strong></span> <span class='ocrx_word' id='word_1_352' title='bbox 1751 4208 1862 4245; x_wconf 87' lang='lat' dir='ltr'><strong>ma-</strong></span> 
     </span>
    </p>
   </div>
   <div class='ocr_carea' id='block_1_43' title="bbox 272 4281 1864 4354">
    <p class='ocr_par' dir='ltr' id='par_1_43' title="bbox 272 4281 1864 4354">
     <span class='ocr_line' id='line_1_43' title="bbox 272 4281 1864 4354; baseline 0.007 -25"><span class='ocrx_word' id='word_1_353' title='bbox 272 4281 379 4335; x_wconf 85' lang='lat' dir='ltr'><strong>vult</strong></span> <span class='ocrx_word' id='word_1_354' title='bbox 422 4297 452 4334; x_wconf 88' lang='lat' dir='ltr'><strong>a</strong></span> <span class='ocrx_word' id='word_1_355' title='bbox 506 4283 663 4336; x_wconf 90' lang='lat' dir='ltr'><strong>nobis</strong></span> <span class='ocrx_word' id='word_1_356' title='bbox 695 4283 872 4352; x_wconf 89' lang='lat' dir='ltr'><strong>potius</strong></span> <span class='ocrx_word' id='word_1_357' title='bbox 902 4285 1077 4352; x_wconf 79' lang='lat' dir='ltr'><strong>rogari</strong></span> <span class='ocrx_word' id='word_1_358' title='bbox 1106 4327 1120 4345; x_wconf 87' lang='lat'><strong>,</strong></span> <span class='ocrx_word' id='word_1_359' title='bbox 1149 4299 1308 4353; x_wconf 89' lang='lat' dir='ltr'><strong>quam</strong></span> <span class='ocrx_word' id='word_1_360' title='bbox 1349 4284 1416 4336; x_wconf 92' lang='lat' dir='ltr'><strong>ab</strong></span> <span class='ocrx_word' id='word_1_361' title='bbox 1436 4284 1554 4339; x_wconf 69' lang='lat' dir='ltr'><strong>aliis</strong></span> <span class='ocrx_word' id='word_1_362' title='bbox 1585 4301 1680 4354; x_wconf 88' lang='lat' dir='ltr'><strong>pro</strong></span> <span class='ocrx_word' id='word_1_363' title='bbox 1709 4286 1864 4340; x_wconf 90' lang='lat' dir='ltr'><strong>nobis</strong></span> 
     </span>
    </p>
   </div>
   <div class='ocr_carea' id='block_1_44' title="bbox 276 4374 1862 4446">
    <p class='ocr_par' dir='ltr' id='par_1_44' title="bbox 276 4374 1862 4446">
     <span class='ocr_line' id='line_1_44' title="bbox 276 4374 1862 4446; baseline 0.006 -22"><span class='ocrx_word' id='word_1_364' title='bbox 276 4374 664 4442; x_wconf 81' lang='lat' dir='ltr'><strong>precantibus:</strong></span> <span class='ocrx_word' id='word_1_365' title='bbox 709 4390 1033 4444; x_wconf 89' lang='lat' dir='ltr'><strong>quamquam</strong></span> <span class='ocrx_word' id='word_1_366' title='bbox 1087 4376 1160 4430; x_wconf 91' lang='lat' dir='ltr'><strong>illi</strong></span> <span class='ocrx_word' id='word_1_367' title='bbox 1215 4377 1422 4446; x_wconf 85' lang='lat' dir='ltr'><strong>majore</strong></span> <span class='ocrx_word' id='word_1_368' title='bbox 1467 4387 1621 4431; x_wconf 87' lang='lat' dir='ltr'><strong>erant</strong></span> <span class='ocrx_word' id='word_1_369' title='bbox 1673 4379 1862 4434; x_wconf 89' lang='lat' dir='ltr'><strong>ﬁducia</strong></span> 
     </span>
    </p>
   </div>
   <div class='ocr_carea' id='block_1_45' title="bbox 275 4467 1860 4537">
    <p class='ocr_par' dir='ltr' id='par_1_45' title="bbox 275 4467 1860 4537">
     <span class='ocr_line' id='line_1_45' title="bbox 275 4467 1860 4537; baseline 0.005 -20"><span class='ocrx_word' id='word_1_370' title='bbox 275 4467 520 4522; x_wconf 88' lang='lat' dir='ltr'><strong>instructi</strong></span> <span class='ocrx_word' id='word_1_371' title='bbox 552 4485 566 4527; x_wconf 83' lang='lat'><strong>;</strong></span> <span class='ocrx_word' id='word_1_372' title='bbox 599 4467 693 4522; x_wconf 89' lang='lat' dir='ltr'><strong>sed</strong></span> <span class='ocrx_word' id='word_1_373' title='bbox 727 4467 841 4522; x_wconf 77' lang='lat' dir='ltr'><strong>hzrc</strong></span> <span class='ocrx_word' id='word_1_374' title='bbox 869 4469 1092 4522; x_wconf 90' lang='lat' dir='ltr'><strong>multam</strong></span> <span class='ocrx_word' id='word_1_375' title='bbox 1113 4470 1568 4537; x_wconf 81' lang='lat' dir='ltr'><strong>perseverantiam</strong></span> <span class='ocrx_word' id='word_1_376' title='bbox 1599 4470 1860 4525; x_wconf 77' lang='lat' dir='ltr'><strong>exhibuit.</strong></span> 
     </span>
    </p>
   </div>
   <div class='ocr_carea' id='block_1_46' title="bbox 276 4559 1860 4634">
    <p class='ocr_par' dir='ltr' id='par_1_46' title="bbox 276 4559 1860 4634">
     <span class='ocr_line' id='line_1_46' title="bbox 276 4559 1860 4634; baseline 0.003 -22"><span class='ocrx_word' id='word_1_377' title='bbox 276 4559 374 4612; x_wconf 81' lang='lat' dir='ltr'><strong>Per</strong></span> <span class='ocrx_word' id='word_1_378' title='bbox 403 4562 612 4616; x_wconf 78' lang='lat' dir='ltr'><strong>exitum</strong></span> <span class='ocrx_word' id='word_1_379' title='bbox 649 4571 828 4614; x_wconf 85' lang='lat' dir='ltr'><strong>autem</strong></span> <span class='ocrx_word' id='word_1_380' title='bbox 860 4560 936 4615; x_wconf 88' lang='lat' dir='ltr'><strong>rei</strong></span> <span class='ocrx_word' id='word_1_381' title='bbox 960 4561 1246 4630; x_wconf 85' lang='lat' dir='ltr'><strong>discipulis</strong></span> <span class='ocrx_word' id='word_1_382' title='bbox 1267 4562 1421 4630; x_wconf 90' lang='lat' dir='ltr'><strong>quasi</strong></span> <span class='ocrx_word' id='word_1_383' title='bbox 1450 4577 1570 4616; x_wconf 87' lang='lat' dir='ltr'><strong>sese</strong></span> <span class='ocrx_word' id='word_1_384' title='bbox 1597 4565 1860 4634; x_wconf 74' lang='lat' dir='ltr'><strong>purgavit,</strong></span> 
     </span>
    </p>
   </div>
   <div class='ocr_carea' id='block_1_47' title="bbox 275 4651 1866 4724">
    <p class='ocr_par' dir='ltr' id='par_1_47' title="bbox 275 4651 1866 4724">
     <span class='ocr_line' id='line_1_47' title="bbox 275 4651 1866 4724; baseline 0.006 -23"><span class='ocrx_word' id='word_1_385' title='bbox 275 4652 409 4720; x_wconf 78' lang='lat' dir='ltr'><strong>quod</strong></span> <span class='ocrx_word' id='word_1_386' title='bbox 455 4651 785 4718; x_wconf 87' lang='lat' dir='ltr'><strong>distulisset,</strong></span> <span class='ocrx_word' id='word_1_387' title='bbox 814 4660 870 4706; x_wconf 92' lang='lat' dir='ltr'><strong>et</strong></span> <span class='ocrx_word' id='word_1_388' title='bbox 899 4652 1021 4721; x_wconf 90' lang='lat' dir='ltr'><strong>jure</strong></span> <span class='ocrx_word' id='word_1_389' title='bbox 1050 4667 1108 4707; x_wconf 91' lang='lat' dir='ltr'><strong>se</strong></span> <span class='ocrx_word' id='word_1_390' title='bbox 1139 4653 1244 4707; x_wconf 92' lang='lat' dir='ltr'><strong>illis</strong></span> <span class='ocrx_word' id='word_1_391' title='bbox 1279 4655 1593 4724; x_wconf 73' lang='lat' dir='ltr'><strong>rogantibus</strong></span> <span class='ocrx_word' id='word_1_392' title='bbox 1625 4671 1732 4710; x_wconf 91' lang='lat' dir='ltr'><strong>non</strong></span> <span class='ocrx_word' id='word_1_393' title='bbox 1773 4673 1866 4710; x_wconf 88' lang='lat' dir='ltr'><strong>an-</strong></span> 
     </span>
    </p>
   </div>
   <div class='ocr_carea' id='block_1_48' title="bbox 279 4744 1868 4817">
    <p class='ocr_par' dir='ltr' id='par_1_48' title="bbox 279 4744 1868 4817">
     <span class='ocr_line' id='line_1_48' title="bbox 279 4744 1868 4817; baseline 0.008 -23"><span class='ocrx_word' id='word_1_394' title='bbox 279 4745 457 4799; x_wconf 86' lang='lat' dir='ltr'><strong>nuisse</strong></span> <span class='ocrx_word' id='word_1_395' title='bbox 493 4744 734 4800; x_wconf 82' lang='lat' dir='ltr'><strong>ostendit</strong></span> <span class='ocrx_word' id='word_1_396' title='bbox 764 4745 888 4799; x_wconf 73' lang='lat'><strong>:29.</strong></span> <span class='ocrx_word' id='word_1_397' title='bbox 925 4744 1130 4800; x_wconf 86' lang='lat' dir='ltr'><strong>Etcum</strong></span> <span class='ocrx_word' id='word_1_398' title='bbox 1159 4749 1420 4802; x_wconf 82' lang='lat' dir='ltr'><strong>transisset</strong></span> <span class='ocrx_word' id='word_1_399' title='bbox 1445 4749 1563 4803; x_wconf 76' lang='lat' dir='ltr'><strong>inde</strong></span> <span class='ocrx_word' id='word_1_400' title='bbox 1585 4749 1754 4817; x_wconf 82' lang='lat' dir='ltr'><strong>Jesus,</strong></span> <span class='ocrx_word' id='word_1_401' title='bbox 1785 4768 1868 4806; x_wconf 81' lang='lat' dir='ltr'><strong>ve-</strong></span> 
     </span>
    </p>
   </div>
   <div class='ocr_carea' id='block_1_49' title="bbox 280 4831 1861 4898">
    <p class='ocr_par' dir='ltr' id='par_1_49' title="bbox 280 4831 1861 4898">
     <span class='ocr_line' id='line_1_49' title="bbox 280 4831 1861 4898; baseline -0.001 -12"><span class='ocrx_word' id='word_1_402' title='bbox 280 4835 350 4887; x_wconf 86' lang='lat' dir='ltr'><strong>nit</strong></span> <span class='ocrx_word' id='word_1_403' title='bbox 383 4850 536 4888; x_wconf 85' lang='lat' dir='ltr'><strong>secus</strong></span> <span class='ocrx_word' id='word_1_404' title='bbox 567 4851 711 4885; x_wconf 87' lang='lat' dir='ltr'><strong>mare</strong></span> <span class='ocrx_word' id='word_1_405' title='bbox 757 4831 1019 4886; x_wconf 69' lang='lat' dir='ltr'><strong>Galilaue.</strong></span> <span class='ocrx_word' id='word_1_406' title='bbox 1072 4831 1139 4885; x_wconf 83' lang='lat' dir='ltr'><strong>Et</strong></span> <span class='ocrx_word' id='word_1_407' title='bbox 1187 4836 1473 4885; x_wconf 84' lang='lat' dir='ltr'><strong>ascendens</strong></span> <span class='ocrx_word' id='word_1_408' title='bbox 1524 4833 1577 4884; x_wconf 89' lang='lat' dir='ltr'><strong>in</strong></span> <span class='ocrx_word' id='word_1_409' title='bbox 1613 4841 1861 4898; x_wconf 83' lang='lat' dir='ltr'><strong>montem,</strong></span> 
     </span>
    </p>
   </div>
   <div class='ocr_carea' id='block_1_50' title="bbox 280 4921 1864 4978">
    <p class='ocr_par' dir='ltr' id='par_1_50' title="bbox 280 4921 1864 4978">
     <span class='ocr_line' id='line_1_50' title="bbox 280 4921 1864 4978; baseline 0 -3"><span class='ocrx_word' id='word_1_410' title='bbox 280 4925 484 4978; x_wconf 77' lang='lat' dir='ltr'><strong>sedebat</strong></span> <span class='ocrx_word' id='word_1_411' title='bbox 517 4925 609 4977; x_wconf 85' lang='lat' dir='ltr'><strong>ibi.</strong></span> <span class='ocrx_word' id='word_1_412' title='bbox 642 4923 729 4978; x_wconf 78' lang='lat'><strong>&#39;50.</strong></span> <span class='ocrx_word' id='word_1_413' title='bbox 763 4922 834 4976; x_wconf 87' lang='lat' dir='ltr'><strong>Et</strong></span> <span class='ocrx_word' id='word_1_414' title='bbox 865 4931 1195 4978; x_wconf 82' lang='lat' dir='ltr'><strong>accesserunt</strong></span> <span class='ocrx_word' id='word_1_415' title='bbox 1226 4922 1296 4975; x_wconf 92' lang='lat' dir='ltr'><strong>ad</strong></span> <span class='ocrx_word' id='word_1_416' title='bbox 1321 4939 1438 4975; x_wconf 87' lang='lat' dir='ltr'><strong>eum</strong></span> <span class='ocrx_word' id='word_1_417' title='bbox 1477 4922 1644 4974; x_wconf 76' lang='lat' dir='ltr'><strong>turba:</strong></span> <span class='ocrx_word' id='word_1_418' title='bbox 1683 4921 1864 4975; x_wconf 72' lang='lat' dir='ltr'><strong>multa:</strong></span> 
     </span>
    </p>
   </div>
   <div class='ocr_carea' id='block_1_51' title="bbox 280 5013 1863 5080">
    <p class='ocr_par' dir='ltr' id='par_1_51' title="bbox 280 5013 1863 5080">
     <span class='ocr_line' id='line_1_51' title="bbox 280 5013 1863 5080; baseline -0.001 -13"><span class='ocrx_word' id='word_1_419' title='bbox 280 5017 526 5070; x_wconf 76' lang='lat' dir='ltr'><strong>habentes</strong></span> <span class='ocrx_word' id='word_1_420' title='bbox 577 5032 750 5068; x_wconf 82' lang='lat' dir='ltr'><strong>secum</strong></span> <span class='ocrx_word' id='word_1_421' title='bbox 807 5017 1053 5080; x_wconf 85' lang='lat' dir='ltr'><strong>claudas,</strong></span> <span class='ocrx_word' id='word_1_422' title='bbox 1102 5030 1297 5078; x_wconf 70' lang='lat' dir='ltr'><strong>ca&#39;cos,</strong></span> <span class='ocrx_word' id='word_1_423' title='bbox 1354 5013 1589 5074; x_wconf 84' lang='lat' dir='ltr'><strong>debiles,</strong></span> <span class='ocrx_word' id='word_1_424' title='bbox 1635 5023 1863 5072; x_wconf 81' lang='lat' dir='ltr'><strong>mutos:</strong></span> 
     </span>
    </p>
   </div>
   <div class='ocr_carea' id='block_1_52' title="bbox 280 5105 1861 5175">
    <p class='ocr_par' dir='ltr' id='par_1_52' title="bbox 280 5105 1861 5175">
     <span class='ocr_line' id='line_1_52' title="bbox 280 5105 1861 5175; baseline -0.001 -15"><span class='ocrx_word' id='word_1_425' title='bbox 280 5119 322 5160; x_wconf 87' lang='lat' dir='ltr'><strong>et</strong></span> <span class='ocrx_word' id='word_1_426' title='bbox 358 5108 693 5175; x_wconf 76' lang='lat' dir='ltr'><strong>projecerunt</strong></span> <span class='ocrx_word' id='word_1_427' title='bbox 736 5123 820 5159; x_wconf 85' lang='lat' dir='ltr'><strong>eos</strong></span> <span class='ocrx_word' id='word_1_428' title='bbox 871 5117 990 5159; x_wconf 85' lang='lat' dir='ltr'><strong>ante</strong></span> <span class='ocrx_word' id='word_1_429' title='bbox 1036 5106 1187 5174; x_wconf 84' lang='lat' dir='ltr'><strong>pedes</strong></span> <span class='ocrx_word' id='word_1_430' title='bbox 1224 5105 1336 5175; x_wconf 81' lang='lat' dir='ltr'><strong>ejus</strong></span> <span class='ocrx_word' id='word_1_431' title='bbox 1369 5123 1386 5158; x_wconf 90' lang='lat'><strong><em>:</em></strong></span> <span class='ocrx_word' id='word_1_432' title='bbox 1421 5117 1469 5157; x_wconf 86' lang='lat' dir='ltr'><strong>et</strong></span> <span class='ocrx_word' id='word_1_433' title='bbox 1516 5105 1721 5157; x_wconf 82' lang='lat' dir='ltr'><strong>curavit</strong></span> <span class='ocrx_word' id='word_1_434' title='bbox 1753 5121 1861 5168; x_wconf 81' lang='lat' dir='ltr'><strong>eos,</strong></span> 
     </span>
    </p>
   </div>
   <div class='ocr_carea' id='block_1_53' title="bbox 283 5195 1862 5262">
    <p class='ocr_par' dir='ltr' id='par_1_53' title="bbox 283 5195 1862 5262">
     <span class='ocr_line' id='line_1_53' title="bbox 283 5195 1862 5262; baseline -0.003 -11"><span class='ocrx_word' id='word_1_435' title='bbox 283 5199 355 5251; x_wconf 89' lang='lat' dir='ltr'><strong>ita</strong></span> <span class='ocrx_word' id='word_1_436' title='bbox 402 5208 462 5251; x_wconf 86' lang='lat' dir='ltr'><strong>ut</strong></span> <span class='ocrx_word' id='word_1_437' title='bbox 505 5197 674 5251; x_wconf 75' lang='lat' dir='ltr'><strong>turba:</strong></span> <span class='ocrx_word' id='word_1_438' title='bbox 723 5199 1076 5262; x_wconf 83' lang='lat' dir='ltr'><strong>mirarentur,</strong></span> <span class='ocrx_word' id='word_1_439' title='bbox 1119 5199 1240 5250; x_wconf 89' lang='lat' dir='ltr'><strong>dum</strong></span> <span class='ocrx_word' id='word_1_440' title='bbox 1284 5197 1512 5249; x_wconf 83' lang='lat' dir='ltr'><strong>viderent</strong></span> <span class='ocrx_word' id='word_1_441' title='bbox 1561 5205 1731 5248; x_wconf 83' lang='lat' dir='ltr'><strong>mutos</strong></span> <span class='ocrx_word' id='word_1_442' title='bbox 1781 5195 1862 5247; x_wconf 88' lang='lat' dir='ltr'><strong>lo-</strong></span> 
     </span>
    </p>
   </div>
   <div class='ocr_carea' id='block_1_54' title="bbox 283 5287 1864 5358">
    <p class='ocr_par' dir='ltr' id='par_1_54' title="bbox 283 5287 1864 5358">
     <span class='ocr_line' id='line_1_54' title="bbox 283 5287 1864 5358; baseline 0.001 -20"><span class='ocrx_word' id='word_1_443' title='bbox 283 5302 515 5354; x_wconf 76' lang='lat' dir='ltr'><strong>quentes,</strong></span> <span class='ocrx_word' id='word_1_444' title='bbox 565 5289 759 5342; x_wconf 84' lang='lat' dir='ltr'><strong>debiles</strong></span> <span class='ocrx_word' id='word_1_445' title='bbox 788 5305 966 5354; x_wconf 88' lang='lat' dir='ltr'><strong>sanos,</strong></span> <span class='ocrx_word' id='word_1_446' title='bbox 999 5299 1048 5341; x_wconf 89' lang='lat' dir='ltr'><strong>et</strong></span> <span class='ocrx_word' id='word_1_447' title='bbox 1098 5305 1260 5342; x_wconf 69' lang='lat' dir='ltr'><strong>cazcos</strong></span> <span class='ocrx_word' id='word_1_448' title='bbox 1301 5288 1530 5341; x_wconf 81' lang='lat' dir='ltr'><strong>videntes</strong></span> <span class='ocrx_word' id='word_1_449' title='bbox 1558 5330 1570 5351; x_wconf 94' lang='lat'><strong>,</strong></span> <span class='ocrx_word' id='word_1_450' title='bbox 1615 5300 1661 5340; x_wconf 91' lang='lat' dir='ltr'><strong>et</strong></span> <span class='ocrx_word' id='word_1_451' title='bbox 1704 5287 1864 5358; x_wconf 83' lang='lat' dir='ltr'><strong>glori-</strong></span> 
     </span>
    </p>
   </div>
   <div class='ocr_carea' id='block_1_55' title="bbox 286 5379 1862 5450">
    <p class='ocr_par' dir='ltr' id='par_1_55' title="bbox 286 5379 1862 5450">
     <span class='ocr_line' id='line_1_55' title="bbox 286 5379 1862 5450; baseline 0 -16"><span class='ocrx_word' id='word_1_452' title='bbox 286 5389 568 5446; x_wconf 69' lang='lat' dir='ltr'><strong>ficaverunt</strong></span> <span class='ocrx_word' id='word_1_453' title='bbox 618 5380 781 5433; x_wconf 87' lang='lat' dir='ltr'><strong>Deum</strong></span> <span class='ocrx_word' id='word_1_454' title='bbox 832 5379 1025 5434; x_wconf 60' lang='lat' dir='ltr'><strong>Israel.</strong></span> <span class='ocrx_word' id='word_1_455' title='bbox 1081 5382 1388 5449; x_wconf 83' lang='lat' dir='ltr'><strong>Aliquando</strong></span> <span class='ocrx_word' id='word_1_456' title='bbox 1436 5382 1550 5450; x_wconf 89' lang='lat' dir='ltr'><strong>ipse</strong></span> <span class='ocrx_word' id='word_1_457' title='bbox 1590 5381 1862 5445; x_wconf 73' lang='lat' dir='ltr'><strong>circumit,</strong></span> 
     </span>
    </p>
   </div>
   <div class='ocr_carea' id='block_1_56' title="bbox 287 5472 1864 5541">
    <p class='ocr_par' dir='ltr' id='par_1_56' title="bbox 287 5472 1864 5541">
     <span class='ocr_line' id='line_1_56' title="bbox 287 5472 1864 5541; baseline 0.002 -20"><span class='ocrx_word' id='word_1_458' title='bbox 287 5473 575 5541; x_wconf 75' lang='lat' dir='ltr'><strong>.liquattdo</strong></span> <span class='ocrx_word' id='word_1_459' title='bbox 630 5472 781 5526; x_wconf 83' lang='lat' dir='ltr'><strong>sedet</strong></span> <span class='ocrx_word' id='word_1_460' title='bbox 821 5488 995 5540; x_wconf 57' lang='grc' dir='ltr'><strong>παι-οε</strong></span> <span class='ocrx_word' id='word_1_461' title='bbox 1048 5482 1392 5540; x_wconf 83' lang='lat' dir='ltr'><strong>exspectans,</strong></span> <span class='ocrx_word' id='word_1_462' title='bbox 1443 5482 1495 5524; x_wconf 81' lang='lat' dir='ltr'><strong>et</strong></span> <span class='ocrx_word' id='word_1_463' title='bbox 1535 5472 1757 5525; x_wconf 88' lang='lat' dir='ltr'><strong>claudos</strong></span> <span class='ocrx_word' id='word_1_464' title='bbox 1797 5472 1864 5524; x_wconf 88' lang='lat' dir='ltr'><strong>ad</strong></span> 
     </span>
    </p>
   </div>
   <div class='ocr_carea' id='block_1_57' title="bbox 290 5561 1864 5631">
    <p class='ocr_par' dir='ltr' id='par_1_57' title="bbox 290 5561 1864 5631">
     <span class='ocr_line' id='line_1_57' title="bbox 290 5561 1864 5631; baseline -0.001 -17"><span class='ocrx_word' id='word_1_465' title='bbox 290 5575 517 5618; x_wconf 82' lang='lat' dir='ltr'><strong>montem</strong></span> <span class='ocrx_word' id='word_1_466' title='bbox 573 5563 810 5617; x_wconf 81' lang='lat' dir='ltr'><strong>adducit.</strong></span> <span class='ocrx_word' id='word_1_467' title='bbox 881 5561 1067 5631; x_wconf 81' lang='lat' dir='ltr'><strong>Neque</strong></span> <span class='ocrx_word' id='word_1_468' title='bbox 1119 5578 1262 5615; x_wconf 83' lang='lat' dir='ltr'><strong>nunc</strong></span> <span class='ocrx_word' id='word_1_469' title='bbox 1303 5564 1690 5616; x_wconf 68' lang='lat' dir='ltr'><strong>vestimentum</strong></span> <span class='ocrx_word' id='word_1_470' title='bbox 1747 5571 1864 5614; x_wconf 81' lang='lat' dir='ltr'><strong>tan-</strong></span> 
     </span>
    </p>
   </div>
   <div class='ocr_carea' id='block_1_58' title="bbox 289 5653 1865 5724">
    <p class='ocr_par' dir='ltr' id='par_1_58' title="bbox 289 5653 1865 5724">
     <span class='ocr_line' id='line_1_58' title="bbox 289 5653 1865 5724; baseline -0.001 -15"><span class='ocrx_word' id='word_1_471' title='bbox 289 5669 448 5724; x_wconf 67' lang='grc' dir='ltr'>μιιιι,</span> <span class='ocrx_word' id='word_1_472' title='bbox 519 5657 616 5712; x_wconf 84' lang='lat' dir='ltr'><strong>sed</strong></span> <span class='ocrx_word' id='word_1_473' title='bbox 661 5653 734 5709; x_wconf 87' lang='lat' dir='ltr'><strong>ad</strong></span> <span class='ocrx_word' id='word_1_474' title='bbox 763 5653 1070 5709; x_wconf 81' lang='lat' dir='ltr'><strong>sublimiora</strong></span> <span class='ocrx_word' id='word_1_475' title='bbox 1101 5656 1349 5719; x_wconf 85' lang='lat' dir='ltr'><strong>adducti,</strong></span> <span class='ocrx_word' id='word_1_476' title='bbox 1395 5655 1753 5724; x_wconf 87' lang='lat' dir='ltr'><strong>projiciuutur</strong></span> <span class='ocrx_word' id='word_1_477' title='bbox 1801 5653 1865 5708; x_wconf 86' lang='lat' dir='ltr'><strong>ad</strong></span> 
     </span>
    </p>
   </div>
   <div class='ocr_carea' id='block_1_59' title="bbox 349 5834 1226 5898">
    <p class='ocr_par' dir='ltr' id='par_1_59' title="bbox 349 5834 1226 5898">
     <span class='ocr_line' id='line_1_59' title="bbox 349 5834 1226 5898; baseline -0.007 -10"><span class='ocrx_word' id='word_1_478' title='bbox 349 5840 363 5870; x_wconf 76' lang='grc'><em>³</em></span> <span class='ocrx_word' id='word_1_479' title='bbox 395 5837 599 5898; x_wconf 77' lang='lat' dir='ltr'><strong>Quidam</strong></span> <span class='ocrx_word' id='word_1_480' title='bbox 629 5835 828 5893; x_wconf 80' lang='lat' dir='ltr'><strong>habent,</strong></span> <span class='ocrx_word' id='word_1_481' title='bbox 862 5834 962 5890; x_wconf 67' lang='lat' dir='ltr'><strong>tilt‘,</strong></span> <span class='ocrx_word' id='word_1_482' title='bbox 991 5848 1097 5896; x_wconf 84' lang='lat' dir='ltr'><strong>pro,</strong></span> <span class='ocrx_word' id='word_1_483' title='bbox 1125 5840 1226 5883; x_wconf 87' lang='lat' dir='ltr'><strong>tua.</strong></span> 
     </span>
    </p>
   </div>
   <div class='ocr_carea' id='block_1_60' title="bbox 3457 331 3571 414">
    <p class='ocr_par' dir='ltr' id='par_1_60' title="bbox 3457 331 3571 414">
     <span class='ocr_line' id='line_1_60' title="bbox 3457 331 3571 414; baseline 0.026 -3"><span class='ocrx_word' id='word_1_484' title='bbox 3457 331 3571 414; x_wconf 57' lang='lat' dir='ltr'><strong>ses-2&#39;</strong></span> 
     </span>
    </p>
   </div>
   <div class='ocr_carea' id='block_1_61' title="bbox 1962 475 3555 550">
    <p class='ocr_par' dir='ltr' id='par_1_61' title="bbox 1962 475 3555 550">
     <span class='ocr_line' id='line_1_61' title="bbox 1962 475 3555 550; baseline -0.001 -19"><span class='ocrx_word' id='word_1_485' title='bbox 1962 477 2125 546; x_wconf 77' lang='lat' dir='ltr'><strong>pedes</strong></span> <span class='ocrx_word' id='word_1_486' title='bbox 2155 475 2291 548; x_wconf 73' lang='lat' dir='ltr'><strong>ejus,</strong></span> <span class='ocrx_word' id='word_1_487' title='bbox 2319 478 2697 550; x_wconf 80' lang='lat' dir='ltr'><strong>duplicemque</strong></span> <span class='ocrx_word' id='word_1_488' title='bbox 2731 479 2888 532; x_wconf 72' lang='lat' dir='ltr'><strong>ﬁdem</strong></span> <span class='ocrx_word' id='word_1_489' title='bbox 2931 493 3082 531; x_wconf 76' lang='lat' dir='ltr'><strong>suam</strong></span> <span class='ocrx_word' id='word_1_490' title='bbox 3132 487 3463 536; x_wconf 74' lang='lat' dir='ltr'><strong>monstrant,</strong></span> <span class='ocrx_word' id='word_1_491' title='bbox 3508 491 3555 530; x_wconf 84' lang='lat' dir='ltr'><strong>et</strong></span> 
     </span>
    </p>
   </div>
   <div class='ocr_carea' id='block_1_62' title="bbox 1957 572 3559 642">
    <p class='ocr_par' dir='ltr' id='par_1_62' title="bbox 1957 572 3559 642">
     <span class='ocr_line' id='line_1_62' title="bbox 1957 572 3559 642; baseline -0.001 -18"><span class='ocrx_word' id='word_1_492' title='bbox 1957 573 2096 642; x_wconf 92' lang='lat' dir='ltr'><strong>quod</strong></span> <span class='ocrx_word' id='word_1_493' title='bbox 2127 573 2299 627; x_wconf 84' lang='lat' dir='ltr'><strong>claudi</strong></span> <span class='ocrx_word' id='word_1_494' title='bbox 2333 574 2384 628; x_wconf 88' lang='lat' dir='ltr'><strong>in</strong></span> <span class='ocrx_word' id='word_1_495' title='bbox 2416 583 2650 630; x_wconf 88' lang='lat' dir='ltr'><strong>montem</strong></span> <span class='ocrx_word' id='word_1_496' title='bbox 2683 574 2998 638; x_wconf 77' lang='lat' dir='ltr'><strong>ascendant,</strong></span> <span class='ocrx_word' id='word_1_497' title='bbox 3033 583 3084 626; x_wconf 85' lang='lat' dir='ltr'><strong>et</strong></span> <span class='ocrx_word' id='word_1_498' title='bbox 3111 572 3254 642; x_wconf 89' lang='lat' dir='ltr'><strong>quod</strong></span> <span class='ocrx_word' id='word_1_499' title='bbox 3287 573 3559 626; x_wconf 75' lang='lat' dir='ltr'><strong>nulloalio</strong></span> 
     </span>
    </p>
   </div>
   <div class='ocr_carea' id='block_1_63' title="bbox 1957 664 3556 736">
    <p class='ocr_par' dir='ltr' id='par_1_63' title="bbox 1957 664 3556 736">
     <span class='ocr_line' id='line_1_63' title="bbox 1957 664 3556 736; baseline -0.002 -17"><span class='ocrx_word' id='word_1_500' title='bbox 1957 676 2169 736; x_wconf 68' lang='lat' dir='ltr'><strong>egeant,</strong></span> <span class='ocrx_word' id='word_1_501' title='bbox 2205 666 2306 720; x_wconf 82' lang='lat' dir='ltr'><strong>nisi</strong></span> <span class='ocrx_word' id='word_1_502' title='bbox 2334 675 2536 720; x_wconf 82' lang='lat' dir='ltr'><strong>tantum</strong></span> <span class='ocrx_word' id='word_1_503' title='bbox 2587 677 2642 720; x_wconf 82' lang='grc' dir='ltr'><strong>ιιι</strong></span> <span class='ocrx_word' id='word_1_504' title='bbox 2692 665 3041 735; x_wconf 84' lang='lat' dir='ltr'><strong>projiciantnr</strong></span> <span class='ocrx_word' id='word_1_505' title='bbox 3067 674 3190 718; x_wconf 84' lang='lat' dir='ltr'><strong>ante</strong></span> <span class='ocrx_word' id='word_1_506' title='bbox 3228 664 3390 734; x_wconf 78' lang='lat' dir='ltr'><strong>pedes</strong></span> <span class='ocrx_word' id='word_1_507' title='bbox 3420 664 3556 731; x_wconf 71' lang='lat' dir='ltr'><strong>ejus.</strong></span> 
     </span>
    </p>
   </div>
   <div class='ocr_carea' id='block_1_64' title="bbox 1959 757 3560 831">
    <p class='ocr_par' dir='ltr' id='par_1_64' title="bbox 1959 757 3560 831">
     <span class='ocr_line' id='line_1_64' title="bbox 1959 757 3560 831; baseline -0.005 -17"><span class='ocrx_word' id='word_1_508' title='bbox 1959 760 2190 831; x_wconf 85' lang='lat' dir='ltr'><strong>Eratque</strong></span> <span class='ocrx_word' id='word_1_509' title='bbox 2236 778 2320 817; x_wconf 89' lang='lat' dir='ltr'><strong>res</strong></span> <span class='ocrx_word' id='word_1_510' title='bbox 2351 762 2483 814; x_wconf 89' lang='lat' dir='ltr'><strong>mira</strong></span> <span class='ocrx_word' id='word_1_511' title='bbox 2513 777 2576 814; x_wconf 87' lang='lat' dir='ltr'><strong>ac</strong></span> <span class='ocrx_word' id='word_1_512' title='bbox 2603 760 2866 829; x_wconf 66' lang='lat' dir='ltr'><strong>stupenda</strong></span> <span class='ocrx_word' id='word_1_513' title='bbox 2895 801 2909 824; x_wconf 91' lang='lat'><strong>,</strong></span> <span class='ocrx_word' id='word_1_514' title='bbox 2941 759 3062 812; x_wconf 89' lang='lat' dir='ltr'><strong>illos</strong></span> <span class='ocrx_word' id='word_1_515' title='bbox 3093 758 3181 825; x_wconf 90' lang='lat' dir='ltr'><strong>qui</strong></span> <span class='ocrx_word' id='word_1_516' title='bbox 3211 757 3560 826; x_wconf 77' lang='lat' dir='ltr'><strong>gestabantur</strong></span> 
     </span>
    </p>
   </div>
   <div class='ocr_carea' id='block_1_65' title="bbox 1954 848 3561 922">
    <p class='ocr_par' dir='ltr' id='par_1_65' title="bbox 1954 848 3561 922">
     <span class='ocr_line' id='line_1_65' title="bbox 1954 848 3561 922; baseline -0.004 -18"><span class='ocrx_word' id='word_1_517' title='bbox 1954 852 2291 908; x_wconf 84' lang='lat' dir='ltr'><strong>ambulantes</strong></span> <span class='ocrx_word' id='word_1_518' title='bbox 2322 853 2706 922; x_wconf 83' lang='lat' dir='ltr'><strong>nullojuvante</strong></span> <span class='ocrx_word' id='word_1_519' title='bbox 2736 852 2934 912; x_wconf 77' lang='lat' dir='ltr'><strong>videre,</strong></span> <span class='ocrx_word' id='word_1_520' title='bbox 2969 865 3141 904; x_wconf 62' lang='grc' dir='ltr'><strong>(κρίτος</strong></span> <span class='ocrx_word' id='word_1_521' title='bbox 3174 848 3435 907; x_wconf 83' lang='lat' dir='ltr'><strong>videntes.</strong></span> <span class='ocrx_word' id='word_1_522' title='bbox 3466 865 3510 899; x_wconf 79' lang='grc' dir='ltr'><strong>ιι·</strong></span> <span class='ocrx_word' id='word_1_523' title='bbox 3534 865 3561 899; x_wconf 83' lang='lat' dir='ltr'><strong>e</strong></span> 
     </span>
    </p>
   </div>
   <div class='ocr_carea' id='block_1_66' title="bbox 1954 943 3557 1016">
    <p class='ocr_par' dir='ltr' id='par_1_66' title="bbox 1954 943 3557 1016">
     <span class='ocr_line' id='line_1_66' title="bbox 1954 943 3557 1016; baseline -0.005 -16"><span class='ocrx_word' id='word_1_524' title='bbox 1954 949 2089 1001; x_wconf 89' lang='lat' dir='ltr'><strong>duce</strong></span> <span class='ocrx_word' id='word_1_525' title='bbox 2120 962 2253 1016; x_wconf 82' lang='lat' dir='ltr'><strong>opus</strong></span> <span class='ocrx_word' id='word_1_526' title='bbox 2280 946 2559 1001; x_wconf 88' lang='lat' dir='ltr'><strong>ltahentcs.</strong></span> <span class='ocrx_word' id='word_1_527' title='bbox 2585 945 2717 1000; x_wconf 78' lang='lat' dir='ltr'><strong>Nam</strong></span> <span class='ocrx_word' id='word_1_528' title='bbox 2749 956 2801 999; x_wconf 90' lang='lat' dir='ltr'><strong>et</strong></span> <span class='ocrx_word' id='word_1_529' title='bbox 2833 945 3119 998; x_wconf 81' lang='lat' dir='ltr'><strong>multitudo</strong></span> <span class='ocrx_word' id='word_1_530' title='bbox 3145 958 3331 998; x_wconf 89' lang='lat' dir='ltr'><strong>eorum</strong></span> <span class='ocrx_word' id='word_1_531' title='bbox 3353 943 3439 1010; x_wconf 87' lang='lat' dir='ltr'><strong>qui</strong></span> <span class='ocrx_word' id='word_1_532' title='bbox 3470 959 3557 993; x_wconf 80' lang='lat' dir='ltr'><strong>cu-</strong></span> 
     </span>
    </p>
   </div>
   <div class='ocr_carea' id='block_1_67' title="bbox 1957 1035 3561 1104">
    <p class='ocr_par' dir='ltr' id='par_1_67' title="bbox 1957 1035 3561 1104">
     <span class='ocr_line' id='line_1_67' title="bbox 1957 1035 3561 1104; baseline -0.005 -12"><span class='ocrx_word' id='word_1_533' title='bbox 1957 1039 2054 1092; x_wconf 74' lang='lat' dir='ltr'><strong>rati</strong></span> <span class='ocrx_word' id='word_1_534' title='bbox 2089 1039 2322 1102; x_wconf 84' lang='lat' dir='ltr'><strong>fuerant,</strong></span> <span class='ocrx_word' id='word_1_535' title='bbox 2352 1046 2404 1092; x_wconf 90' lang='lat' dir='ltr'><strong>et</strong></span> <span class='ocrx_word' id='word_1_536' title='bbox 2434 1038 2724 1092; x_wconf 79' lang='lat' dir='ltr'><strong>curationis</strong></span> <span class='ocrx_word' id='word_1_537' title='bbox 2753 1035 2979 1091; x_wconf 81' lang='lat' dir='ltr'><strong>facilitas</strong></span> <span class='ocrx_word' id='word_1_538' title='bbox 3004 1037 3055 1088; x_wconf 91' lang='lat' dir='ltr'><strong>in</strong></span> <span class='ocrx_word' id='word_1_539' title='bbox 3079 1046 3351 1104; x_wconf 81' lang='lat' dir='ltr'><strong>stuporem</strong></span> <span class='ocrx_word' id='word_1_540' title='bbox 3373 1048 3561 1086; x_wconf 62' lang='lat' dir='ltr'><strong>Olllllt&#39;b&#39;</strong></span> 
     </span>
    </p>
   </div>
   <div class='ocr_carea' id='block_1_68' title="bbox 1953 1129 3558 1202">
    <p class='ocr_par' dir='ltr' id='par_1_68' title="bbox 1953 1129 3558 1202">
     <span class='ocr_line' id='line_1_68' title="bbox 1953 1129 3558 1202; baseline -0.004 -18"><span class='ocrx_word' id='word_1_541' title='bbox 1953 1131 2203 1202; x_wconf 77' lang='lat' dir='ltr'><strong>c0njocil.</strong></span> <span class='ocrx_word' id='word_1_542' title='bbox 2246 1131 2428 1186; x_wconf 78' lang='lat' dir='ltr'><strong>Videu‘</strong></span> <span class='ocrx_word' id='word_1_543' title='bbox 2453 1129 2727 1201; x_wconf 90' lang='lat' dir='ltr'><strong>quomodo</strong></span> <span class='ocrx_word' id='word_1_544' title='bbox 2747 1145 2868 1184; x_wconf 90' lang='lat' dir='ltr'><strong>cum</strong></span> <span class='ocrx_word' id='word_1_545' title='bbox 2895 1139 3036 1183; x_wconf 87' lang='lat' dir='ltr'><strong>tanta</strong></span> <span class='ocrx_word' id='word_1_546' title='bbox 3067 1129 3408 1182; x_wconf 80' lang='lat' dir='ltr'><strong>cunctatione</strong></span> <span class='ocrx_word' id='word_1_547' title='bbox 3441 1144 3558 1180; x_wconf 90' lang='lat' dir='ltr'><strong>mu-</strong></span> 
     </span>
    </p>
   </div>
   <div class='ocr_carea' id='block_1_69' title="bbox 1959 1217 3559 1290">
    <p class='ocr_par' dir='ltr' id='par_1_69' title="bbox 1959 1217 3559 1290">
     <span class='ocr_line' id='line_1_69' title="bbox 1959 1217 3559 1290; baseline -0.003 -14"><span class='ocrx_word' id='word_1_548' title='bbox 1959 1224 2104 1278; x_wconf 71' lang='lat' dir='ltr'><strong>lieris</strong></span> <span class='ocrx_word' id='word_1_549' title='bbox 2133 1224 2294 1278; x_wconf 79' lang='lat' dir='ltr'><strong>tiliam</strong></span> <span class='ocrx_word' id='word_1_550' title='bbox 2319 1224 2611 1286; x_wconf 75' lang='lat' dir='ltr'><strong>Sanaverit,</strong></span> <span class='ocrx_word' id='word_1_551' title='bbox 2645 1222 2743 1276; x_wconf 85' lang='lat' dir='ltr'><strong>hos</strong></span> <span class='ocrx_word' id='word_1_552' title='bbox 2766 1237 2896 1277; x_wconf 87' lang='lat' dir='ltr'><strong>vero</strong></span> <span class='ocrx_word' id='word_1_553' title='bbox 2923 1221 3146 1275; x_wconf 88' lang='lat' dir='ltr'><strong>statim?</strong></span> <span class='ocrx_word' id='word_1_554' title='bbox 3173 1219 3286 1274; x_wconf 84' lang='lat' dir='ltr'><strong>Non</strong></span> <span class='ocrx_word' id='word_1_555' title='bbox 3316 1217 3457 1290; x_wconf 88' lang='lat' dir='ltr'><strong>quod</strong></span> <span class='ocrx_word' id='word_1_556' title='bbox 3487 1219 3559 1272; x_wconf 89' lang='lat' dir='ltr'><strong>illi</strong></span> 
     </span>
    </p>
   </div>
   <div class='ocr_carea' id='block_1_70' title="bbox 1956 1311 3562 1384">
    <p class='ocr_par' dir='ltr' id='par_1_70' title="bbox 1956 1311 3562 1384">
     <span class='ocr_line' id='line_1_70' title="bbox 1956 1311 3562 1384; baseline -0.001 -17"><span class='ocrx_word' id='word_1_557' title='bbox 1956 1314 2208 1368; x_wconf 82' lang='lat' dir='ltr'><strong>meliores</strong></span> <span class='ocrx_word' id='word_1_558' title='bbox 2230 1325 2436 1381; x_wconf 73' lang='lat' dir='ltr'><strong>essent,</strong></span> <span class='ocrx_word' id='word_1_559' title='bbox 2469 1314 2562 1369; x_wconf 91' lang='lat' dir='ltr'><strong>sed</strong></span> <span class='ocrx_word' id='word_1_560' title='bbox 2593 1314 2733 1384; x_wconf 91' lang='lat' dir='ltr'><strong>quod</strong></span> <span class='ocrx_word' id='word_1_561' title='bbox 2759 1313 2847 1368; x_wconf 91' lang='lat' dir='ltr'><strong>illa</strong></span> <span class='ocrx_word' id='word_1_562' title='bbox 2881 1314 2933 1367; x_wconf 90' lang='lat' dir='ltr'><strong>in</strong></span> <span class='ocrx_word' id='word_1_563' title='bbox 2959 1311 3062 1368; x_wconf 86' lang='lat' dir='ltr'><strong>ﬁde</strong></span> <span class='ocrx_word' id='word_1_564' title='bbox 3086 1311 3402 1367; x_wconf 87' lang='lat' dir='ltr'><strong>ferventior.</strong></span> <span class='ocrx_word' id='word_1_565' title='bbox 3437 1311 3562 1365; x_wconf 83' lang='lat' dir='ltr'><strong>Ideo</strong></span> 
     </span>
    </p>
   </div>
   <div class='ocr_carea' id='block_1_71' title="bbox 1953 1403 3557 1478">
    <p class='ocr_par' dir='ltr' id='par_1_71' title="bbox 1953 1403 3557 1478">
     <span class='ocr_line' id='line_1_71' title="bbox 1953 1403 3557 1478; baseline -0.004 -17"><span class='ocrx_word' id='word_1_566' title='bbox 1953 1408 2091 1461; x_wconf 77' lang='lat' dir='ltr'><strong>circa</strong></span> <span class='ocrx_word' id='word_1_567' title='bbox 2121 1408 2262 1461; x_wconf 83' lang='lat' dir='ltr'><strong>illam</strong></span> <span class='ocrx_word' id='word_1_568' title='bbox 2281 1417 2582 1472; x_wconf 90' lang='lat' dir='ltr'><strong>cunctatur,</strong></span> <span class='ocrx_word' id='word_1_569' title='bbox 2603 1415 2658 1461; x_wconf 91' lang='lat' dir='ltr'><strong>ut</strong></span> <span class='ocrx_word' id='word_1_570' title='bbox 2681 1406 3136 1478; x_wconf 88' lang='lat' dir='ltr'><strong>perseverantiam</strong></span> <span class='ocrx_word' id='word_1_571' title='bbox 3163 1405 3279 1476; x_wconf 88' lang='lat' dir='ltr'><strong>ejus</strong></span> <span class='ocrx_word' id='word_1_572' title='bbox 3297 1403 3557 1467; x_wconf 83' lang='lat' dir='ltr'><strong>declaret;</strong></span> 
     </span>
    </p>
   </div>
   <div class='ocr_carea' id='block_1_72' title="bbox 1955 1497 3559 1570">
    <p class='ocr_par' dir='ltr' id='par_1_72' title="bbox 1955 1497 3559 1570">
     <span class='ocr_line' id='line_1_72' title="bbox 1955 1497 3559 1570; baseline -0.001 -20"><span class='ocrx_word' id='word_1_573' title='bbox 1955 1498 2036 1552; x_wconf 90' lang='lat' dir='ltr'><strong>his</strong></span> <span class='ocrx_word' id='word_1_574' title='bbox 2066 1501 2245 1553; x_wconf 85' lang='lat' dir='ltr'><strong>statim</strong></span> <span class='ocrx_word' id='word_1_575' title='bbox 2274 1499 2476 1556; x_wconf 88' lang='lat' dir='ltr'><strong>donum</strong></span> <span class='ocrx_word' id='word_1_576' title='bbox 2494 1500 2716 1570; x_wconf 65' lang='lat' dir='ltr'><strong>prasbet,</strong></span> <span class='ocrx_word' id='word_1_577' title='bbox 2744 1511 2796 1554; x_wconf 94' lang='lat' dir='ltr'><strong>ut</strong></span> <span class='ocrx_word' id='word_1_578' title='bbox 2827 1499 3227 1556; x_wconf 87' lang='lat' dir='ltr'><strong>incredulorum</strong></span> <span class='ocrx_word' id='word_1_579' title='bbox 3253 1497 3559 1553; x_wconf 68' lang='lat' dir='ltr'><strong>Jndrcormn</strong></span> 
     </span>
    </p>
   </div>
   <div class='ocr_carea' id='block_1_73' title="bbox 1953 1588 3560 1663">
    <p class='ocr_par' dir='ltr' id='par_1_73' title="bbox 1953 1588 3560 1663">
     <span class='ocr_line' id='line_1_73' title="bbox 1953 1588 3560 1663; baseline -0.002 -17"><span class='ocrx_word' id='word_1_580' title='bbox 1953 1606 2045 1646; x_wconf 87' lang='lat' dir='ltr'><strong>ora</strong></span> <span class='ocrx_word' id='word_1_581' title='bbox 2111 1593 2386 1658; x_wconf 89' lang='lat' dir='ltr'><strong>obstruat,</strong></span> <span class='ocrx_word' id='word_1_582' title='bbox 2451 1608 2774 1663; x_wconf 89' lang='lat' dir='ltr'><strong>omnemque</strong></span> <span class='ocrx_word' id='word_1_583' title='bbox 2843 1593 2946 1648; x_wconf 91' lang='lat' dir='ltr'><strong>illis</strong></span> <span class='ocrx_word' id='word_1_584' title='bbox 3013 1593 3383 1663; x_wconf 70' lang='lat' dir='ltr'><strong>purgationem</strong></span> <span class='ocrx_word' id='word_1_585' title='bbox 3441 1588 3560 1644; x_wconf 81' lang='lat' dir='ltr'><strong>adi-</strong></span> 
     </span>
    </p>
   </div>
   <div class='ocr_carea' id='block_1_74' title="bbox 1955 1683 3558 1756">
    <p class='ocr_par' dir='ltr' id='par_1_74' title="bbox 1955 1683 3558 1756">
     <span class='ocr_line' id='line_1_74' title="bbox 1955 1683 3558 1756; baseline -0.002 -18"><span class='ocrx_word' id='word_1_586' title='bbox 1955 1697 2084 1739; x_wconf 85' lang='lat' dir='ltr'><strong>mat.</strong></span> <span class='ocrx_word' id='word_1_587' title='bbox 2112 1687 2323 1754; x_wconf 86' lang='lat' dir='ltr'><strong>Quanto</strong></span> <span class='ocrx_word' id='word_1_588' title='bbox 2363 1686 2503 1742; x_wconf 89' lang='lat' dir='ltr'><strong>enim</strong></span> <span class='ocrx_word' id='word_1_589' title='bbox 2551 1686 2752 1755; x_wconf 87' lang='lat' dir='ltr'><strong>majora</strong></span> <span class='ocrx_word' id='word_1_590' title='bbox 2803 1686 2920 1756; x_wconf 89' lang='lat' dir='ltr'><strong>quis</strong></span> <span class='ocrx_word' id='word_1_591' title='bbox 2961 1685 3219 1740; x_wconf 88' lang='lat' dir='ltr'><strong>beneﬁcia</strong></span> <span class='ocrx_word' id='word_1_592' title='bbox 3250 1683 3520 1753; x_wconf 88' lang='lat' dir='ltr'><strong>acceperit</strong></span> <span class='ocrx_word' id='word_1_593' title='bbox 3545 1723 3558 1744; x_wconf 87' lang='lat'><em>.</em></span> 
     </span>
    </p>
   </div>
   <div class='ocr_carea' id='block_1_75' title="bbox 1956 1774 3558 1851">
    <p class='ocr_par' dir='ltr' id='par_1_75' title="bbox 1956 1774 3558 1851">
     <span class='ocr_line' id='line_1_75' title="bbox 1956 1774 3558 1851; baseline -0.001 -21"><span class='ocrx_word' id='word_1_594' title='bbox 1956 1786 2105 1832; x_wconf 91' lang='lat' dir='ltr'><strong>tanto</strong></span> <span class='ocrx_word' id='word_1_595' title='bbox 2133 1777 2320 1846; x_wconf 78' lang='lat' dir='ltr'><strong>majori</strong></span> <span class='ocrx_word' id='word_1_596' title='bbox 2354 1777 2618 1847; x_wconf 88' lang='lat' dir='ltr'><strong>supplicio</strong></span> <span class='ocrx_word' id='word_1_597' title='bbox 2645 1777 2891 1851; x_wconf 74' lang='lat' dir='ltr'><strong>addictus</strong></span> <span class='ocrx_word' id='word_1_598' title='bbox 2915 1788 2997 1832; x_wconf 88' lang='lat' dir='ltr'><strong>est</strong></span> <span class='ocrx_word' id='word_1_599' title='bbox 3022 1785 3082 1831; x_wconf 91' lang='lat' dir='ltr'><strong>ut</strong></span> <span class='ocrx_word' id='word_1_600' title='bbox 3104 1776 3363 1846; x_wconf 78' lang='lat' dir='ltr'><strong>ingratus,</strong></span> <span class='ocrx_word' id='word_1_601' title='bbox 3391 1774 3436 1830; x_wconf 88' lang='lat' dir='ltr'><strong>si</strong></span> <span class='ocrx_word' id='word_1_602' title='bbox 3467 1789 3558 1828; x_wconf 85' lang='lat' dir='ltr'><strong>ne-</strong></span> 
     </span>
    </p>
   </div>
   <div class='ocr_carea' id='block_1_76' title="bbox 1956 1863 3556 1938">
    <p class='ocr_par' dir='ltr' id='par_1_76' title="bbox 1956 1863 3556 1938">
     <span class='ocr_line' id='line_1_76' title="bbox 1956 1863 3556 1938; baseline -0.002 -17"><span class='ocrx_word' id='word_1_603' title='bbox 1956 1883 2058 1938; x_wconf 90' lang='lat' dir='ltr'><strong>que</strong></span> <span class='ocrx_word' id='word_1_604' title='bbox 2085 1884 2151 1922; x_wconf 79' lang='lat' dir='ltr'><strong>es</strong></span> <span class='ocrx_word' id='word_1_605' title='bbox 2178 1869 2373 1923; x_wconf 85' lang='lat' dir='ltr'><strong>collato</strong></span> <span class='ocrx_word' id='word_1_606' title='bbox 2401 1870 2604 1924; x_wconf 89' lang='lat' dir='ltr'><strong>honore</strong></span> <span class='ocrx_word' id='word_1_607' title='bbox 2632 1869 2828 1924; x_wconf 90' lang='lat' dir='ltr'><strong>melior</strong></span> <span class='ocrx_word' id='word_1_608' title='bbox 2846 1870 2915 1924; x_wconf 88' lang='lat' dir='ltr'><strong>sit</strong></span> <span class='ocrx_word' id='word_1_609' title='bbox 2945 1868 3190 1924; x_wconf 81' lang='lat' dir='ltr'><strong>effectus.</strong></span> <span class='ocrx_word' id='word_1_610' title='bbox 3217 1867 3449 1937; x_wconf 87' lang='lat' dir='ltr'><strong>Ideoque</strong></span> <span class='ocrx_word' id='word_1_611' title='bbox 3470 1863 3556 1919; x_wconf 89' lang='lat' dir='ltr'><strong>di-</strong></span> 
     </span>
    </p>
   </div>
   <div class='ocr_carea' id='block_1_77' title="bbox 1957 1958 3557 2031">
    <p class='ocr_par' dir='ltr' id='par_1_77' title="bbox 1957 1958 3557 2031">
     <span class='ocr_line' id='line_1_77' title="bbox 1957 1958 3557 2031; baseline 0.001 -22"><span class='ocrx_word' id='word_1_612' title='bbox 1957 1963 2089 2014; x_wconf 74' lang='lat' dir='ltr'><strong>vites</strong></span> <span class='ocrx_word' id='word_1_613' title='bbox 2119 1961 2288 2028; x_wconf 75' lang='lat' dir='ltr'><strong>magis</strong></span> <span class='ocrx_word' id='word_1_614' title='bbox 2330 1977 2486 2030; x_wconf 88' lang='lat' dir='ltr'><strong>quam</strong></span> <span class='ocrx_word' id='word_1_615' title='bbox 2540 1976 2802 2031; x_wconf 86' lang='lat' dir='ltr'><strong>pauperes</strong></span> <span class='ocrx_word' id='word_1_616' title='bbox 2849 1962 3140 2031; x_wconf 85' lang='lat' dir='ltr'><strong>puniuntur</strong></span> <span class='ocrx_word' id='word_1_617' title='bbox 3168 2002 3183 2025; x_wconf 98' lang='lat'><strong>,</strong></span> <span class='ocrx_word' id='word_1_618' title='bbox 3235 1963 3277 2013; x_wconf 88' lang='lat' dir='ltr'><strong>si</strong></span> <span class='ocrx_word' id='word_1_619' title='bbox 3329 1958 3557 2028; x_wconf 88' lang='lat' dir='ltr'><strong>improbi</strong></span> 
     </span>
    </p>
   </div>
   <div class='ocr_carea' id='block_1_78' title="bbox 1955 2053 3559 2125">
    <p class='ocr_par' dir='ltr' id='par_1_78' title="bbox 1955 2053 3559 2125">
     <span class='ocr_line' id='line_1_78' title="bbox 1955 2053 3559 2125; baseline 0.001 -18"><span class='ocrx_word' id='word_1_620' title='bbox 1955 2055 2095 2119; x_wconf 90' lang='lat' dir='ltr'><strong>sint,</strong></span> <span class='ocrx_word' id='word_1_621' title='bbox 2127 2053 2268 2124; x_wconf 88' lang='lat' dir='ltr'><strong>quod</strong></span> <span class='ocrx_word' id='word_1_622' title='bbox 2311 2071 2376 2107; x_wconf 92' lang='lat' dir='ltr'><strong>ne</strong></span> <span class='ocrx_word' id='word_1_623' title='bbox 2423 2055 2473 2108; x_wconf 92' lang='lat' dir='ltr'><strong>in</strong></span> <span class='ocrx_word' id='word_1_624' title='bbox 2525 2069 2701 2108; x_wconf 85' lang='lat' dir='ltr'><strong>rerum</strong></span> <span class='ocrx_word' id='word_1_625' title='bbox 2744 2055 2894 2125; x_wconf 86' lang='lat' dir='ltr'><strong>copia</strong></span> <span class='ocrx_word' id='word_1_626' title='bbox 2921 2054 3135 2125; x_wconf 89' lang='lat' dir='ltr'><strong>quidem</strong></span> <span class='ocrx_word' id='word_1_627' title='bbox 3166 2054 3559 2109; x_wconf 79' lang='lat' dir='ltr'><strong>mansuetiores</strong></span> 
     </span>
    </p>
   </div>
   <div class='ocr_carea' id='block_1_79' title="bbox 1957 2144 2176 2201">
    <p class='ocr_par' dir='ltr' id='par_1_79' title="bbox 1957 2144 2176 2201">
     <span class='ocr_line' id='line_1_79' title="bbox 1957 2144 2176 2201; baseline 0 -2"><span class='ocrx_word' id='word_1_628' title='bbox 1957 2144 2176 2201; x_wconf 86' lang='lat' dir='ltr'><strong>fuerint.</strong></span> 
     </span>
    </p>
   </div>
   <div class='ocr_carea' id='block_1_80' title="bbox 2031 2237 3558 2312">
    <p class='ocr_par' dir='ltr' id='par_1_80' title="bbox 2031 2237 3558 2312">
     <span class='ocr_line' id='line_1_80' title="bbox 2031 2237 3558 2312; baseline 0.003 -20"><span class='ocrx_word' id='word_1_629' title='bbox 2031 2237 2370 2310; x_wconf 78' lang='lat' dir='ltr'><strong>Eleemosyna</strong></span> <span class='ocrx_word' id='word_1_630' title='bbox 2417 2256 2532 2294; x_wconf 82' lang='lat' dir='ltr'><strong>vera</strong></span> <span class='ocrx_word' id='word_1_631' title='bbox 2559 2257 2691 2312; x_wconf 67' lang='lat' dir='ltr'><strong>quis.</strong></span> <span class='ocrx_word' id='word_1_632' title='bbox 2729 2272 2802 2282; x_wconf 95' lang='lat'><strong><em>—</em></strong></span> <span class='ocrx_word' id='word_1_633' title='bbox 2824 2241 2900 2297; x_wconf 80' lang='lat' dir='ltr'><strong>Ne</strong></span> <span class='ocrx_word' id='word_1_634' title='bbox 2925 2242 3052 2296; x_wconf 88' lang='lat' dir='ltr'><strong>mihi</strong></span> <span class='ocrx_word' id='word_1_635' title='bbox 3071 2241 3240 2309; x_wconf 87' lang='lat' dir='ltr'><strong>dicas,</strong></span> <span class='ocrx_word' id='word_1_636' title='bbox 3276 2241 3395 2297; x_wconf 91' lang='lat' dir='ltr'><strong>illos</strong></span> <span class='ocrx_word' id='word_1_637' title='bbox 3418 2241 3558 2296; x_wconf 85' lang='lat' dir='ltr'><strong>elec-</strong></span> 
     </span>
    </p>
   </div>
   <div class='ocr_carea' id='block_1_81' title="bbox 1958 2331 3556 2405">
    <p class='ocr_par' dir='ltr' id='par_1_81' title="bbox 1958 2331 3556 2405">
     <span class='ocr_line' id='line_1_81' title="bbox 1958 2331 3556 2405; baseline 0.002 -21"><span class='ocrx_word' id='word_1_638' title='bbox 1958 2347 2236 2405; x_wconf 79' lang='lat' dir='ltr'><strong>mosynam</strong></span> <span class='ocrx_word' id='word_1_639' title='bbox 2267 2331 2498 2388; x_wconf 88' lang='lat' dir='ltr'><strong>dedisse.</strong></span> <span class='ocrx_word' id='word_1_640' title='bbox 2534 2332 2666 2388; x_wconf 83' lang='lat' dir='ltr'><strong>Nam</strong></span> <span class='ocrx_word' id='word_1_641' title='bbox 2694 2333 2793 2388; x_wconf 90' lang='lat' dir='ltr'><strong>nisi</strong></span> <span class='ocrx_word' id='word_1_642' title='bbox 2825 2334 3120 2390; x_wconf 88' lang='lat' dir='ltr'><strong>secundum</strong></span> <span class='ocrx_word' id='word_1_643' title='bbox 3155 2333 3435 2389; x_wconf 55' lang='lat' dir='ltr'><strong>facultates</strong></span> <span class='ocrx_word' id='word_1_644' title='bbox 3459 2334 3556 2387; x_wconf 78' lang='lat' dir='ltr'><strong>de-</strong></span> 
     </span>
    </p>
   </div>
   <div class='ocr_carea' id='block_1_82' title="bbox 1958 2422 3561 2496">
    <p class='ocr_par' dir='ltr' id='par_1_82' title="bbox 1958 2422 3561 2496">
     <span class='ocr_line' id='line_1_82' title="bbox 1958 2422 3561 2496; baseline 0.002 -19"><span class='ocrx_word' id='word_1_645' title='bbox 1958 2422 2137 2477; x_wconf 88' lang='lat' dir='ltr'><strong>derint</strong></span> <span class='ocrx_word' id='word_1_646' title='bbox 2163 2466 2178 2490; x_wconf 91' lang='lat'><strong>,</strong></span> <span class='ocrx_word' id='word_1_647' title='bbox 2212 2439 2385 2494; x_wconf 88' lang='lat' dir='ltr'><strong>neque</strong></span> <span class='ocrx_word' id='word_1_648' title='bbox 2418 2426 2486 2478; x_wconf 86' lang='lat' dir='ltr'><strong>ita</strong></span> <span class='ocrx_word' id='word_1_649' title='bbox 2519 2423 2792 2496; x_wconf 77' lang='lat' dir='ltr'><strong>effugient.</strong></span> <span class='ocrx_word' id='word_1_650' title='bbox 2827 2424 2940 2479; x_wconf 86' lang='lat' dir='ltr'><strong>Non</strong></span> <span class='ocrx_word' id='word_1_651' title='bbox 2980 2425 3123 2480; x_wconf 91' lang='lat' dir='ltr'><strong>enim</strong></span> <span class='ocrx_word' id='word_1_652' title='bbox 3156 2441 3226 2480; x_wconf 79' lang='lat' dir='ltr'><strong>ex</strong></span> <span class='ocrx_word' id='word_1_653' title='bbox 3253 2425 3381 2480; x_wconf 91' lang='lat' dir='ltr'><strong>doni</strong></span> <span class='ocrx_word' id='word_1_654' title='bbox 3408 2439 3561 2480; x_wconf 89' lang='lat' dir='ltr'><strong>men-</strong></span> 
     </span>
    </p>
   </div>
   <div class='ocr_carea' id='block_1_83' title="bbox 1957 2518 3553 2588">
    <p class='ocr_par' dir='ltr' id='par_1_83' title="bbox 1957 2518 3553 2588">
     <span class='ocr_line' id='line_1_83' title="bbox 1957 2518 3553 2588; baseline 0.002 -21"><span class='ocrx_word' id='word_1_655' title='bbox 1957 2533 2077 2572; x_wconf 78' lang='lat' dir='ltr'><strong>sura</strong></span> <span class='ocrx_word' id='word_1_656' title='bbox 2103 2518 2445 2588; x_wconf 86' lang='lat' dir='ltr'><strong>eleemosyna</strong></span> <span class='ocrx_word' id='word_1_657' title='bbox 2473 2518 2789 2585; x_wconf 83' lang='lat' dir='ltr'><strong>a-stimatur,</strong></span> <span class='ocrx_word' id='word_1_658' title='bbox 2810 2518 2902 2572; x_wconf 89' lang='lat' dir='ltr'><strong>sed</strong></span> <span class='ocrx_word' id='word_1_659' title='bbox 2931 2533 2997 2573; x_wconf 76' lang='lat' dir='ltr'><strong>ex</strong></span> <span class='ocrx_word' id='word_1_660' title='bbox 3017 2518 3181 2572; x_wconf 86' lang='lat' dir='ltr'><strong>animi</strong></span> <span class='ocrx_word' id='word_1_661' title='bbox 3213 2518 3553 2573; x_wconf 88' lang='lat' dir='ltr'><strong>liberalitate.</strong></span> 
     </span>
    </p>
   </div>
   <div class='ocr_carea' id='block_1_84' title="bbox 1957 2610 3574 2684">
    <p class='ocr_par' dir='ltr' id='par_1_84' title="bbox 1957 2610 3574 2684">
     <span class='ocr_line' id='line_1_84' title="bbox 1957 2610 3574 2684; baseline 0.003 -20"><span class='ocrx_word' id='word_1_662' title='bbox 1957 2610 2009 2664; x_wconf 92' lang='lat' dir='ltr'><strong>Si</strong></span> <span class='ocrx_word' id='word_1_663' title='bbox 2042 2621 2218 2665; x_wconf 81' lang='lat' dir='ltr'><strong>autem</strong></span> <span class='ocrx_word' id='word_1_664' title='bbox 2253 2611 2302 2664; x_wconf 91' lang='lat' dir='ltr'><strong>hi</strong></span> <span class='ocrx_word' id='word_1_665' title='bbox 2350 2626 2535 2680; x_wconf 60' lang='lat' dir='ltr'><strong>poenas</strong></span> <span class='ocrx_word' id='word_1_666' title='bbox 2576 2611 2727 2677; x_wconf 89' lang='lat' dir='ltr'><strong>dent,</strong></span> <span class='ocrx_word' id='word_1_667' title='bbox 2756 2613 2924 2666; x_wconf 88' lang='lat' dir='ltr'><strong>multo</strong></span> <span class='ocrx_word' id='word_1_668' title='bbox 2955 2614 3124 2684; x_wconf 77' lang='lat' dir='ltr'><strong>magis</strong></span> <span class='ocrx_word' id='word_1_669' title='bbox 3167 2613 3258 2684; x_wconf 89' lang='lat' dir='ltr'><strong>qui</strong></span> <span class='ocrx_word' id='word_1_670' title='bbox 3291 2613 3574 2682; x_wconf 81' lang='lat' dir='ltr'><strong>superlluis</strong></span> 
     </span>
    </p>
   </div>
   <div class='ocr_carea' id='block_1_85' title="bbox 1957 2705 3559 2775">
    <p class='ocr_par' dir='ltr' id='par_1_85' title="bbox 1957 2705 3559 2775">
     <span class='ocr_line' id='line_1_85' title="bbox 1957 2705 3559 2775; baseline 0.001 -19"><span class='ocrx_word' id='word_1_671' title='bbox 1957 2708 2172 2768; x_wconf 76' lang='lat' dir='ltr'><strong>inhiam</strong></span> <span class='ocrx_word' id='word_1_672' title='bbox 2202 2707 2239 2770; x_wconf 76' lang='lat'><strong>&#39;,</strong></span> <span class='ocrx_word' id='word_1_673' title='bbox 2263 2706 2348 2775; x_wconf 88' lang='lat' dir='ltr'><strong>qui</strong></span> <span class='ocrx_word' id='word_1_674' title='bbox 2378 2705 2533 2760; x_wconf 88' lang='lat' dir='ltr'><strong>trium</strong></span> <span class='ocrx_word' id='word_1_675' title='bbox 2558 2717 2854 2775; x_wconf 84' lang='lat' dir='ltr'><strong>quatuorve</strong></span> <span class='ocrx_word' id='word_1_676' title='bbox 2876 2707 3232 2761; x_wconf 87' lang='lat' dir='ltr'><strong>tabulatorum</strong></span> <span class='ocrx_word' id='word_1_677' title='bbox 3254 2706 3400 2761; x_wconf 70' lang='lat' dir='ltr'><strong>mdes</strong></span> <span class='ocrx_word' id='word_1_678' title='bbox 3425 2723 3559 2760; x_wconf 89' lang='lat' dir='ltr'><strong>con-</strong></span> 
     </span>
    </p>
   </div>
   <div class='ocr_carea' id='block_1_86' title="bbox 1956 2798 3562 2872">
    <p class='ocr_par' dir='ltr' id='par_1_86' title="bbox 1956 2798 3562 2872">
     <span class='ocr_line' id='line_1_86' title="bbox 1956 2798 3562 2872; baseline 0.001 -20"><span class='ocrx_word' id='word_1_679' title='bbox 1956 2811 2189 2865; x_wconf 79' lang='lat' dir='ltr'><strong>struunt,</strong></span> <span class='ocrx_word' id='word_1_680' title='bbox 2211 2798 2589 2870; x_wconf 80' lang='lat' dir='ltr'><strong>famelicosque</strong></span> <span class='ocrx_word' id='word_1_681' title='bbox 2620 2801 2943 2872; x_wconf 86' lang='lat' dir='ltr'><strong>despiciunt.</strong></span> <span class='ocrx_word' id='word_1_682' title='bbox 2965 2801 3052 2871; x_wconf 90' lang='lat' dir='ltr'><strong>qui</strong></span> <span class='ocrx_word' id='word_1_683' title='bbox 3072 2801 3313 2856; x_wconf 79' lang='lat' dir='ltr'><strong>avaritia:</strong></span> <span class='ocrx_word' id='word_1_684' title='bbox 3344 2800 3562 2868; x_wconf 81' lang='lat' dir='ltr'><strong>student</strong></span> 
     </span>
    </p>
   </div>
   <div class='ocr_carea' id='block_1_87' title="bbox 1956 2891 3558 2966">
    <p class='ocr_par' dir='ltr' id='par_1_87' title="bbox 1956 2891 3558 2966">
     <span class='ocr_line' id='line_1_87' title="bbox 1956 2891 3558 2966; baseline 0.001 -20"><span class='ocrx_word' id='word_1_685' title='bbox 1956 2901 2009 2946; x_wconf 87' lang='lat' dir='ltr'><strong>et</strong></span> <span class='ocrx_word' id='word_1_686' title='bbox 2053 2891 2452 2963; x_wconf 81' lang='lat' dir='ltr'><strong>eleemosynam</strong></span> <span class='ocrx_word' id='word_1_687' title='bbox 2497 2895 2786 2966; x_wconf 80' lang='lat' dir='ltr'><strong>negligant.</strong></span> <span class='ocrx_word' id='word_1_688' title='bbox 2826 2893 2929 2950; x_wconf 90' lang='lat' dir='ltr'><strong>Sed</strong></span> <span class='ocrx_word' id='word_1_689' title='bbox 2979 2895 3099 2964; x_wconf 88' lang='lat' dir='ltr'><strong>quia</strong></span> <span class='ocrx_word' id='word_1_690' title='bbox 3153 2894 3204 2948; x_wconf 93' lang='lat' dir='ltr'><strong>in</strong></span> <span class='ocrx_word' id='word_1_691' title='bbox 3253 2909 3558 2950; x_wconf 86' lang='lat' dir='ltr'><strong>sermonem</strong></span> 
     </span>
    </p>
   </div>
   <div class='ocr_carea' id='block_1_88' title="bbox 1959 2982 3560 3056">
    <p class='ocr_par' dir='ltr' id='par_1_88' title="bbox 1959 2982 3560 3056">
     <span class='ocr_line' id='line_1_88' title="bbox 1959 2982 3560 3056; baseline 0.004 -20"><span class='ocrx_word' id='word_1_692' title='bbox 1959 2982 2023 3036; x_wconf 84' lang='lat' dir='ltr'><strong>de</strong></span> <span class='ocrx_word' id='word_1_693' title='bbox 2046 2982 2392 3053; x_wconf 73' lang='lat' dir='ltr'><strong>eleemosyna</strong></span> <span class='ocrx_word' id='word_1_694' title='bbox 2423 2986 2710 3040; x_wconf 89' lang='lat' dir='ltr'><strong>incidimus</strong></span> <span class='ocrx_word' id='word_1_695' title='bbox 2746 3005 2757 3039; x_wconf 91' lang='lat'><strong>:</strong></span> <span class='ocrx_word' id='word_1_696' title='bbox 2795 3002 2893 3056; x_wconf 79' lang='lat' dir='ltr'><strong>age</strong></span> <span class='ocrx_word' id='word_1_697' title='bbox 2941 2987 3258 3042; x_wconf 90' lang='lat' dir='ltr'><strong>concionem</strong></span> <span class='ocrx_word' id='word_1_698' title='bbox 3305 2987 3447 3042; x_wconf 88' lang='lat' dir='ltr'><strong>illam</strong></span> <span class='ocrx_word' id='word_1_699' title='bbox 3493 2988 3560 3042; x_wconf 88' lang='lat' dir='ltr'><strong>de</strong></span> 
     </span>
    </p>
   </div>
   <div class='ocr_carea' id='block_1_89' title="bbox 1960 3074 3563 3149">
    <p class='ocr_par' dir='ltr' id='par_1_89' title="bbox 1960 3074 3563 3149">
     <span class='ocr_line' id='line_1_89' title="bbox 1960 3074 3563 3149; baseline 0.004 -23"><span class='ocrx_word' id='word_1_700' title='bbox 1960 3074 2312 3141; x_wconf 82' lang='lat' dir='ltr'><strong>humanitate,</strong></span> <span class='ocrx_word' id='word_1_701' title='bbox 2343 3091 2501 3144; x_wconf 88' lang='lat' dir='ltr'><strong>quam</strong></span> <span class='ocrx_word' id='word_1_702' title='bbox 2531 3085 2655 3131; x_wconf 88' lang='lat' dir='ltr'><strong>ante</strong></span> <span class='ocrx_word' id='word_1_703' title='bbox 2685 3078 2920 3131; x_wconf 90' lang='lat' dir='ltr'><strong>triduum</strong></span> <span class='ocrx_word' id='word_1_704' title='bbox 2947 3078 3317 3148; x_wconf 79' lang='lat' dir='ltr'><strong>imperfectam</strong></span> <span class='ocrx_word' id='word_1_705' title='bbox 3345 3080 3563 3149; x_wconf 89' lang='lat' dir='ltr'><strong>reliqui-</strong></span> 
     </span>
    </p>
   </div>
   <div class='ocr_carea' id='block_1_90' title="bbox 1959 3165 3564 3241">
    <p class='ocr_par' dir='ltr' id='par_1_90' title="bbox 1959 3165 3564 3241">
     <span class='ocr_line' id='line_1_90' title="bbox 1959 3165 3564 3241; baseline 0.002 -21"><span class='ocrx_word' id='word_1_706' title='bbox 1959 3181 2100 3231; x_wconf 89' lang='lat' dir='ltr'><strong>mus,</strong></span> <span class='ocrx_word' id='word_1_707' title='bbox 2125 3165 2282 3221; x_wconf 89' lang='lat' dir='ltr'><strong>hodie</strong></span> <span class='ocrx_word' id='word_1_708' title='bbox 2306 3183 2666 3222; x_wconf 86' lang='lat' dir='ltr'><strong>rcsumamus.</strong></span> <span class='ocrx_word' id='word_1_709' title='bbox 2702 3168 3021 3224; x_wconf 79' lang='lat' dir='ltr'><strong>Meministis</strong></span> <span class='ocrx_word' id='word_1_710' title='bbox 3054 3186 3140 3225; x_wconf 90' lang='lat' dir='ltr'><strong>me</strong></span> <span class='ocrx_word' id='word_1_711' title='bbox 3179 3186 3350 3241; x_wconf 90' lang='lat' dir='ltr'><strong>nuper</strong></span> <span class='ocrx_word' id='word_1_712' title='bbox 3380 3171 3449 3226; x_wconf 90' lang='lat' dir='ltr'><strong>de</strong></span> <span class='ocrx_word' id='word_1_713' title='bbox 3479 3172 3564 3224; x_wconf 88' lang='lat' dir='ltr'><strong>ni-</strong></span> 
     </span>
    </p>
   </div>
   <div class='ocr_carea' id='block_1_91' title="bbox 1959 3259 3563 3334">
    <p class='ocr_par' dir='ltr' id='par_1_91' title="bbox 1959 3259 3563 3334">
     <span class='ocr_line' id='line_1_91' title="bbox 1959 3259 3563 3334; baseline 0.004 -21"><span class='ocrx_word' id='word_1_714' title='bbox 1959 3261 2063 3313; x_wconf 86' lang='lat' dir='ltr'><strong>mia</strong></span> <span class='ocrx_word' id='word_1_715' title='bbox 2083 3259 2385 3315; x_wconf 84' lang='lat' dir='ltr'><strong>ealceorum</strong></span> <span class='ocrx_word' id='word_1_716' title='bbox 2414 3262 2727 3317; x_wconf 85' lang='lat' dir='ltr'><strong>curiositate</strong></span> <span class='ocrx_word' id='word_1_717' title='bbox 2751 3261 3073 3318; x_wconf 88' lang='lat' dir='ltr'><strong>disseruisse</strong></span> <span class='ocrx_word' id='word_1_718' title='bbox 3102 3304 3116 3329; x_wconf 96' lang='lat'><strong>,</strong></span> <span class='ocrx_word' id='word_1_719' title='bbox 3150 3263 3216 3319; x_wconf 90' lang='lat' dir='ltr'><strong>de</strong></span> <span class='ocrx_word' id='word_1_720' title='bbox 3259 3263 3563 3334; x_wconf 86' lang='lat' dir='ltr'><strong>hujusmodi</strong></span> 
     </span>
    </p>
   </div>
   <div class='ocr_carea' id='block_1_92' title="bbox 1961 3351 3565 3422">
    <p class='ocr_par' dir='ltr' id='par_1_92' title="bbox 1961 3351 3565 3422">
     <span class='ocr_line' id='line_1_92' title="bbox 1961 3351 3565 3422; baseline 0.005 -18"><span class='ocrx_word' id='word_1_721' title='bbox 1961 3365 2153 3421; x_wconf 89' lang='lat' dir='ltr'><strong>nempe</strong></span> <span class='ocrx_word' id='word_1_722' title='bbox 2183 3351 2434 3417; x_wconf 88' lang='lat' dir='ltr'><strong>vanitate,</strong></span> <span class='ocrx_word' id='word_1_723' title='bbox 2455 3363 2508 3407; x_wconf 89' lang='lat' dir='ltr'><strong>et</strong></span> <span class='ocrx_word' id='word_1_724' title='bbox 2534 3352 2602 3408; x_wconf 91' lang='lat' dir='ltr'><strong>de</strong></span> <span class='ocrx_word' id='word_1_725' title='bbox 2625 3353 2882 3422; x_wconf 79' lang='lat' dir='ltr'><strong>juvenum</strong></span> <span class='ocrx_word' id='word_1_726' title='bbox 2913 3354 3157 3420; x_wconf 90' lang='lat' dir='ltr'><strong>mollitie;</strong></span> <span class='ocrx_word' id='word_1_727' title='bbox 3186 3364 3311 3411; x_wconf 89' lang='lat' dir='ltr'><strong>tunc</strong></span> <span class='ocrx_word' id='word_1_728' title='bbox 3332 3357 3401 3411; x_wconf 90' lang='lat' dir='ltr'><strong>ab</strong></span> <span class='ocrx_word' id='word_1_729' title='bbox 3424 3357 3565 3412; x_wconf 82' lang='lat' dir='ltr'><strong>eice-</strong></span> 
     </span>
    </p>
   </div>
   <div class='ocr_carea' id='block_1_93' title="bbox 1963 3444 3565 3520">
    <p class='ocr_par' dir='ltr' id='par_1_93' title="bbox 1963 3444 3565 3520">
     <span class='ocr_line' id='line_1_93' title="bbox 1963 3444 3565 3520; baseline 0.005 -24"><span class='ocrx_word' id='word_1_730' title='bbox 1963 3458 2183 3514; x_wconf 82' lang='lat' dir='ltr'><strong>mosyna</strong></span> <span class='ocrx_word' id='word_1_731' title='bbox 2215 3444 2345 3508; x_wconf 86' lang='lat' dir='ltr'><strong>orsi,</strong></span> <span class='ocrx_word' id='word_1_732' title='bbox 2382 3445 2432 3498; x_wconf 89' lang='lat' dir='ltr'><strong>in</strong></span> <span class='ocrx_word' id='word_1_733' title='bbox 2468 3445 2594 3500; x_wconf 90' lang='lat' dir='ltr'><strong>illud</strong></span> <span class='ocrx_word' id='word_1_734' title='bbox 2645 3446 2949 3500; x_wconf 89' lang='lat' dir='ltr'><strong>incidimus.</strong></span> <span class='ocrx_word' id='word_1_735' title='bbox 2987 3447 3062 3502; x_wconf 89' lang='lat' dir='ltr'><strong>De</strong></span> <span class='ocrx_word' id='word_1_736' title='bbox 3088 3449 3407 3518; x_wconf 85' lang='lat' dir='ltr'><strong>quibusnam</strong></span> <span class='ocrx_word' id='word_1_737' title='bbox 3436 3467 3565 3520; x_wconf 81' lang='lat' dir='ltr'><strong>ergo</strong></span> 
     </span>
    </p>
   </div>
   <div class='ocr_carea' id='block_1_94' title="bbox 1965 3539 3651 3614">
    <p class='ocr_par' dir='ltr' id='par_1_94' title="bbox 1965 3539 3651 3614">
     <span class='ocr_line' id='line_1_94' title="bbox 1965 3539 3651 3614; baseline 0.007 -27"><span class='ocrx_word' id='word_1_738' title='bbox 1965 3547 2090 3590; x_wconf 88' lang='lat' dir='ltr'><strong>tunc</strong></span> <span class='ocrx_word' id='word_1_739' title='bbox 2141 3551 2448 3592; x_wconf 84' lang='lat' dir='ltr'><strong>sermonem</strong></span> <span class='ocrx_word' id='word_1_740' title='bbox 2498 3539 2827 3595; x_wconf 86' lang='lat' dir='ltr'><strong>habuimus?</strong></span> <span class='ocrx_word' id='word_1_741' title='bbox 2876 3540 3116 3595; x_wconf 84' lang='lat' dir='ltr'><strong>Diximus</strong></span> <span class='ocrx_word' id='word_1_742' title='bbox 3163 3543 3562 3614; x_wconf 80' lang='lat' dir='ltr'><strong>eleemosynam</strong></span> <span class='ocrx_word' id='word_1_743' title='bbox 3645 3575 3651 3590; x_wconf 86' lang='lat'><strong>-</strong></span> 
     </span>
    </p>
   </div>
   <div class='ocr_carea' id='block_1_95' title="bbox 1963 3631 3567 3702">
    <p class='ocr_par' dir='ltr' id='par_1_95' title="bbox 1963 3631 3567 3702">
     <span class='ocr_line' id='line_1_95' title="bbox 1963 3631 3567 3702; baseline 0.006 -20"><span class='ocrx_word' id='word_1_744' title='bbox 1963 3644 2084 3683; x_wconf 88' lang='lat' dir='ltr'><strong>esse</strong></span> <span class='ocrx_word' id='word_1_745' title='bbox 2114 3640 2309 3694; x_wconf 86' lang='lat' dir='ltr'><strong>artem,</strong></span> <span class='ocrx_word' id='word_1_746' title='bbox 2335 3646 2453 3700; x_wconf 68' lang='lat' dir='ltr'><strong>qum.</strong></span> <span class='ocrx_word' id='word_1_747' title='bbox 2483 3631 2752 3687; x_wconf 88' lang='lat' dir='ltr'><strong>ofﬁcinam</strong></span> <span class='ocrx_word' id='word_1_748' title='bbox 2798 3633 2991 3688; x_wconf 86' lang='lat' dir='ltr'><strong>habeat</strong></span> <span class='ocrx_word' id='word_1_749' title='bbox 3027 3635 3078 3688; x_wconf 92' lang='lat' dir='ltr'><strong>in</strong></span> <span class='ocrx_word' id='word_1_750' title='bbox 3107 3636 3259 3702; x_wconf 71' lang='lat' dir='ltr'><strong>cmlo,</strong></span> <span class='ocrx_word' id='word_1_751' title='bbox 3290 3646 3346 3691; x_wconf 90' lang='lat' dir='ltr'><strong>et</strong></span> <span class='ocrx_word' id='word_1_752' title='bbox 3373 3636 3567 3691; x_wconf 86' lang='lat' dir='ltr'><strong>docto-</strong></span> 
     </span>
    </p>
   </div>
   <div class='ocr_carea' id='block_1_96' title="bbox 1965 3723 3564 3798">
    <p class='ocr_par' dir='ltr' id='par_1_96' title="bbox 1965 3723 3564 3798">
     <span class='ocr_line' id='line_1_96' title="bbox 1965 3723 3564 3798; baseline 0.004 -21"><span class='ocrx_word' id='word_1_753' title='bbox 1965 3739 2076 3778; x_wconf 90' lang='lat' dir='ltr'><strong>rem</strong></span> <span class='ocrx_word' id='word_1_754' title='bbox 2111 3740 2218 3777; x_wconf 91' lang='lat' dir='ltr'><strong>nou</strong></span> <span class='ocrx_word' id='word_1_755' title='bbox 2269 3723 2542 3780; x_wconf 90' lang='lat' dir='ltr'><strong>hominem</strong></span> <span class='ocrx_word' id='word_1_756' title='bbox 2574 3767 2589 3792; x_wconf 95' lang='lat'><strong>,</strong></span> <span class='ocrx_word' id='word_1_757' title='bbox 2623 3726 2717 3781; x_wconf 89' lang='lat' dir='ltr'><strong>sed</strong></span> <span class='ocrx_word' id='word_1_758' title='bbox 2764 3727 2948 3781; x_wconf 85' lang='lat' dir='ltr'><strong>Deum.</strong></span> <span class='ocrx_word' id='word_1_759' title='bbox 2985 3727 3187 3784; x_wconf 89' lang='lat' dir='ltr'><strong>Deinde</strong></span> <span class='ocrx_word' id='word_1_760' title='bbox 3218 3739 3523 3798; x_wconf 66' lang='lat' dir='ltr'><strong>quaerentes</strong></span> <span class='ocrx_word' id='word_1_761' title='bbox 3551 3773 3564 3794; x_wconf 93' lang='lat'><strong>,</strong></span> 
     </span>
    </p>
   </div>
   <div class='ocr_carea' id='block_1_97' title="bbox 1965 3815 3568 3892">
    <p class='ocr_par' dir='ltr' id='par_1_97' title="bbox 1965 3815 3568 3892">
     <span class='ocr_line' id='line_1_97' title="bbox 1965 3815 3568 3892; baseline 0.006 -25"><span class='ocrx_word' id='word_1_762' title='bbox 1965 3815 2093 3884; x_wconf 90' lang='lat' dir='ltr'><strong>quid</strong></span> <span class='ocrx_word' id='word_1_763' title='bbox 2124 3832 2210 3870; x_wconf 90' lang='lat' dir='ltr'><strong>ars</strong></span> <span class='ocrx_word' id='word_1_764' title='bbox 2241 3817 2345 3870; x_wconf 92' lang='lat' dir='ltr'><strong>dici</strong></span> <span class='ocrx_word' id='word_1_765' title='bbox 2379 3827 2576 3886; x_wconf 85' lang='lat' dir='ltr'><strong>posset,</strong></span> <span class='ocrx_word' id='word_1_766' title='bbox 2609 3818 2734 3887; x_wconf 88' lang='lat' dir='ltr'><strong>quid</strong></span> <span class='ocrx_word' id='word_1_767' title='bbox 2767 3833 2926 3874; x_wconf 85' lang='lat' dir='ltr'><strong>secus</strong></span> <span class='ocrx_word' id='word_1_768' title='bbox 2950 3860 2965 3885; x_wconf 98' lang='lat'><strong>,</strong></span> <span class='ocrx_word' id='word_1_769' title='bbox 2998 3819 3050 3874; x_wconf 90' lang='lat' dir='ltr'><strong>in</strong></span> <span class='ocrx_word' id='word_1_770' title='bbox 3090 3835 3254 3876; x_wconf 82' lang='lat' dir='ltr'><strong>vanas</strong></span> <span class='ocrx_word' id='word_1_771' title='bbox 3293 3823 3568 3892; x_wconf 84' lang='lat' dir='ltr'><strong>malasque</strong></span> 
     </span>
    </p>
   </div>
   <div class='ocr_carea' id='block_1_98' title="bbox 1965 3908 3568 3980">
    <p class='ocr_par' dir='ltr' id='par_1_98' title="bbox 1965 3908 3568 3980">
     <span class='ocr_line' id='line_1_98' title="bbox 1965 3908 3568 3980; baseline 0.007 -21"><span class='ocrx_word' id='word_1_772' title='bbox 1965 3918 2112 3960; x_wconf 88' lang='lat' dir='ltr'><strong>artes</strong></span> <span class='ocrx_word' id='word_1_773' title='bbox 2141 3908 2458 3975; x_wconf 90' lang='lat' dir='ltr'><strong>incidimus,</strong></span> <span class='ocrx_word' id='word_1_774' title='bbox 2489 3909 2540 3962; x_wconf 89' lang='lat' dir='ltr'><strong>in</strong></span> <span class='ocrx_word' id='word_1_775' title='bbox 2572 3911 2766 3980; x_wconf 87' lang='lat' dir='ltr'><strong>quibus</strong></span> <span class='ocrx_word' id='word_1_776' title='bbox 2811 3911 2880 3967; x_wconf 90' lang='lat' dir='ltr'><strong>de</strong></span> <span class='ocrx_word' id='word_1_777' title='bbox 2909 3913 3216 3968; x_wconf 85' lang='lat' dir='ltr'><strong>calceorum</strong></span> <span class='ocrx_word' id='word_1_778' title='bbox 3260 3924 3376 3970; x_wconf 88' lang='lat' dir='ltr'><strong>arte</strong></span> <span class='ocrx_word' id='word_1_779' title='bbox 3404 3917 3568 3971; x_wconf 81' lang='lat' dir='ltr'><strong>verba</strong></span> 
     </span>
    </p>
   </div>
   <div class='ocr_carea' id='block_1_99' title="bbox 1969 3998 3571 4077">
    <p class='ocr_par' dir='ltr' id='par_1_99' title="bbox 1969 3998 3571 4077">
     <span class='ocr_line' id='line_1_99' title="bbox 1969 3998 3571 4077; baseline 0.006 -25"><span class='ocrx_word' id='word_1_780' title='bbox 1969 3998 2212 4052; x_wconf 88' lang='lat' dir='ltr'><strong>fecimus.</strong></span> <span class='ocrx_word' id='word_1_781' title='bbox 2269 3999 2405 4054; x_wconf 89' lang='lat' dir='ltr'><strong>Num</strong></span> <span class='ocrx_word' id='word_1_782' title='bbox 2439 4001 2490 4054; x_wconf 93' lang='lat' dir='ltr'><strong>in</strong></span> <span class='ocrx_word' id='word_1_783' title='bbox 2540 4011 2777 4057; x_wconf 84' lang='lat' dir='ltr'><strong>tuentem</strong></span> <span class='ocrx_word' id='word_1_784' title='bbox 2821 4004 3132 4059; x_wconf 82' lang='lat' dir='ltr'><strong>revocatis?</strong></span> <span class='ocrx_word' id='word_1_785' title='bbox 3154 4007 3268 4076; x_wconf 78' lang='lat' dir='ltr'><strong>Age</strong></span> <span class='ocrx_word' id='word_1_786' title='bbox 3297 4022 3426 4077; x_wconf 75' lang='lat' dir='ltr'><strong>ergo</strong></span> <span class='ocrx_word' id='word_1_787' title='bbox 3453 4023 3571 4077; x_wconf 70' lang='lat' dir='ltr'><strong>qua:</strong></span> 
     </span>
    </p>
   </div>
   <div class='ocr_carea' id='block_1_100' title="bbox 1968 4093 3572 4171">
    <p class='ocr_par' dir='ltr' id='par_1_100' title="bbox 1968 4093 3572 4171">
     <span class='ocr_line' id='line_1_100' title="bbox 1968 4093 3572 4171; baseline 0.006 -25"><span class='ocrx_word' id='word_1_788' title='bbox 1968 4101 2095 4148; x_wconf 90' lang='lat' dir='ltr'><strong>tunc</strong></span> <span class='ocrx_word' id='word_1_789' title='bbox 2111 4093 2367 4160; x_wconf 76' lang='lat' dir='ltr'><strong>diximus,</strong></span> <span class='ocrx_word' id='word_1_790' title='bbox 2389 4095 2547 4150; x_wconf 90' lang='lat' dir='ltr'><strong>hodie</strong></span> <span class='ocrx_word' id='word_1_791' title='bbox 2569 4111 2921 4163; x_wconf 85' lang='lat' dir='ltr'><strong>resumamus,</strong></span> <span class='ocrx_word' id='word_1_792' title='bbox 2949 4098 3405 4171; x_wconf 87' lang='lat' dir='ltr'><strong>ostendamusque</strong></span> <span class='ocrx_word' id='word_1_793' title='bbox 3430 4101 3572 4156; x_wconf 89' lang='lat' dir='ltr'><strong>elee-</strong></span> 
     </span>
    </p>
   </div>
   <div class='ocr_carea' id='block_1_101' title="bbox 1970 4189 3572 4262">
    <p class='ocr_par' dir='ltr' id='par_1_101' title="bbox 1970 4189 3572 4262">
     <span class='ocr_line' id='line_1_101' title="bbox 1970 4189 3572 4262; baseline 0.006 -25"><span class='ocrx_word' id='word_1_794' title='bbox 1970 4200 2248 4256; x_wconf 86' lang='lat' dir='ltr'><strong>mosynam</strong></span> <span class='ocrx_word' id='word_1_795' title='bbox 2283 4198 2453 4242; x_wconf 89' lang='lat' dir='ltr'><strong>artem</strong></span> <span class='ocrx_word' id='word_1_796' title='bbox 2503 4203 2623 4242; x_wconf 88' lang='lat' dir='ltr'><strong>esse</strong></span> <span class='ocrx_word' id='word_1_797' title='bbox 2665 4198 2720 4243; x_wconf 90' lang='lat' dir='ltr'><strong>et</strong></span> <span class='ocrx_word' id='word_1_798' title='bbox 2759 4189 3000 4244; x_wconf 90' lang='lat' dir='ltr'><strong>omnium</strong></span> <span class='ocrx_word' id='word_1_799' title='bbox 3043 4191 3240 4245; x_wconf 87' lang='lat' dir='ltr'><strong>artium</strong></span> <span class='ocrx_word' id='word_1_800' title='bbox 3291 4193 3572 4262; x_wconf 86' lang='lat' dir='ltr'><strong>optimam.</strong></span> 
     </span>
    </p>
   </div>
   <div class='ocr_carea' id='block_1_102' title="bbox 1971 4281 3572 4355">
    <p class='ocr_par' dir='ltr' id='par_1_102' title="bbox 1971 4281 3572 4355">
     <span class='ocr_line' id='line_1_102' title="bbox 1971 4281 3572 4355; baseline 0.005 -21"><span class='ocrx_word' id='word_1_801' title='bbox 1971 4281 2101 4334; x_wconf 79' lang='lat' dir='ltr'><strong>Nam</strong></span> <span class='ocrx_word' id='word_1_802' title='bbox 2129 4281 2172 4334; x_wconf 87' lang='lat' dir='ltr'><strong>si</strong></span> <span class='ocrx_word' id='word_1_803' title='bbox 2201 4281 2334 4335; x_wconf 87' lang='lat' dir='ltr'><strong>artis</strong></span> <span class='ocrx_word' id='word_1_804' title='bbox 2373 4291 2456 4335; x_wconf 90' lang='lat' dir='ltr'><strong>est</strong></span> <span class='ocrx_word' id='word_1_805' title='bbox 2497 4283 2772 4351; x_wconf 90' lang='lat' dir='ltr'><strong>proprium</strong></span> <span class='ocrx_word' id='word_1_806' title='bbox 2817 4282 2871 4337; x_wconf 91' lang='lat' dir='ltr'><strong>io</strong></span> <span class='ocrx_word' id='word_1_807' title='bbox 2901 4283 3105 4355; x_wconf 89' lang='lat' dir='ltr'><strong>aliquid</strong></span> <span class='ocrx_word' id='word_1_808' title='bbox 3138 4285 3270 4340; x_wconf 90' lang='lat' dir='ltr'><strong>utile</strong></span> <span class='ocrx_word' id='word_1_809' title='bbox 3298 4285 3572 4353; x_wconf 87' lang='lat' dir='ltr'><strong>desinere,</strong></span> 
     </span>
    </p>
   </div>
   <div class='ocr_carea' id='block_1_103' title="bbox 1971 4373 3574 4445">
    <p class='ocr_par' dir='ltr' id='par_1_103' title="bbox 1971 4373 3574 4445">
     <span class='ocr_line' id='line_1_103' title="bbox 1971 4373 3574 4445; baseline 0.004 -20"><span class='ocrx_word' id='word_1_810' title='bbox 1971 4374 2311 4442; x_wconf 76' lang='lat' dir='ltr'><strong>clccmo~yna</strong></span> <span class='ocrx_word' id='word_1_811' title='bbox 2342 4387 2467 4427; x_wconf 81' lang='lat' dir='ltr'><strong>vero</strong></span> <span class='ocrx_word' id='word_1_812' title='bbox 2495 4373 2624 4427; x_wconf 90' lang='lat' dir='ltr'><strong>nihil</strong></span> <span class='ocrx_word' id='word_1_813' title='bbox 2649 4382 2733 4428; x_wconf 89' lang='lat' dir='ltr'><strong>est</strong></span> <span class='ocrx_word' id='word_1_814' title='bbox 2761 4374 2962 4438; x_wconf 87' lang='lat' dir='ltr'><strong>utilius.</strong></span> <span class='ocrx_word' id='word_1_815' title='bbox 2990 4376 3158 4445; x_wconf 90' lang='lat' dir='ltr'><strong>liquet</strong></span> <span class='ocrx_word' id='word_1_816' title='bbox 3185 4391 3303 4432; x_wconf 89' lang='lat' dir='ltr'><strong>eam</strong></span> <span class='ocrx_word' id='word_1_817' title='bbox 3326 4387 3380 4432; x_wconf 89' lang='lat' dir='ltr'><strong>et</strong></span> <span class='ocrx_word' id='word_1_818' title='bbox 3403 4388 3574 4433; x_wconf 89' lang='lat' dir='ltr'><strong>artem</strong></span> 
     </span>
    </p>
   </div>
   <div class='ocr_carea' id='block_1_104' title="bbox 1971 4466 3572 4534">
    <p class='ocr_par' dir='ltr' id='par_1_104' title="bbox 1971 4466 3572 4534">
     <span class='ocr_line' id='line_1_104' title="bbox 1971 4466 3572 4534; baseline 0.006 -18"><span class='ocrx_word' id='word_1_819' title='bbox 1971 4477 2092 4516; x_wconf 89' lang='lat' dir='ltr'><strong>esse</strong></span> <span class='ocrx_word' id='word_1_820' title='bbox 2123 4473 2176 4515; x_wconf 87' lang='lat' dir='ltr'><strong>et</strong></span> <span class='ocrx_word' id='word_1_821' title='bbox 2205 4466 2444 4517; x_wconf 88' lang='lat' dir='ltr'><strong>omnium</strong></span> <span class='ocrx_word' id='word_1_822' title='bbox 2483 4467 2678 4519; x_wconf 90' lang='lat' dir='ltr'><strong>artium</strong></span> <span class='ocrx_word' id='word_1_823' title='bbox 2728 4468 3250 4534; x_wconf 73' lang='lat' dir='ltr'><strong>przcstantissimam.</strong></span> <span class='ocrx_word' id='word_1_824' title='bbox 3281 4467 3395 4523; x_wconf 86' lang='lat' dir='ltr'><strong>Non</strong></span> <span class='ocrx_word' id='word_1_825' title='bbox 3427 4473 3572 4526; x_wconf 87' lang='lat' dir='ltr'><strong>enim</strong></span> 
     </span>
    </p>
   </div>
   <div class='ocr_carea' id='block_1_105' title="bbox 1973 4555 3574 4627">
    <p class='ocr_par' dir='ltr' id='par_1_105' title="bbox 1973 4555 3574 4627">
     <span class='ocr_line' id='line_1_105' title="bbox 1973 4555 3574 4627; baseline 0.007 -20"><span class='ocrx_word' id='word_1_826' title='bbox 1973 4555 2061 4609; x_wconf 87' lang='lat' dir='ltr'><strong>illa</strong></span> <span class='ocrx_word' id='word_1_827' title='bbox 2102 4555 2257 4609; x_wconf 92' lang='lat' dir='ltr'><strong>nobis</strong></span> <span class='ocrx_word' id='word_1_828' title='bbox 2300 4557 2510 4612; x_wconf 84' lang='lat' dir='ltr'><strong>calceos</strong></span> <span class='ocrx_word' id='word_1_829' title='bbox 2542 4567 2732 4627; x_wconf 90' lang='lat' dir='ltr'><strong>parat,</strong></span> <span class='ocrx_word' id='word_1_830' title='bbox 2768 4575 2874 4613; x_wconf 91' lang='lat' dir='ltr'><strong>non</strong></span> <span class='ocrx_word' id='word_1_831' title='bbox 2915 4561 3235 4616; x_wconf 87' lang='lat' dir='ltr'><strong>vestimenta</strong></span> <span class='ocrx_word' id='word_1_832' title='bbox 3280 4561 3434 4626; x_wconf 80' lang='lat' dir='ltr'><strong>texit,</strong></span> <span class='ocrx_word' id='word_1_833' title='bbox 3467 4579 3574 4619; x_wconf 90' lang='lat' dir='ltr'><strong>non</strong></span> 
     </span>
    </p>
   </div>
   <div class='ocr_carea' id='block_1_106' title="bbox 1974 4645 3570 4723">
    <p class='ocr_par' dir='ltr' id='par_1_106' title="bbox 1974 4645 3570 4723">
     <span class='ocr_line' id='line_1_106' title="bbox 1974 4645 3570 4723; baseline 0.008 -24"><span class='ocrx_word' id='word_1_834' title='bbox 1974 4645 2145 4701; x_wconf 87' lang='lat' dir='ltr'><strong>luteas</strong></span> <span class='ocrx_word' id='word_1_835' title='bbox 2175 4647 2364 4701; x_wconf 77' lang='lat' dir='ltr'><strong>(IOIIIOS</strong></span> <span class='ocrx_word' id='word_1_836' title='bbox 2385 4650 2684 4710; x_wconf 85' lang='lat' dir='ltr'><strong>construit;</strong></span> <span class='ocrx_word' id='word_1_837' title='bbox 2719 4650 2811 4705; x_wconf 88' lang='lat' dir='ltr'><strong>sed</strong></span> <span class='ocrx_word' id='word_1_838' title='bbox 2844 4653 3007 4707; x_wconf 84' lang='lat' dir='ltr'><strong>vitam</strong></span> <span class='ocrx_word' id='word_1_839' title='bbox 3040 4653 3423 4723; x_wconf 89' lang='lat' dir='ltr'><strong>sempiternam</strong></span> <span class='ocrx_word' id='word_1_840' title='bbox 3451 4669 3570 4710; x_wconf 61' lang='lat' dir='ltr'><strong>con.</strong></span> 
     </span>
    </p>
   </div>
   <div class='ocr_carea' id='block_1_107' title="bbox 1973 4740 3580 4817">
    <p class='ocr_par' dir='ltr' id='par_1_107' title="bbox 1973 4740 3580 4817">
     <span class='ocr_line' id='line_1_107' title="bbox 1973 4740 3580 4817; baseline 0.006 -22"><span class='ocrx_word' id='word_1_841' title='bbox 1973 4740 2163 4806; x_wconf 90' lang='lat' dir='ltr'><strong>ciliat,</strong></span> <span class='ocrx_word' id='word_1_842' title='bbox 2198 4751 2358 4811; x_wconf 88' lang='lat' dir='ltr'><strong>atque</strong></span> <span class='ocrx_word' id='word_1_843' title='bbox 2401 4759 2464 4796; x_wconf 75' lang='lat' dir='ltr'><strong>ex</strong></span> <span class='ocrx_word' id='word_1_844' title='bbox 2521 4743 2710 4798; x_wconf 88' lang='lat' dir='ltr'><strong>mortis</strong></span> <span class='ocrx_word' id='word_1_845' title='bbox 2767 4745 3014 4801; x_wconf 87' lang='lat' dir='ltr'><strong>manibus</strong></span> <span class='ocrx_word' id='word_1_846' title='bbox 3065 4763 3168 4802; x_wconf 91' lang='lat' dir='ltr'><strong>nos</strong></span> <span class='ocrx_word' id='word_1_847' title='bbox 3217 4747 3409 4817; x_wconf 88' lang='lat' dir='ltr'><strong>eripit,</strong></span> <span class='ocrx_word' id='word_1_848' title='bbox 3445 4748 3580 4804; x_wconf 88' lang='lat' dir='ltr'><strong>etin</strong></span> 
     </span>
    </p>
   </div>
   <div class='ocr_carea' id='block_1_108' title="bbox 1976 4834 3576 4905">
    <p class='ocr_par' dir='ltr' id='par_1_108' title="bbox 1976 4834 3576 4905">
     <span class='ocr_line' id='line_1_108' title="bbox 1976 4834 3576 4905; baseline 0.006 -19"><span class='ocrx_word' id='word_1_849' title='bbox 1976 4841 2201 4903; x_wconf 89' lang='lat' dir='ltr'><strong>utraque</strong></span> <span class='ocrx_word' id='word_1_850' title='bbox 2228 4835 2335 4888; x_wconf 83' lang='lat' dir='ltr'><strong>vita</strong></span> <span class='ocrx_word' id='word_1_851' title='bbox 2365 4834 2674 4905; x_wconf 88' lang='lat' dir='ltr'><strong>splendidos</strong></span> <span class='ocrx_word' id='word_1_852' title='bbox 2698 4835 2891 4899; x_wconf 89' lang='lat' dir='ltr'><strong>reddit,</strong></span> <span class='ocrx_word' id='word_1_853' title='bbox 2914 4840 3220 4894; x_wconf 87' lang='lat' dir='ltr'><strong>mansiones</strong></span> <span class='ocrx_word' id='word_1_854' title='bbox 3244 4839 3398 4895; x_wconf 91' lang='lat' dir='ltr'><strong>nobis</strong></span> <span class='ocrx_word' id='word_1_855' title='bbox 3425 4841 3576 4895; x_wconf 63' lang='lat' dir='ltr'><strong>caele-</strong></span> 
     </span>
    </p>
   </div>
   <div class='ocr_carea' id='block_1_109' title="bbox 1977 4925 3578 4987">
    <p class='ocr_par' dir='ltr' id='par_1_109' title="bbox 1977 4925 3578 4987">
     <span class='ocr_line' id='line_1_109' title="bbox 1977 4925 3578 4987; baseline 0.002 -9"><span class='ocrx_word' id='word_1_856' title='bbox 1977 4933 2087 4979; x_wconf 89' lang='lat' dir='ltr'><strong>stes</strong></span> <span class='ocrx_word' id='word_1_857' title='bbox 2113 4925 2414 4980; x_wconf 76' lang='lat' dir='ltr'><strong>exzedificat</strong></span> <span class='ocrx_word' id='word_1_858' title='bbox 2457 4937 2512 4982; x_wconf 90' lang='lat' dir='ltr'><strong>et</strong></span> <span class='ocrx_word' id='word_1_859' title='bbox 2543 4927 2631 4981; x_wconf 89' lang='lat' dir='ltr'><strong>illa</strong></span> <span class='ocrx_word' id='word_1_860' title='bbox 2664 4938 2868 4983; x_wconf 79' lang='lat' dir='ltr'><strong>:rterua</strong></span> <span class='ocrx_word' id='word_1_861' title='bbox 2920 4930 3282 4986; x_wconf 84' lang='lat' dir='ltr'><strong>tabernacula.</strong></span> <span class='ocrx_word' id='word_1_862' title='bbox 3320 4932 3444 4987; x_wconf 60' lang='lat' dir='ltr'><strong>Haec</strong></span> <span class='ocrx_word' id='word_1_863' title='bbox 3477 4949 3578 4987; x_wconf 87' lang='lat' dir='ltr'><strong>non</strong></span> 
     </span>
    </p>
   </div>
   <div class='ocr_carea' id='block_1_110' title="bbox 1981 5017 3577 5089">
    <p class='ocr_par' dir='ltr' id='par_1_110' title="bbox 1981 5017 3577 5089">
     <span class='ocr_line' id='line_1_110' title="bbox 1981 5017 3577 5089; baseline 0.008 -21"><span class='ocrx_word' id='word_1_864' title='bbox 1981 5017 2116 5070; x_wconf 89' lang='lat' dir='ltr'><strong>sinit</strong></span> <span class='ocrx_word' id='word_1_865' title='bbox 2147 5017 2423 5085; x_wconf 88' lang='lat' dir='ltr'><strong>lampades</strong></span> <span class='ocrx_word' id='word_1_866' title='bbox 2475 5027 2691 5073; x_wconf 88' lang='lat' dir='ltr'><strong>nostras</strong></span> <span class='ocrx_word' id='word_1_867' title='bbox 2735 5021 3000 5089; x_wconf 66' lang='lat' dir='ltr'><strong>exstingui</strong></span> <span class='ocrx_word' id='word_1_868' title='bbox 3027 5063 3040 5086; x_wconf 93' lang='lat'><strong>,</strong></span> <span class='ocrx_word' id='word_1_869' title='bbox 3075 5038 3176 5076; x_wconf 89' lang='lat' dir='ltr'><strong>nec</strong></span> <span class='ocrx_word' id='word_1_870' title='bbox 3203 5039 3322 5077; x_wconf 88' lang='lat' dir='ltr'><strong>cum</strong></span> <span class='ocrx_word' id='word_1_871' title='bbox 3352 5024 3577 5081; x_wconf 70' lang='lat' dir='ltr'><strong>sordidis</strong></span> 
     </span>
    </p>
   </div>
   <div class='ocr_carea' id='block_1_111' title="bbox 1979 5109 3572 5178">
    <p class='ocr_par' dir='ltr' id='par_1_111' title="bbox 1979 5109 3572 5178">
     <span class='ocr_line' id='line_1_111' title="bbox 1979 5109 3572 5178; baseline 0.009 -20"><span class='ocrx_word' id='word_1_872' title='bbox 1979 5109 2220 5162; x_wconf 84' lang='lat' dir='ltr'><strong>vestibus</strong></span> <span class='ocrx_word' id='word_1_873' title='bbox 2269 5111 2469 5178; x_wconf 89' lang='lat' dir='ltr'><strong>nuptiis</strong></span> <span class='ocrx_word' id='word_1_874' title='bbox 2497 5110 2796 5174; x_wconf 87' lang='lat' dir='ltr'><strong>interesse;</strong></span> <span class='ocrx_word' id='word_1_875' title='bbox 2833 5112 2924 5166; x_wconf 89' lang='lat' dir='ltr'><strong>sed</strong></span> <span class='ocrx_word' id='word_1_876' title='bbox 2980 5114 3114 5168; x_wconf 84' lang='lat' dir='ltr'><strong>lavat</strong></span> <span class='ocrx_word' id='word_1_877' title='bbox 3161 5125 3216 5169; x_wconf 89' lang='lat' dir='ltr'><strong>et</strong></span> <span class='ocrx_word' id='word_1_878' title='bbox 3247 5116 3366 5170; x_wconf 85' lang='lat' dir='ltr'><strong>nive</strong></span> <span class='ocrx_word' id='word_1_879' title='bbox 3394 5118 3572 5172; x_wconf 88' lang='lat' dir='ltr'><strong>candi-</strong></span> 
     </span>
    </p>
   </div>
   <div class='ocr_carea' id='block_1_112' title="bbox 1978 5199 3572 5278">
    <p class='ocr_par' dir='ltr' id='par_1_112' title="bbox 1978 5199 3572 5278">
     <span class='ocr_line' id='line_1_112' title="bbox 1978 5199 3572 5278; baseline 0.007 -26"><span class='ocrx_word' id='word_1_880' title='bbox 1978 5199 2158 5253; x_wconf 90' lang='lat' dir='ltr'><strong>diores</strong></span> <span class='ocrx_word' id='word_1_881' title='bbox 2189 5200 2382 5255; x_wconf 90' lang='lat' dir='ltr'><strong>reddit.</strong></span> <span class='ocrx_word' id='word_1_882' title='bbox 2418 5202 2478 5256; x_wconf 67' lang='grc' dir='ltr'><strong>εἰ</strong></span> <span class='ocrx_word' id='word_1_883' title='bbox 2507 5204 2639 5256; x_wconf 84' lang='lat' dir='ltr'><strong>enim</strong></span> <span class='ocrx_word' id='word_1_884' title='bbox 2673 5205 2860 5273; x_wconf 77' lang='lat' dir='ltr'><strong>fuerint</strong></span> <span class='ocrx_word' id='word_1_885' title='bbox 2890 5215 3096 5271; x_wconf 85' lang='lat' dir='ltr'><strong>peccata</strong></span> <span class='ocrx_word' id='word_1_886' title='bbox 3127 5217 3291 5260; x_wconf 81' lang='lat' dir='ltr'><strong>vestra</strong></span> <span class='ocrx_word' id='word_1_887' title='bbox 3321 5209 3464 5275; x_wconf 82' lang='lat' dir='ltr'><strong>quasi</strong></span> <span class='ocrx_word' id='word_1_888' title='bbox 3489 5227 3572 5278; x_wconf 25' lang='lat' dir='ltr'><strong>pur</strong></span> 
     </span>
    </p>
   </div>
   <div class='ocr_carea' id='block_1_113' title="bbox 1981 5293 3560 5366">
    <p class='ocr_par' dir='ltr' id='par_1_113' title="bbox 1981 5293 3560 5366">
     <span class='ocr_line' id='line_1_113' title="bbox 1981 5293 3560 5366; baseline 0.004 -22"><span class='ocrx_word' id='word_1_889' title='bbox 1981 5293 2198 5355; x_wconf 84' lang='lat' dir='ltr'><strong>nicenm,</strong></span> <span class='ocrx_word' id='word_1_890' title='bbox 2220 5294 2364 5360; x_wconf 82' lang='lat' dir='ltr'><strong>quasi</strong></span> <span class='ocrx_word' id='word_1_891' title='bbox 2395 5294 2555 5347; x_wconf 81' lang='lat' dir='ltr'><strong>nivem</strong></span> <span class='ocrx_word' id='word_1_892' title='bbox 2579 5293 2824 5349; x_wconf 80' lang='lat' dir='ltr'><strong>dealbabo</strong></span> <span class='ocrx_word' id='word_1_893' title='bbox 2855 5296 2872 5366; x_wconf 91' lang='lat'>(</span> <span class='ocrx_word' id='word_1_894' title='bbox 2910 5295 3037 5348; x_wconf 82' lang='lat' dir='ltr'><strong>lsai.</strong></span> <span class='ocrx_word' id='word_1_895' title='bbox 3069 5298 3119 5350; x_wconf 80' lang='grc'><strong>1.</strong></span> <span class='ocrx_word' id='word_1_896' title='bbox 3146 5297 3214 5351; x_wconf 82' lang='grc'><strong>18</strong></span> <span class='ocrx_word' id='word_1_897' title='bbox 3245 5298 3281 5364; x_wconf 90' lang='grc'><strong>).</strong></span> <span class='ocrx_word' id='word_1_898' title='bbox 3314 5297 3428 5351; x_wconf 84' lang='lat' dir='ltr'><strong>Non</strong></span> <span class='ocrx_word' id='word_1_899' title='bbox 3461 5299 3560 5355; x_wconf 85' lang='lat' dir='ltr'><strong>sini</strong></span> 
     </span>
    </p>
   </div>
   <div class='ocr_carea' id='block_1_114' title="bbox 1983 5385 3585 5458">
    <p class='ocr_par' dir='ltr' id='par_1_114' title="bbox 1983 5385 3585 5458">
     <span class='ocr_line' id='line_1_114' title="bbox 1983 5385 3585 5458; baseline 0.006 -22"><span class='ocrx_word' id='word_1_900' title='bbox 1983 5399 2079 5436; x_wconf 91' lang='lat' dir='ltr'><strong>nos</strong></span> <span class='ocrx_word' id='word_1_901' title='bbox 2113 5385 2204 5438; x_wconf 93' lang='lat' dir='ltr'><strong>illo</strong></span> <span class='ocrx_word' id='word_1_902' title='bbox 2232 5385 2502 5447; x_wconf 86' lang='lat' dir='ltr'><strong>incidere,</strong></span> <span class='ocrx_word' id='word_1_903' title='bbox 2534 5400 2642 5456; x_wconf 90' lang='lat' dir='ltr'><strong>quo</strong></span> <span class='ocrx_word' id='word_1_904' title='bbox 2685 5385 2835 5440; x_wconf 87' lang='lat' dir='ltr'><strong>dives</strong></span> <span class='ocrx_word' id='word_1_905' title='bbox 2865 5386 2955 5440; x_wconf 90' lang='lat' dir='ltr'><strong>ille</strong></span> <span class='ocrx_word' id='word_1_906' title='bbox 2983 5429 2998 5454; x_wconf 92' lang='lat'><strong>,</strong></span> <span class='ocrx_word' id='word_1_907' title='bbox 3031 5404 3205 5458; x_wconf 90' lang='lat' dir='ltr'><strong>neque</strong></span> <span class='ocrx_word' id='word_1_908' title='bbox 3252 5389 3438 5442; x_wconf 86' lang='lat' dir='ltr'><strong>audire</strong></span> <span class='ocrx_word' id='word_1_909' title='bbox 3483 5401 3585 5445; x_wconf 91' lang='lat' dir='ltr'><strong>tre-</strong></span> 
     </span>
    </p>
   </div>
   <div class='ocr_carea' id='block_1_115' title="bbox 1982 5459 3584 5551">
    <p class='ocr_par' dir='ltr' id='par_1_115' title="bbox 1982 5459 3584 5551">
     <span class='ocr_line' id='line_1_115' title="bbox 1982 5459 3584 5551; baseline 0.004 -22"><span class='ocrx_word' id='word_1_910' title='bbox 1982 5477 2204 5531; x_wconf 89' lang='lat' dir='ltr'><strong>mendas</strong></span> <span class='ocrx_word' id='word_1_911' title='bbox 2235 5494 2395 5532; x_wconf 82' lang='lat' dir='ltr'><strong>voces</strong></span> <span class='ocrx_word' id='word_1_912' title='bbox 2421 5496 2434 5542; x_wconf 90' lang='lat'><strong>;</strong></span> <span class='ocrx_word' id='word_1_913' title='bbox 2468 5479 2561 5533; x_wconf 90' lang='lat' dir='ltr'><strong>sed</strong></span> <span class='ocrx_word' id='word_1_914' title='bbox 2592 5479 2810 5534; x_wconf 87' lang='lat' dir='ltr'><strong>deducit</strong></span> <span class='ocrx_word' id='word_1_915' title='bbox 2846 5481 2896 5533; x_wconf 90' lang='lat' dir='ltr'><strong>in</strong></span> <span class='ocrx_word' id='word_1_916' title='bbox 2923 5459 3109 5535; x_wconf 42' lang='lat' dir='ltr'><strong>&#39;sinum</strong></span> <span class='ocrx_word' id='word_1_917' title='bbox 3145 5481 3376 5536; x_wconf 70' lang='lat' dir='ltr'><strong>Alit-alue</strong></span> <span class='ocrx_word' id='word_1_918' title='bbox 3407 5482 3424 5551; x_wconf 94' lang='lat'><strong>(</strong></span> <span class='ocrx_word' id='word_1_919' title='bbox 3460 5482 3584 5536; x_wconf 79' lang='lat' dir='ltr'><strong>Luc.</strong></span> 
     </span>
    </p>
   </div>
   <div class='ocr_carea' id='block_1_116' title="bbox 1986 5572 3586 5644">
    <p class='ocr_par' dir='ltr' id='par_1_116' title="bbox 1986 5572 3586 5644">
     <span class='ocr_line' id='line_1_116' title="bbox 1986 5572 3586 5644; baseline 0.002 -19"><span class='ocrx_word' id='word_1_920' title='bbox 1986 5572 2052 5626; x_wconf 75' lang='lat' dir='ltr'><strong>i6</strong></span> <span class='ocrx_word' id='word_1_921' title='bbox 2083 5573 2123 5640; x_wconf 96' lang='lat'><strong>).</strong></span> <span class='ocrx_word' id='word_1_922' title='bbox 2153 5573 2310 5626; x_wconf 83' lang='lat' dir='ltr'><strong>Certe</strong></span> <span class='ocrx_word' id='word_1_923' title='bbox 2340 5585 2484 5628; x_wconf 80' lang='lat' dir='ltr'><strong>artes</strong></span> <span class='ocrx_word' id='word_1_924' title='bbox 2521 5575 2812 5628; x_wconf 68' lang='lat' dir='ltr'><strong>saeculares</strong></span> <span class='ocrx_word' id='word_1_925' title='bbox 2855 5575 3081 5644; x_wconf 71' lang='lat' dir='ltr'><strong>singula:</strong></span> <span class='ocrx_word' id='word_1_926' title='bbox 3111 5592 3267 5628; x_wconf 84' lang='lat' dir='ltr'><strong>suum</strong></span> <span class='ocrx_word' id='word_1_927' title='bbox 3300 5574 3498 5630; x_wconf 85' lang='lat' dir='ltr'><strong>habent</strong></span> <span class='ocrx_word' id='word_1_928' title='bbox 3528 5579 3586 5628; x_wconf 87' lang='lat' dir='ltr'><strong>li-</strong></span> 
     </span>
    </p>
   </div>
   <div class='ocr_carea' id='block_1_117' title="bbox 1987 5666 3588 5734">
    <p class='ocr_par' dir='ltr' id='par_1_117' title="bbox 1987 5666 3588 5734">
     <span class='ocr_line' id='line_1_117' title="bbox 1987 5666 3588 5734; baseline 0.005 -20"><span class='ocrx_word' id='word_1_929' title='bbox 1987 5679 2107 5718; x_wconf 88' lang='lat' dir='ltr'><strong>nem</strong></span> <span class='ocrx_word' id='word_1_930' title='bbox 2140 5683 2149 5716; x_wconf 95' lang='lat'>:</span> <span class='ocrx_word' id='word_1_931' title='bbox 2181 5666 2520 5733; x_wconf 71' lang='lat' dir='ltr'><strong>agriculturze</strong></span> <span class='ocrx_word' id='word_1_932' title='bbox 2552 5679 2632 5720; x_wconf 70' lang='grc' dir='ltr'><strong>ρει</strong></span> <span class='ocrx_word' id='word_1_933' title='bbox 2669 5667 2892 5732; x_wconf 87' lang='lat' dir='ltr'><strong>nutrire,</strong></span> <span class='ocrx_word' id='word_1_934' title='bbox 2922 5668 3166 5722; x_wconf 67' lang='lat' dir='ltr'><strong>lCXlOl‘liD</strong></span> <span class='ocrx_word' id='word_1_935' title='bbox 3188 5669 3340 5734; x_wconf 86' lang='lat' dir='ltr'><strong>artis,</strong></span> <span class='ocrx_word' id='word_1_936' title='bbox 3366 5667 3588 5728; x_wconf 80' lang='lat' dir='ltr'><strong>vestire;</strong></span> 
     </span>
    </p>
   </div>
   <div class='ocr_carea' id='block_1_118' title="bbox 2053 5848 2827 5912">
    <p class='ocr_par' dir='ltr' id='par_1_118' title="bbox 2053 5848 2827 5912">
     <span class='ocr_line' id='line_1_118' title="bbox 2053 5848 2827 5912; baseline -0.006 -15"><span class='ocrx_word' id='word_1_937' title='bbox 2053 5849 2068 5880; x_wconf 87' lang='grc'><strong>¹</strong></span> <span class='ocrx_word' id='word_1_938' title='bbox 2097 5851 2213 5897; x_wconf 77' lang='lat' dir='ltr'><strong>Ain.</strong></span> <span class='ocrx_word' id='word_1_939' title='bbox 2235 5850 2316 5912; x_wconf 83' lang='lat' dir='ltr'><strong>qui</strong></span> <span class='ocrx_word' id='word_1_940' title='bbox 2340 5848 2581 5908; x_wconf 53' lang='lat' dir='ltr'><strong>oper/iiut</strong></span> <span class='ocrx_word' id='word_1_941' title='bbox 2609 5852 2827 5896; x_wconf 68' lang='lat' dir='ltr'><strong>retinent.</strong></span> 
     </span>
    </p>
   </div>
  </div>
