4170 6482
492 319 664 375 ’ίῗῖἷ

562 434 669 487 imo
694 446 761 486 ne
792 428 1003 503 quidem
1045 424 1352 499 1ιθυΙιιςοω
1384 430 1557 493 potest
1603 439 1615 475 :
1660 432 1832 490 neque
1857 416 2000 473 enim
2026 414 2140 469 sola

564 521 760 577 suiﬁcit
788 519 855 575 ad
893 533 986 572 sua
1021 517 1174 570 nobis
1198 513 1613 585 suppeditanda.

632 614 685 667 4.
717 613 861 665 Artes
886 608 1100 681 singulm
1140 608 1256 661 aliis
1300 605 1491 659 artibus
1531 619 1657 673 opus
1687 600 1884 654 habent.
1915 598 2145 653 Eleemo-

568 720 709 775 sync
730 701 1095 773 praérogatirc.
1123 729 1193 740 -—
1218 696 1270 754 Si
1296 698 1374 752 vis
1393 704 1590 756 autem,
1609 691 1982 762 agriculturam
1998 688 2143 758 prius

564 796 927 863 exploremus.
969 790 1081 846 Nisi
1132 789 1274 843 cnim
1305 789 1393 842 illa
1433 784 1703 841 ferrariam
1740 791 1909 838 artem
1946 780 2142 835 sociam

566 885 780 951 habeat,
807 898 925 954 qua:
952 882 1180 952 ligonem
1202 922 1217 947 ,
1259 894 1551 942 vomerem,
1593 875 1779 931 falcem
1808 884 1863 928 et
1904 872 2138 928 securim

562 977 776 1049 aliaque
805 975 965 1031 multa
992 974 1313 1045 suppeditet,
1340 972 1571 1037 itemque
1599 966 1864 1026 fabrilem.
1884 981 2001 1035 qua:
2025 978 2145 1018 ara-

566 1082 728 1134 trum,
750 1070 934 1141 jugum
959 1076 1013 1123 et
1054 1066 1348 1137 plaustrum
1379 1070 1649 1121 construat
1677 1059 1744 1114 ad
1770 1060 1944 1129 spicas
1971 1067 2145 1111 teren-

564 1164 697 1228 das;
728 1171 783 1217 et
806 1160 1119 1224 coriariam,
1147 1172 1266 1227 qua:
1309 1154 1605 1224 eorrigias;
1639 1148 2102 1235 architectonicam
2124 1188 2139 1212 ,

565 1271 681 1326 qua:
710 1253 984 1309 arantihus
1004 1249 1174 1306 bobus
1194 1247 1479 1311 stabulum,
1505 1242 1751 1314 agricolis
1769 1255 1949 1297 casam
1980 1238 2141 1342 fabri,

567 1359 687 1412 cet;
718 1354 775 1400 et
814 1337 1093 1414 lignariam
1114 1382 1130 1407 ,
1155 1354 1275 1410 quae
1316 1338 1456 1409 ligna
1476 1345 1656 1399 secet;
1688 1348 1749 1388 ac
1776 1341 2031 1403 praeterea
2059 1337 2142 1399 pi-

571 1440 816 1504 storiam,
845 1451 962 1508 qua:
1007 1447 1195 1506 panem
1218 1429 1585 1488 subministrat
1618 1444 1631 1480 :
1663 1435 1805 1481 stare
1829 1425 2009 1494 nequit
2028 1437 2144 1478 om-

569 1531 716 1586 uiuo.
746 1530 837 1585 Sic
860 1527 1021 1583 etiam
1050 1541 1137 1581 ars
1159 1522 1403 1587 textoria,
1430 1521 1474 1574 si
1496 1518 1620 1590 quid
1649 1516 1825 1581 faciat,
1843 1515 2036 1569 multas
2051 1514 2146 1567 ad-

571 1631 724 1678 vocat
749 1629 914 1684 artes,
943 1632 1063 1687 quas
1103 1629 1261 1686 opem
1288 1614 1494 1674 ferant;
1522 1625 1640 1680 qua:
1665 1609 1708 1664 si
1738 1622 1841 1662 non
1867 1605 2140 1670 accedant,

572 1720 679 1766 stat
702 1713 787 1766 illa
819 1690 1039 1766 inutilis.
1084 1705 1176 1762 Sic
1216 1702 1438 1775 singulm
1467 1710 1610 1755 artes
1634 1700 1845 1754 caeteris
1880 1704 2057 1767 egent.
2085 1694 2143 1751 Si

574 1820 701 1859 vero
744 1780 1162 1857 misericordiam
1193 1810 1448 1852 exercere
1476 1792 1737 1857 velimus,
1782 1804 1885 1843 una
1928 1802 2143 1859 egemus

570 1899 862 1953 voluntate.
885 1894 940 1951 Si
967 1891 1166 1948 dixeris
1196 1888 1432 1958 pecuniis
1460 1901 1581 1941 esse
1620 1898 1774 1953 opus,
1803 1881 2022 1944 :rdihus,
2053 1895 2144 1933 vc-

575 1990 764 2047 stihus.
788 1986 983 2041 calceis
1007 2026 1020 2046 .
1055 1983 1170 2053 lege
1199 1982 1283 2034 illa
1313 1978 1506 2055 Christi
1543 1974 1723 2038 verba,
1753 1989 1872 2042 qua:
1897 1972 1962 2026 de
1990 1971 2142 2024 vidua

570 2082 703 2136 dixit
729 2078 748 2150 (
773 2077 897 2130 Luc.
921 2075 1011 2130 ει.
1042 2074 1075 2129 5
1102 2074 1119 2141 )
1144 2113 1157 2135 .
1194 2081 1249 2127 et
1293 2072 1429 2123 hanc
1475 2065 1885 2122 soltiritudinem
1913 2062 2141 2131 depone.

573 2172 630 2228 Si
655 2169 938 2224 admodum
972 2180 1173 2237 panper
1216 2164 1323 2226 sis,
1354 2169 1409 2216 et
1436 2157 1695 2214 mendicis
1722 2157 1851 2227 ipsis
1883 2154 2067 2217 vilior,
2099 2153 2142 2206 si

591 2263 695 2317 dua
723 2262 930 2315 minuta
957 2255 1229 2325 injeceris,
1270 2259 1440 2303 totum
1474 2241 1778 2313 perfecisti;
1822 2242 1868 2297 si
1894 2241 1990 2295 des
2034 2254 2141 2292 ma-

596 2368 713 2407 sam
742 2366 915 2420 quam,
931 2347 1108 2404 solum
1142 2343 1335 2406 habes,
1373 2338 1441 2394 ad
1470 2336 1604 2393 artis
1631 2334 1791 2390 ﬁnem
1828 2329 2137 2403 pervenisti.

573 2438 719 2491 lianc
760 2436 934 2501 itaque
960 2428 1296 2500 disciplinam
1325 2471 1339 2495 ,
1370 2429 1508 2484 hanc
1551 2438 1716 2482 artem
1745 2427 2068 2497 accipiamus
2094 2433 2149 2482 et

572 2526 905 2595 impleamus.
937 2522 1231 2593 Optabilius
1255 2522 1448 2593 quippe
1468 2526 1551 2575 est
1579 2519 1718 2573 illum
1751 2517 1965 2579 habere.
1989 2532 2147 2587 quam

573 2631 749 2689 regem
794 2630 913 2671 esse
934 2655 948 2680 .
979 2622 1033 2669 et
1076 2612 1373 2667 diademate
1411 2610 1609 2665 ornari.
1637 2608 1818 2679 Neque
1843 2613 1983 2664 enim
2014 2608 2149 2667 hanc

574 2709 746 2763 solum
779 2705 1181 2777 praerogativam
1212 2702 1393 2766 habet,
1419 2701 1558 2771 quod
1587 2701 1797 2755 caateris
1826 2715 1930 2754 non
1962 2710 2147 2769 egeat,

575 2800 668 2856 sed
691 2798 830 2868 quod
858 2797 1027 2862 etiam,
1046 2794 1211 2849 multa
1240 2802 1292 2848 et
1311 2793 1454 2847 varia
1480 2792 1688 2860 negotia
1716 2790 1976 2861 perﬁciat.
2008 2789 2137 2844 Nam

574 2893 719 2948 ardes
743 2889 1005 2945 construit
1050 2887 1101 2941 in
1130 2884 1277 2941 ca-lis
1305 2898 1519 2953 semper
1545 2891 1822 2938 manentes
1850 2923 1863 2947 ,
1889 2882 2151 2952 docetque

572 2982 805 3036 cultores
848 2992 977 3034 suos
1002 2975 1271 3047 quomodo
1296 2985 1549 3029 :rternam
1584 2985 1807 3029 mortem
1854 2974 2104 3046 t-ﬁ‘ngiant
2131 3016 2146 3041 ,

573 3062 955 3141 thesaurosque
979 3060 1073 3125 tibi
1112 3068 1224 3135 dat,
1250 3068 1339 3137 qui
1370 3082 1656 3138 numquam
1692 3068 2047 3132 insumuntur,
2097 3079 2150 3123 et

576 3152 753 3221 damni
778 3171 1031 3234 expertes
1057 3169 1221 3226 sunt,
1259 3174 1358 3215 nec
1402 3159 1598 3225 furum,
1628 3174 1724 3215 nec
1746 3161 2152 3224 vermiuanec

574 3258 855 3317 tinearum,
872 3267 971 3308 nec
996 3250 1251 3322 temporis
1278 3249 1450 3304 labem
1479 3249 1746 3306 timentes.
1772 3251 1926 3319 Atqui
1948 3250 1992 3303 si
2010 3250 2151 3304 circa

576 3346 824 3403 frumenti
856 3342 1149 3399 custodiam
1179 3342 1336 3397 talem
1384 3342 1476 3396 tibi
1522 3340 1642 3422 quis
1687 3349 1859 3396 artem
1903 3340 2148 3405 doceret,

577 3441 702 3512 quid
735 3453 839 3493 non
867 3438 1024 3492 dares
1050 3444 1108 3491 ut
1145 3448 1331 3506 posses
1358 3433 1536 3487 multis
1555 3432 1708 3487 annis
1742 3432 2063 3488 frumentum
2086 3434 2152 3488 il-

579 3532 762 3587 lzrsum
793 3541 1005 3583 servare
1026 3527 1052 3580 Ἰ
1090 3526 1227 3582 Ecce
1247 3525 1384 3580 hanc
1411 3524 1503 3579 tibi
1532 3538 1636 3579 non
1658 3523 1907 3579 frumenti
1926 3534 2149 3591 tantum,

577 3622 672 3679 sed
690 3621 924 3675 omnium
952 3616 1246 3672 custodiam
1266 3614 1584 3686 suppeditat,
1602 3615 1863 3685 docetque
1887 3616 2154 3685 quomodo

578 3726 632 3770 et
661 3716 820 3777 bona,
852 3710 907 3766 et
931 3710 1105 3770 anima
1132 3718 1186 3763 et
1214 3702 1410 3778 corpus
1441 3706 1606 3762 illzesa
1638 3723 1853 3778 semper
1882 3717 2150 3763 maneant.

582 3809 645 3862 Et
671 3817 766 3860 cur
804 3804 933 3858 artis
964 3801 1184 3872 hujusce
1213 3786 1377 3870 dpera
1417 3802 1715 3856 minutatim
1740 3803 2155 3873 persequamur?

582 3899 670 3954 Illa
699 3898 893 3968 quippe
942 3904 993 3949 te
1018 3892 1176 3948 docet
1217 3906 1324 3962 quo
1352 3901 1503 3959 pacto
1534 3891 1642 3947 Deo
1669 3888 1859 3946 similis
1887 3907 2006 3947 esse
2033 3908 2156 3963 pos.

576 3993 670 4055 sis,
697 3988 835 4059 quod
857 3996 1014 4056 caput
1033 3993 1115 4039 est
1131 3983 1368 4039 omnium
1394 3982 1684 4051 bonorum.
1712 3982 1897 4038 Viden’
1921 3998 2026 4053 quo
2056 3998 2152 4052 pa—

577 4090 663 4136 cto
695 4096 796 4134 non
824 4090 988 4131 unum
1014 4074 1132 4145 ejus
1158 4088 1290 4145 opus
1320 4075 1389 4129 sit
1408 4114 1425 4139 ,
1461 4074 1556 4128 sed
1596 4073 1860 4142 plurima?
1894 4076 2021 4131 Sine
2050 4075 2155 4131 ulla

579 4172 797 4228 alterius
826 4170 956 4223 artis
992 4182 1095 4239 ope
1121 4164 1309 4222 domos
1346 4163 1609 4221 consuuit
1633 4207 1648 4229 ,
1681 4175 1855 4222 vestes
1896 4169 2152 4236 contexit,

592 4263 871 4318 thesaurOs
895 4265 1119 4329 apparat
1145 4265 1305 4322 tutos,
1330 4257 1516 4311 mortis
1544 4257 1775 4313 victores
1804 4257 1976 4314 reddit
2000 4302 2014 4326 ,
2043 4261 2157 4315 dia-

584 4356 707 4411 bolo
729 4354 972 4422 imperat,
1004 4350 1112 4405 Deo
1133 4348 1335 4403 similes
1357 4348 1532 4403 efﬁcit.
1553 4346 1687 4416 Quid
1706 4363 1835 4419 ergo
1856 4352 2031 4405 utilius
2059 4353 2156 4407 hac

592 4458 707 4503 arte
730 4447 752 4500 ?
781 4445 910 4499 Alia:
941 4455 1169 4511 namque
1197 4448 1339 4495 artes
1362 4483 1377 4507 ,
1399 4448 1592 4509 prater
1610 4456 1670 4497 ea
1691 4456 1809 4511 qua:
1829 4440 1966 4496 dicta
1992 4452 2115 4497 sunt
2136 4486 2151 4509 ,

583 4555 702 4595 cum
751 4532 997 4606 presenti
1039 4534 1144 4587 vita
1193 4540 1542 4603 praetereunt,
1575 4547 1693 4585 cum
1721 4531 1953 4588 artiﬁces
1981 4549 2153 4604 aegro—

587 4639 722 4694 tant,
743 4629 846 4681 illae
875 4616 1106 4691 cessant,
1130 4638 1293 4693 opera
1323 4638 1533 4693 quoque
1570 4639 1751 4679 eorum
1798 4640 1905 4680 non
1951 4642 2160 4697 perma-

589 4732 737 4785 nent,
776 4720 955 4774 Iabore
983 4728 1037 4773 et
1068 4728 1307 4786 tempore
1344 4717 1507 4770 multo
1542 4726 1717 4789 egent,
1750 4719 1975 4791 aliisque
2000 4722 2158 4777 innu-

592 4816 787 4871 meris:
822 4814 938 4869 haec
966 4827 1094 4866 vero
1116 4821 1236 4879 post
1281 4812 1466 4866 mundi
1508 4812 1666 4867 tinem
1698 4816 1932 4869 maxime
1973 4814 2156 4887 fulget,

588 4918 707 4979 post
734 4914 957 4961 mortem
984 4903 1212 4957 maxime
1234 4902 1492 4973 splendet,
1510 4913 1563 4959 et
1592 4920 1750 4975 opera
1780 4919 1871 4960 sua
1892 4908 2156 4976 ostendit,

587 5012 758 5068 neque
806 5007 1047 5064 tempore
1076 4994 1159 5048 vel
1188 4994 1368 5049 labore
1408 4997 1576 5065 eget‘,
1606 5011 1775 5066 neque
1799 4999 1898 5052 alia
1939 5014 1999 5055 re
2027 5016 2159 5070 qua-

593 5094 732 5164 piam
760 5107 775 5155 ;
804 5088 896 5144 sed
924 5130 938 5155 ,
978 5098 1029 5143 te
1067 5102 1277 5157 quoque
1320 5096 1606 5159 a'grotante
1634 5098 1689 5143 et
1715 5092 1863 5146 senio
1882 5092 2125 5147 ceiifecto
2144 5138 2159 5161 ,

588 5195 859 5258 operatur,
881 5197 942 5237 ac
958 5190 1131 5237 tecum
1154 5182 1205 5235 in
1228 5181 1450 5238 futuram
1472 5181 1627 5236 vitam
1648 5183 1855 5249 transit,
1876 5201 2162 5256 numquam

594 5289 646 5332 te
689 5273 980 5343 relinquit;
1026 5284 1075 5327 te
1124 5272 1375 5340 sophistis
1405 5282 1459 5327 et
1496 5273 1794 5328 rhetoribus
1833 5276 2161 5344 superiorem

592 5367 782 5422 reddit.
819 5365 946 5419 Nam
974 5364 1063 5432 qui
1095 5364 1147 5416 in
1176 5364 1276 5417 iflis
1295 5363 1497 5417 artibus
1523 5363 1745 5430 ﬂorent,
1775 5366 1951 5420 multis
1973 5368 2164 5423 invidis

596 5458 788 5525 objecti
820 5468 945 5509 sunt
976 5473 987 5508 :
1020 5456 1108 5525 qui
1141 5464 1313 5507 autent
1351 5457 1399 5508 in
1434 5454 1531 5509 hac
1559 5457 1829 5524 conspicui
1854 5469 1995 5525 sunt,
2028 5462 2166 5516 mul-

592 5554 767 5601 torum
798 5544 1041 5613 precibus
1068 5542 1431 5612 jus'anturJlli
1459 5543 1670 5615 quidem
1698 5545 1969 5604 hominum
1999 5552 2165 5608 tribu-

658 5718 673 5748 ¹
711 5724 854 5775 t'nus,
880 5729 1027 5777 neque
1052 5716 1211 5765 labore
1237 5721 1353 5776 eget.

1291 310 1346 366 S.
1377 307 1653 365 JO.\N.\'IS
1689 298 2162 361 CIIRYSOSTUMI
2202 299 2516 357 AliClllEP.
2546 300 3079 360 CONSTANTINOP.

3725 306 3835 363 596

2251 414 2463 473 nalibus
2483 416 2715 481 adstant,
2748 417 3045 489 injuriaque
3067 418 3286 475 allectos
3316 418 3628 490 defendunt,
3646 433 3704 479 et
3731 438 3831 478 sae-

2249 518 2317 574 pe
2366 504 2614 575 injuriam
2662 506 3015 562 inferentibus
3054 516 3457 579 patrocinentur
3499 530 3513 567 :
3558 512 3672 568 ha-c
3706 528 3839 567 vero

2248 606 2373 653 ante
2398 599 2625 653 tribunal
2647 594 2844 655 Christi
2869 616 2929 656 se
2950 601 3111 661 sistit.
3134 617 3231 658 nec
3250 602 3423 658 solum
3448 606 3835 676 patrocinatur,

2249 687 2343 742 sed
2376 688 2471 757 ipsi
2498 704 2708 760 quoque
2732 688 2904 745 Judici
2929 692 3156 756 suadet,
3193 703 3247 745 ttt
3280 693 3641 761 patrocinetur
3661 695 3733 758 ei.
3766 696 3839 750 de

2250 794 2356 848 quo
2376 779 2635 848 judicium
2665 781 2974 847 instituitur,
3008 792 3064 837 et
3093 798 3189 854 pro
3215 785 3307 839 illo
3331 788 3646 841 sententiam
3676 786 3837 852 ferat;

2249 870 2457 925 etiamsi
2490 871 2683 927 millies
2712 875 3032 941 peccaverit,
3055 886 3279 931 coronat
3306 886 3361 932 et
3383 878 3633 947 praedicat
3656 879 3839 934 illum.

2249 959 2380 1016 Nam
2422 964 2497 1017 ait
2541 981 2555 1016 :
2610 963 2741 1020 Dote
2768 966 3136 1039 eleemosynam
3160 1010 3177 1034 ,
3208 980 3253 1023 et
3280 970 3449 1025 omnia
3477 973 3666 1026 tumido
3690 983 3842 1027 ml

2251 1053 2269 1124 (
2295 1052 2421 1107 Luc.
2457 1056 2543 1111 Η.
2568 1057 2628 1111 ιι
2653 1056 2697 1130 ).
2724 1057 2927 1128 Ecquid
2956 1052 3131 1115 futura
3158 1060 3281 1115 dico
3301 1060 3325 1114 τ
3349 1060 3404 1117 Si
3440 1062 3583 1133 enim
3614 1062 3666 1117 in
3699 1079 3842 1134 prat-

2249 1144 2387 1201 senti
2410 1144 2518 1199 vita
2546 1144 2791 1202 homines
2819 1148 3217 1204 sciscitaremur
3234 1149 3361 1221 quid
3392 1152 3713 1217 mallent,an
3741 1167 3841 1207 so-

2252 1233 2459 1302 phistas
2490 1243 2557 1290 -et
2598 1237 2846 1293 rhetores
2870 1253 2991 1294 esse
3030 1239 3226 1295 multos
3244 1281 3261 1307 ,
3289 1257 3358 1297 an
3383 1243 3758 1299 misericordes
3781 1254 3845 1300 et

2250 1324 2505 1395 benignos
2534 1346 2548 1382 :
2577 1325 2681 1381 hoc
2703 1326 2947 1383 ultimum
2966 1330 3143 1399 potius
3167 1332 3423 1402 eligerent
3450 1350 3464 1398 ;
3496 1344 3549 1389 et
3570 1334 3695 1404 jure
3717 1335 3846 1405 qui-

2248 1416 2391 1498 dem.
2419 1417 2550 1473 Nam
2587 1420 2631 1473 si
2680 1420 2924 1476 facundia
2974 1422 3211 1487 tollatur,
3259 1423 3395 1479 nihil
3429 1426 3555 1481 mali
3598 1427 3649 1481 in
3672 1427 3844 1483 vitam

2250 1520 2488 1566 nostram
2512 1511 2917 1583 importabituri
2939 1525 3222 1586 antequam
3247 1518 3389 1573 enim
3412 1518 3500 1573 illa
3527 1520 3851 1585 exsisteret;

2248 1602 2417 1657 multo
2449 1613 2688 1674 tempore
2717 1606 2955 1661 constitit
2984 1625 2998 1661 :
3028 1607 3073 1662 si
3102 1623 3233 1664 vero
3266 1610 3687 1668 misericordiam
3714 1627 3845 1669 sus-

2251 1694 2454 1761 tuleris,
2485 1697 2664 1751 omnia
2709 1697 2976 1767 peribunt.
3000 1696 3069 1752 Et
3094 1700 3540 1769 quemadmodum
3568 1718 3665 1773 per
3684 1719 3849 1763 mare

2250 1786 2497 1855 navigare
2523 1802 2627 1842 non
2665 1788 2860 1859 possis,
2894 1790 2938 1843 si
2970 1797 3152 1859 portus
3182 1799 3237 1846 et
3262 1792 3520 1849 stationes
3539 1794 3836 1851 obstruas:

2248 1880 2327 1933 sic
2355 1896 2457 1932 non
2488 1889 2661 1948 potest
2699 1880 2815 1936 haec
2839 1882 2948 1936 vita
2980 1890 3248 1950 constare,
3286 1882 3332 1939 si
3378 1884 3800 1941 misericordiam
3824 1928 3845 1955 ,

2249 1970 2454 2024 veniam
2487 1979 2540 2024 et
2565 1970 2947 2027 humanitatem
2973 1973 3273 2028 sustuleris.

2318 2059 2372 2114 5.
2413 2057 2751 2131 Quapropter
2777 2076 2881 2116 non
2916 2062 3151 2118 humano
3191 2063 3361 2119 solum
3391 2066 3671 2122 ratiocinio
3716 2068 3842 2124 lucc

2250 2151 2393 2207 Deus
2419 2152 2678 2221 permisit,
2710 2153 2801 2208 sed
2830 2166 2882 2209 et
2908 2157 3099 2210 multas
3122 2170 3305 2211 eorum
3339 2168 3516 2228 partes
3552 2170 3753 2215 natura
3786 2162 3847 2215 vi

2250 2243 2460 2298 inserit.
2488 2241 2583 2301 Sic
2614 2254 2790 2314 patres
2815 2254 2869 2301 et
2890 2256 3089 2300 matres
3109 2262 3233 2318 erga
3255 2248 3450 2303 liberos
3475 2251 3851 2307 misericordia

2250 2344 2565 2400 moventur;
2596 2336 2674 2390 sic
2694 2336 2785 2391 ﬁlii
2805 2352 2926 2407 erga
2952 2346 3197 2406 parentes
3224 2356 3237 2393 :
3266 2355 3437 2411 neque
3460 2340 3510 2396 in
3540 2341 3854 2398 hominibus

2252 2434 2476 2491 tantum,
2497 2425 2589 2481 sed
2613 2426 2663 2480 in
2680 2426 2849 2482 brutis
2870 2445 2881 2479 :
2902 2428 3199 2499 eodemque
3214 2440 3337 2484 sunt
3352 2428 3524 2487 aifecti
3548 2431 3706 2487 modo
3726 2429 3850 2488 fra-

2255 2525 2381 2592 tres,
2412 2517 2697 2589 propinqui
2718 2529 2769 2573 et
2814 2519 3035 2585 afﬁnes,
3065 2528 3121 2575 et
3149 2519 3393 2581 homines
3417 2522 3507 2577 alii
3534 2538 3655 2593 erga
3682 2524 3850 2579 alios.

2253 2608 2298 2662 A
2328 2620 2514 2663 natura
2535 2608 2731 2679 quippe
2761 2610 2914 2678 proni
2944 2610 3010 2664 ad
3039 2612 3460 2668 misericordiam
3488 2628 3693 2672 sumus.
3718 2615 3853 2671 Ideo

2253 2698 2392 2754 circa
2426 2699 2616 2769 injuria
2651 2699 2870 2756 aﬂ'ectos
2910 2701 3280 2771 indignamur,
3314 2704 3456 2759 circa
3494 2706 3859 2778 interemptos

2258 2788 2533 2855 dolemus,
2582 2792 2626 2847 si
2658 2791 2901 2862 lugentes
2941 2792 3257 2862 videamus,
3297 2796 3669 2867 lacrymamur.
3708 2799 3851 2866 Quia

2254 2882 2395 2937 enim
2443 2884 2551 2937 vult
2598 2884 2735 2939 Deus
2762 2925 2776 2948 ,
2822 2894 2880 2940 ut
2910 2886 2961 2940 id
3001 2886 3360 2961 observetur,
3416 2898 3658 2946 naturam
3684 2893 3856 2963 jussit

2256 2974 2419 3028 multa
2451 2973 2548 3028 hac
2575 2973 2626 3027 in
2658 2989 2716 3030 re
2742 2991 2807 3031 ex
2838 2991 2897 3031 se
2921 2978 3184 3043 conferre,
3217 2980 3507 3038 ostendens
3534 2982 3586 3038 id
3605 2984 3702 3039 sibi
3729 3000 3860 3039 ma-

2255 3064 2395 3118 xime
2422 3064 2473 3118 in
2500 3066 2696 3133 Optatis
2724 3080 2865 3121 esse.
2894 3066 3020 3122 Haac
3047 3069 3225 3139 itaque
3243 3070 3424 3125 animo
3448 3084 3719 3129 versantes
3740 3116 3755 3140 ,
3787 3085 3855 3131 et

2254 3168 2353 3207 nos
2382 3163 2433 3207 ct
2475 3153 2612 3209 ﬁlios
2652 3165 2705 3210 et
2744 3157 3070 3227 propinquos
3102 3160 3167 3214 ad
3196 3162 3557 3234 eleetnosynte
3604 3165 3852 3221 scholam

2255 3241 2548 3311 ducamus;
2577 3245 2679 3301 hoc
2700 3258 2823 3304 ante
2851 3250 3027 3303 omnia
3055 3250 3225 3307 discat
3246 3253 3437 3321 homo;
3468 3271 3589 3310 nam
3619 3258 3738 3312 illud
3762 3269 3853 3314 est

2258 3333 2522 3390 hominem
2547 3350 2705 3402 esse;
2738 3338 2928 3411 Magna
2950 3342 3138 3411 quippe
3161 3359 3241 3397 res
3266 3353 3336 3398 est
3357 3344 3527 3408 homo.
3559 3359 3606 3402 et
3628 3350 3854 3418 pretiosa

2254 3440 2334 3480 res
2361 3436 2435 3479 est
2462 3427 2536 3480 vir
2556 3429 2873 3505 misericors(
2899 3431 3054 3488 Prov.
3083 3433 3177 3490 20.
3206 3436 3278 3507 6)
3303 3454 3317 3501 ;
3349 3438 3392 3491 si
3423 3438 3471 3492 id
3504 3454 3607 3494 non
3630 3439 3853 3510 habeat,

2256 3529 2286 3569 a
2312 3525 2499 3572 natura
2524 3520 2754 3574 hominis
2773 3521 2991 3577 decidit.
3017 3524 3128 3579 lloc
3148 3528 3417 3595 sapientes
3434 3529 3615 3587 efﬁcit.
3644 3533 3851 3604 Ecquid

2257 3606 2487 3676 miraris,
2519 3610 2563 3665 si
2594 3610 2697 3665 hoc
2718 3623 2800 3667 est
2823 3612 3089 3671 hominem
3117 3620 3273 3673 esse?
3294 3619 3407 3675 Hoc
3431 3632 3513 3677 est
3538 3623 3675 3679 Deus
3703 3642 3853 3693 esse;

2258 3715 2379 3755 nam
2401 3703 2474 3756 ait
2498 3719 2510 3756 :
2534 3701 2709 3758 Estote
2731 3706 3096 3775 misericordes,
3120 3710 3250 3764 sicut
3269 3722 3315 3765 et
3334 3711 3491 3768 Pater
3509 3725 3667 3770 mter
3691 3717 3854 3791 (Lac.

2258 3792 2311 3848 6.
2345 3794 2472 3864 36).
2505 3796 2780 3853 Discamus
2816 3798 2975 3869 igitur
3003 3802 3377 3861 misericordes
3415 3822 3563 3873 esse,
3598 3819 3707 3865 tum
3731 3828 3858 3868 om-

2262 3888 2406 3942 nium
2434 3902 2593 3943 causa
2614 3929 2628 3951 ,
2660 3900 2770 3944 tum
2802 3892 3034 3947 maxime
3063 3894 3204 3964 quod
3235 3907 3288 3951 et
3319 3899 3416 3967 ipsi
3447 3901 3609 3955 multa
3638 3903 3856 3959 miseri-

2260 3978 2439 4034 cordia
2462 3994 2733 4051 egeamus.
2764 3980 2946 4051 Neque
2976 3998 3074 4039 nos
3098 3986 3275 4041 vivere
3304 4002 3547 4057 putcnms
3576 4009 3681 4062 quo
3710 4003 3855 4049 tem-

2260 4084 2388 4139 pore
2411 4070 2787 4127 misericordes
2808 4088 2911 4128 non
2943 4089 3158 4143 sumus;
3190 4077 3258 4134 de
3277 4078 3615 4155 eleemosyna
3636 4084 3852 4157 loquor,

2260 4178 2377 4233 quae
2398 4164 2465 4218 ab
2494 4165 2715 4219 avaritia
2740 4178 2795 4220 et
2820 4168 3002 4237 rapina
3034 4184 3165 4238 pura
3189 4172 3276 4225 sit.
3308 4171 3362 4228 Si
3390 4176 3532 4230 enim
3573 4179 3660 4248 qui
3695 4181 3853 4237 lienis

2262 4254 2371 4307 suis
2392 4265 2695 4320 contentus,
2722 4257 2851 4311 nihil
2870 4259 2984 4314 aliis
3007 4260 3248 4331 largitur,
3273 4279 3377 4319 non
3403 4276 3484 4321 est
3508 4268 3844 4327 misericors:

2262 4346 2351 4417 qui
2378 4349 2548 4402 aliena
2581 4350 2738 4418 rapit,
2768 4352 3033 4419 quomodo
3060 4355 3367 4411 misericors
3391 4358 3490 4420 sit.
3522 4362 3727 4418 etiamsi
3761 4364 3844 4418 in-

2264 4454 2484 4495 numera
2531 4443 2750 4511 eroget?
2789 4441 2920 4498 Nam
2970 4444 3014 4498 si
3056 4445 3101 4500 is
3142 4448 3229 4517 qui
3271 4450 3382 4505 suis
3411 4461 3611 4507 tantum
3652 4455 3843 4511 fruitur

2264 4531 2435 4595 bonis,
2459 4542 2512 4586 et
2539 4533 2664 4587 nihil
2690 4534 2923 4604 largitur.
2946 4536 3321 4595 immisericors
3349 4554 3425 4597 est
3453 4562 3467 4598 :
3489 4546 3655 4599 multo
3676 4563 3850 4617 magis

2266 4620 2308 4674 is
2339 4622 2429 4692 qui
2458 4624 2628 4677 aliena
2660 4625 2874 4696 abripit.
2909 4626 2963 4682 Si
2997 4629 3029 4682 ii
3060 4631 3152 4700 qui
3175 4631 3303 4687 nihil
3323 4633 3501 4689 damni
3529 4637 3843 4702 intulerunt,

2268 4713 2566 4783 plcetuntur
2586 4755 2601 4780 ,
2630 4717 2749 4785 quia
2784 4719 2954 4789 largiti
2982 4735 3086 4775 neu
3115 4733 3239 4777 situt
3270 4743 3283 4777 :
3316 4726 3671 4801 multomagis
3698 4730 3732 4785 ii
3754 4733 3843 4801 qui

2265 4805 2435 4861 aliena
2460 4817 2764 4875 rapuerunt.
2786 4808 2862 4865 Ne
2884 4811 3040 4881 igitur
3056 4813 3195 4870 dixe:
3211 4814 3275 4882 is,
3301 4818 3451 4883 Alius
3476 4821 3669 4890 injuste
3692 4825 3851 4883 laesus

2268 4907 2368 4964 est,
2397 4912 2449 4953 et
2478 4898 2613 4954 alius
2635 4900 3027 4973 eleemosynam
3051 4908 3259 4975 decipit.
3286 4909 3339 4964 in
3367 4909 3466 4967 hoc
3483 4914 3624 4967 enim
3649 4917 3847 4971 malum

2268 4984 2532 5045 versatur.
2570 4989 2671 5045 Par
2699 4994 2896 5063 quippe
2935 5004 3053 5050 erat
3090 4998 3334 5055 eumdem
3362 5001 3531 5070 ipsum
3560 5006 3647 5074 qui
3694 5006 3852 5063 lzesus

2268 5089 2369 5145 est,
2398 5080 2793 5153 eleemosynam
2814 5087 3057 5156 accipere
3090 5105 3103 5141 :
3137 5104 3277 5145 nunc
3300 5107 3427 5147 vero
3460 5093 3593 5149 alios
3620 5098 3855 5153 vulneri—

2269 5174 2368 5230 bus
2387 5175 2574 5241 aftlcis,
2596 5184 2649 5231 et
2668 5175 2891 5232 aliorum
2912 5180 3127 5235 vulnera
3152 5198 3326 5248 curas,
3347 5201 3483 5255 quos
3505 5203 3613 5244 non
3632 5192 3853 5249 vulnere

2270 5264 2510 5331 affecisti,
2534 5282 2654 5321 cum
2680 5278 2952 5337 oporteret
2976 5271 3093 5325 illos
3121 5272 3264 5341 ipsos
3289 5290 3507 5335 curare;
3540 5278 3647 5333 imo
3675 5283 3854 5353 potius

2272 5372 2377 5411 non
2411 5359 2745 5415 vulnerasse.
2772 5360 3035 5432 Benignus
3056 5366 3194 5419 enim
3219 5366 3304 5420 ille
3329 5377 3428 5432 est,
3462 5385 3567 5424 non
3589 5374 3676 5441 qui
3698 5374 3853 5430 cedit

2273 5456 2327 5500 et
2350 5458 2529 5517 postea
2556 5459 2725 5516 curat,
2743 5452 2837 5505 sed
2863 5454 2949 5522 qui
2974 5454 3040 5509 ab
3066 5456 3185 5509 aliis
3210 5457 3515 5515 vulneratos
3538 5474 3707 5518 curat.
3726 5464 3856 5521 Tuis

2274 5552 2399 5607 ergo
2424 5540 2577 5593 malis
2606 5540 2887 5609 medearis,
2922 5560 3027 5600 non
3053 5548 3240 5602 alienis
3267 5564 3281 5614 ;
3318 5550 3423 5603 imo
3452 5567 3578 5607 vero
3605 5569 3705 5609 nec
3728 5571 3849 5626 per-

2275 5628 2444 5682 cutias
2469 5670 2483 5693 ,
2516 5645 2612 5684 nec
2654 5630 2874 5700 dejicias
2904 5636 3046 5704 (hoc
3080 5638 3222 5692 enim
3251 5638 3480 5695 ludentis
3512 5643 3691 5715 esset)
3712 5687 3726 5711 ,
3760 5654 3855 5708 sed

2276 5720 2511 5789 dejectos
2541 5724 2706 5792 erige.
2738 5724 2917 5797 Neque
2946 5730 3086 5785 enim
3115 5741 3263 5801 potes
3286 5734 3471 5790 eadem
3502 5726 3857 5809 eleetitosyua:
