4170 6494
234 420 350 482 815

234 555 491 597 mensura
515 540 731 597 malum
758 556 821 595 ex
847 537 1069 594 avaritia
1088 535 1290 590 illatum
1306 548 1518 591 curare.
1536 531 1667 587 Nam
1688 532 1731 587 si
1750 530 1856 585 obo

242 634 350 688 lunt
369 634 766 706 rapueris,iion
781 630 910 686 satis
924 640 1003 684 cst
1019 627 1234 683 abidum
1248 627 1299 680 in
1313 623 1711 696 cleemosynam
1730 622 1879 679 dare.

251 740 299 782 ui
319 731 525 796 rapina:
548 726 708 780 ulcus
729 738 908 787 sanes;
932 721 1025 778 sed
1050 722 1249 776 talento
1269 734 1406 789 Opus
1422 730 1523 773 esi.
1546 718 1669 773 Ideo
1688 716 1770 770 fur
1785 715 1879 769 de—

256 818 553 891 prehensus
569 815 929 886 quadruplum
955 812 1239 868 restituere
1264 811 1471 881 cogitur
1495 807 1872 879 (Exodﬁﬁd).

257 912 459 981 Raptor
499 923 683 963 :iuiciii
719 918 799 962 est
847 910 963 962 lure
1010 906 1178 976 pejor.
1206 904 1261 961 Si
1289 918 1426 958 vero
1468 904 1614 957 illiilli
1646 900 1880 970 quadrii-

259 1004 401 1075 pluin
436 1002 572 1055 dare
602 1008 821 1069 aperiet
856 995 934 1069 (τι)
956 1039 968 1058 ,
1013 1006 1280 1065 raptorem
1314 994 1598 1063 deruptum
1632 1002 1685 1047 et
1712 994 1879 1045 multo

263 1102 382 1167 plus
404 1096 694 1150 restituere
716 1107 812 1163 par
830 1102 944 1153 est;
970 1100 1130 1160 atque
1151 1090 1389 1159 optabile
1409 1096 1491 1141 est
1518 1088 1598 1140 vel
1622 1090 1700 1140 sic
1723 1100 1878 1154 posse

268 1191 431 1244 Deum
462 1188 534 1241 ob
562 1185 874 1255 iniustitiam
906 1184 1117 1253 placare
1150 1200 1162 1233 :
1197 1192 1322 1235 tunc
1347 1181 1490 1235 enim
1516 1195 1621 1234 non
1644 1177 1879 1233 elocuto-

260 1298 407 1352 syna:
440 1281 669 1334 fructum
700 1276 942 1347 recipiet.
988 1274 1111 1330 Ideo
1137 1274 1430 1328 Zacciimus
1476 1271 1640 1326 dicit:
1672 1270 1734 1326 Si
1753 1269 1878 1339 quid

260 1376 489 1443 aliquem
524 1370 853 1442 defraudari,
888 1370 1103 1423 reddam
1129 1366 1510 1437 quadruplum,
1539 1374 1587 1419 et
1610 1363 1877 1417 dimidium

262 1466 513 1519 bonorum
538 1478 761 1517 ineorum
781 1460 913 1515 dabo
938 1458 1246 1531 pauperibus
1272 1456 1437 1527 (Luc.
1484 1456 1570 1511 19.
1599 1455 1692 1527 8).
1721 1453 1876 1521 Quod

260 1558 309 1612 si
337 1558 388 1611 in
414 1557 429 1610 l
451 1572 534 1626 ‘ge
553 1553 907 1625 quadruplum
943 1552 1168 1606 reddere
1189 1549 1491 1620 oportebat,
1516 1548 1687 1603 multo
1708 1546 1875 1617 magis

266 1649 321 1704 in
350 1650 550 1719 gratia.
580 1646 633 1703 Si
665 1646 834 1700 furrm
867 1654 1073 1699 tantum
1111 1642 1394 1697 restituere
1431 1649 1677 1710 oportet,
1709 1637 1876 1693 multo

261 1745 430 1813 magis
458 1752 749 1811 raptorem.
779 1736 910 1793 Nam
949 1747 1143 1807 printer
1167 1734 1419 1789 damnum
1440 1774 1456 1798 ,
1488 1731 1874 1788 contumeliosa

258 1843 405 1888 certe
423 1847 510 1887 res
525 1840 627 1889 cst.
651 1830 829 1900 Itaque
844 1827 1050 1884 etiamsi
1071 1826 1379 1896 centuplum
1403 1823 1716 1887 reddideris,
1740 1837 1878 1876 non-

258 1925 386 1979 dum
415 1932 585 1977 totum
610 1921 824 1977 dedisti.
854 1919 1037 1976 Viden‘
1069 1934 1156 1974 me
1198 1932 1303 1977 nou
1328 1918 1519 1972 frustra
1550 1915 1748 1970 dixisse
1771 1959 1787 1981 ,
1818 1915 1873 1971 Si

257 2017 479 2071 otiolum
502 2016 745 2084 rapuisti,
777 2013 941 2069 redde
963 2011 1265 2067 talentum?
1285 2002 1543 2065 siceiiam
1568 2007 1656 2062 vix
1680 2007 1874 2062 rulniis

266 2116 418 2161 tnnin
446 2105 684 2161 curabis.
716 2102 867 2171 Quod
895 2103 938 2157 si
966 2102 1050 2156 vel
1083 2103 1183 2156 hoc
1213 2099 1438 2159 faciens.
1466 2100 1558 2152 vix
1584 2113 1743 2153 cures
1775 2115 1788 2149 :
1822 2098 1869 2152 si

266 2198 516 2253 ordinem
550 2198 807 2261 iiivcrtas,
842 2195 1182 2265 intcgrasqiie
1215 2192 1584 2263 possessiones
1608 2190 1870 2260 rapueris,

326 2333 407 2397 (a)
440 2339 531 2382 Fur
554 2331 906 2395 deprehensus
928 2328 1252 2394 quadruplum
1290 2328 1559 2378 restituere
1581 2318 1871 2390 cogebatur.

1309 419 1374 476 IN
1411 414 1820 476 ΜΑΤΤΙΙᾹΞΠΜ
1860 413 2090 474 llOMIL.
2133 406 2267 472 Llll.
2309 417 2382 474 al.
2425 413 2556 472 LIV.

3498 428 3607 486 526

1997 545 2163 600 pauca
2194 545 2321 585 vero
2352 531 2658 601 crogaveris
2679 574 2694 599 ,
2732 548 2910 605 neque
2944 533 3051 591 illis
3080 552 3217 607 quos
3258 537 3442 595 laesisti
3463 583 3478 605 ,
3507 543 3603 599 sed

1989 623 2145 686 aliis.
2188 638 2352 694 quam
2402 623 2776 681 defensionem
2825 626 3104 684 habebis?
3144 647 3305 702 quam
3356 634 3605 691 veniant?

1989 730 2150 785 quam
2172 731 2322 787 spem
2355 716 2586 772 salutis?
2614 716 2707 774 Vis
2738 719 2879 775 scire
2905 732 3164 790 quantum
3189 725 3388 778 malum
3414 724 3601 797 facias,

1987 808 2115 864 dum
2138 810 2215 866 sic
2233 810 2328 866 das
2349 810 2783 883 eleemosynam?
2802 811 2939 867 Audi
2959 812 3289 885 Scriptorum
3307 815 3601 875 dicentem:

1989 901 2135 956 Sicut
2163 904 2249 973 qui
2273 904 2438 973 ﬁlium
2468 920 2639 958 coram
2667 916 2811 975 patre
2839 923 2937 961 suo
2963 908 3222 973 interﬁcit,
3245 911 3316 964 sic
3342 912 3429 975 qui
3452 910 3600 980 olfert

1984 995 2293 1065 sacriﬁcium
2318 1012 2383 1049 ea:
2405 996 2629 1063 pecuniis
2650 1013 2931 1068 pauperum
2950 997 2969 1069 (
2988 997 3155 1053 Eccli.
3180 1001 3269 1057 54.
3293 1002 3363 1056 21
3387 1003 3430 1073 ).
3454 1002 3603 1059 lianc

1992 1087 2171 1157 itaque
2203 1088 2676 1144 cominiiiationem
2709 1089 2761 1143 iu
2796 1103 2975 1146 mente
3004 1092 3385 1157 iiiscribeiites.
3419 1096 3599 1152 disce-

1984 1178 2171 1234 damus
2202 1198 2214 1233 :
2244 1178 2383 1235 hanc
2412 1181 2466 1235 in
2496 1180 2664 1235 muris
2690 1223 2705 1244 ,
2754 1183 2804 1236 in
2834 1184 3081 1239 manibus
3103 1226 3116 1247 ,
3149 1184 3201 1239 in
3229 1186 3556 1243 conscientia
3584 1230 3599 1254 ,

1983 1281 2034 1327 et
2065 1272 2259 1343 ubique
2300 1272 2599 1331 scribamus
2630 1288 2646 1328 :
2679 1283 2734 1327 ut
2784 1274 2869 1328 l.ic
2913 1275 3105 1336 saltem
3138 1287 3313 1331 metus
3339 1278 3390 1332 in
3421 1289 3601 1333 mente

1984 1372 2165 1427 nostra
2218 1364 2412 1443 vigens
2455 1380 2649 1420 manus
2690 1376 2902 1421 nosti-as
2941 1382 2969 1421 a
2997 1369 3323 1438 quotidianis
3362 1370 3603 1428 callibus

1989 1454 2263 1510 cohibeat.
2293 1454 2450 1509 Caede
2476 1454 2683 1524 quippe
2705 1454 2946 1509 deterior
2968 1463 3050 1507 est
3082 1455 3269 1522 rapina
3298 1471 3421 1525 quae
3451 1472 3587 1525 pau-

1990 1545 2142 1600 latim
2182 1559 2473 1615 pauperem
2506 1545 2803 1599 consumit.
2855 1545 2927 1601 Ut
2972 1546 3135 1616 igitur
3159 1545 3228 1600 ab
3262 1546 3365 1601 hoc
3398 1546 3584 1614 inqui-

1989 1647 2246 1692 namento
2274 1638 2287 1668 ‘
2318 1637 2435 1706 puri
2472 1636 2666 1701 simus,
2707 1639 2820 1693 haec
2848 1638 3172 1693 meditemur
3207 1648 3423 1692 ct'ciim
3459 1639 3583 1694 aliis

1987 1729 2396 1800 colloquamur.
2434 1729 2509 1783 lia
2545 1730 2693 1783 enim
2721 1729 2788 1784 ad
2820 1729 3258 1785 misericordiam
3290 1730 3582 1801 proniores

1983 1819 2215 1883 erimus,
2245 1834 2557 1889 puramque
2580 1818 3319 1892 adipiscemurpiiercedeni,
3346 1829 3583 1878 aeterna-

1983 1926 2093 1983 que
2121 1911 2264 1967 bona
2292 1928 2719 1983 consequemur,
2756 1913 2932 1985 gratia
2978 1923 3034 1969 et
3062 1915 3447 1971 misericordia
3474 1917 3581 1971 Do-

1982 2003 2117 2058 mini
2161 2004 2337 2059 nostri
2376 2003 2506 2059 Jcsu
2561 2003 2793 2069 Christi,
2835 2005 2924 2061 cui
2969 2005 3141 2077 gloria
3182 2017 3238 2062 et
3280 2008 3575 2078 imperium

1982 2111 2107 2153 cum
2149 2096 2305 2152 Patre
2336 2106 2393 2152 et
2426 2096 2634 2168 Spiritu
2663 2108 2877 2165 sancto,
2910 2116 3059 2157 nunc
3086 2110 3143 2158 et
3170 2116 3411 2173 semper,
3434 2110 3491 2158 et
3520 2103 3576 2157 in

1981 2186 2179 2240 saecula
2209 2185 2557 2241 saeculorum.
2592 2188 2788 2244 Amen.

2043 2346 2063 2381 ⁸
2086 2346 2203 2409 Alit,
2227 2346 2287 2398 ab
2307 2346 2400 2398 hoc
2423 2347 2610 2399 morbo.

272 2525 3566 2555 Mm

1478 2605 1827 2668 HOMILIA
1870 2604 2037 2666 Llll.
2083 2603 2168 2665 al.
2217 2602 2379 2663 LIV.

257 2764 390 2819 CAP.
423 2762 507 2818 l5.
536 2778 589 2814 ν.
618 2762 708 2818 '52.
735 2760 887 2815 .lesus
910 2768 1075 2813 mitem
1100 2800 1114 2823 ,
1139 2756 1423 2811 convocatis
1454 2756 1718 2825 discipulis
1744 2754 1871 2819 suis,
1912 2800 1918 2805 .

333 2853 465 2909 dixit
488 2875 513 2908 .-
540 2852 786 2908 Misereor
824 2869 975 2922 super
999 2850 1196 2905 turbam
1217 2892 1232 2916 ,
1276 2850 1395 2920 quia
1420 2865 1532 2903 ecce
1569 2849 1672 2913 iam
1706 2846 1874 2899 triduo

332 2948 582 3002 sustinent
627 2963 731 3011 me,
778 2960 868 2999 nec
907 2941 1089 2998 habent
1134 2942 1271 3012 quod
1320 2942 1624 2995 manducent
1654 2956 1672 2993 .'
1700 2949 1746 2992 ct
1796 2938 1871 2991 di-

334 3042 534 3095 mittere
560 3058 644 3095 cos
662 3041 872 3110 jejunos
900 3038 1040 3103 nolo,
1073 3053 1136 3091 ne
1158 3036 1397 3103 deﬁciant
1422 3037 1472 3089 in
1499 3035 1598 3088 uia.

340 3136 390 3188 l.
418 3131 679 3201 Superius
705 3146 826 3188 cum
873 3129 1177 3199 huiusmodi
1209 3129 1417 3200 signum
1448 3128 1684 3183 facturus
1709 3134 1870 3187 esset,

262 3228 440 3299 primo
460 3226 668 3281 curavit
692 3240 786 3281 eos
811 3227 899 3295 qui
922 3224 1167 3294 corporis
1190 3222 1506 3293 aegritudine
1527 3222 1868 3276 laboraieut:

261 3318 494 3390 idipsum
539 3316 628 3372 hic
675 3315 843 3372 facit:
887 3325 1008 3386 post
1045 3330 1309 3370 Ctl‘COl'llllt
1360 3324 1521 3385 atque
1560 3312 1871 3369 claudurinn

260 3411 598 3468 curationem
631 3410 682 3464 in
713 3408 940 3479 idipsuui
971 3423 1157 3463 rursus
1187 3407 1391 3464 incidit.
1419 3406 1527 3461 Cur
1546 3419 1725 3462 autem
1750 3415 1876 3461 tunc

262 3501 519 3559 dixerunt
543 3501 793 3570 discipuli
815 3542 830 3566 ,
861 3499 1075 3555 Dimitte
1103 3502 1276 3554 turbas
1314 3500 1331 3563 (
1366 3499 1553 3553 Matth.
1588 3499 1674 3555 ﬂ.
1712 3499 1779 3554 15
1806 3498 1827 3571 )
1856 3517 1869 3554 :

261 3609 406 3648 nunc
435 3608 562 3645 vero
590 3606 695 3645 non
722 3591 991 3657 dixerunt,
1022 3591 1191 3645 ll‘llllls
1219 3601 1394 3645 tamen
1424 3589 1612 3645 diebus
1630 3590 1873 3644 exactis?

262 3682 393 3739 Sive
419 3685 546 3753 quia
573 3684 683 3749 jam
731 3682 805 3735 illi
839 3680 1184 3750 perfectiores
1212 3689 1361 3734 erant
1384 3723 1399 3745 ,
1427 3681 1541 3734 sive
1566 3679 1708 3750 quod
1754 3680 1875 3736 illos

262 3774 508 3831 viderent
539 3789 644 3828 non
668 3781 815 3827 tanto
846 3772 1001 3827 fatuis
1027 3788 1189 3827 sensu
1218 3771 1397 3825 afllci‘:
1425 3786 1545 3825 naiu
1569 3770 1621 3825 in
1646 3771 1731 3835 iis,
1755 3786 1874 3841 quae

263 3865 403 3921 facta
422 3875 599 3931 erant,
622 3865 729 3919 Deo
754 3864 977 3934 gloriam
1002 3860 1296 3918 rtferebant
1310 3904 1322 3917 .
1343 3862 1447 3919 Sed
1472 3864 1590 3919 vide
1605 3861 1874 3934 quomodo

262 3958 425 4011 etiam
453 3971 595 4011 nunc
618 3972 722 4010 non
760 3955 1076 4025 simpliciter
1101 3954 1169 4009 ad
1212 3956 1528 4010 miraculum
1552 3954 1871 4025 patrandum

263 4053 429 4115 venit,
461 4050 557 4106 Sed
591 4051 708 4105 illos
732 4050 797 4105 ad
826 4048 875 4103 id
910 4052 1117 4104 evocat.
1140 4047 1271 4103 Nam
1296 4047 1465 4103 turbae
1491 4048 1727 4119 quidem,
1752 4064 1874 4118 qua:

264 4142 332 4197 ad
363 4143 682 4199 morborum,
702 4156 885 4195 curaui
914 4149 1208 4206 venerant,
1240 4155 1406 4210 panes
1433 4149 1614 4210 petere
1644 4156 1749 4195 non
1778 4156 1873 4195 au-

263 4236 466 4291 debant
501 4252 513 4287 :
549 4235 665 4303 ipse
710 4248 840 4288 vero
863 4273 880 4300 ,
924 4248 1045 4287 cum
1076 4232 1340 4302 benignus
1368 4233 1438 4285 sit
1475 4240 1529 4285 et
1574 4231 1830 4301 providus
1854 4273 1870 4299 ,

266 4343 372 4382 non
397 4326 705 4396 petentibus
722 4325 889 4389 dedit,
912 4325 1091 4393 aitque
1112 4322 1387 4395 discipulis
1419 4340 1431 4375 ε
1458 4322 1705 4377 MisereOr
1720 4339 1874 4392 super

267 4420 487 4483 turbam,
510 4431 557 4474 et
563 4421 771 4488 jejunos
791 4419 1043 4472 dimittere
1057 4418 1172 4471 illos
1191 4415 1330 4471 nolo.
1355 4416 1430 4472 Ne
1446 4417 1686 4471 dicerent
1703 4416 1870 4481 enim,

268 4512 415 4583 ipsos
460 4528 585 4567 cum
631 4512 825 4565 viatico
854 4510 1107 4571 venisse.
1155 4511 1273 4563 ait:
1300 4508 1422 4562 Jam
1473 4507 1640 4562 triduo
1678 4524 1874 4562 mecum

268 4616 417 4669 sunt;
447 4607 518 4659 ita
559 4604 767 4660 etiamsi
797 4604 986 4658 viatica
1024 4601 1340 4657 habuissent
1365 4643 1379 4665 ,
1404 4600 1514 4671 jam
1558 4608 1872 4669 consumpta

268 4705 474 4750 essent.
504 4693 708 4749 Idcirco
732 4696 875 4749 enim
915 4693 1005 4747 ille
1048 4709 1153 4747 non
1188 4692 1361 4762 primo
1387 4691 1467 4747 vel
1509 4690 1749 4746 secundo
1786 4691 1874 4748 die

270 4790 373 4843 hoc
401 4787 547 4854 fecit,
576 4789 670 4844 sed
699 4801 819 4841 cum
845 4786 953 4856 jam
982 4785 1160 4840 omnia
1182 4782 1493 4850 deﬁcerent,
1521 4794 1579 4837 ut
1609 4787 1659 4837 tn
1685 4798 1873 4839 neces-

268 4880 426 4933 sitate
449 4879 605 4946 positi
634 4894 754 4933 cuin
778 4877 965 4947 majori
987 4875 1165 4930 studio
1187 4875 1382 4931 factum
1404 4876 1731 4946 exciperent.
1750 4874 1875 4931 Ideo

269 4972 367 5031 ait,
406 4968 487 5023 Ne
514 4969 754 5038 deﬁciant
797 4969 850 5021 in
895 4967 1012 5029 via;
1057 4966 1349 5021 astciidens
1399 4965 1543 5034 ipsos
1591 4974 1645 5021 et
1691 4966 1871 5035 procul

272 5064 477 5132 positos
506 5076 663 5124 esse.
713 5072 765 5115 et
807 5060 985 5114 omnia
1037 5059 1459 5128 consumpsisse.
1508 5058 1615 5114 Sed
1666 5059 1710 5113 si
1763 5075 1868 5114 non

276 5160 352 5211 vis
378 5156 593 5225 jejunus
614 5155 885 5209 dimittere
904 5194 920 5221 ,
950 5167 1047 5207 cur
1076 5152 1285 5223 signum
1320 5168 1424 5205 non
1471 5151 1601 5205 facis
1615 5138 1643 5205 id
1672 5151 1741 5207 Ut
1771 5152 1872 5207 hac

274 5249 696 5317 interrogatione
740 5256 793 5301 et
840 5244 1192 5316 respon~ioue
1240 5256 1498 5315 sequente
1556 5247 1874 5301 attentiores

269 5343 520 5397 redderet
564 5340 859 5408 discipulos
883 5381 897 5403 ,
930 5348 984 5394 et
1014 5338 1089 5393 illi
1118 5338 1273 5391 fidem
1318 5354 1468 5393 suam
1500 5339 1871 5406 ostenderent,

270 5434 619 5502 ducerentque
640 5472 655 5493 ,
683 5431 853 5485 l’niies
881 5429 1059 5484 facito.
1085 5430 1190 5484 Sed
1223 5430 1292 5483 illi
1329 5446 1395 5484 ne
1424 5430 1500 5484 sic
1540 5432 1752 5499 quidem
1795 5432 1876 5485 iii-

273 5526 646 5597 tcrrogatiouis
676 5540 890 5580 causam
922 5525 1301 5579 intellexerunt
1329 5544 1341 5577 :
1368 5527 1506 5579 unde
1536 5537 1713 5595 postea
1737 5526 1875 5582 dixit

273 5622 376 5674 illis
397 5662 411 5685 ,
460 5630 515 5673 ul
559 5620 774 5675 Marcus
797 5618 873 5671 ait.
902 5636 917 5672 :
950 5618 1130 5670 Adhuc
1168 5619 1240 5671 ita
1272 5626 1389 5670 sunt
1432 5629 1677 5671 occwcata
1720 5621 1875 5673 corda

272 5725 471 5767 ucstra:
501 5713 683 5766 oculos
726 5709 959 5763 habentes
990 5728 1091 5763 non
1133 5711 1333 5774 uidetis,
1373 5720 1417 5764 et
1444 5727 1589 5764 aures
1638 5710 1874 5767 habentes

272 5822 367 5861 non
405 5806 599 5859 auditis
630 5803 649 5873 (
682 5801 849 5856 Marc.
884 5801 939 5856 8.
970 5802 1059 5855 17.
1092 5802 1158 5855 18
1180 5802 1223 5871 ).
1270 5800 1401 5855 Nam
1434 5803 1532 5856 nisi
1562 5801 1663 5856 hoc
1691 5812 1833 5857 esset
1855 5845 1871 5869 ,

267 5914 364 5969 qua
408 5898 475 5954 dc
505 5910 675 5953 causa
728 5900 843 5948 bare
882 5891 1155 5963 discipulis
1180 5893 1417 5958 diceret,
1462 5894 1873 5964 ostenderetque

1981 2748 2166 2819 dignas
2199 2763 2319 2803 esse
2350 2747 2533 2801 turbas
2558 2746 2843 2815 beneficio,
2869 2748 3197 2821 adderctquc
3220 2752 3402 2818 ipsum
3424 2750 3591 2807 suisea

1985 2840 2214 2895 ricordia
2270 2850 2473 2895 motuin
2503 2839 2712 2897 fuisse?
2741 2842 3023 2897 Matthmus
3073 2860 3201 2900 vero
3244 2846 3376 2900 dicit
3418 2847 3587 2917 ipsum

1983 2944 2164 3001 postea
2197 2933 2503 3002 increpasse
2530 2948 2624 2989 eos
2660 2934 2742 2989 his
2775 2935 2953 2990 verbis
2986 2922 2998 2989 ξ
3040 2936 3259 2992 Modicce
3282 2939 3425 3005 ﬁdei,
3458 2956 3591 2993 non-

1979 3024 2100 3077 dum
2121 3022 2424 3094 intelligitis,
2456 3042 2549 3079 nec
2579 3027 2877 3080 meministis
2901 3027 3123 3099 quinque
3146 3046 3339 3099 panum
3360 3040 3405 3083 et
3432 3034 3587 3101 quin-

1978 3132 2074 3187 que
2101 3118 2337 3180 millium,
2358 3129 2403 3171 et
2425 3128 2543 3187 quot
2581 3119 2828 3186 cap/tinos
2844 3122 3160 3188 sumpserint;
3175 3122 3199 3175 Ρ
3216 3139 3376 3193 neque
3395 3132 3588 3193 septem
3628 3188 3629 3193 η

1980 3225 2170 3278 panum
2190 3214 2258 3264 'et
2286 3220 2505 3280 quatuor
2542 3211 2761 3265 millium
2785 3254 2797 3275 ,
2823 3222 2870 3266 et
2896 3224 3015 3282 quot
3046 3225 3247 3283 sportas
3272 3216 3590 3286 sumpseritis
3630 3196 3631 3199 Ἴ

1980 3298 2215 3370 (Matth.
2248 3301 2337 3356 16.
2370 3301 2424 3355 8.
2459 3302 2534 3371 9)
2561 3301 2585 3354 ?
2626 3303 2698 3355 Ita
2730 3304 3079 3373 evangelista:
3108 3305 3409 3363 concordes
3452 3307 3590 3363 inter

1979 3407 2038 3447 se
2068 3403 2215 3447 sunt.
2250 3393 2386 3460 Quid
2411 3409 2539 3464 ergo
2585 3394 2878 3464 discipuli?
2908 3396 3093 3452 Adhuc
3126 3397 3273 3453 liiimi
3320 3411 3545 3469 serpunt
3572 3419 3588 3457 :

1977 3492 2034 3537 et
2062 3484 2306 3554 quamvis
2346 3483 2508 3538 millia
2551 3484 2776 3552 fecerit,
2808 3488 3083 3556 ut-prioris
3118 3489 3356 3546 miraculi
3388 3508 3590 3547 inemo-

1979 3575 2111 3629 riam
2138 3585 2417 3630 servarent
2439 3617 2455 3643 ,
2482 3586 2539 3632 et
2566 3592 2662 3647 per
2690 3577 3165 3648 interregaiioneni
3196 3597 3258 3638 ac
3284 3585 3591 3653 responsio-

1995 3685 2144 3733 nem,
2168 3680 2222 3725 ct
2240 3670 2388 3742 quod
2406 3671 2528 3728 illos
2549 3671 2837 3727 ministros
2860 3669 3076 3735 fecerit,
3092 3673 3302 3742 etquod
3317 3671 3585 3740 cophinos

1992 3764 2072 3816 eis
2086 3749 2488 3831 distribuerit‘;
2510 3763 2606 3820 sed
2628 3762 3257 3835 adhucimperfectiorcs
3268 3771 3445 3819 erant.
3462 3762 3585 3817 Ideo

1979 3848 2163 3904 dicunt
2190 3850 2237 3904 ei
2270 3867 2283 3904 :
2314 3851 2403 3907 33.
2438 3848 2589 3904 Unde
2616 3850 2759 3905 nobis
2785 3851 2838 3905 in
2865 3851 3140 3908 solitudine
3180 3864 3252 3909 tot
3283 3872 3445 3925 panes
3464 3856 3491 3911 Ρ
3520 3856 3590 3912 Et

1978 3952 2132 3997 antea
2159 3951 2213 3997 et
2239 3958 2380 3998 nunc
2410 3942 2754 3998 solitudinem
2786 3956 3107 4012 memorant,
3132 3956 3184 4003 et
3211 3963 3278 4004 ex
3296 3950 3458 4004 animi
3484 3949 3589 4005 im-

1979 4034 2271 4089 becillitate
2304 4034 2372 4089 ita
2402 4035 2704 4105 loquentes,
2732 4036 2944 4106 signum
2975 4038 3041 4093 ab
3087 4041 3233 4094 omni
3286 4042 3592 4111 suSpicionc

1980 4126 2295 4180 liberabant.
2330 4125 2408 4181 Ne
2436 4127 2557 4197 quis
2585 4127 2729 4182 enim
2757 4128 2997 4197 diceret,
3034 4131 3222 4199 utjain
3252 4143 3409 4188 antea
3440 4133 3550 4190 dixi
3575 4178 3590 4199 ,

1980 4219 2151 4287 ipsum
2178 4233 2242 4275 ex
2272 4218 2449 4274 vicino
2483 4220 2713 4288 quodam
2752 4220 2870 4277 vico
2897 4212 3062 4292 panes
3089 4233 3391 4281 mutuatum
3432 4244 3552 4284 esse
3573 4270 3590 4296 ,

1979 4309 2127 4365 luens
2156 4309 2277 4380 quis
2303 4310 2373 4365 sit
2412 4308 2757 4380 declaratur,
2804 4322 2863 4368 ut
2904 4315 3219 4371 miraculum
3256 4318 3590 4375 crederetur.

1982 4400 2184 4457 Idcirco
2211 4411 2261 4456 et
2286 4403 2516 4472 primum
2545 4414 2601 4458 et
2620 4403 2723 4460 hoc
2750 4421 2965 4476 quoque
2990 4408 3202 4478 signum
3232 4410 3285 4465 in
3307 4410 3593 4474 solitudine

1978 4492 2102 4547 facit
2126 4533 2141 4555 .
2196 4508 2225 4547 a
2258 4494 2447 4548 viculis
2492 4495 2652 4565 longe
2686 4496 2939 4553 distame.
2977 4498 3083 4555 Sed
3130 4499 3321 4556 borum
3353 4502 3486 4558 nihil
3516 4504 3595 4559 in-

1980 4586 2282 4656 telligeutes
2307 4586 2555 4658 discipuli
2579 4589 2835 4645 dicebant
2859 4609 2870 4644 :
2900 4590 3050 4648 Unde
3072 4595 3214 4649 nobis
3244 4597 3298 4649 in
3321 4598 3596 4655 solitudine

1979 4686 2049 4747 tot
2078 4678 2275 4747 panes?
2302 4678 2432 4735 Nam
2452 4680 2709 4751 putabant
2738 4682 2884 4737 illum
2910 4682 3032 4740 ideo
3060 4684 3173 4741 luet:
3194 4686 3416 4755 dixisse,
3442 4690 3593 4760 quasi

1981 4776 2350 4839 praicepturus
2374 4780 2521 4826 esset
2542 4780 2598 4826 ut
2629 4770 2750 4826 illos
2770 4772 3045 4839 cibarent;
3071 4776 3165 4832 sed
3198 4779 3489 4835 admodum
3524 4781 3595 4836 in-

1979 4863 2257 4935 sipienter.
2310 4858 2543 4935 Ideoque
2592 4866 2697 4922 illis
2740 4883 2914 4937 nuper
2943 4868 3194 4937 dixerat,
3235 4871 3369 4927 Date
3396 4890 3484 4929 vos
3524 4876 3597 4929 eis

1980 4956 2291 5010 manducare
2312 4956 2332 5028 (
2364 4956 2554 5016 Matth.
2581 4958 2671 5015 ll.
2698 4958 2843 5031 16),
2870 4970 2929 5014 ιιι
2959 4960 3064 5016 illis
3085 4962 3425 5028 occasionem
3443 4965 3595 5023 darei

1979 5065 2039 5107 se
2067 5051 2167 5107 hac
2200 5051 2269 5107 de
2292 5066 2457 5107 causa
2489 5052 2763 5123 precandi.
2794 5052 2949 5108 None
2975 5071 3103 5110 vero
3134 5072 3241 5112 non
3272 5057 3433 5125 dicit,
3463 5058 3598 5113 Date

1978 5140 2083 5197 illis
2108 5143 2419 5197 manducare
2441 5184 2457 5210 ,
2490 5142 2585 5198 sed
2628 5144 2754 5214 quid
2778 5145 2800 5197 7
2829 5145 3076 5201 Misereor
3102 5166 3255 5218 super
3282 5152 3479 5206 turbam
3501 5194 3517 5220 ,
3545 5161 3599 5208 et

1979 5234 2232 5289 dimittere
2250 5250 2333 5288 cos
2345 5235 2556 5305 jejunus
2578 5238 2695 5290 nolo
2715 5253 2735 5291 :
2765 5238 2986 5308 propius
3009 5255 3234 5297 movens
3261 5244 3594 5314 incitatisque

1980 5327 2121 5385 illos.
2155 5336 2209 5381 ut
2240 5327 2453 5381 videant
2481 5327 2609 5382 illud
2637 5330 2705 5384 ab
2731 5345 2790 5385 se
2820 5332 3110 5400 petendum
3137 5348 3278 5390 esse.
3310 5335 3441 5392 Nam
3480 5337 3593 5409 ipsa

1981 5420 2139 5476 verba
2168 5421 2534 5482 declarabant.
2567 5437 2728 5490 posse
2762 5424 2933 5493 ipsum
2961 5442 3061 5479 non
3094 5426 3369 5485 dimittere
3397 5446 3493 5485 eos
3513 5431 3598 5499 je-

1977 5513 2167 5584 junos.
2210 5523 2265 5569 et
2298 5517 2589 5584 potentiam
2639 5517 2808 5585 ipsius
2838 5520 3216 5575 ostendebant.
3262 5523 3391 5577 illud
3419 5524 3592 5586 enim.

1983 5606 2162 5673 Nolo,
2214 5607 2265 5661 id
2312 5609 2598 5677 signiﬁcat.
2653 5609 2787 5677 Quia
2818 5626 2949 5665 vero
2996 5625 3050 5666 et
3099 5615 3493 5671 multitudinem
3542 5630 3594 5675 et

1980 5701 2155 5756 locum
2201 5709 2255 5755 et
2297 5701 2641 5757 solitudinem
2692 5716 3098 5773 memorariint,
3152 5710 3318 5778 (nam
3368 5710 3594 5778 dicunt,

1984 5793 2135 5849 Unde
2179 5795 2321 5848 nobis
2364 5795 2413 5848 in
2440 5795 2716 5849 solitudine
2757 5807 2827 5849 tot
2868 5815 3063 5867 panes,
3108 5812 3159 5855 ut
3203 5804 3411 5857 satietur
3442 5809 3593 5853 tanta

2063 5912 2075 5941 ¹
2102 5908 2195 5958 Cir.
2225 5908 2402 5960 Adnot.
2436 5909 2593 5959 l-‘ield.
2625 5909 2684 5959 ad
2710 5922 2821 5972 pag.
2848 5911 2957 5962 538.
