4170 6500
647 480 788 533 turba
808 478 835 533 .’
856 478 877 549 )
903 489 1073 546 neque
1094 481 1268 529 tamen
1289 470 1485 553 intristi
1502 468 1661 525 verba
1683 467 2079 526 intellexerunt,
2098 472 2223 517 tunc

645 586 800 626 suum
829 570 944 641 ipse
980 580 1114 639 opus
1143 566 1379 635 peragit,
1417 571 1473 618 et
1511 562 1587 617 ait
1612 560 1752 615 illis:
1782 558 1871 614 34.
1898 555 2039 624 Quot
2066 570 2222 627 partes

645 662 879 718 imbuis!
904 661 998 716 liii
1021 675 1135 717 vero
1159 654 1603 725 dicunt,.Septent,
1634 662 1680 708 et
1707 650 1975 723 pisciculos
2010 664 2218 718 paucos.

644 755 755 811 Nec
774 754 884 824 jam
912 751 1119 815 dicunt,
1144 749 1249 805 Sed
1273 747 1379 807 huc
1406 745 1527 817 quid
1549 753 1666 802 sitat
1693 743 1823 797 inter
1848 750 2012 797 tantos
2038 738 2213 812 (loca.

645 847 698 902 ϐ.
732 843 843 917 9)?
892 856 949 899 ut
993 850 1148 898 antea
1188 839 1454 895 dicebant.
1499 837 1589 893 Sic
1637 833 1843 891 etiamsi
1892 846 1997 887 non
2052 839 2218 885 totum

643 937 1196 1009 comprehenderent,
1224 934 1560 989 sublimiores
1586 939 1762 984 tamen
1800 924 2050 997 paulatim
2090 937 2219 979 eva-

643 1034 857 1088 debant.
894 1028 1027 1084 Nam
1069 1038 1126 1082 et
1170 1028 1283 1097 ipse
1312 1023 1394 1077 his
1438 1021 1647 1076 illorum
1686 1026 1921 1076 mentem
1960 1016 2171 1085 erigens
2199 1054 2214 1080 ,

643 1122 833 1179 «idem
860 1134 967 1191 quo
994 1118 1139 1189 prius
1162 1115 1321 1172 modo
1347 1111 1741 1183 interrogabat,
1773 1118 1831 1165 ιιι
1860 1107 1940 1164 vel
1966 1122 2030 1163 es
2058 1104 2218 1160 modo

647 1212 1005 1284 interrogandi
1029 1212 1138 1281 jam
1182 1215 1327 1279 gesta
1355 1207 1404 1259 in
1440 1203 1751 1259 memoriam
1790 1206 2088 1257 revocaret.
2132 1195 2211 1250 Tu

643 1322 771 1363 vero
816 1316 872 1361 ut
912 1304 1002 1361 hic
1027 1300 1201 1356 vidisti
1229 1298 1439 1353 illorum
1468 1292 1941 1365 imperteetionem,
1968 1289 2047 1345 sic
2068 1286 2217 1343 disce

642 1404 849 1458 illorum
870 1375 1285 1469 philosophicam
1302 1397 1558 1455 mentem,
1575 1397 1629 1445 et
1644 1384 1978 1441 veracitatem
1998 1382 2212 1445 mirare,

641 1490 906 1563 quomodo
930 1500 1122 1556 nempe
1140 1482 1435 1540 scribentes
1456 1520 1472 1547 ,
1503 1476 1864 1548 stupiditatem
1902 1488 2074 1538 suam,
2113 1472 2213 1563 etsi

642 1561 904 1653 magnam,
937 1594 1039 1634 non
1069 1572 1355 1632 Occuitcnt.
1383 1571 1566 1642 Neque
1591 1568 1732 1623 enim
1758 1564 2040 1621 mediocris
2058 1561 2213 1632 culpa

640 1684 776 1734 erat,
809 1686 976 1741 nuper
1003 1667 1124 1724 iacti
1150 1663 1386 1721 miraculi
1408 1671 1518 1716 tam
1544 1660 1648 1716 cito
1678 1654 1956 1720 oblivisci;
1986 1653 2214 1724 ideoque

641 1765 1000 1833 increpantur.

706 1853 761 1908 2.
804 1852 882 1907 Ad
941 1851 1053 1905 hac
1098 1848 1255 1902 aliam
1296 1858 1508 1916 quoque
1555 1837 1905 1912 philosophiae
1950 1835 2209 1891 rationem

632 1947 835 2017 cogites
875 1944 1034 2000 velim
1080 1960 1094 1995 :
1131 1938 1400 2011 quomodo
1436 1942 1676 1992 ventrem
1702 1936 1886 2003 parum
1922 1929 2208 1990 curabant,

634 2036 901 2108 quomodo
929 2030 1354 2095 instituebantur,
1386 2043 1455 2083 ne
1481 2039 1681 2081 mensa:
1705 2022 1929 2077 multum
1949 2020 2211 2109 rationem

637 2129 910 2184 baberent.
934 2125 1063 2181 Nam
1092 2124 1146 2179 in
1170 2120 1453 2178 solitudine
1474 2133 1595 2174 cum
1612 2124 1811 2181 essent,
1839 2122 1956 2185 post
1976 2110 2207 2167 triduum

632 2230 834 2290 septem
892 2233 1057 2289 panes
1107 2215 1391 2272 habebant.
1430 2211 1635 2267 Czctera
1685 2222 1810 2265 vero
1862 2206 2104 2264 Christus
2152 2211 2212 2258 ut

632 2315 779 2382 prius
804 2310 1033 2383 disponit
1063 2328 1076 2363 :
1104 2308 1414 2367 recumbere
1434 2303 1584 2374 jubet
1607 2302 1660 2357 in
1684 2310 1846 2367 terra,
1876 2308 1930 2355 et
1954 2298 2004 2353 iu
2034 2296 2207 2351 mani-

633 2404 731 2459 bus
757 2403 1130 2473 discipulorum
1159 2414 1321 2469 panes
1346 2394 1674 2465 ntultiplicat.
1705 2393 1795 2449 55.
1838 2391 2003 2445 Jussit
2039 2389 2203 2451 enim,

630 2498 722 2562 ait,
749 2504 799 2547 ut
824 2496 984 2549 turbat
1001 2493 1360 2547 discumberent
1389 2504 1540 2561 super
1568 2497 1771 2541 terram.
1806 2484 1894 2538 56.
1924 2481 1993 2537 Et
2016 2481 2205 2549 accipi-

628 2604 717 2642 ens
742 2586 957 2658 quinque
984 2599 1136 2656 panes
1164 2590 1207 2637 et
1238 2582 1419 2651 pisces,
1450 2578 1640 2650 gratias
1666 2590 1818 2646 agens
1843 2573 2015 2645 fregit,
2034 2582 2080 2625 et
2107 2574 2203 2624 da-

629 2679 710 2733 bat
732 2677 991 2747 discipulis
1010 2674 1275 2745 :diseiputi
1299 2687 1414 2727 vero
1438 2670 1612 2724 turbis.
1640 2667 1786 2722 Finis
1804 2679 1932 2721 vero
1961 2661 2202 2718 miraculi

630 2771 791 2840 priori
819 2770 1006 2825 similis
1024 2783 1127 2823 non
1150 2766 1265 2821 fuit.
1291 2766 1376 2821 57.
1408 2762 1835 2817 Manducavertutt
1851 2760 1993 2821 enim
2011 2772 2200 2822 omnes,

627 2862 813 2929 inquit,
854 2871 899 2915 et
936 2859 1149 2914 salutati
1186 2867 1321 2918 sunt,
1361 2864 1408 2909 et
1447 2855 1666 2907 tulerunt
1703 2850 1837 2922 quod
1863 2861 2118 2919 supererat
2140 2850 2205 2903 de

626 2953 920 3024 fragmentis
946 2962 1133 3019 septem
1158 2959 1355 3018 apertas
1380 2948 1572 3016 plenas.
1609 2948 1695 3002 38.
1732 2945 1829 3010 Qui
1865 2954 2031 3005 autem
2068 2959 2204 2996 com-

622 3043 829 3097 ederunt
850 3049 991 3097 erant
1019 3049 1232 3112 quatuor
1250 3039 1386 3093 mille
1413 3039 1524 3101 viri,
1553 3046 1732 3107 printer
1758 3035 1987 3089 mulieres
2008 3044 2053 3087 et
2077 3050 2198 3103 par-

625 3133 788 3187 satos.
818 3132 924 3188 Sed
953 3148 1050 3187 cur
1076 3141 1200 3185 tunc
1223 3146 1344 3186 cum
1370 3129 1648 3199 quinquies
1674 3126 2041 3190 milleessent,
2068 3123 2199 3178 duo-

622 3222 796 3278 decim
832 3222 1044 3292 cOphini
1075 3218 1465 3290 superfuerunt,
1513 3217 1599 3273 hic
1626 3231 1772 3281 vero,
1804 3225 2028 3287 quatuor
2055 3213 2200 3269 mille

623 3329 741 3369 cum
791 3315 919 3379 sint,
958 3322 1161 3383 septem
1202 3320 1397 3381 spartae
1425 3318 1709 3382 supersunt
1737 3307 1960 3380 (Matth.
1991 3308 2079 3363 ιι.
2106 3306 2195 3361 20.

623 3406 686 3462 ει
715 3408 776 3478 )ἰ’
804 3423 900 3463 cur
934 3419 1063 3475 ergo
1103 3404 1334 3459 minores
1357 3412 1507 3459 erant
1540 3402 1798 3472 reliquiae,
1838 3415 1959 3456 cum
1984 3414 2091 3454 non
2124 3408 2199 3453 tot

624 3506 802 3554 essent
822 3499 910 3569 qui
932 3494 1310 3553 comedi-rent?
1336 3493 1426 3550 Vel
1447 3494 1727 3549 dicendum
1749 3502 1849 3555 est,
1875 3501 2096 3561 sportas
2109 3505 2199 3545 co-

623 3588 803 3658 phinis
832 3589 1057 3657 majores
1080 3586 1274 3653 fuisse;
1301 3585 1385 3641 vel
1407 3601 1474 3641 ne
1501 3585 1695 3656 paritas
1722 3584 1928 3639 numeri
1962 3584 2012 3636 in
2040 3583 2197 3637 mira-

622 3679 742 3735 culo
782 3674 1097 3735 oblivionem
1150 3686 1391 3749 pareret,
1439 3693 1503 3733 ex
1550 3676 1844 3737 ditl‘erentia
1887 3675 2196 3730 memoriam

624 3770 835 3824 illorum
880 3770 1155 3833 excitasse,
1209 3778 1349 3846 me:
1382 3770 1637 3822 varietate
1676 3774 1733 3823 et
1773 3764 1930 3835 liuius
1958 3776 2011 3821 et
2058 3765 2197 3819 illius

626 3861 1049 3914 recordarentur.
1083 3849 1308 3929 ideoque
1346 3868 1467 3913 tunc
1491 3858 1749 3928 cophinos
1784 3857 2195 3928 l‘ragmentorum

624 3952 896 4021 discipulis
948 3967 1167 4007 numero
1208 3966 1362 4021 pares
1405 3950 1559 4015 facit,
1610 3966 1749 4006 nunc
1793 3966 1920 4005 vero
1974 3950 2197 4021 panibus

624 4052 851 4113 sportas,
890 4053 943 4097 et
985 4043 1034 4096 in
1067 4042 1167 4096 hoc
1196 4057 1405 4111 quoque
1432 4057 1579 4097 suam
1611 4041 1927 4097 ineil'abilem
1962 4051 2194 4111 potesta-

625 4143 728 4188 tem
756 4134 1005 4197 ostendit,
1040 4142 1095 4189 et
1119 4133 1423 4188 facilitatem
1464 4134 1778 4203 imperandi,
1805 4148 1921 4187 cum
1951 4133 2113 4203 possit
2143 4142 2197 4187 et

626 4226 725 4280 hoc
755 4236 809 4282 et
839 4227 929 4281 illo
956 4226 1112 4280 modo
1135 4226 1385 4281 miracula
1409 4226 1587 4280 edere.
1614 4225 1792 4294 Neque
1814 4223 1954 4278 enim
1976 4218 2196 4278 modicae

626 4318 900 4388 potestatis
926 4328 1038 4372 erat
1061 4332 1338 4372 numerum
1362 4331 1515 4385 posse
1537 4329 1855 4372 conservare
1876 4315 1926 4367 in
1950 4322 2193 4383 utroque,

624 4426 744 4467 cum
769 4420 890 4465 tunc
914 4411 1192 4482 quinquies
1220 4411 1385 4477 mille,
1416 4426 1554 4464 nunc
1572 4412 1804 4478 quatuor
1826 4408 1967 4463 mille
1995 4415 2189 4469 essent,

626 4516 723 4558 nec
748 4502 917 4573 plura,
964 4518 1063 4559 nec
1104 4507 1351 4573 pauciora
1399 4502 1689 4572 fragmenta
1743 4503 1987 4571 relinqui,
2034 4517 2192 4571 quam

624 4604 747 4649 tunc
784 4593 1019 4663 cophiui',
1066 4608 1203 4648 nunc
1248 4604 1444 4661 sporta:
1483 4602 1735 4662 caperent
1761 4636 1773 4654 .
1799 4592 1900 4648 etsi
1944 4608 2196 4649 numerus

621 4687 961 4741 convivarum
1010 4700 1114 4738 non
1160 4699 1252 4754 par
1272 4695 1433 4739 esset.
1465 4684 1611 4739 Finis
1646 4687 1729 4740 hic
1758 4695 1811 4740 et
1836 4686 1888 4739 in
1918 4686 2094 4755 priore
2118 4684 2195 4739 si-

622 4774 1044 4829 tnilisfuit.Nam
1073 4785 1213 4838 tunc,
1239 4774 1471 4829 dimissis
1499 4777 1685 4839 turbis,
1717 4777 1923 4844 navigio
1954 4776 2191 4842 recessit,

621 4876 675 4923 et
705 4866 789 4921 hic
818 4868 962 4929 item,
998 4874 1053 4920 ut
1076 4866 1303 4922 JOannes
1337 4868 1483 4938 (Cap.
1502 4867 1559 4922 6.
1595 4868 1682 4930 l7)
1722 4869 1865 4921 dicit.
1892 4868 2020 4935 Quia
2051 4870 2191 4922 enim
2232 4912 2244 4921 .

624 4958 824 5013 nullum
850 4959 1056 5028 signum
1098 4959 1232 5013 adeo
1274 4959 1476 5014 turbam
1516 4960 1798 5015 inducebat
1835 4960 1898 5013 ad
1938 4962 2080 5014 illum
2108 4975 2193 5016 se-

620 5052 907 5121 quendum,
932 5064 989 5106 ut
1016 5067 1208 5123 panum
1240 5054 1547 5107 miraculum
1573 5095 1588 5118 ,
1623 5064 1678 5107 et
1717 5052 1817 5107 hoc
1859 5052 2013 5107 modo
2045 5055 2191 5123 sequi

620 5145 766 5201 illum
791 5186 808 5213 ,
834 5145 927 5200 sed
970 5146 1128 5201 etiam
1174 5160 1353 5215 regem
1395 5144 1566 5201 facere
1595 5147 1878 5209 volebant,
1909 5155 1964 5200 ut
1983 5161 2192 5200 omnem

620 5236 914 5309 tyrannidis
953 5236 1307 5307 suspicionem
1341 5236 1538 5291 devitet
1560 5278 1574 5301 ,
1609 5247 1727 5305 post
1762 5234 2062 5304 lmjusmodi
2092 5237 2191 5289 mi-

619 5330 855 5409 raculum
902 5329 1135 5386 recedit:
1167 5343 1267 5384 nec
1306 5329 1546 5398 pedibus,
1598 5345 1663 5385 ne
1707 5330 1779 5383 illi
1822 5338 2189 5396 sequerentur,

617 5422 713 5477 sed
745 5421 971 5491 navigio.
1003 5421 1091 5478 39.
1123 5419 1190 5475 Et
1235 5422 1439 5475 dimissa
1472 5422 1638 5486 turba,
1675 5422 1857 5489 inquit.
1892 5420 2118 5475 ascendit
2144 5422 2193 5475 in

621 5515 924 5576 nauiculam,
956 5523 1001 5568 et
1048 5514 1176 5572 venit
1221 5516 1273 5567 in
1315 5515 1441 5581 ﬁnes
1473 5512 1733 5585 Magdala.
1778 5511 1927 5582 (Cap.
1958 5512 2098 5583 XVI)
2140 5513 2189 5568 l.

619 5606 683 5659 Et
710 5608 999 5660 accedentes
1023 5603 1270 5661 Pharisaei
1297 5614 1342 5661 et
1380 5605 1651 5661 Sadductei
1692 5608 1933 5678 rogabant
1967 5624 2096 5671 eum,
2139 5617 2193 5661 ut

619 5699 816 5768 signum
854 5699 917 5751 de
953 5697 1077 5751 calo
1097 5697 1375 5752 ostenderet
1404 5699 1492 5751 eis.
1539 5699 1594 5751 2.
1625 5696 1723 5751 Ille
1742 5708 1909 5752 autem
1934 5700 2059 5754 dixit
2083 5702 2191 5755 eis:

623 5787 835 5859 Vespere
867 5792 1005 5861 {acto
1029 5787 1226 5859 dicitis,
1262 5791 1502 5847 Serenum
1528 5795 1618 5846 erit
1644 5809 1660 5845 :
1686 5794 2018 5847 rubicundum
2054 5798 2186 5850 enim

1523 354 1575 408 S.
1609 348 1884 407 JO.\.\'NIS
1920 346 2386 409 CHRYSOSTOMI
2425 345 2747 404 AllCilliiP.
2781 346 3308 404 CONSTANTINOP.

3808 342 3911 401 538

2326 460 2503 516 arium
2524 472 2595 521 est
2612 477 2634 526 .'
2662 464 2714 518 3.
2744 472 2791 517 et
2832 478 2999 521 mane.
3033 460 3201 530 Hodie
3243 470 3509 527 tempestas
3563 456 3658 512 erit
3686 474 3706 513 :
3736 460 3912 523 rutilat

2323 553 2453 607 enim
2474 553 2615 608 triste
2641 553 2836 620 etaiam.
2865 554 2919 609 6.
2948 552 3153 607 Facient
3172 552 3283 627 acti
3312 552 3469 610 nostis
3497 550 3805 619 diiudicare,
3838 554 3909 613 si-

2322 658 2423 714 gna
2461 660 2574 698 vero
2619 654 2901 715 temporum
2943 661 3044 699 non
3085 645 3291 714 potestis
3307 643 3333 697 2
3380 640 3648 697 Generatio
3674 658 3833 712 praeit
3865 655 3913 697 et

2320 736 2553 792 adultera
2576 738 2777 809 signum
2814 739 3012 810 Quaerit,
3054 747 3100 792 et
3125 738 3323 809 signum
3352 754 3451 791 non
3476 738 3679 807 dabitur
3712 737 3781 800 ei,
3814 739 3914 790 nisi

2320 828 2517 897 signant
2544 827 2694 883 Jama
2719 833 2996 900 prophetae.
3025 827 3095 885 Et
3122 828 3467 899 derelinquens
3495 846 3578 883 eos
3605 829 3752 883 abiit.
3772 828 3912 883 Mar-

2320 935 2415 978 cus
2438 932 2615 976 autem
2634 922 2794 989 dicit,
2822 923 2958 978 Cum
2972 922 3401 988 accessissentet
3421 931 3745 991 inet-reruni,
3761 924 3911 991 ivge-

2321 1012 2518 1069 muisse
2538 1013 2745 1080 spiritu,
2768 1027 2832 1069 ac
2862 1013 3106 1069 dixisse:
3142 1012 3277 1079 Quid
3299 1013 3554 1084 generatio
3582 1014 3678 1067 ista
3703 1014 3915 1083 signum

2319 1106 2494 1173 quierit
2518 1104 2713 1168 (Marc.
2736 1106 2790 1162 8.
2828 1106 2959 1178 19.)?
2988 1106 3097 1161 Etsi
3148 1107 3265 1160 talis
3295 1105 3643 1175 interrogatio
3687 1104 3823 1159 iram
3857 1114 3913 1155 et

2319 1193 2732 1265 indignationem
2766 1197 2932 1265 possit
2969 1197 3220 1258 excitare.
3249 1207 3485 1267 attamen
3528 1196 3787 1265 benignus
3820 1194 3913 1249 ille

2319 1282 2576 1341 Dominus
2601 1302 2706 1339 nun
2735 1286 3002 1354 irascitur,
3035 1287 3129 1343 sed
3161 1288 3444 1342 miseratur
3486 1285 3607 1340 illos
3634 1295 3908 1355 tamquam

2318 1376 2593 1432 incuraliili
2639 1378 2829 1435 morbo
2851 1378 3173 1439 laborantes.
3210 1377 3299 1448 qui
3331 1388 3450 1446 post
3480 1387 3675 1430 tantam
3709 1386 3909 1445 poten-

2318 1466 2403 1520 tiiu
2431 1481 2545 1521 sua:
2586 1466 3119 1532 demonstrationem,
3161 1476 3419 1522 tentatum
3450 1467 3682 1523 veniant.
3719 1466 3910 1536 Nequa

2314 1558 2457 1612 enim
2478 1557 2802 1615 accedebant
2829 1569 2885 1619 ιιι
2900 1561 3200 1627 crederent,
3224 1559 3316 1615 sed
3346 1571 3403 1613 ut
3421 1558 3906 1628 reprehenderent.

2314 1650 2446 1707 Nam
2477 1653 2543 1717 si,
2564 1661 2625 1712 ut
2665 1652 2967 1721 crederent,
2997 1643 3370 1720 accessissent,
3399 1654 3632 1709 dedisset
3668 1654 3856 1725 utique
3889 1672 3904 1709 :

2314 1743 2401 1813 qui
2442 1744 2584 1798 enim
2627 1744 2833 1800 mulieri
2876 1745 3029 1809 dixit,
3063 1743 3183 1799 Non
3211 1754 3284 1800 est
3329 1746 3513 1800 bonum
3550 1745 3779 1819 (Matth.
3806 1747 3906 1803 l5.

2312 1831 2428 1903 26),
2457 1842 2511 1889 et
2554 1844 2735 1902 postea
2777 1835 2987 1906 signum
3031 1835 3195 1900 dedit,
3232 1837 3398 1892 multo
3443 1836 3609 1907 magis
3641 1836 3725 1892 bis
3748 1852 3901 1908 pra:-

2314 1923 2534 1979 buisset.
2560 1923 2756 1980 Verum
2784 1928 2904 1995 quia
2928 1942 3033 1982 non
3059 1928 3370 1999 quaerebant
3396 1936 3453 1982 ut
3476 1928 3776 1992 crederent,
3803 1930 3907 1999 hy-

2315 2016 2542 2084 pocritas
2585 2016 2705 2071 illos
2742 2016 2867 2072 alibi
2915 2029 3089 2085 vocat,
3120 2020 3241 2089 quia
3266 2019 3407 2075 aliud
3438 2019 3705 2085 dicamut,
3751 2021 3905 2075 aliud

2312 2107 2633 2162 sentiebant.
2678 2107 2733 2164 Si
2759 2109 2903 2167 enim
2932 2109 3305 2173 credidissent,
3349 2124 3457 2165 nou
3485 2111 3696 2179 petituri
3720 2122 3904 2165 erant.

2311 2197 2541 2253 Aliunde
2568 2199 2726 2254 etiam
2752 2200 2923 2269 palam
2946 2209 3024 2255 est
3058 2202 3199 2270 ipsos
3225 2217 3329 2256 non
3362 2202 3671 2257 credidisse.
3712 2202 3903 2257 incre-

2310 2290 2416 2357 pati
2441 2290 2636 2360 quippe
2662 2299 2716 2345 et
2736 2293 3013 2357 conftttati,
3043 2308 3147 2346 non
3175 2303 3503 2356 manserunt,
3532 2309 3706 2363 neque
3740 2294 3904 2350 dixe-

2310 2392 2472 2440 runt:
2513 2385 2822 2454 ignoramus
2868 2394 2921 2440 et
2958 2384 3201 2441 ediscere
3244 2386 3553 2456 quatrimus.
3579 2385 3734 2454 Quod
3766 2401 3907 2441 vero

2306 2474 2519 2549 signum
2542 2473 2609 2529 de
2634 2475 2765 2529 caelo
2796 2475 3085 2545 petebant?
3126 2473 3198 2531 Ut
3234 2460 3401 2529 solem
3430 2476 3664 2540 sisteret,
3697 2478 3775 2530 vel
3804 2477 3901 2529 lu-

2309 2581 2428 2620 nam
2461 2565 2713 2627 i‘renaret.
2764 2576 2857 2622 aut
2903 2566 3123 2621 fulmina
3156 2570 3411 2633 mitteret,
3439 2578 3525 2621 aut
3553 2582 3731 2622 aerem
3769 2582 3903 2621 mti-

2307 2666 2463 2727 taret,
2510 2671 2600 2715 aut
2635 2660 2760 2730 quid
2808 2661 3001 2717 simile.
3045 2661 3181 2728 Quid
3224 2662 3380 2732 igitur
3402 2662 3475 2717 ait
3505 2661 3655 2729 ipse?
3684 2658 3903 2732 Faciem

2304 2752 2414 2806 ceti
2442 2752 2722 2823 diiudicare
2743 2754 2899 2817 scitis,
2932 2755 3078 2825 signa
3101 2770 3217 2809 vero
3234 2764 3511 2824 temporum
3536 2769 3636 2809 non
3659 2753 3905 2822 potestis!

2306 2843 2523 2899 Vidistis
2555 2846 3015 2902 mansuetudinem
3042 2857 3097 2901 et
3124 2845 3581 2919 moderationem?
3604 2844 3718 2901 Non
3744 2845 3902 2901 enim

2304 2944 2358 2990 ut
2390 2936 2535 3005 prius
2576 2936 2785 3007 negavit
2824 2948 2878 2992 et
2903 2937 3054 2999 dixit.
3087 2936 3207 2993 Non
3235 2936 3437 2992 dabitur
3465 2938 3511 2991 ei
3536 2941 3556 3003 (
3578 2935 3761 2990 Matth.
3795 2936 3898 2993 13.

2304 3028 2371 3082 59
2391 3026 2433 3099 ),
2465 3027 2559 3083 sed
2585 3041 2802 3082 causam
2832 3044 2929 3083 cur
2968 3044 3071 3083 non
3112 3028 3204 3085 det
3243 3026 3418 3097 aliert,
3449 3027 3655 3082 etiamsi
3681 3026 3753 3093 illi
3779 3044 3900 3083 non

2304 3131 2360 3176 ut
2382 3122 2649 3179 discerent
2675 3125 3081 3196 interrogarent.
3107 3125 3361 3194 Quianam
3391 3125 3550 3196 igitur
3567 3139 3722 3182 causa
3747 3125 3903 3185 erat?

2303 3212 2371 3270 Ut
2398 3214 2452 3269 iu
2471 3216 2623 3279 czelo,
2654 3216 2843 3287 inquit,
2870 3216 3013 3272 aliud
3039 3217 3250 3288 signum
3270 3227 3353 3272 est
3376 3218 3725 3291 tempeatatis,
3744 3216 3901 3275 aliud

2301 3308 2717 3377 tranquillitatis,
2767 3324 2868 3365 nec
2895 3310 3014 3380 quis
3038 3319 3326 3379 conSpecto
3356 3306 3685 3378 tempestatis
3707 3300 3895 3379 signo,

2302 3400 2734 3470 tranquillitatem
2778 3411 3070 3471 exspectat,
3102 3417 3274 3473 neque
3305 3403 3358 3456 in
3388 3402 3765 3472 tranquillitate
3792 3416 3899 3459 se-

2300 3498 2425 3546 rena
2449 3500 2816 3559 tempestatem
2850 3508 2864 3544 :
2891 3491 2969 3546 sic
2994 3491 3061 3546 de
3101 3506 3189 3546 me
3216 3506 3427 3562 quoque
3452 3492 3896 3547 existimandum.

2299 3582 2453 3638 Aliud
2480 3584 2623 3639 enim
2667 3592 2751 3637 est
2781 3593 2988 3653 tempus
3019 3582 3178 3652 hujus
3200 3584 3479 3655 adventus,
3508 3583 3652 3639 aliud
3699 3586 3895 3653 futuri.

2300 3676 2451 3731 Nunc
2475 3691 2611 3747 opus
2638 3686 2723 3737 est
2762 3677 2929 3746 signis
2954 3676 3082 3743 illis,
3108 3692 3226 3747 quae
3255 3677 3306 3732 in
3340 3687 3478 3731 terra
3508 3668 3741 3743 dantur;
3762 3694 3899 3748 quae

2300 3770 2354 3825 in
2383 3770 2515 3825 curio
2540 3779 2741 3836 autem,
2766 3756 2817 3823 in
2847 3769 2975 3823 illud
3020 3778 3231 3838 tempus
3256 3754 3622 3825 reservantur.
3650 3770 3797 3839 Nunc
3826 3785 3898 3829 ut

2301 3861 2540 3916 medicus
2558 3860 2700 3926 veni,
2729 3868 2853 3914 tunc
2879 3868 2936 3914 ut
2972 3860 3134 3930 judes
3160 3859 3357 3922 adero;
3390 3876 3534 3915 nunc
3567 3870 3623 3917 ut
3648 3877 3894 3933 ιιυτιιηηι

2299 3967 2395 4008 eos
2422 3953 2510 4023 qui
2548 3960 2884 4016 erraverunt,
2931 3958 3059 4006 tunc
3088 3960 3144 4005 ut
3182 3952 3417 4007 rationes
3441 3964 3700 4022 repetam.
3731 3953 3897 4009 Ideo-

2296 4045 2591 4113 quolatens
2620 4042 2771 4106 veni;
2802 4052 2927 4098 tunc
2952 4042 3160 4113 publice
3185 4055 3239 4099 et
3266 4044 3437 4112 palam
3479 4048 3638 4101 ctelos
3662 4050 3891 4107 convol-

2298 4152 2438 4203 vam,
2460 4137 2628 4191 solem
2658 4134 2999 4199 abscondam,
3022 4136 3200 4189 lunam
3224 4149 3330 4188 non
3356 4135 3527 4191 sinam
3556 4142 3682 4191 dare
3708 4139 3892 4194 lucem

2299 4242 2465 4282 suam.
2496 4226 2646 4281 Tunc
2665 4229 2887 4280 virtutes
2913 4226 3163 4293 caelorum
3201 4226 3571 4290 movebuntur,
3598 4229 3895 4284 adventus-

2298 4331 2400 4387 que
2439 4331 2590 4370 meus
2618 4316 2806 4370 similis
2835 4315 2937 4370 erit
2975 4313 3163 4383 iulgUri
3202 4313 3481 4370 confestim
3509 4318 3750 4372 omnibus
3780 4335 3889 4390 ap-

2298 4412 2522 4482 parenti.
2544 4408 2649 4464 Sed
2669 4424 2774 4465 non
2790 4419 2871 4464 est
2890 4408 2999 4479 jam
3023 4416 3231 4478 tempus
3258 4407 3556 4477 huiusmodi
3585 4412 3887 4478 signorum.

2294 4505 2427 4561 Nam
2456 4506 2572 4559 veni
2603 4504 2891 4557 moriturus
2921 4510 2974 4557 et
3006 4502 3306 4571 turpissima
3341 4516 3613 4571 passurus.
3639 4503 3751 4557 Non
3782 4521 3890 4558 an-

2294 4598 2449 4653 dislis
2495 4596 2809 4665 prophetam
2858 4594 3121 4649 dicentem
3168 4612 3181 4648 :
3229 4592 3350 4647 Non
3391 4598 3674 4660 contendet,
3724 4613 3894 4665 neque

2295 4688 2551 4752 clamabit,
2579 4701 2739 4755 neque
2776 4685 3008 4739 audietur
3036 4685 3160 4755 foris
3186 4700 3284 4738 vox
3314 4685 3458 4754 ψη(
3489 4683 3613 4739 Isai.
3648 4686 3736 4743 di.
3767 4687 3801 4739 ἳ
3822 4687 3842 4758 )
3861 4689 3893 4743 ἲ

2295 4789 2348 4834 et
2372 4779 2531 4833 alium
2558 4791 2741 4833 rursus
2773 4794 2787 4829 :
2816 4774 3092 4830 Descendet
3119 4776 3246 4829 sicut
3274 4774 3444 4844 pluuia
3464 4776 3691 4832 invellus
3709 4776 3888 4847 (Psal.

2295 4872 2384 4926 τι.
2414 4871 2499 4939 6)?

2366 4967 2418 5021 ὅ.
2442 4966 2594 5033 Quod
2621 4966 2663 5018 si
2692 4978 2753 5017 ea
2784 4964 2931 5033 signa
2961 4962 3137 5017 dicant
3163 4978 3285 5031 qua:
3308 4962 3405 5017 sub
3442 4960 3718 5017 Pharaone
3747 4963 3896 5018 facta

2291 5066 2439 5123 sunt,
2466 5070 2597 5110 sane
2640 5054 2729 5110 illo
2776 5066 3013 5123 tempore
3053 5054 3119 5107 ab
3144 5052 3296 5111 hoste
3333 5054 3462 5122 eripi
3489 5055 3788 5123 oportebat,
3818 5068 3895 5113 ac

2293 5148 2411 5218 jure
2432 5148 2519 5202 illa
2550 5146 2745 5201 ﬁebant
2773 5146 2919 5214 signa
2954 5162 2967 5198 :
3002 5144 3073 5199 illi
3100 5154 3298 5207 autem,
3326 5145 3413 5215 qui
3444 5146 3508 5198 ad
3547 5148 3751 5200 amicos
3780 5147 3889 5199 ad-

2297 5242 2458 5307 venit,
2493 5256 2597 5295 non
2627 5254 2762 5309 Opus
2788 5248 2871 5294 est
2899 5240 3063 5308 signis
3091 5238 3212 5295 illis.
3249 5237 3527 5306 Quomodo
3564 5248 3738 5299 autem
3767 5256 3878 5295 ma-

2296 5349 2396 5404 gna
2416 5334 2502 5387 illa
2524 5333 2682 5399 dabo,
2709 5346 2828 5387 cum
2851 5346 3010 5401 parva
3030 5346 3133 5385 non
3155 5331 3477 5387 credantur?
3498 5336 3662 5385 Parva
3682 5333 3894 5387 scilicet

2294 5435 2550 5498 quantum
2594 5425 2659 5478 ad
2704 5424 3137 5488 ostentationem,
3186 5439 3306 5477 nam
3353 5424 3456 5477 illis
3492 5424 3686 5478 virtute
3712 5424 3889 5479 multo

2298 5518 2499 5587 majora
2546 5525 2687 5570 sunt.
2734 5514 2869 5582 Quid
2913 5516 3055 5569 enim
3105 5530 3199 5582 par
3248 5516 3403 5567 fuerit
3432 5524 3766 5585 peccatorum
3797 5530 3892 5569 re-

2296 5608 2575 5666 missioni?
2619 5607 2744 5677 quid
2789 5615 2892 5661 tam
2940 5608 3182 5661 mirabile
3228 5607 3383 5661 inerit
3431 5621 3587 5676 quam
3614 5616 3887 5661 mortuum

2296 5704 2585 5765 suscitare,
2636 5700 2908 5755 daemonas
2956 5698 3188 5768 pellere,
3234 5713 3429 5768 corpus
3472 5698 3799 5761 reformare,
3826 5707 3887 5753 es

2298 5796 2475 5852 omnia
2524 5793 2860 5851 restaurare?
2902 5792 2981 5847 Tu
3022 5806 3147 5847 vero
3192 5806 3287 5847 cor
3331 5806 3513 5846 eorum
3553 5798 3875 5845 occtecatutn
