4170 6532
224 495 327 551 529

221 608 532 672 considera,
566 607 656 677 qui
685 622 803 661 tum
831 607 1125 667 audissent,
1154 602 1369 671 Signum
1395 619 1493 655 non
1529 602 1727 656 dabitur
1752 602 1822 654 eis

222 702 316 753 nisi
357 702 572 770 signum
607 698 757 753 lana:
785 699 1068 768 praphette,
1117 711 1220 748 non
1270 680 1631 764 interrogant.-
1664 693 1824 763 Atqui

220 797 505 864 oportebat
554 810 676 855 eos,
721 796 805 863 qui
853 793 1162 864 prophetam
1215 798 1506 853 noverant,
1539 789 1823 857 omniaque

222 898 341 941 tunc
368 900 548 957 gesta,
581 896 636 942 et
662 888 773 938 hac
808 886 916 954 jam
952 885 1126 937 denuo
1156 881 1454 944 audiebant,
1488 879 1743 935 sciscitari
1770 887 1824 933 et

217 979 451 1043 discere,
500 992 607 1030 cur
648 976 746 1030 hoc
781 976 1091 1029 diceretur:
1121 972 1235 1039 sed,
1283 971 1421 1041 quod
1459 971 1589 1036 dixi,
1620 985 1722 1025 non
1754 985 1820 1023 ex

216 1069 457 1123 discendi
490 1066 766 1121 desiderio
792 1068 891 1120 hoc
923 1064 1218 1134 proferunt.
1246 1062 1473 1131 Ideoque
1498 1060 1696 1115 relictis
1717 1060 1822 1113 illis

216 1160 363 1213 abiit.
390 1160 447 1215 5.
485 1159 557 1211 Et
599 1175 709 1212 cum
745 1158 1008 1221 venissent,
1056 1156 1244 1225 inquit,
1274 1153 1507 1221 discipuli
1546 1152 1654 1222 ejus
1682 1162 1821 1216 trans

216 1256 423 1323 fretum.
456 1252 608 1304 obliti
634 1260 746 1303 sunt
776 1265 932 1317 panes
957 1247 1200 1317 accipere.
1230 1248 1283 1299 ϐ.
1314 1244 1462 1299 Iesus
1498 1254 1663 1297 autent
1690 1243 1819 1297 dixit

215 1342 315 1395 illis
341 1357 361 1395 :
402 1340 589 1395 Videte
617 1353 661 1395 et
691 1350 854 1393 ettvete
877 1356 909 1391 α
934 1343 1176 1410 fermento
1206 1336 1581 1390 Pliaristzorum
1611 1348 1657 1390 et
1678 1336 1819 1391 Sad-

217 1436 538 1487 dura'orum.
594 1433 701 1487 Cur
742 1447 843 1487 non
886 1431 1038 1494 dixit,
1084 1428 1278 1485 Cavete
1307 1444 1336 1483 a
1366 1428 1648 1483 ἀοριτίηεῖ
1698 1427 1821 1483 Vult

215 1533 357 1579 certe
384 1524 522 1592 ipsis
552 1540 673 1593 qua:
694 1534 838 1593 gesta
862 1521 1068 1575 fuerant
1105 1521 1155 1573 in
1188 1519 1498 1572 memoriam
1534 1534 1816 1587 revocare;

215 1615 419 1669 sciebat
450 1614 603 1668 enim
644 1615 755 1681 iam
783 1626 902 1667 esse
927 1612 1141 1665 oblitos.
1170 1610 1274 1665 Sed
1306 1610 1619 1680 simpliciter
1657 1624 1816 1664 accu-

214 1720 334 1760 sare
378 1720 492 1759 non
547 1704 827 1759 videbatur
858 1712 981 1756 tunc
1004 1711 1358 1771 opportunum
1398 1714 1561 1755 esse:
1610 1714 1814 1766 verum,

215 1800 504 1854 occasione
532 1798 603 1851 ab
628 1797 729 1851 illis
756 1806 991 1865 accepta.
1036 1795 1308 1862 increpare
1339 1793 1456 1847 illos
1486 1792 1815 1847 tolerabilem

217 1888 476 1943 reddebat
523 1888 938 1942 accusationem.
990 1885 1056 1939 Et
1104 1900 1199 1959 cur
1243 1900 1346 1937 non
1379 1894 1499 1938 tunc
1527 1883 1817 1954 increpavit

216 1995 305 2033 eos
329 1994 455 2033 cum
486 1979 759 2043 dixerunt,
797 1976 943 2032 Unde
970 1976 1111 2030 nobis
1140 1977 1192 2029 in
1221 1976 1492 2029 solitudine
1516 1985 1585 2029 tot
1622 1993 1775 2044 panes
1793 1978 1819 2031 ?

217 2070 348 2125 Nam
383 2081 518 2125 tunc
564 2070 877 2124 videbantur
907 2069 1020 2122 haec
1064 2076 1361 2137 opportune
1398 2068 1499 2123 dici
1534 2084 1709 2138 posse.
1740 2069 1818 2124 Nc

218 2162 490 2215 videretur
518 2160 586 2215 ad
610 2162 817 2230 signum
850 2159 1147 2214 faciendum
1175 2175 1409 2215 currere.
1452 2161 1697 2231 Alioquin
1723 2177 1818 2216 au-

218 2261 319 2306 tem
348 2253 571 2308 nolebat
594 2267 773 2307 coram
798 2254 963 2306 turbis
988 2252 1103 2306 illos
1125 2267 1368 2320 arguere,
1397 2254 1475 2307 vel
1498 2269 1617 2308 sese
1637 2265 1817 2310 osteno

219 2355 349 2397 tare.
403 2343 564 2399 Nunc
610 2358 740 2398 vero
795 2344 1146 2414 opportunior
1195 2346 1483 2406 accusatio,
1537 2348 1655 2413 quia
1698 2357 1818 2416 post

217 2433 410 2503 duplex
443 2434 763 2489 miraculum
798 2435 929 2489 tales
958 2445 1130 2489 erant.
1184 2434 1385 2489 Idcirco
1412 2452 1531 2488 eum
1559 2436 1699 2490 aliud
1736 2437 1813 2492 le-

217 2525 377 2577 cissigt
434 2526 792 2585 miraculum,
852 2535 975 2579 tunc
1030 2527 1300 2595 increpat,
1364 2529 1817 2598 cogitationesque

220 2614 454 2684 ipsorum
492 2617 547 2669 in
579 2617 809 2671 medium
842 2616 1101 2684 producit.
1127 2618 1257 2683 Quid
1284 2633 1445 2689 porro
1473 2620 1815 2689 Cogitabam?

220 2705 270 2759 7.
298 2706 433 2773 Quia
464 2723 626 2775 panes
657 2725 755 2760 non
782 2724 1083 2779 accepimus,
1111 2709 1292 2777 inqn.t.
1321 2710 1507 2764 Adhuc
1534 2713 1672 2765 enim
1695 2728 1817 2781 pur-

172 2854 175 2855 .
218 2799 524 2866 sationibus
571 2797 804 2851 .ludaicis
849 2810 999 2852 erant
1048 2798 1260 2861 addico,
1313 2815 1541 2854 necnon
1570 2803 1813 2857 ciborum

220 2888 722 2955 observationibus;
777 2889 1000 2959 ideoque
1038 2905 1223 2944 eorum
1269 2892 1503 2945 ontnium
1536 2907 1693 2947 causa
1723 2910 1813 2947 ve-

221 2977 525 3033 hementius
554 2980 605 3033 in
632 2980 747 3034 illos
770 2980 1054 3045 invehitur,
1083 2980 1266 3035 dicens
1298 2998 1309 3033 :
1345 2981 1396 3036 8.
1427 2981 1562 3047 Quid
1584 2984 1814 3052 cogitatis

220 3071 268 3122 in
295 3070 431 3124 vobis
454 3072 606 3140 ipsis,
638 3071 848 3123 modica:
876 3072 1025 3138 ﬁdei,
1053 3072 1188 3140 quod
1218 3088 1371 3135 panes
1400 3089 1497 3126 non
1539 3076 1765 3143 ceperitis
1788 3075 1814 3128 .9

221 3163 271 3216 9.
312 3162 557 3217 Nondum
584 3163 877 3232 intelligitis.
909 3173 1064 3231 neque
1092 3164 1460 3218 recordamini?
1478 3164 1811 3220 Occmcatum

219 3264 297 3306 est
321 3270 414 3307 cor
438 3263 699 3317 vestrum,
739 3254 920 3306 oculos
966 3253 1221 3306 habentes
1252 3270 1354 3307 non
1402 3254 1611 3321 videtis,
1654 3271 1814 3312 aures

223 3344 475 3401 habentes
508 3361 614 3399 non
641 3344 854 3399 auditis.
885 3343 1002 3399 Non
1028 3346 1363 3399 recordamini
1388 3349 1604 3417 quinque
1621 3366 1813 3421 panum

221 3437 269 3489 iis
291 3438 511 3507 quinque
535 3436 695 3490 millia
725 3437 1001 3499 hominum,
1022 3447 1066 3490 et
1086 3448 1202 3507 quot
1225 3439 1468 3508 cep/tinus
1487 3442 1814 3508 sumpsistis.’

222 3525 305 3581 l0.
333 3545 493 3595 neque
516 3538 704 3596 septem
740 3544 949 3597 panum,
991 3528 1041 3581 in
1073 3539 1287 3596 quatuor
1332 3530 1492 3583 millia
1529 3531 1809 3601 hominum,

217 3630 263 3670 et
285 3631 400 3689 quot
427 3633 631 3692 sportas
653 3622 937 3689 sumpsisti:
955 3621 980 3673 ?

285 3709 584 3782 lncrepatio
631 3713 1005 3765 mansuetudini
1042 3715 1311 3783 conjuncta
1343 3715 1502 3770 utilis.
1528 3746 1600 3755 —
1629 3717 1813 3774 Vidcu’

222 3803 469 3869 grandem
499 3802 953 3871 indignationem?
981 3803 1160 3873 Neque
1186 3819 1406 3874 usquam
1437 3806 1559 3861 alibi
1602 3808 1813 3863 videtur

224 3890 335 3945 iiIOs
363 3895 441 3948 sic
474 3895 798 3963 increpasse.
834 3893 938 3949 Cur
968 3910 1094 3963 ergo
1122 3898 1188 3949 ita
1232 3896 1389 3951 facit?
1421 3896 1486 3952 Ut
1518 3914 1702 3955 rursus
1730 3901 1808 3954 ci-

225 3982 404 4036 borum
436 3986 828 4039 observationis
854 3987 1158 4053 OpiniOttettt
1180 3988 1498 4045 eliminaret.
1524 3992 1646 4047 Ideo
1665 3995 1807 4048 enim

224 4082 341 4128 tunc
365 4075 582 4130 diccbat
612 4084 836 4139 tantum,
869 4077 992 4131 Sine
1019 4078 1271 4132 intellectu
1306 4083 1442 4147 estis,
1474 4098 1576 4135 non
1616 4083 1805 4138 intelli-

222 4165 364 4233 gitis;
399 4167 485 4221 hic
518 4183 645 4221 vero
682 4170 1027 4224 vehementer
1056 4172 1380 4241 increpando
1410 4176 1558 4241 dicit,
1590 4176 1810 4232 Modica:

225 4258 353 4313 ﬁdei.
412 4258 535 4312 Non
595 4262 735 4313 enim
795 4262 985 4331 ubique
1036 4267 1493 4323 mansuetudinem
1550 4270 1808 4326 adoibere

222 4356 442 4414 oportet.
476 4348 549 4404 Ut
576 4349 716 4402 enim
760 4350 1001 4406 liduciam
1034 4354 1162 4423 ipsis
1190 4356 1458 4413 indiderat
1489 4379 1501 4413 :
1532 4362 1609 4414 sic
1638 4372 1692 4416 et
1720 4363 1805 4415 in-

223 4450 414 4505 crepat,
444 4439 552 4493 hac
595 4442 847 4497 varietate
892 4446 1043 4498 saluti
1078 4463 1262 4501 eorum
1297 4452 1644 4519 prospiciens.
1677 4452 1806 4508 Vide

223 4541 389 4582 autem
416 4544 468 4583 et
501 4532 914 4600 increpationcm
972 4546 1023 4589 et
1052 4553 1153 4590 una
1184 4542 1641 4597 mansuetudinem
1668 4546 1806 4598 mul—

224 4626 340 4672 tam.
376 4619 508 4674 Nam
540 4635 659 4675 sese
684 4621 793 4676 fere
822 4639 1053 4694 purgas
1083 4628 1223 4695 quod
1252 4631 1367 4684 illos
1390 4646 1577 4700 aspere
1602 4636 1807 4705 arguis-

223 4719 316 4773 εει,
341 4710 412 4763 ait
440 4729 451 4763 :
484 4708 729 4763 Nondum
755 4715 1032 4786 intelligitis
1048 4721 1271 4789 quinque
1312 4738 1468 4790 panes
1494 4724 1548 4776 in
1587 4727 1806 4796 quinque

222 4799 389 4865 millia,
419 4812 463 4855 et
491 4813 613 4868 quot
639 4805 881 4873 caphinos
910 4810 1229 4877 sumpsistis?
1261 4822 1306 4865 et
1328 4824 1517 4880 septem
1562 4833 1715 4885 panes
1749 4819 1803 4873 in

223 4902 424 4957 quatuor
448 4896 631 4961 millia,
670 4907 716 4950 et
757 4910 873 4966 quot
892 4912 1089 4969 sportas
1114 4906 1432 4975 sumpsistis?
1462 4907 1585 4963 Ideo
1610 4926 1800 4967 nume-

222 4994 328 5036 rum
374 4986 532 5041 atTert
574 4997 680 5042 tam
727 5006 911 5045 eorum
956 4996 1045 5064 qui
1075 4998 1436 5065 comederant,
1485 5017 1640 5070 quam
1676 5007 1800 5061 reli-

224 5076 450 5141 quiarum
474 5098 490 5145 ;
518 5088 575 5132 ut
607 5080 710 5135 illis
738 5084 896 5140 simul
926 5087 979 5140 in
1009 5091 1318 5145 memoriam
1347 5106 1625 5151 revocaret
1662 5114 1798 5167 pra:-

225 5166 385 5233 tct'ita,
411 5180 462 5224 ct
506 5170 573 5223 ad
611 5171 783 5227 futura
830 5175 972 5244 ipsos
1009 5182 1319 5237 attentiores
1350 5183 1615 5241 redderet.
1653 5166 1716 5243 Et
1744 5200 1802 5245 ut

223 5252 402 5353 discas,
424 5270 682 5329 quantum
706 5265 873 5332 potuit
896 5267 1203 5338 increpatio,
1224 5282 1385 5343 utque
1406 5278 1797 5336 somnolentum

226 5358 443 5440 ipsorum
476 5362 710 5408 mentem
737 5360 985 5424 erexerit,
1009 5362 1129 5415 audi
1151 5365 1273 5434 quid
1295 5365 1439 5421 dicat
1452 5372 1797 5440 evangelista.

225 5432 341 5531 liam
366 5455 486 5495 eum
510 5441 667 5498 Jesus
694 5445 821 5499 nihil
846 5450 1071 5519 amplius
1091 5432 1331 5520 dixisset,
1355 5459 1447 5511 sed
1472 5432 1799 5531 increpasset

226 5524 326 5583 lucc
371 5541 575 5587 tantum
627 5535 894 5603 addendo,
938 5541 1025 5594 ll.
1062 5543 1326 5606 Quomodo
1366 5564 1468 5601 non
1497 5524 1795 5623 intelligitis,

227 5633 293 5713 itte
332 5638 428 5677 non
483 5642 515 5678 α
566 5644 698 5696 pane
745 5645 918 5685 cavere
960 5634 1147 5689 dixisse
1195 5639 1349 5701 vobis,
1382 5642 1470 5694 sed
1494 5658 1525 5695 α
1555 5647 1796 5713 [erinento

230 5707 587 5803 l’lmristeorum
634 5730 681 5773 et
724 5720 1164 5782 Saddueaiorum?
1208 5731 1388 5786 subdit
1424 5707 1793 5803 evangelista:

230 5799 305 5853 Η.
338 5803 472 5860 Tunc
492 5809 871 5879 intellexerunt,
898 5818 1019 5883 quia
1043 5836 1141 5872 non
1168 5821 1368 5876 dia‘erat
1391 5799 1663 5881 canendum
1692 5846 1800 5885 esse

225 5909 253 5946 α
264 5894 502 5963 fermento
529 5904 703 5973 panis,
733 5905 821 5961 sed
857 5926 888 5961 a
914 5909 1139 5966 doctrina
1169 5912 1549 5975 Pharius-orum
1571 5933 1617 5979 et
1652 5924 1790 5979 Sad-

1266 490 1325 544 ΙΝ
1369 488 1772 545 ΜᾹΤΤΙΙέΕυΜ
1814 488 2040 543 llOMlL.
2084 488 2213 543 Llll.
2256 491 2323 545 al.
2368 490 2502 545 LIV.

3418 493 3525 548 550

1937 604 2259 672 dumorum;
2286 605 2489 660 etiamsi
2519 606 2604 661 ille
2638 605 2751 659 lure
2779 620 2883 659 non
2916 605 3094 659 luisset
3122 605 3519 676 in'erptetatus.

1937 695 2065 750 Vide
2091 705 2285 766 quanta
2319 696 2451 751 bona
2476 698 2714 752 attulerit
2745 698 3055 767 increpatio.
3081 695 3212 751 Nam
3234 713 3263 751 a
3286 697 3525 754 Judaicis

1928 785 2390 842 observationibus
2421 788 2541 844 illos
2569 788 2811 852 abduxit,
2857 799 2907 843 et
2950 788 3207 843 socordes
3235 801 3413 853 antea,
3446 788 3523 842 le-

1928 876 1999 930 cit
2023 878 2357 945 attentiores,
2405 889 2564 947 atque
2609 894 2637 931 a
2681 878 2799 932 lidei
2836 878 3202 934 imbecillitate
3232 881 3517 943 revocavit.

1927 967 1997 1021 ita
2030 978 2084 1022 ut
2107 983 2210 1022 non
2244 971 2482 1035 timeant,
2510 986 2681 1040 neque
2711 970 3016 1035 formident,
3063 973 3106 1025 si
3145 972 3360 1041 quando
3388 989 3520 1042 pau-

1926 1075 2018 1115 cos
2050 1076 2211 1131 panes
2253 1062 2502 1129 habeant,
2548 1079 2722 1133 neque
2750 1064 2817 1117 de
2863 1063 3002 1118 fatue
3048 1065 3280 1119 cavenda
3307 1066 3518 1120 solliciti

1925 1151 2053 1217 sint,
2084 1151 2175 1206 sed
2208 1152 2320 1208 lucc
2347 1155 2524 1207 omnia
2549 1164 2913 1217 contemnant.
2948 1155 3025 1210 Ne
3049 1156 3226 1224 itaque
3257 1172 3354 1212 nos
3376 1172 3513 1211 sem-

1927 1256 2023 1310 per
2045 1243 2302 1296 assentari
2347 1244 2574 1300 subditis
2596 1245 2846 1311 velimus,
2881 1230 2978 1300 nec
3005 1257 3257 1315 optemus
3286 1257 3341 1300 ut
3366 1247 3399 1301 ii
3427 1252 3516 1316 qui

1926 1333 2080 1387 nobis
2120 1345 2357 1404 prmsunt
2396 1335 2551 1390 nobis
2580 1337 2936 1391 adolentur‘.
2966 1323 3095 1390 Nam
3130 1350 3356 1408 utroque
3386 1353 3521 1409 Opus

1926 1423 2085 1481 habet
2133 1441 2281 1482 mens
2316 1427 2551 1483 humana
2596 1428 2852 1483 remedio.
2903 1428 3027 1483 Ideo
3077 1430 3216 1484 Deus
3243 1444 3330 1486 res
3363 1432 3521 1500 hujus

1925 1514 2109 1570 mundi
2148 1516 2225 1571 sic
2267 1517 2630 1583 administrat,
2660 1534 2722 1573 ac
2744 1519 2904 1573 modo
2940 1518 3062 1581 hoc,
3098 1519 3258 1573 modo
3284 1520 3413 1574 illud
3442 1518 3522 1573 fa-

1922 1611 2015 1675 cit,
2063 1625 2234 1680 neque
2280 1610 2420 1665 bona
2475 1612 2770 1677 manentia,
2828 1626 3002 1680 neque
3055 1611 3189 1665 mala
3221 1613 3347 1666 sinit
3376 1626 3517 1665 esse.

1922 1700 2381 1768 Quemadmodum
2407 1701 2549 1756 enim
2572 1700 2733 1756 modo
2754 1700 2890 1769 dies,
2914 1702 3073 1755 modo
3095 1716 3198 1755 nox
3214 1712 3329 1767 .est,
3359 1701 3519 1756 modo

1922 1802 2103 1860 testas,
2149 1793 2310 1849 modo
2357 1794 2673 1849 biemszsic
2721 1803 2776 1849 ct
2826 1794 2879 1847 in
2911 1793 3064 1849 nobis
3096 1793 3257 1848 modo
3282 1795 3399 1847 trist
3425 1795 3516 1855 tia,

1922 1885 2083 1940 modo
2127 1885 2411 1954 voluptas;
2474 1885 2633 1939 modo
2685 1886 2924 1951 morbus,
2978 1885 3139 1940 modo
3192 1886 3411 1939 sanitas.
3442 1883 3517 1937 Nc

1921 1992 2049 2047 ergo
2095 1977 2349 2031 miremur
2381 1976 2423 2031 si
2452 1986 2789 2046 mgrotemus,
2821 1975 3032 2046 quando
3049 1975 3209 2030 etiam
3232 1990 3353 2029 cum
3380 1976 3518 2029 bene

1924 2071 2162 2125 valemus
2190 2068 2490 2123 mirandum
2518 2081 2599 2123 cst
2616 2071 2657 2123 '.
2682 2068 2863 2139 Neque
2895 2070 3169 2122 turbemur
3189 2082 3307 2122 cum
3329 2068 3517 2122 dolore

1922 2160 2187 2231 angimur,
2238 2175 2360 2213 nam
2411 2158 2624 2229 quando
2667 2159 2982 2229 gaudemus,
3031 2160 3262 2213 maxime
3313 2158 3516 2213 turbari

1923 2268 2017 2322 par
2042 2261 2139 2307 est.
2168 2250 2357 2305 Omnia
2404 2251 2600 2321 quippe
2643 2249 2937 2305 secundum
2978 2257 3222 2304 naturam
3249 2261 3299 2303 et
3334 2264 3514 2304 rerum

1921 2342 2111 2396 seriem
2139 2342 2412 2396 eveniunt.

1992 2438 2044 2491 4.
2094 2435 2215 2493 Hinc
2240 2437 2341 2490 vita
2383 2436 2523 2488 bonis
2549 2444 2595 2487 et
2623 2434 2767 2487 malis
2793 2432 3063 2503 permixta.
3082 2461 3154 2473 —-
3178 2429 3376 2500 Ecquid
3408 2431 3477 2485 mi
3498 2461 3509 2470 -

1921 2528 2057 2583 raris
2087 2528 2129 2582 si
2181 2526 2297 2581 haac
2341 2526 2433 2580 tibi
2477 2526 2806 2594 contingant,
2858 2522 3073 2593 quando
3122 2524 3282 2577 etiam
3316 2524 3517 2579 Sanctis

1920 2622 2207 2692 Contigisse
2234 2619 2336 2675 vidi
2357 2618 2510 2673 unus?
2540 2618 2605 2674 Ut
2634 2626 2808 2671 autem
2837 2615 2964 2670 illud
2987 2616 3215 2678 ediscas,
3242 2630 3338 2685 age
3356 2630 3513 2684 quam

1922 2715 2080 2768 vitam
2108 2723 2264 2782 putas
2294 2711 2559 2779 voluptate
2592 2710 2800 2779 plenam
2825 2718 2877 2763 et
2902 2724 2930 2761 a
2960 2708 3186 2778 negotiis
3213 2715 3513 2770 vacmttem,

1922 2806 1972 2859 in
1999 2804 2227 2857 medium
2251 2802 2597 2856 adducamus.
2632 2798 2794 2855 Visne
2817 2798 3046 2854 Abraltzn
3076 2799 3238 2851 vitam
3267 2812 3297 2853 a
3321 2798 3513 2867 princi-

1922 2899 2009 2967 pio
2049 2895 2453 2951 examincmus?
2496 2894 2633 2960 Quid
2680 2908 2812 2963 ergo
2861 2892 2952 2947 ille
3002 2891 3228 2961 primum
3279 2890 3513 2945 audivit?

1922 2989 2175 3060 Egredere
2204 2989 2266 3041 de
2297 3000 2429 3041 terra
2456 2997 2542 3040 tua
2563 2997 2608 3040 et
2640 2986 2703 3039 de
2728 2986 3023 3057 cognatione
3042 2995 3126 3037 tua
3152 2983 3302 3055 (Gen.
3326 2985 3409 3039 12.
3440 2986 3510 3055 Ι).

1918 3081 2164 3137 Vidistin'
2192 3080 2499 3134 mandatum
2547 3079 2730 3131 dolore
2775 3076 3025 3146 plenum?
3076 3074 3181 3131 Sed
3230 3075 3350 3130 vide
3400 3092 3511 3132 rem

1921 3189 2231 3246 prosperam
2278 3172 2600 3227 succedere:
2632 3168 2695 3223 Et
2744 3169 2852 3223 veni
2889 3169 2941 3223 in
2970 3179 3155 3223 terram
3185 3185 3336 3236 quam
3367 3185 3512 3222 mon-

1917 3277 2139 3321 stravere
2170 3263 2279 3341 tibi,
2307 3274 2353 3317 et
2382 3263 2571 3334 faciam
2602 3273 2649 3315 te
2672 3262 2723 3315 in
2749 3272 2944 3333 gentem
2972 3259 3381 3330 magnam.Quid
3416 3261 3512 3331 igi-

1920 3359 2037 3414 tur?
2065 3374 2132 3413 an
2162 3358 2247 3412 ubi
2290 3357 2340 3411 in
2393 3366 2587 3410 terram
2635 3355 2798 3419 venit,
2844 3362 2898 3410 et
2940 3353 3006 3408 ad
3046 3365 3256 3423 portum
3288 3354 3510 3422 appulit,

1919 3452 2087 3508 tristia
2118 3448 2434 3506 cessarunt?
2462 3448 2836 3519 Nequaquam;
2863 3446 2969 3501 imo
2992 3446 3091 3499 alia
3112 3445 3377 3515 prioribus
3394 3462 3511 3515 gra-

1919 3544 2065 3598 viora
2094 3543 2239 3597 illnm
2264 3552 2623 3610 exceperunt;
2659 3539 2825 3593 fames
2851 3545 2905 3593 et
2933 3538 3350 3608 transmigratio,
3384 3554 3511 3590 uxo-

1917 3638 1993 3692 ris
2019 3647 2235 3705 raptus:
2263 3645 2317 3690 et
2341 3644 2521 3703 postea
2548 3634 2683 3687 bona
2714 3633 2813 3687 alia
2847 3640 3244 3692 successerunt,
3281 3632 3512 3685 Pharao.

1919 3729 2001 3783 nis
2025 3727 2196 3797 plaga,
2236 3725 2501 3788 dimissio,
2537 3723 2729 3789 honor,
2781 3722 2946 3776 multa
2993 3722 3079 3776 illa
3111 3721 3272 3784 dona,
3311 3722 3513 3775 reditus

1916 3822 2153 3877 domum.
2206 3819 2334 3887 Quae
2378 3824 2672 3887 sequuntur
2713 3830 2895 3871 autem
2936 3814 3124 3869 eadem
3156 3814 3296 3869 serie
3329 3830 3514 3882 prme-

1914 3912 2070 3977 dunt,
2096 3910 2248 3965 bonis
2278 3920 2331 3964 et
2373 3910 2528 3963 malis
2575 3908 2855 3979 permixta.
2899 3905 3170 3975 Apostolis
3200 3920 3411 3974 quoque
3438 3910 3513 3955 s2-

1918 4004 2060 4056 tnilia
2088 4010 2404 4055 evenerunt.
2438 3999 2559 4053 Ideo
2589 3997 2783 4052 Paulus
2810 3996 3054 4051 dicebat:
3091 3995 3191 4062 Qui
3224 3997 3513 4049 consolatur

1916 4110 2007 4146 nos
2038 4094 2089 4146 in
2127 4091 2262 4146 omni
2304 4089 2647 4153 tribulatione,
2691 4098 2743 4141 ut
2775 4087 3025 4158 possimus
3066 4097 3111 4140 et
3142 4102 3230 4139 nos
3261 4086 3512 4163 consolari

1915 4200 2017 4247 eos,
2053 4186 2134 4252 qni
2161 4184 2212 4236 in
2241 4184 2374 4236 omni
2404 4180 2733 4234 tribulatione
2760 4190 2875 4234 sunt
2924 4177 2996 4250 (2.
3031 4177 3149 4231 Cor.
3180 4179 3229 4231 l.
3263 4178 3339 4247 4).
3374 4178 3511 4245 Qu‘d

1917 4276 2033 4330 lucc
2054 4274 2119 4329 ad
2151 4288 2256 4341 me,
2284 4274 2510 4342 inquies,
2542 4272 2630 4341 qui
2655 4286 2869 4340 semper
2902 4271 2953 4324 in
2982 4270 3171 4324 dolore
3194 4275 3416 4324 versor?
3434 4270 3512 4324 Ne

1916 4370 2173 4437 ingratus,
2204 4381 2269 4419 ne
2294 4364 2676 4419 bent-liciorum
2703 4366 2985 4417 immemor
3004 4370 3121 4416 esto
3143 4377 3157 4415 :
3181 4375 3351 4432 neque
3367 4363 3509 4415 enim

1916 4460 2026 4513 lieri
2057 4465 2235 4528 potest
2262 4467 2319 4512 ut
2344 4456 2467 4527 quis
2496 4470 2708 4524 semper
2736 4455 2788 4508 in
2812 4453 2997 4508 dolore
3018 4463 3296 4508 versetur:
3329 4467 3431 4507 non
3457 4452 3507 4507 id

1914 4562 2102 4605 natura
2125 4549 2265 4603 ferre
2288 4558 2498 4617 posset;
2524 4546 2615 4600 sed
2639 4546 2760 4615 quia
2784 4559 2997 4613 semper
3017 4544 3069 4598 in
3092 4542 3285 4614 gaudio
3308 4543 3507 4597 verSari

1911 4642 2188 4701 Vellettttts,
2220 4639 2340 4693 ideo
2367 4653 2483 4691 nos-
2511 4652 2722 4706 semper
2753 4637 2803 4690 in
2833 4650 3066 4691 utterore
3093 4649 3212 4689 esse
3240 4643 3505 4703 putamus.

1911 4733 2094 4804 Neque
2124 4734 2221 4786 hac
2245 4731 2312 4786 de
2341 4746 2503 4787 causa
2532 4739 2754 4791 tantum,
2806 4727 2898 4782 sed
2931 4726 3053 4797 quia
3083 4727 3344 4780 bonarum
3391 4743 3510 4797 pro-

1908 4840 2293 4897 sperartunque
2315 4839 2492 4879 rerum
2512 4824 2690 4876 statim
2719 4821 3104 4886 obliviscimur,
3126 4819 3355 4873 tristium
3379 4834 3508 4874 vero

1908 4934 2124 4987 st-iuper
2150 4916 2512 4979 recordamur,
2535 4913 2732 4969 ἰάθη-ρο
2754 4928 2852 4967 nos
2878 4911 3158 4980 semperin
3186 4910 3372 4966 dolore
3388 4926 3510 4966 esse

1909 5011 2157 5064 dicimus.
2187 5009 2365 5078 Neque
2399 5009 2537 5059 enim
2574 5014 2749 5076 potest
2780 5004 2938 5058 homo
2977 5018 3193 5071 semper
3222 5004 3273 5056 in
3304 5000 3513 5057 dolori-

1910 5104 2010 5159 bus
2036 5119 2177 5158 esse.
2207 5103 2261 5157 Si
2298 5103 2469 5169 placet
2495 5110 2695 5164 autem,
2720 5114 2841 5153 eum
2869 5097 2956 5167 qui
2986 5097 3036 5150 in
3064 5095 3274 5151 deliciis
3293 5108 3509 5163 semper

1909 5198 2071 5251 vitam
2100 5196 2209 5265 agit
2235 5194 2599 5263 eitplorcmus,
2630 5190 2916 5246 delicatum
2947 5202 3162 5253 nempe,
3195 5186 3505 5241 afﬂuentem

1908 5287 2177 5352 omnibus,
2217 5300 2424 5340 necnon
2454 5298 2834 5345 a't‘utunostun,
2877 5280 3156 5345 amictum,
3190 5294 3241 5332 in
3273 5292 3507 5331 mmrore

1910 5388 2239 5437 versantem.
2262 5377 2395 5433 Nam
2419 5374 2906 5431 demonstrabimus
2930 5373 3100 5438 vobis,
3119 5384 3217 5425 nec
3243 5370 3391 5425 illum
3410 5368 3509 5423 do-

1912 5477 2061 5539 loris,
2092 5489 2191 5530 nec
2220 5473 2362 5527 hunc
2384 5470 2780 5541 tranquillitatis
2810 5482 3028 5537 prorsus
3056 5475 3332 5533 expertem
3362 5480 3502 5519 θήρ.

1913 5568 2109 5623 Verum
2128 5581 2193 5620 ne
2211 5564 2516 5619 turbemiui.
2550 5564 2894 5631 Supponatur
2922 5560 2972 5613 in
3008 5558 3185 5613 medio
3210 5557 3506 5611 consistere

1974 5752 2229 5823 f_Edi_ti.ut
2250 5751 2303 5823 in
2330 5758 2470 5799 textu
2497 5750 2697 5800 habent.
2724 5757 2854 5809 Mss,
2879 5762 2967 5799 nec
3006 5753 3224 5810 optemus
3250 5751 3298 5794 ut
3322 5745 3504 5795 subditi

1909 5814 2039 5863 nobis
2062 5814 2336 5863 adolentur.

1973 5879 1991 5906 ε
2010 5870 2126 5931 Alii,
2149 5886 2375 5937 nonrerqo
2421 5873 2701 5937 dolendum,
2742 5888 2783 5923 st
2808 5880 3112 5935 (egrotantns,
3138 5871 3334 5937 quando
3360 5873 3501 5922 etiam

1904 5952 2013 5989 cunt
2039 5937 2154 5989 bene
2181 5936 2409 5997 retentus,
2438 5935 2700 5986 detendunt
2721 5946 2808 5988 est.
