4170 6484
652 505 748 559 551

650 632 862 673 servum
892 613 1180 675 hominem,
1207 619 1260 664 et
1281 607 1438 662 alium
1472 620 1651 675 regem
1677 603 1927 672 juvenem
1954 612 2015 650 ac
2042 594 2216 665 pupil-

647 711 777 774 lum,
805 711 891 779 qui
914 704 1344 761 hereditatem'sit
1366 701 1629 770 ingentem
1650 701 1963 764 asseqnutus
1986 707 2001 745 ι
2027 701 2215 759 propo-

647 813 803 857 natur
818 802 974 854 etiam
997 795 1353 852 mercenarius
1379 793 1466 860 qui
1492 800 1603 844 toto
1629 788 1715 842 die
1742 787 1962 842 laboret.
1982 781 2219 848 aliusque

648 893 738 962 qui
769 899 1024 959 perpetuo
1049 889 1099 941 in
1126 885 1330 941 deliciis
1359 884 1516 935 vivat.
1551 879 1639 933 Vis
1669 878 1807 930 illius
1835 873 2056 942 primum
2081 882 2216 924 mai-

647 997 796 1042 rores
820 981 1186 1037 describamus
1212 978 1298 1047 qui
1323 976 1374 1030 in
1403 972 1601 1028 deliciis
1639 967 1801 1022 vivit?
1837 965 2018 1032 Cogita
2045 976 2215 1032 quan-

649 1086 755 1129 tum
784 1081 1028 1141 oporteat
1054 1071 1196 1125 illum
1231 1068 1481 1123 ﬂuctuare
1498 1073 1556 1153 et
1576 1060 1782 1130 agitari,
1807 1071 1927 1112 cum
1959 1053 2213 1154 majorem

642 1165 846 1236 appetit
871 1166 1112 1236 gloriam,
1145 1177 1299 1232 quam
1321 1149 1526 1227 assequi
1548 1154 1743 1226 possit;
1775 1166 1893 1206 cum
1914 1165 1940 1200 a
1964 1149 2218 1201 domesti-

644 1256 720 1310 cis
750 1254 1058 1325 dcspicitnr,
1086 1269 1113 1306 a
1142 1250 1433 1306 minoribus
1462 1244 1782 1300 contumelia
1813 1239 2069 1300 afficitur;
2093 1251 2213 1291 cum

645 1346 791 1400 mille
820 1344 977 1399 habet
1001 1353 1358 1405 accusatores,
1392 1337 1478 1407 qui
1510 1337 1624 1406 ejus
1657 1340 1899 1400 sumptus
1929 1330 2215 1383 immensos

642 1437 1061 1500 calumnientur;
1086 1444 1139 1504 et
1163 1435 1263 1486 alia
1287 1437 1544 1502 quotquot
1584 1430 1634 1482 in
1678 1426 1835 1479 tantis
1861 1421 2058 1476 divitiis
2082 1434 2213 1472 con-

648 1529 851 1598 tingere
876 1531 1066 1590 solent,
1097 1541 1214 1596 qua:
1242 1539 1308 1579 ne
1336 1523 1437 1577 dici
1483 1520 1694 1589 quidem
1720 1523 1968 1588 possunt;
2011 1521 2066 1566 ut
2092 1519 2214 1564 sunt

643 1620 949 1678 inimicitia.
995 1618 1332 1678 offensiones.
1365 1613 1747 1673 accusationes,
1791 1608 2001 1668 damna,
2034 1603 2214 1657 multa:

643 1712 849 1765 insidia:
877 1690 1194 1774 invidorum,
1225 1708 1310 1778 qui
1343 1721 1462 1762 cum
1487 1703 1812 1774 nonpossint
1839 1700 2047 1754 divitias
2073 1695 2212 1750 illius

645 1803 696 1857 in
726 1818 783 1856 se
811 1803 1115 1865 transferre,
1157 1801 1406 1870 juvenem
1452 1797 1681 1866 undique
1723 1793 2022 1854 traducunt,
2075 1788 2213 1842 lace-

641 1903 780 1960 rant,
811 1883 1117 1949 iunuineras
1163 1893 1260 1963 ipsi
1307 1900 1649 1960 tempestates
1687 1888 1938 1944 excitant.
1986 1883 2074 1937 Vis
2119 1878 2212 1935 tibi

642 1987 954 2048 mercenarii
984 1985 1122 2038 illius
1147 1985 1440 2052 voluptates
1464 1979 1801 2036 recenseam?
1830 1976 1910 2031 Ab
1937 1976 2018 2030 his
2039 1972 2214 2028 omni-

642 2075 738 2130 bus
767 2076 900 2130 liber
927 2084 1039 2130 est:
1063 2074 1267 2128 etiamsi
1309 2074 1427 2141 quis
1467 2071 1612 2124 illutn
1642 2067 1960 2123 contumelia
1994 2068 2207 2133 alliciat,

643 2180 746 2219 non
770 2164 935 2231 dolet,
967 2165 1178 2219 nemine
1207 2178 1265 2217 se
1291 2156 1546 2229 majorem
1591 2168 1756 2228 putat,
1789 2173 1892 2211 non
1925 2173 1986 2211 cx
2016 2157 2212 2211 divitiis

643 2253 812 2319 timet,
830 2269 950 2309 cum
970 2254 1235 2323 voluptate
1258 2252 1432 2306 cibum
1456 2249 1613 2316 capit.
1637 2263 1755 2302 cum
1779 2247 1971 2317 gaudio
1991 2246 2207 2301 dormit.

637 2343 752 2398 Non
782 2345 850 2397 ita
880 2344 1123 2397 laetantur
1145 2342 1305 2411 ii,qni
1328 2339 1581 2393 Thasium
1613 2339 1790 2392 vinum
1821 2345 2020 2404 potant,
2049 2346 2102 2390 ut
2122 2336 2211 2390 ille

635 2447 757 2486 cum
785 2433 895 2486 abit
932 2433 996 2484 ad
1029 2433 1198 2486 fontes
1221 2441 1275 2485 et
1298 2429 1365 2484 ad
1403 2444 1658 2496 aquarum
1705 2427 1899 2483 ﬂuenta
1931 2425 2208 2482 bibiturus.

635 2525 741 2582 Sed
770 2525 1055 2594 supradicti
1091 2524 1228 2578 illius
1275 2508 1381 2577 non
1415 2522 1530 2576 talis
1569 2531 1651 2575 est
1689 2520 1944 2575 conditio.
1986 2519 2136 2588 Quod
2164 2521 2208 2574 si

635 2615 750 2670 lucc
773 2629 878 2670 non
912 2615 1004 2670 tibi
1030 2615 1159 2668 satis
1185 2614 1311 2679 sint,
1345 2622 1402 2666 ut
1439 2611 1692 2681 majorem
1729 2611 1999 2664 victoriam
2025 2625 2211 2680 repor-

637 2715 764 2772 tem,
803 2721 918 2778 age,
962 2721 1135 2777 regem
1169 2707 1315 2761 illum
1361 2720 1480 2760 cum
1527 2720 1682 2759 servo
1721 2718 2114 2773 comparemus;
2156 2712 2210 2759 et

635 2813 778 2868 saepe
808 2797 1013 2853 videbis
1060 2797 1201 2852 hunc
1230 2797 1280 2852 in
1311 2798 1579 2865 voluptate
1623 2797 1914 2861 ludentem,
1945 2796 2197 2850 exsilien-

636 2899 771 2955 tcm,-
794 2889 938 2943 illum
971 2904 1095 2942 vero
1119 2886 1420 2942 diademate
1441 2896 1494 2941 et
1523 2902 1749 2955 purpura
1781 2895 2048 2949 ornatum,
2076 2900 2209 2941 ma:-

633 2992 858 3046 reutem,
891 2981 1034 3035 mille
1063 2979 1203 3035 curis
1234 2987 1500 3043 vexatum,
1537 2993 1644 3049 pra:
1686 2985 1827 3032 metu
1868 2979 2202 3032 morientem.

633 3071 810 3140 Neque
834 3072 972 3125 enim
996 3080 1186 3141 potest,
1230 3085 1334 3125 neu
1361 3079 1533 3140 potest
1573 3079 1714 3124 certe
1744 3070 1850 3122 vita
1880 3070 1994 3124 sine
2021 3069 2206 3125 dolore

632 3161 876 3230 reperiri,
927 3175 1026 3215 nec
1071 3161 1341 3230 voluptate
1385 3175 1601 3230 prorsus
1639 3175 1836 3214 vacua:
1867 3176 2035 3228 neque
2063 3162 2205 3216 enim

631 3261 814 3306 natura
845 3263 1022 3306 nostra
1053 3253 1190 3308 ferre
1217 3263 1416 3322 posset,
1447 3262 1502 3306 ut
1529 3252 1654 3307 dixi.
1684 3253 1832 3319 Quod
1861 3254 1904 3307 si
1935 3254 2020 3309 ille
2040 3257 2205 3326 magis

628 3345 839 3411 gaudet,
870 3344 957 3398 ille
987 3345 1104 3414 plus
1117 3343 1279 3411 dolet,
1311 3343 1360 3398 id
1386 3344 1453 3398 ah
1482 3338 1570 3398 illti
1601 3345 1714 3413 ipso
1737 3346 1825 3414 qui
1854 3346 1904 3399 iu
1929 3345 2110 3400 dolore
2127 3357 2206 3402 est

629 3435 996 3506 proﬁciscitur,
1017 3436 1137 3507 quia
1157 3437 1327 3505 pusilli
1351 3444 1432 3492 est
1452 3435 1632 3497 animi,
1655 3449 1756 3490 u0u
1779 3448 1953 3491 autem
1974 3452 2002 3489 a
2028 3453 2201 3492 rerum

629 3536 833 3579 natura.
865 3525 919 3580 Si
949 3526 1089 3580 enim
1118 3527 1342 3581 velimus
1388 3527 1691 3596 frequenter
1727 3525 1980 3596 gaudere,
2013 3527 2204 3582 multas

627 3614 884 3671 habemus
910 3618 1235 3672 occasiones.
1281 3617 1412 3670 Nam
1459 3616 1503 3670 si
1545 3616 1795 3670 virttitem
1825 3617 2197 3685 suscipiamus,

619 3695 758 3768 nihil
802 3707 1049 3776 deinceps
1097 3709 1288 3779 poterit
1335 3707 1576 3762 dolorem
1620 3707 1815 3764 inferre
1855 3709 2027 3764 nobis.
2083 3709 2204 3766 Ilzec

625 3798 766 3852 enim
789 3813 936 3866 spem
967 3800 1153 3852 bonam
1178 3799 1412 3869 suggerit
1436 3799 1498 3852 iis
1515 3799 1602 3869 qui
1633 3799 1772 3853 illam
1803 3811 2072 3864 exercent,
2095 3803 2201 3855 Deo

626 3899 802 3958 gratos
833 3890 1003 3945 reddit
1032 3901 1084 3944 et
1128 3890 1431 3946 hominibus
1460 3902 1728 3962 acceptos,
1775 3892 2199 3963 ini-ﬂabilemque

626 3980 781 4034 nobis
813 3982 1131 4050 voluptatem
1163 3984 1319 4048 parit:
1349 3982 1479 4036 Nam
1503 3983 1546 4036 si
1574 3982 1831 4038 laboriosa
1867 3984 1916 4036 in
1945 3986 2200 4041 exercitio

625 4070 794 4124 virtus
820 4081 920 4137 est,
965 4070 1056 4126 sed
1102 4073 1476 4127 conscientiam
1509 4074 1672 4128 multa
1719 4074 1885 4142 replet
1915 4075 2117 4143 l:ctitia,
2147 4087 2201 4133 et
2272 4127 2277 4132 .

625 4171 820 4216 tantam
849 4164 986 4217 intus
1013 4164 1248 4218 immittit
1273 4165 1614 4234 voluptatem,
1657 4178 1904 4234 quautam
1934 4183 2002 4223 ne
2028 4172 2199 4239 expli-

620 4269 743 4308 care
767 4253 980 4321 quidem
1011 4269 1308 4327 possumus.
1349 4255 1483 4323 Quid
1521 4257 1662 4310 enim
1689 4257 1895 4312 videtur
1923 4259 2013 4313 tibi
2037 4274 2200 4317 suave

624 4345 678 4400 in
703 4347 979 4414 praesentis
1001 4346 1122 4402 vitae
1146 4339 1335 4402 rebus?
1362 4360 1666 4416 sumptuosa
1690 4365 1890 4414 mensa,
1926 4352 2058 4407 bona
2081 4368 2200 4408 cor-

625 4441 770 4508 poris
795 4440 1061 4502 valetudo.
1094 4441 1279 4509 gloria,
1323 4441 1553 4512 divitiae?
1599 4441 1791 4498 Verum
1838 4445 1883 4498 si
1932 4445 2044 4500 lucc
2077 4462 2197 4516 quin

619 4529 793 4584 dulcia
842 4529 1103 4585 habentur
1150 4546 1268 4583 cum
1306 4532 1495 4588 virtute
1525 4533 1933 4600 comparaveris,
1961 4536 2195 4591 omnium

619 4620 963 4676 acerbissima
996 4621 1330 4676 videbuntur.
1379 4621 1516 4677 Nihil
1547 4612 1746 4694 quippe
1774 4625 2008 4691 suavius,
2036 4643 2193 4696 quam

614 4712 960 4775 conscientia,
995 4721 1049 4766 et
1071 4728 1193 4784 spes
1223 4713 1381 4767 bona.

689 4804 740 4859 5.
787 4802 841 4856 Si
871 4803 920 4866 id
949 4803 1152 4859 discere
1180 4805 1359 4870 vultis,
1389 4806 1494 4874 jam
1544 4807 1855 4863 moriturum
1901 4810 2190 4879 hominem,

619 4905 707 4950 aut
731 4910 911 4952 senem
937 4896 1206 4960 adeamus,
1225 4907 1279 4952 et
1299 4898 1397 4968 ipsi
1424 4899 1474 4952 in
1503 4908 1730 4954 mentem
1752 4914 2056 4959 revocantes
2083 4904 2195 4959 lau-

617 4997 722 5042 tam
756 5003 991 5042 mensam
1017 5004 1119 5057 qua
1143 5003 1268 5066 usus
1293 4997 1395 5057 est,
1414 4990 1630 5059 gloriam
1659 5001 1710 5045 et
1739 4991 2192 5058 honorem,etbo-

636 5106 3212 5132 _.__._________.__._.____________,_______________

1386 494 1442 548 S.
1481 486 1755 546 JOANNIS
1787 477 2254 538 CllliVSOSTOMl
2293 477 2607 534 ARCIIIEP.
2646 479 3181 534 CONSTAN‘HNOP.

3807 473 3909 529 552

2327 609 2390 646 na
2419 608 2578 662 Opera
2606 610 2722 662 qua:
2751 592 2876 648 fecit
2915 593 2968 647 in
3020 593 3153 655 vita;
3209 591 3594 660 interrogemus
3623 589 3690 645 de
3715 589 3910 661 quibus

2323 684 2490 754 magis
2516 682 2760 754 gaudeat,
2790 694 2842 739 et
2869 684 3163 739 videbimus
3191 683 3336 737 illum
3361 682 3428 738 de
3459 684 3561 738 illis
3586 683 3908 738 erubescere

2322 781 2376 828 et
2406 775 2603 842 pudore
2634 774 2792 837 allici,
2825 774 2891 828 de
2923 773 3005 827 bis
3033 789 3159 829 vero
3188 773 3476 828 exsultare.
3529 773 3618 828 Sic
3646 772 3906 828 Ezechias

2322 878 2438 918 cum
2465 864 2512 918 in
2543 864 2782 918 morbum
2807 864 2986 933 lapsus
3006 876 3105 928 est,
3134 881 3236 918 non
3259 863 3504 933 gloriam,
3529 879 3632 918 non
3657 879 3899 934 regnum,

2323 971 2426 1010 non
2456 957 2650 1010 lautam
2700 973 2937 1012 mensam
2980 957 3439 1022 commemoravit,
3490 957 3582 1012 sed
3617 956 3899 1026 justitiam.

2323 1045 2593 1109 Memento,
2633 1049 2819 1116 inquit,
2855 1046 3086 1112 Domine,
3131 1048 3262 1116 quod
3290 1047 3648 1101 ambulaverint
3689 1049 3745 1102 in
3779 1065 3902 1101 rou-

2319 1147 2490 1205 spcclu
2516 1148 2600 1190 tuo
2623 1138 2673 1190 in
2701 1138 2798 1190 vita
2818 1147 2953 1191 recta
2976 1138 3054 1208 (ι.
3086 1138 3210 1208 Reg.
3232 1137 3321 1192 20.
3347 1139 3400 1193 5.
3445 1137 3572 1192 lsai.
3603 1138 3692 1194 58.
3713 1138 3791 1208 5).
3820 1139 3904 1193 Vi-

2320 1226 2385 1279 de
2413 1227 2572 1281 etiam
2618 1218 2837 1282 Paulum
2885 1228 2951 1283 de
2995 1227 3079 1282 bis
3123 1227 3474 1282 exsultantem
3502 1243 3564 1282 ac
3593 1229 3862 1284 dicentem
3891 1248 3905 1282 ;

2319 1316 2515 1372 Bonum
2553 1329 2802 1374 certamen
2850 1321 3052 1387 certari,
3094 1338 3294 1375 cursum
3337 1324 3698 1389 consummavi,
3749 1322 3904 1391 [idem

2319 1411 2508 1462 servavi
2555 1410 2630 1481 (2.
2677 1409 2807 1468 Tim.
2856 1413 2907 1467 4.
2955 1413 3030 1483 7).
3064 1412 3168 1466 Sed
3209 1412 3332 1481 quid
3362 1413 3503 1467 aliud
3535 1415 3783 1483 amplius,
3817 1414 3899 1468 in-

2320 1501 2492 1567 quies,
2525 1512 2728 1569 poterat
2759 1503 2842 1556 bic
2871 1503 3085 1558 dicere?
3128 1503 3220 1558 llis
3248 1504 3400 1574 longe
3435 1505 3612 1572 plura;
3645 1505 3901 1572 honores,

2319 1590 2622 1644 satellitium
2649 1607 2754 1662 quo
2786 1594 3076 1658 fruebatur,
3108 1594 3412 1648 famulatum
3461 1610 3729 1666 maguum.
3785 1597 3902 1650 An-

2319 1695 2424 1733 non
2452 1680 2602 1736 audis
2622 1681 2768 1736 illum
2797 1681 3058 1738 dicentem
3081 1699 3094 1737 :
3122 1683 3266 1737 Sicut
3287 1686 3519 1754 angelum
3553 1684 3756 1740 Domini
3782 1703 3904 1740 stt:-

2318 1773 2519 1843 cepistis
2541 1790 2637 1838 uie,
2660 1774 2788 1827 sicut
2812 1773 3059 1828 Christum
3083 1773 3294 1840 Iesum;
3317 1786 3390 1841 et,
3418 1773 3480 1830 Si
3503 1778 3738 1846 possibile
3767 1779 3902 1848 [uis-

2319 1879 2409 1932 set,
2441 1869 2644 1921 avulsas
2674 1867 2842 1920 oculos
2870 1867 3128 1920 dedissetis
3169 1867 3293 1920 milii
3332 1867 3474 1937 (Gal.
3505 1871 3556 1923 4.
3587 1870 3674 1923 16.
3703 1870 3816 1940 15).
3847 1879 3904 1924 et

2318 1960 2456 2031 quod
2489 1976 2584 2029 pro
2609 1961 2783 2013 anima
2815 1959 2929 2028 ejus
2954 1959 3147 2013 colitnn
3179 1963 3557 2028 supposucriut
3587 1961 3774 2032 (Rom.
3809 1965 3900 2019 l6.

2317 2051 2531 2121 i)?Sed
2564 2051 2690 2104 nihil
2721 2050 2908 2104 horum
2938 2052 2986 2102 in
3019 2051 3250 2105 medium
3279 2051 3449 2116 alfert,
3481 2067 3663 2108 verum
3690 2054 3904 2110 labores

2324 2153 2561 2209 tantum,
2604 2142 2877 2210 pericula,
2921 2154 2971 2196 et
3019 2153 3244 2197 coronas
3293 2143 3415 2198 inde
3462 2154 3805 2214 reportatus:
3839 2161 3904 2202 ac

2312 2237 2433 2303 jure
2458 2234 2694 2305 quidem.
2727 2234 2854 2289 lia‘c
2872 2235 3014 2290 enim
3047 2235 3132 2289 hic
3157 2235 3547 2304 relinquuntur,
3577 2247 3770 2293 caetera
3799 2256 3902 2294 no-

2317 2326 2518 2381 biscum
2539 2325 2970 2395 proﬁciscuntur;
3005 2326 3213 2380 illorum
3231 2341 3358 2380 vero
3377 2327 3609 2382 rationes
3629 2327 3901 2392 dabimus,

2317 2418 2506 2474 borum
2538 2419 2837 2475 mercedem
2867 2431 3198 2490 expetemus.
3232 2424 3312 2475 An
3345 2421 3599 2492 ignoratis
3625 2421 3900 2492 quomodo

2316 2511 2368 2565 in
2395 2511 2584 2565 ultimo
2609 2511 2694 2565 die
2718 2520 2930 2578 peccata
2952 2511 3180 2564 animam
3199 2512 3603 2572 commoveant?
3625 2511 3901 2582 quomodo

2313 2618 2406 2657 cor
2428 2601 2727 2672 exagitent?
2751 2600 2900 2655 Tunc
2921 2617 3046 2670 ergo
3075 2601 3332 2656 honorum
3364 2617 3582 2672 operum
3612 2603 3899 2672 memoria,

2315 2694 2460 2762 quasi
2501 2693 2550 2746 in
2587 2701 2898 2760 tempestate
2945 2695 3319 2762 tranquillitas,
3350 2695 3614 2750 turbatam
3659 2696 3903 2750 animam

2314 2784 2636 2838 consolatur.
2667 2783 2722 2839 Si
2754 2783 3030 2853 vigilemus
3075 2795 3128 2838 et
3171 2786 3331 2839 sobrii
3382 2786 3570 2848 simus,
3603 2801 3699 2856 per
3725 2795 3903 2841 totam

2313 2874 2471 2926 vitam
2501 2873 2652 2927 nobis
2678 2874 2976 2944 bnjusmodi
3010 2877 3171 2930 timor
3211 2875 3558 2948 :idcritzquia
3603 2893 3732 2934 vero
3775 2879 3906 2934 sine

2313 2963 2418 3016 ullo
2447 2979 2604 3017 sensu
2634 2966 2876 3028 vivimus,
2900 2979 3018 3020 eum
3040 2965 3159 3018 hinc
3188 2969 3342 3034 ejecti
3374 2968 3650 3034 fuerimus,
3703 2968 3904 3037 procul

2310 3053 2469 3108 dubio
2499 3056 2734 3110 accedet.
2759 3055 2888 3109 Nam
2918 3057 3124 3110 vinetus
3155 3067 3262 3110 tmn
3300 3058 3529 3112 maxime
3569 3057 3734 3124 dolet,
3763 3073 3899 3112 cum

2311 3146 2541 3202 educunt
2567 3163 2686 3200 eum
2715 3147 2779 3201 ad
2806 3147 3064 3214 judicium
3087 3164 3100 3198 :
3127 3156 3251 3201 tunc
3279 3147 3508 3203 maxime
3525 3150 3736 3212 tremit,
3760 3165 3895 3204 cum

2310 3252 2475 3306 prope
2521 3238 2747 3292 tribunal
2776 3239 2916 3303 ert‘,
2958 3238 3169 3309 quando
3212 3239 3442 3295 rationes
3480 3240 3610 3297 dare
3651 3251 3894 3312 oportet.

2311 3330 2512 3386 Idcirco
2542 3332 2805 3387 terribiles
2837 3333 3066 3387 visiones
3094 3343 3311 3388 nat-rant
3336 3334 3486 3390 multi
3529 3333 3631 3392 hoc
3661 3337 3712 3390 in
3741 3345 3895 3391 statu

2307 3423 2529 3490 oblatas,
2560 3440 2778 3492 quarum
2802 3426 3035 3494 speciem
3058 3441 3162 3480 n0n
3184 3410 3474 3483 ferentesiii
3491 3429 3578 3499 qui
3599 3428 3893 3497 decedunt,

2307 3517 2500 3571 lectum
2529 3520 2697 3585 ipsum
2724 3533 2844 3572 cum
2873 3533 3064 3589 magno
3086 3519 3280 3588 impetu
3302 3521 3602 3576 succutiunt
3621 3521 3892 3592 jacentcs,

2306 3619 2360 3662 et
2379 3624 2470 3662 cos
2499 3612 2584 3678 qui
2612 3609 2802 3662 adsunt
2828 3609 2991 3664 torvis
3013 3611 3297 3679 inspiciunt
3321 3610 3509 3678 oculis,
3533 3613 3708 3668 anima
3738 3613 3895 3670 intus

2305 3715 2424 3754 sese
2453 3700 2772 3768 exagitante,
2798 3708 2852 3753 et
2876 3716 2903 3751 ιι
2932 3712 3160 3768 corpore
3184 3702 3334 3756 avelli
3364 3700 3641 3770 renuente,
3672 3721 3766 3760 nec
3787 3705 3895 3760 ad-

2307 3793 2630 3846 ventantium
2661 3791 2967 3860 angelorum
3017 3801 3358 3862 conspectum
3413 3793 3634 3850 ferente.
3679 3795 3806 3849 Nam
3834 3797 3892 3851 si

2304 3897 2423 3936 cum
2441 3880 2686 3935 homines
2705 3880 2965 3935 terribiles
2981 3881 3354 3950 Conspicimus.
3378 3883 3741 3949 formidamus,
3759 3899 3892 3940 cum

2303 3975 2522 4045 angelos
2544 3973 2951 4034 comminantes,
2975 3983 3030 4026 et
3046 3974 3264 4026 virtutes
3283 3974 3540 4029 immanes
3561 3975 3888 4042 videbimus,

2305 4066 2428 4137 quid
2457 4082 2560 4120 non
2587 4067 2866 4135 patiemur,
2894 4066 3068 4119 anima
3101 4081 3128 4116 a
3159 4079 3382 4135 corpore
3400 4065 3684 4130 abstracta,
3717 4078 3768 4124 et
3795 4069 3892 4123 in-

2303 4173 2509 4212 cassum
2540 4157 2867 4226 multumquc
2890 4157 3140 4225 lugente?
3166 4156 3294 4210 Nam
3327 4157 3476 4212 dives
3497 4160 3585 4214 ille
3604 4171 3887 4231 postquam

2304 4249 2624 4311 decesserat,
2656 4247 2879 4301 multum
2921 4247 3069 4310 luxit,
3103 4245 3196 4300 διιά
3241 4247 3289 4301 id
3339 4247 3466 4302 nihil
3512 4249 3609 4318 ipsi
3665 4251 3886 4318 profuit.

2307 4339 2431 4394 Haec
2463 4339 2619 4408 igitur
2647 4339 2822 4392 omnia
2854 4338 2904 4391 in
2936 4331 3090 4392 nobis
3113 4338 3458 4408 depinguntes
3486 4350 3538 4394 et
3563 4342 3740 4396 animo
3765 4358 3892 4397 vcr-

2302 4439 2500 4494 santes,
2530 4444 2594 4482 ne
2619 4428 2803 4482 eadem
2827 4437 2880 4482 ct
2908 4443 3004 4482 nos
3031 4430 3310 4498 patiamur,
3337 4431 3522 4488 horum
3555 4435 3788 4489 Omnium
3814 4437 3889 4488 ti-

2302 4535 2504 4574 morem
2540 4533 2832 4575 servemus.
2866 4529 2922 4572 ut
2950 4529 3003 4574 et
3027 4521 3340 4596 supplicium
3365 4524 3489 4579 illud
3516 4523 3791 4596 fugiamus,
3825 4537 3889 4585 es

2301 4622 2501 4666 acterna
2525 4623 2916 4678 cooscquamur
2946 4609 3102 4676 bena,
3127 4594 3291 4680 gratia
3334 4624 3384 4666 ct
3416 4594 3740 4685 benignitate
3771 4618 3886 4674 Do-

2300 4703 2428 4757 mini
2457 4702 2620 4755 nostri
2647 4699 2772 4756 Jesu
2803 4700 3017 4760 Christi.
3043 4703 3252 4770 quicum
3281 4705 3418 4759 Patri
3437 4706 3603 4776 gloria
3621 4723 3740 4763 cum
3758 4724 3888 4765 san-

2300 4803 2388 4850 cto
2415 4804 2469 4850 et
2495 4792 2706 4848 vivitico
2732 4793 2953 4862 Spiritu,
2996 4811 3134 4848 nunc
3171 4806 3225 4850 et
3271 4812 3500 4868 semper,
3529 4809 3582 4855 et
3608 4802 3658 4856 in
3686 4803 3885 4859 stccula

2300 4887 2632 4941 seculorum.
2661 4888 2850 4939 Amen.

2363 5001 2381 5033 ι
2417 5006 2562 5058 Unus,
2581 5010 2690 5048 cum
2706 5009 2855 5060 prope
2877 5005 2946 5048 est
2955 4996 3218 5060 judicium.

3215 5119 3884 5144 _._____.________

1812 5179 2150 5242 HOMILIA
2193 5180 2356 5244 LIV.
2391 5178 2475 5241 al.
2521 5176 2649 5236 LV.

615 5313 743 5368 (lar.
799 5315 881 5370 16.
934 5331 988 5367 v.
1025 5317 1104 5372 13.
1144 5314 1388 5385 Egressus
1433 5314 1584 5370 Jews
1632 5317 1684 5370 in
1733 5329 1900 5387 partes
1945 5317 2192 5375 Cwsarew

697 5405 945 5475 Philippi,
977 5407 1311 5476 interrogabat
1339 5408 1613 5476 discipulos
1637 5426 1770 5472 suos.
1795 5411 2005 5466 dir—eus:
2034 5412 2192 5477 Quem

693 5513 771 5550 me
801 5497 972 5550 dicunt
1002 5497 1223 5551 homines
1247 5514 1353 5551 esse
1374 5495 1565 5551 Filium
1595 5499 1846 5555 hominis?

696 5593 715 5640 l
786 5587 893 5642 Cur
907 5603 1026 5642 cum
1057 5589 1186 5642 tirhc
1216 5587 1545 5643 conditorem
1563 5591 1678 5657 ejus
1707 5593 2034 5647 nominavit?
2063 5591 2194 5661 Quia

623 5689 704 5734 est
733 5689 788 5734 et
811 5680 932 5745 alia,
975 5695 1092 5750 qu;c
1112 5679 1398 5735 'Stratonis
1429 5681 1640 5734 dicitur.
1685 5680 1796 5737 Non
1830 5684 1880 5738 in
1923 5684 2022 5739 hac
2045 5701 2192 5749 vero,

622 5769 715 5824 sed
744 5770 792 5821 in
817 5768 900 5824 illa
924 5770 1214 5841 interrogat
1238 5772 1399 5839 ipsos,
1430 5772 1661 5839 procula
1686 5771 1881 5828 iudicis
1906 5775 2193 5843 abducens,

625 5868 677 5914 ιιι
703 5859 770 5913 ab
797 5861 939 5914 onmi
970 5862 1324 5918 sollicitudine
1353 5863 1502 5919 liberi
1526 5878 1646 5920 cum
1671 5863 1858 5922 ﬁducia
1884 5851 2197 5939 dicamque:

2300 5320 2550 5375 sentiunt.
2583 5316 2691 5373 Cur
2716 5325 2891 5372 autem
2923 5336 3025 5372 non
3055 5322 3229 5375 statim
3260 5321 3324 5375 de
3354 5337 3470 5390 sua,
3513 5324 3606 5378 sed
3637 5325 3706 5380 de
3741 5326 3876 5380 mul

2302 5423 2475 5467 torum
2503 5411 2764 5465 sententia
2800 5411 2943 5478 ipsos
2971 5412 3349 5482 interrogavit?
3373 5413 3438 5470 Ut
3466 5417 3716 5485 opinione
3746 5416 3883 5469 alio.

2301 5517 2418 5559 rum
2449 5501 2708 5571 exposita,
2735 5500 3033 5573 deindvque
3058 5504 3382 5570 interro,.-ati,
3427 5504 3524 5560 Vos
3549 5516 3710 5561 autem
3737 5523 3886 5578 quem

2302 5611 2380 5649 me
2420 5609 2527 5648 me
2555 5592 2762 5646 dicitis?
2797 5594 2864 5647 ab
2905 5595 3020 5664 ipso
3049 5596 3408 5666 interrogandi
3443 5598 3602 5652 modo
3633 5599 3684 5652 in
3715 5597 3882 5653 subli-

2303 5687 2525 5742 miorem
2555 5684 2909 5740 eveherentur
2945 5688 3340 5756 cogitationem,
3392 5704 3568 5757 neque
3615 5690 3666 5743 in
3721 5689 3880 5744 vilem

2304 5778 2590 5833 multorum
2620 5777 2907 5846 cogitatum
2934 5777 3259 5833 deriderent.
3289 5778 3516 5849 Ideoque
3537 5797 3639 5833 non
3665 5780 3715 5834 in
3739 5779 3881 5850 prin-

2303 5870 2443 5941 cipio
2473 5867 2864 5939 prmdicationis
2892 5883 2986 5924 eos
3017 5869 3328 5942 interrogat,
3374 5872 3465 5924 Sed
3493 5871 3702 5942 quando
3721 5871 3874 5944 signa
