4128 6472
48 0 486 21 ωψῇῴ
561 13 873 22 Νᾲ--ς

190 409 302 468 533

183 528 359 585 multa
389 525 537 595 fecit,
582 532 638 580 et
685 522 753 579 de
782 519 963 577 multis
990 517 1415 589 sublimibusque
1443 516 1781 589 dogmatibus

182 619 465 684 dissentit,
498 618 798 687 multasque
824 614 1047 685 praebuit
1074 612 1560 668 demonstrationes
1577 614 1632 666 et
1650 610 1784 665 divi-

178 711 375 767 nitatis
401 720 534 771 sum.
581 717 636 763 et
667 722 778 763 sum
817 721 938 761 cum
980 706 1137 760 Patre
1175 703 1499 766 concordiae,
1532 711 1660 758 tunc
1683 701 1781 758 de-

173 815 334 855 mum
370 801 511 856 banc
536 800 641 857 illis
670 798 875 871 profert
898 794 1392 866 interrogationem.
1414 794 1598 863 Neque
1624 792 1778 858 dixit,

169 890 358 955 Quem
381 907 469 947 me
488 892 676 947 dicunt
700 906 820 947 esse
840 888 1029 945 scribae
1055 896 1109 943 et
1130 885 1421 942 Pbarismi?
1445 886 1687 956 quamvis
1702 882 1778 939 illi

176 986 362 1053 ipsum
392 998 537 1054 saepe
562 980 859 1039 disserendi
888 994 1047 1036 causa
1069 978 1420 1035 convenerint
1439 995 1453 1033 :
1474 976 1592 1044 sed,
1618 978 1779 1043 Quem

177 1092 267 1131 me
294 1077 474 1131 dicunt
500 1076 725 1130 homines
751 1074 899 1129 esse?
925 1072 1109 1143 pepuli
1151 1069 1479 1141 opinionem,
1516 1083 1635 1139 quae
1660 1066 1777 1124 sine

175 1168 501 1239 acceptione
520 1180 639 1222 esse
654 1167 811 1231 solet,
838 1165 1137 1235 requirens.
1166 1161 1316 1218 Licet
1338 1162 1484 1218 enim
1507 1161 1593 1215 illa
1619 1159 1776 1230 longe

173 1258 447 1328 dejectior
475 1268 619 1313 esset
647 1272 805 1328 quam
829 1270 925 1327 par
950 1262 1088 1322 erat,
1115 1264 1170 1309 at
1195 1269 1225 1307 a
1251 1252 1486 1323 nequitia
1512 1261 1629 1308 erat
1646 1251 1775 1306 alie—

173 1366 247 1405 na
276 1369 290 1402 :
316 1348 711 1406 Pltarisreorum
740 1357 917 1403 autem
945 1345 1125 1417 Opinio
1150 1344 1428 1416 iniquitate
1455 1344 1609 1414 plena
1634 1349 1769 1397 erat.

172 1442 252 1498 Et
277 1442 575 1498 ostendens
609 1456 768 1512 quam
796 1440 960 1496 vellet
1000 1438 1352 1495 teconomiam
1381 1436 1498 1492 sive
1523 1436 1771 1492 incarna-

168 1538 386 1591 tionem
418 1537 471 1591 in
501 1534 750 1591 confesso
777 1533 987 1599 haberi,
1032 1532 1130 1598 ait,
1176 1529 1369 1585 Filium
1411 1528 1649 1593 hominis,
1692 1526 1771 1582 sic

168 1629 517 1683 divinitatem
545 1627 839 1696 appellans,
868 1634 930 1680 ut
954 1623 1080 1681 alibi
1122 1637 1266 1693 saepe
1297 1622 1437 1676 facit.
1469 1621 1561 1676 Ait
1597 1619 1765 1686 enim,

171 1719 348 1775 Nemo
375 1719 603 1774 ascendit
628 1719 681 1772 in
709 1720 911 1784 cretum,
934 1717 1033 1771 nisi
1060 1717 1232 1771 Filius
1256 1716 1494 1782 hominis,
1523 1715 1611 1784 qui
1626 1713 1768 1768 estin

167 1812 302 1866 ccio
333 1809 514 1883 (Joan.
539 1811 595 1865 3.
619 1810 711 1877 15)
728 1824 751 1871 ;γ
770 1819 824 1865 et
847 1823 1081 1874 rursum,
1104 1806 1231 1863 Cum
1248 1815 1417 1861 autem
1439 1805 1663 1859 videritis
1680 1803 1771 1858 Fi-

165 1905 297 1959 lium
330 1902 553 1957 hominis
580 1900 930 1957 ascendentem
956 1900 1040 1954 ubi
1065 1908 1173 1954 erat
1202 1900 1342 1970 prius
1374 1897 1550 1971 (Joan.
1576 1896 1629 1953 6.
1647 1896 1760 1959 63).

165 1995 380 2050 Deinde
405 1996 529 2065 quia
575 1994 844 2056 dicebant,
892 1992 981 2047 ﬂ.
1034 1992 1133 2045 Alii
1160 1990 1415 2045 Joannem
1453 1988 1759 2059 Baptistam,

162 2087 263 2140 alii
284 2085 482 2147 Etiam,
506 2082 598 2138 alii
616 2083 916 2149 leremiam,
940 2081 1031 2136 alii
1060 2097 1215 2135 uitam
1236 2097 1298 2136 ea:
1326 2081 1582 2151 prophetis
1600 2079 1760 2134 :falsa

162 2178 386 2233 illorum
418 2177 673 2248 opinione
704 2176 760 2230 in
790 2174 1025 2230 medium
1069 2173 1299 2228 adducta
1328 2172 1637 2242 subjunxit:
1669 2172 1758 2228 t5.

173 2268 276 2324 Vos
300 2279 478 2323 autem
500 2283 647 2339 quem
688 2282 769 2321 me
800 2282 909 2321 esse
937 2265 1144 2320 dicitis?
1168 2280 1233 2321 ex
1262 2264 1493 2321 secunda
1524 2266 1759 2320 interro-

158 2362 383 2431 gatione
426 2360 549 2415 illos
594 2373 847 2424 evocans,
879 2368 939 2413 ut
970 2357 1141 2428 majus
1182 2356 1312 2429 quid
1353 2356 1421 2413 de
1452 2343 1544 2411 illo
1571 2357 1761 2428 opina-

160 2463 374 2515 rentur,
406 2448 806 2521 ostendensque
835 2449 965 2519 ipsis
1006 2451 1230 2519 primam
1279 2448 1587 2519 opinionem
1612 2463 1641 2503 a
1671 2446 1759 2503 di-

156 2542 369 2613 gnitate
381 2555 477 2595 sua
502 2540 683 2610 procul
707 2540 915 2595 abesse.
943 2538 1066 2594 Ideo
1083 2538 1240 2593 aliam
1260 2537 1329 2592 ab
1352 2539 1481 2607 ipsis
1500 2538 1753 2608 exquirit,

154 2643 216 2689 et
240 2632 537 2689 secundam
564 2631 767 2703 profert
794 2632 1287 2703 interrogationem,
1330 2645 1398 2685 ne
1429 2645 1551 2685 cum
1574 2628 1757 2684 multis

156 2728 453 2792 sentirent,
484 2728 572 2796 qui
601 2726 852 2796 quoniam
882 2727 1033 2796 signa
1062 2725 1304 2780 viderant
1346 2723 1549 2795 majora
1593 2737 1753 2793 quam

153 2835 282 2889 qua:
305 2818 510 2873 homini
536 2829 843 2888 competere
872 2829 1108 2888 possent,
1150 2818 1419 2873 hominem
1441 2815 1657 2887 quidem
1688 2814 1755 2869 il-

154 2913 269 2966 lum
313 2927 435 2967 esse
464 2912 741 2981 putabant,
784 2911 878 2967 sed
923 2926 987 2967 ex
1036 2911 1261 2966 mortuis
1288 2911 1667 2973 resurrexisse,
1700 2907 1751 2962 id

151 3003 301 3072 quod
330 3001 545 3058 dicebat
571 3001 834 3058 Herodes.
863 3002 970 3057 Sed
1000 3002 1088 3056 ille
1106 3002 1253 3072 ipsos
1277 3015 1305 3054 a
1335 3000 1421 3055 tali
1447 3000 1753 3071 suspicione

151 3094 436 3149 abducens
462 3095 570 3148 ait:
612 3093 711 3149 Vos
733 3104 900 3148 autem
929 3110 1073 3165 quem
1094 3109 1173 3148 me
1191 3110 1298 3148 esse
1324 3094 1532 3147 dicitis?
1561 3092 1615 3147 Id
1644 3100 1747 3159 eSt,

148 3186 262 3253 Qui
290 3200 509 3255 semper
535 3200 745 3241 mecum
772 3185 904 3240 estis
940 3195 995 3241 et
1024 3184 1281 3239 miracula
1310 3184 1558 3240 edentem
1604 3183 1752 3238 vide-

150 3281 250 3342 tis,
279 3280 371 3349 qui
403 3286 459 3334 et
498 3279 598 3348 ipsi
630 3294 725 3348 per
753 3294 841 3334 me
881 3279 1106 3335 virtutes
1134 3277 1332 3333 multas
1361 3278 1583 3333 fecistis.
1610 3276 1751 3345 Quid

149 3372 320 3442 igitur
349 3385 411 3425 os
429 3372 793 3441 apostolorum
822 3372 1046 3427 Petrus?
1071 3372 1295 3441 Semper
1322 3371 1557 3439 fervens,
1594 3371 1747 3428 chori

146 3462 439 3531 apostolici
464 3462 803 3533 coryphaeus,
824 3464 1070 3517 omnibus
1102 3464 1461 3535 interrogatis,
1506 3464 1621 3534 ipse
1655 3478 1748 3520 re-

146 3553 407 3621 spondet.
452 3553 669 3609 Etcum
708 3554 777 3610 de
822 3558 1084 3612 sententia
1129 3557 1307 3627 populi
1360 3558 1745 3624 sciscitaretur,

145 3660 349 3701 omnes
376 3647 800 3715 responderunt:
833 3663 955 3702 cum
984 3660 1162 3703 autem
1180 3650 1247 3703 de
1266 3664 1360 3703 sua
1392 3664 1487 3704 eos
1512 3658 1743 3719 rogaret,

146 3738 351 3792 Petrus
379 3738 587 3807 prosilit
629 3749 682 3793 et
723 3740 1013 3808 prmvertit,
1056 3741 1266 3810 aitque:
1294 3740 1380 3795 16.
1416 3740 1494 3793 Tu
1522 3757 1574 3795 es
1599 3739 1748 3794 Chri-

143 3837 264 3882 stus
286 3827 453 3882 Filius
476 3827 571 3883 Dei
590 3830 705 3882 sivi.
727 3828 862 3896 Quid
890 3844 1018 3901 ergo
1040 3814 1320 3885 Christus?
1342 3831 1429 3887 17.
1462 3830 1649 3884 Beatus
1670 3847 1742 3897 es,

145 3917 340 3973 Simon
356 3917 642 3985 Bar-Jona,
661 3921 779 3989 quia
809 3936 928 3973 caro
962 3934 1009 3974 et
1034 3922 1239 3992 sanguis
1258 3938 1360 3976 non
1378 3922 1611 3977 reuelauit
1632 3922 1741 3976 tibi.

146 4010 318 4079 Atqui
350 4011 447 4063 nisi
475 4008 665 4066 Petrus
694 4011 773 4067 sic
799 4011 971 4082 ipsum
1002 4028 1125 4068 vere
1152 4014 1433 4069 confessus
1462 4015 1668 4082 fuisset,
1688 4022 1745 4070 ut

142 4103 226 4156 ab
254 4104 369 4173 ipso
396 4103 555 4160 Patre
598 4106 860 4175 genitum,
905 4123 1009 4161 non
1051 4107 1237 4164 fuisset
1267 4109 1367 4165 hoc
1404 4110 1742 4166 revelationis

144 4208 312 4262 opus,
333 4196 381 4248 si
412 4211 575 4250 unum
605 4213 679 4266 ex.
698 4199 879 4253 multis
905 4199 1054 4253 illum
1081 4214 1207 4255 esse
1226 4210 1482 4271 putasset,
1504 4217 1609 4258 non
1628 4211 1743 4259 erat

145 4285 284 4338 illud
318 4284 642 4361 beatitudine
668 4288 908 4358 dignum.
941 4290 1150 4346 Etenim
1175 4293 1286 4361 jam
1314 4302 1469 4349 antea
1492 4294 1742 4349 dicebant

146 4377 193 4430 ii
215 4376 304 4444 qui
341 4376 393 4430 in
421 4377 630 4448 navigio
654 4390 812 4436 erant
837 4392 952 4451 post
985 4395 1381 4453 tempestatem,
1422 4384 1549 4440 Vere
1572 4386 1741 4441 Filius

148 4466 254 4521 Dei
292 4477 363 4521 est
401 4469 486 4522 hic
535 4468 748 4538 (Halm.
784 4473 869 4528 ﬂ.
902 4474 1021 4541 ‘55},
1066 4490 1168 4531 nec
1210 4486 1387 4533 tamen
1429 4478 1569 4533 beati
1610 4480 1739 4535 dicti

144 4566 301 4626 sunt,
329 4560 429 4615 etsi
453 4576 579 4617 vere
608 4562 857 4617 dixerint.
891 4563 1006 4620 Non
1034 4568 1175 4621 enim
1207 4568 1283 4622 sic
1316 4567 1526 4636 Filium,
1556 4579 1615 4623 ut
1640 4570 1741 4625 Pe-

148 4660 286 4714 trus,
316 4650 545 4707 confessi
568 4662 730 4720 sunt;
760 4654 855 4710 sed
886 4672 1047 4711 unum
1078 4672 1143 4712 ex
1175 4660 1355 4714 multis
1380 4676 1505 4716 vere
1544 4655 1737 4718 Filium

144 4756 273 4797 esse
303 4743 577 4811 putabant,
603 4745 860 4801 eximium
890 4748 1105 4816 quidem
1137 4750 1275 4806 inter
1304 4751 1522 4819 multos,
1552 4766 1651 4809 nec
1668 4762 1741 4808 ιιι

146 4848 276 4888 meo
304 4849 368 4888 ex
401 4834 516 4904 ipsa
547 4836 722 4891 Patris
749 4839 1059 4894 substantia.
1639 4900 1642 4904 Α

215 4924 271 4977 Ξ.
309 4922 488 4979 Petrus
514 4943 605 4981 cur
634 4928 804 4983 beatus
850 4930 1067 4985 dicatur.
1113 4933 1613 4992 Cansubstantialitas
1643 4939 1739 4992 de-

144 5024 478 5069 monstratur.
512 5016 619 5071 Sub
641 5020 742 5087 ﬁne
774 5021 922 5089 hujus
954 5025 1168 5090 numeri,
1222 5026 1449 5081 Anomazi
1464 5040 1521 5081 et
1557 5029 1738 5083 Ariani

144 5108 546 5175 redarguunt".
570 5138 639 5149 —
666 5109 953 5164 Mtbanael
983 5128 1194 5182 quoque
1219 5115 1446 5175 dicebat.
1476 5109 1658 5184 Rabbi,
1684 5128 1737 5171 tu

143 5212 198 5248 es
222 5194 393 5252 Filias
420 5196 535 5262 Dei,
590 5208 644 5251 tu
677 5216 728 5253 es
760 5216 852 5254 rea:
898 5201 1067 5256 Israel
1096 5202 1290 5271 (Joan.
1322 5206 1372 5261 1.
1398 5206 1524 5279 ιθ).
1555 5209 1737 5281 Neque

143 5286 321 5340 solm
364 5302 470 5342 non
516 5290 700 5344 beatus
723 5290 947 5349 dicitur:
994 5309 1178 5348 verum
1208 5297 1367 5352 etiam
1396 5301 1543 5369 quasi
1571 5303 1737 5355 multo

146 5380 599 5450 inferiora-quam
638 5387 919 5453 Oportebat
953 5389 1196 5455 dixisset,
1241 5392 1417 5445 abillo
1462 5395 1734 5465 redargui-

145 5484 234 5528 tur
272 5492 284 5527 :
320 5476 601 5545 subiunxit
654 5479 828 5545 enim,
881 5480 1012 5547 Quia
1060 5483 1167 5537 dixi
1230 5484 1350 5549 tibi,
1408 5483 1523 5539 Vidi
1565 5499 1613 5540 te
1646 5488 1735 5541 sub

144 5566 271 5632 ﬁcu,
296 5570 499 5631 credis;
526 5572 722 5639 majore
747 5572 824 5625 his
848 5575 1031 5627 uidebis
1058 5574 1247 5647 (Joan.
1284 5578 1332 5631 1.
1352 5578 1421 5633 50
1439 5579 1477 5650 ).
1505 5580 1613 5635 Cur
1634 5581 1733 5649 igi-

145 5666 229 5710 tur
258 5657 447 5712 Petrus
480 5659 665 5715 beatus
686 5661 924 5717 dicitur?
951 5666 1083 5732 Quia
1121 5667 1266 5721 illum
1301 5672 1511 5740 proprie
1542 5670 1733 5727 Filium

141 5748 421 5805 confessus
446 5760 548 5804 est.
596 5750 800 5807 idcirco
830 5754 934 5809 illis
957 5773 1240 5826 numquam
1282 5759 1523 5816 Christus
1559 5764 1738 5819 simile

143 5840 415 5911 quidpiam
435 5842 608 5897 divit:
641 5843 728 5899 hic
750 5858 839 5900 aut
862 5862 926 5901 ιω
951 5852 1111 5905 etiam
1138 5865 1259 5906 eum
1283 5854 1370 5925 qui
1400 5856 1735 5913 rcvelaverat

473 5960 711 6021 Pareo.
739 6005 753 6019 .
806 5961 918 6022 iis.
976 5962 1189 6029 H‘lll.

1190 401 1257 459 lN
1294 398 1977 479 unrumuuuomu
2022 400 2155 460 ων.
2197 402 2269 458 al.
2313 400 2422 457 ιν.

3396 403 3501 461 535

1892 494 2203 570 declaravit.
2225 514 2360 571 Nam
2388 529 2457 571 ne
2482 513 2693 585 plurimi
2723 513 3009 570 crederent
3046 529 3169 572 eum
3187 515 3315 587 quis
3338 516 3498 574 Chri-

1891 618 2033 661 stum
2064 607 2333 663 ferventer
2356 607 2611 675 amabat,
2641 608 2842 664 amoris
2884 618 2940 665 et
2976 609 3301 666 adulationis
3321 610 3489 668 verba

1891 696 2197 767 protulisse,
2226 708 2389 770 atque
2409 715 2475 754 ex
2496 698 2689 755 affectu
2715 703 2973 770 etgratia,
2999 699 3052 754 in
3074 701 3312 759 medium
3335 702 3494 759 affert

1886 807 2011 848 eum
2039 793 2128 863 qui
2148 792 2198 849 id
2230 793 2303 848 illi
2331 794 2683 864 inspiraverat
2711 812 2724 849 :
2755 803 2812 849 ut
2843 792 3041 857 discas.
3070 794 3286 851 Petrum
3321 797 3489 853 verba

1889 885 2197 955 protulisse,
2224 884 2437 940 Patrem
2468 900 2598 941 vero
2622 885 2855 941 dictasse
2882 902 2896 939 :
2928 894 2984 941 ut
3005 902 3111 941 non
3139 887 3274 943 ultra
3299 890 3491 945 crede-

1886 990 1974 1031 res
1995 975 2283 1032 humanam
2304 976 2613 1047 opinionem
2644 976 2733 1032 illa
2762 991 2885 1034 esse
2901 993 3023 1049 quze
3050 978 3190 1035 dicta
3215 989 3362 1045 sunt,
3387 982 3483 1038 sed

1883 1066 2120 1123 divinum
2161 1068 2374 1139 dogma.
2397 1066 2505 1124 Cur
2526 1078 2706 1125 autem
2748 1084 2855 1125 non
2895 1068 2949 1124 id
2996 1070 3111 1141 ipse
3142 1075 3481 1142 pronuntiat,

1883 1173 1983 1214 nec
2002 1158 2151 1223 dicit.
2183 1159 2295 1231 Ego
2321 1174 2441 1215 sum
2461 1159 2743 1215 Christus:
2774 1160 2867 1216 sed
2893 1176 2990 1232 per
3009 1162 3481 1234 interrogationem

1881 1250 2010 1307 illud
2040 1262 2293 1324 apparat,
2323 1262 2381 1308 ut
2409 1253 2532 1308 illos
2559 1252 2778 1309 inducat
2803 1254 2870 1309 ad
2920 1254 3320 1311 confitendum?
3338 1255 3481 1325 Quo-

1879 1342 2021 1397 niam
2052 1343 2180 1398 illud
2210 1353 2265 1399 et
2294 1344 2395 1415 ipsi
2418 1346 2823 1415 congruentius,
2846 1353 2898 1401 et
2927 1345 3097 1416 magis
3116 1350 3477 1409 necessarium

1876 1446 2013 1503 erat,
2041 1436 2264 1507 illosque
2290 1438 2456 1507 magis
2479 1439 2546 1491 ad
2569 1437 2727 1494 fidem
2749 1452 2937 1494 eorum
2960 1453 3079 1509 quae
3103 1438 3242 1496 dicta
3266 1441 3477 1498 fuerant

1875 1526 2198 1581 attrahebut.
2244 1527 2432 1585 Viden'
2488 1530 2761 1597 quomodo
2801 1528 2994 1585 Filium
3036 1530 3239 1586 revelat
3277 1532 3478 1593 Pater?

1873 1617 2142 1689 quomodo
2166 1618 2377 1674 Patrem
2405 1620 2613 1675 Filius?
2644 1619 2826 1689 Neque
2865 1620 3093 1686 Patrem,
3127 1623 3319 1694 inquit,
3360 1626 3476 1694 quis

1872 1714 2010 1767 novit
2035 1714 2131 1769 nisi
2158 1712 2345 1779 Filius,
2390 1724 2437 1768 et
2468 1715 2553 1769 cui
2582 1714 2795 1770 voluerit
2824 1714 2996 1770 Filius
3029 1717 3254 1771 revelare
3294 1721 3313 1789 (
3340 1717 3469 1774 Luc.

1872 1804 1961 1861 10.
1986 1804 2109 1879 22).
2142 1804 2259 1862 Non
2298 1820 2428 1877 ergo
2453 1820 2742 1878 possumus
2788 1805 3007 1863 aliunde
3032 1823 3360 1879 cognoscere
3386 1810 3475 1866 Fi-

1870 1894 2020 1960 lium,
2050 1912 2209 1968 quam
2246 1911 2343 1967 per
2365 1897 2541 1968 ipsum
2568 1898 2805 1966 Patrem,
2839 1914 3014 1971 neque
3039 1899 3279 1968 Patrem,
3310 1917 3473 1974 quam

1869 2003 1963 2058 per
2004 1989 2177 2059 ipsum
2208 1989 2423 2045 Filium.
2472 1992 2656 2062 itaque
2682 1992 2806 2048 inde
2847 2001 2902 2047 et
2946 1992 3167 2048 honoris
3195 1996 3474 2065 aequalitas

1866 2088 1922 2136 et
1951 2082 2480 2139 consubstantialitas
2500 2084 2920 2141 demonstratur.
2968 2085 3105 2153 Quid
3136 2087 3297 2157 igitur
3316 2087 3472 2144 Chri—

1864 2174 2020 2228 stus?
2049 2173 2125 2228 Tu
2163 2189 2214 2229 es
2250 2174 2432 2230 Simon
2466 2176 2605 2245 ﬁlius
2641 2175 2817 2242 Iona;
2856 2187 2911 2231 tu
2954 2178 3210 2233 vocaberis
3243 2178 3465 2246 Cephas.

1863 2264 1996 2331 Quia
2018 2264 2183 2331 enim,
2204 2265 2395 2337 inquit,
2416 2266 2626 2322 Patrem
2649 2282 2825 2323 meum
2850 2269 3171 2338 prmdicasti,
3196 2284 3298 2341 ego
3320 2271 3468 2326 illum

1863 2362 2083 2415 nomino
2110 2362 2199 2431 qui
2226 2371 2278 2417 te
2316 2362 2501 2433 genuit
2533 2380 2547 2418 :
2575 2377 2639 2428 ac
2667 2364 2711 2417 si
2748 2362 2975 2431 diceret,
3023 2362 3173 2420 Sicut
3223 2358 3297 2420 ω’
3329 2366 3469 2422 illius

1861 2449 2018 2520 Jona,
2048 2454 2128 2509 sic
2148 2470 2248 2525 ego
2274 2454 2450 2511 Patris
2477 2457 2581 2512 mei
2613 2456 2803 2513 Filius.
2832 2456 2967 2512 Nam
3006 2472 3464 2529 supervacaneum

1861 2545 2051 2603 fuisset
2078 2548 2281 2615 dicere,
2309 2546 2389 2603 Tu
2416 2565 2467 2604 es
2505 2549 2645 2619 [ilius
2690 2548 2829 2605 Jona
2860 2566 2878 2605 :
2906 2550 3001 2606 sed
3029 2552 3153 2623 quia
3200 2552 3290 2609 ille
3330 2552 3469 2609 dixit

1860 2637 2051 2693 Filium
2077 2639 2191 2705 Dei,
2226 2648 2283 2694 ut
2322 2640 2652 2707 ostenderet,
2688 2642 2863 2711 ipsum
2889 2656 3011 2697 esse
3049 2643 3138 2697 Dei
3167 2642 3383 2708 Filium,
3409 2654 3469 2700 ut

1858 2729 1950 2785 ille
1996 2729 2139 2785 ﬁlius
2159 2741 2273 2787 erat
2301 2730 2467 2797 Jona,
2496 2731 2741 2803 ejusdem
2771 2748 2893 2787 cum
2924 2742 3076 2803 patre
3115 2735 3461 2799 substantiae,

1857 2820 1979 2877 ideo
2007 2821 2135 2877 illud
2172 2821 2395 2878 addidit.
2429 2823 2517 2880 18.
2559 2822 2626 2877 Et
2675 2840 2767 2895 ego
2800 2824 2915 2878 dico
2940 2825 3049 2891 tibi,
3090 2834 3144 2878 tu
3170 2841 3223 2881 es
3252 2824 3459 2892 Petrus,

1856 2922 1905 2967 et
1926 2930 2079 2985 super
2102 2914 2235 2991 banc
2251 2925 2447 2987 petram
2473 2916 2738 2986 cdiﬁcabo
2758 2915 3041 2971 Ecclesium
3064 2933 3250 2983 meam,
3270 2917 3322 2974 id
3349 2932 3453 2979 eat.

1854 3016 2017 3076 super
2043 3004 2199 3061 fidem
2227 3006 2607 3062 confessionis.
2654 3006 2791 3062 Hinc
2834 3002 3069 3063 declarat
3110 3008 3308 3064 multos
3334 3024 3458 3066 esse

1853 3095 2170 3162 credituros,
2200 3099 2431 3167 ejusque
2452 3112 2669 3153 sensum
2696 3098 2873 3169 erigit,
2898 3108 2954 3153 et
2982 3108 3252 3168 pastorem
3282 3101 3459 3170 ipsum

1852 3190 2147 3245 constituit.
2192 3188 2261 3243 Et
2301 3199 2463 3260 porta:
2496 3188 2651 3262 inferi
2690 3206 2792 3245 non
2837 3192 3180 3260 prmalebunt
3215 3194 3460 3250 advenas

1853 3296 1983 3335 eam.
2014 3280 2071 3338 Si
2097 3296 2229 3337 vero
2274 3282 2532 3338 adversus
2563 3282 2683 3338 eam
2722 3298 2828 3338 non
2871 3282 3259 3355 praevalebunt,
3289 3287 3459 3342 multo

1853 3374 2029 3428 minus
2063 3373 2348 3431 adversum
2377 3390 2464 3429 me
2492 3374 2876 3448 praevalebunt.
2901 3374 3083 3445 Itaque
3105 3391 3173 3431 ne
3201 3376 3452 3441 turberis,

1851 3477 1973 3518 cum
2002 3464 2186 3519 audies
2221 3480 2308 3520 me
2335 3464 2588 3520 traditum
2614 3474 2669 3520 et
2714 3465 3035 3521 crucifixum
3063 3482 3201 3521 esse.
3250 3468 3458 3524 Deinde

1851 3557 2080 3611 alterum
2107 3556 2237 3612 dicit
2264 3556 2523 3613 honorem
2560 3575 2574 3613 :
2608 3557 2693 3613 l9.
2726 3556 2839 3629 Ego
2872 3569 3042 3613 autem
3064 3560 3194 3613 dabo
3221 3560 3311 3632 tibi
3349 3563 3458 3613 τιτι.

1850 3661 1933 3701 ves
1958 3648 2107 3718 regni.
2126 3648 2384 3702 calorum.
2404 3648 2539 3716 Quid
2568 3650 2833 3719 significat
2861 3650 3012 3716 illud,
3044 3651 3152 3721 Ego
3172 3661 3339 3706 autem
3366 3654 3456 3707 tibi

1850 3742 2021 3796 dabo!
2048 3743 2506 3811 Quemadmodum
2535 3743 2695 3798 Pater
2725 3744 2816 3798 tibi
2839 3744 2989 3799 dedit
3037 3757 3094 3800 ut
3137 3763 3222 3800 me
3248 3762 3453 3817 cogno-

1849 3848 2049 3904 sceres,
2083 3836 2159 3891 sic
2183 3846 2237 3890 et
2264 3851 2364 3906 ego
2396 3836 2488 3891 tibi
2514 3836 2674 3892 dabo.
2702 3837 2889 3907 Neque
2912 3837 3323 3910 dixit,'Rug:tho
3347 3839 3419 3894 Pa
3436 3869 3453 3879 -

1849 3934 2008 3993 trem,
2039 3926 2245 3981 etiamsi
2274 3942 2462 3997 magna
2505 3936 2647 3981 esset
2695 3929 2975 3997 potestatis
3022 3928 3449 3994 demonstratio,

1848 4033 1901 4079 et
1922 4023 2048 4078 doni
2072 4024 2378 4094 magnitudo
2400 4024 2681 4081 inell'abilis
2700 4042 2714 4091 ;
2735 4026 2851 4095 sed,
2877 4025 2992 4099 Ego
3012 4027 3143 4083 dabo
3163 4028 3269 4083 tibi.
3289 4030 3449 4097 Quid,

1847 4129 2030 4185 quteso
2049 4158 2063 4180 ,
2087 4116 2183 4171 das
2199 4116 2224 4168 ll
2243 4114 2420 4172 Claoes
2439 4118 2583 4189 regni
2604 4118 2845 4172 caelorum
2876 4134 2894 4172 :
2930 4128 2977 4173 et
3021 4136 3347 4193 quaecumque
3384 4123 3420 4177 li
3434 4154 3449 4165 -

1845 4209 2041 4279 generis
2065 4225 2216 4278 super
2242 4218 2427 4264 terram
2446 4251 2461 4277 ,
2501 4220 2649 4265 erunt
2670 4210 2830 4281 ligata
2854 4220 2902 4265 et
2940 4212 2995 4266 in
3014 4215 3153 4268 cretis
3186 4230 3205 4268 :
3236 4226 3283 4269 et
3311 4232 3454 4285 quat-

1845 4316 2060 4370 cumque
2082 4302 2289 4355 solveris
2314 4318 2467 4372 super
2494 4311 2703 4371 terram,
2732 4314 2878 4357 erunt
2911 4306 3082 4359 soluta
3116 4317 3163 4361 et
3205 4307 3257 4361 iu
3287 4312 3447 4364 caelis.

1844 4390 2124 4460 Quomodo
2171 4392 2331 4463 igitur
2368 4410 2473 4449 non
2510 4394 2629 4461 ejus
2668 4396 2792 4461 erit,
2844 4406 2901 4450 ut
2935 4412 2965 4451 a
3008 4398 3213 4454 dextris
3236 4409 3292 4455 et
3314 4402 3450 4456 sini-

1845 4484 1971 4537 stris
1992 4483 2181 4538 sedere
2209 4484 2488 4551 concedat,
2522 4486 2610 4556 qui
2640 4485 2797 4550 dixit,
2827 4484 2939 4560 Ego
2960 4486 3049 4542 tibi
3073 4490 3243 4545 dabo?
3264 4491 3454 4548 Viden'

1845 4576 2115 4647 quomodo
2144 4578 2209 4631 ad
2238 4578 2625 4634 sublimiorem.
2648 4578 2718 4635 de
2773 4594 2835 4636 se
2886 4580 3200 4650 opinionem
3228 4584 3448 4643 Petrum

1844 4668 2034 4738 erigat,
2063 4678 2118 4724 et
2146 4669 2379 4738 scipsum
2406 4669 2630 4736 revelet,
2656 4684 2719 4724 ac
2747 4684 2843 4739 per
2868 4672 3028 4727 hasce
3052 4673 3185 4729 duas
3213 4677 3449 4745 promis-

1843 4764 2023 4817 siones
2044 4777 2101 4817 se
2132 4761 2324 4816 Filium
2358 4762 2449 4817 Dei
2478 4776 2600 4817 esse
2619 4761 3051 4818 ostendat?Nam
3076 4774 3199 4834 eum
3219 4768 3313 4823 uni
3335 4767 3451 4824 Deo

1843 4862 1969 4906 sunt
2002 4857 2232 4921 propria,
2264 4868 2457 4923 nempe
2501 4862 2717 4923 peccata
2768 4854 3001 4922 solvere,
3048 4854 3345 4915 Ecclesium
3393 4860 3446 4916 in

1844 4954 1993 4999 tanto
2022 4943 2277 5000 ﬂuctuum
2325 4959 2589 5001 concursu
2636 4946 2912 5002 immotam
2962 4948 3221 5017 reddere,
3268 4951 3448 5007 homi-

1842 5053 2070 5108 nemque
2102 5038 2417 5107 piscatorem
2455 5048 2568 5095 toto
2607 5040 2956 5111 impugnante
2998 5044 3131 5098 orbe
3173 5054 3323 5114 petra
3353 5049 3449 5101 lir-

1842 5132 2067 5184 miorem
2101 5129 2349 5191 reddere,
2390 5130 2506 5186 tunc
2534 5148 2595 5187 se
2636 5130 2709 5187 illi
2747 5134 2994 5190 daturum
3035 5138 3360 5206 pollicetur:
3390 5151 3447 5195 ut

1843 5220 2002 5275 Pater
2026 5220 2311 5275 Jeremiam
2338 5220 2618 5291 alloquens
2643 5224 2873 5292 dicebat,
2915 5241 2973 5281 se
3015 5230 3257 5297 posuisse
3298 5231 3444 5286 illum

1840 5312 1979 5365 sicut
2006 5310 2309 5366 columnam
2337 5327 2532 5367 reream
2562 5321 2616 5368 et
2636 5315 2771 5369 sicut
2798 5330 3008 5370 murum
3042 5318 3191 5387 (λεν.
3222 5320 3271 5374 1.
3301 5318 3367 5376 l8
3392 5324 3443 5393 );

1840 5402 1933 5456 sed
1958 5401 2101 5455 illum
2128 5402 2215 5455 uni
2248 5403 2415 5472 genti,
2445 5404 2587 5458 hunc
2608 5414 2786 5459 auttzm
2812 5406 2862 5459 in
2900 5407 3153 5464 universo
3180 5420 3443 5468 terrarum

1842 5494 1998 5551 orbe.
2022 5494 2276 5551 Libenter
2300 5512 2597 5565 quaererem
2620 5500 2688 5555 ab
2710 5500 2773 5556 iis
2815 5502 2905 5571 qui
2938 5502 3283 5560 imminutam
3326 5506 3442 5561 Filii

1842 5582 2168 5653 dignitatem
2194 5584 2408 5645 volunt,
2433 5602 2553 5653 qua:
2571 5587 2779 5655 majora
2806 5590 2915 5642 sint
2933 5591 3097 5657 dona,
3115 5610 3180 5649 an
3198 5612 3318 5667 qum
3338 5599 3439 5653 Pa-

1850 5681 1953 5735 ter,
1968 5689 2034 5727 an
2054 5690 2175 5744 quae
2188 5675 2359 5730 Filius
2376 5675 2537 5731 Petro
2552 5677 2803 5732 dedit.Na
2815 5697 2861 5732 nt
2883 5680 3028 5737 Pate.
3056 5688 3432 5746 gevclationcm

1852 5763 1972 5819 Filii
1991 5765 2150 5821 Petro
2164 5769 2333 5834 dedit;
2362 5768 2535 5823 Filius
2553 5786 2683 5825 vero
2700 5781 2751 5824 et
2770 5771 2947 5829 Patris
2964 5786 3013 5830 et
3039 5779 3121 5830 sui
3149 5780 3319 5849 ipsius
3340 5793 3432 5833 co-

1849 5859 2145 5929 gnitionem
2186 5878 2281 5933 per
2298 5872 2473 5924 totum
2502 5864 2687 5921 orbem
2717 5864 2791 5919 illi
2817 5866 3177 5926 dissuminare
3199 5875 3431 5927 commi-

3089 5983 3127 6045 5
