4170 6478
763 429 862 484 535

764 547 854 608 sit,
886 558 948 596 ac
989 536 1199 593 mortali
1239 533 1440 587 homini
1480 542 1695 584 omnem
1731 527 1783 579 in
1827 524 1960 578 czelo
1996 528 2316 590 potestatem

765 637 931 700 dedit,
963 633 1086 686 dum
1139 629 1316 682 claves
1358 626 1433 691 illi
1467 621 1710 682 tradidit,
1765 621 1854 689 qui
1893 617 2185 672 Ecclesiam
2230 630 2322 682 per

768 736 935 779 totum
976 721 1162 780 orbem
1200 729 1463 771 terrarum
1493 714 1753 775 extendit,
1776 719 1830 765 et
1859 710 2002 764 cazlis
2033 707 2322 761 firmiorem

769 816 1089 880 monstravit
1129 831 1143 868 :
1181 827 1306 865 nam
1357 810 1450 874 ait,
1486 807 1685 864 Cottum
1728 815 1777 858 et
1809 814 1953 856 terra
1985 802 2327 864 transibunt;

769 907 919 962 verba
947 918 1118 959 autem
1144 921 1256 956 mea
1280 919 1380 955 non
1402 898 1698 954 transibunt
1737 894 1930 967 (Matii.
1951 896 2039 949 24.
2059 891 2326 960 55).Quo-

767 999 933 1054 modo
959 1013 1088 1068 ergo
1116 997 1297 1050 minor
1321 995 1368 1048 is
1394 995 1484 1062 qui
1514 991 1636 1044 taiia
1660 988 1825 1052 dedit,
1847 988 1939 1056 qui
1971 986 2096 1040 talia
2121 984 2245 1039 fecit
2264 983 2284 1014 ⁴
2304 982 2331 1035 Ἰ

771 1089 896 1147 Ilaec
929 1105 1091 1164 porro
1119 1089 1263 1152 dico,
1298 1101 1402 1139 non
1435 1083 1581 1152 quod
1610 1081 1788 1136 Patris
1826 1091 1878 1135 et
1901 1078 2020 1134 Filii
2049 1091 2210 1148 opera
2247 1075 2332 1128 di-

770 1184 949 1239 vidam
977 1202 988 1236 :
1017 1181 1207 1237 Omnia
1229 1180 1366 1232 enim
1390 1193 1480 1245 per
1508 1177 1678 1245 ipsum
1703 1175 1849 1240 facta
1866 1181 2069 1236 sunt,et
2092 1170 2330 1237 sineipso

775 1275 972 1344 factum
1015 1285 1090 1328 est
1127 1271 1260 1325 nihil
1295 1269 1485 1340 (Joan.
1520 1271 1570 1323 I.
1600 1269 1688 1335 5);
1739 1268 1830 1320 sed
1870 1275 1930 1319 ut
1967 1263 2332 1332 impudentem

777 1367 992 1420 illorum
1012 1365 1248 1433 linguam
1267 1361 1576 1431 reprimam,
1591 1358 1685 1428 qui
1699 1357 1822 1411 talia
1841 1353 2082 1425 proferre
2105 1353 2328 1407 audent.

831 1460 884 1512 5.
927 1454 1030 1508 Cur
1070 1453 1455 1507 Christus-ante
1499 1457 1780 1514 passionem
1831 1455 1885 1493 se
1938 1452 2045 1491 esse
2079 1434 2337 1490 Christum

763 1546 1050 1617 pervulgari
1091 1543 1324 1609 uoluerit.
1352 1539 1493 1592 Petri
1535 1536 1745 1604 ﬁrmitas
1779 1540 1888 1600 post
1919 1544 2135 1582 crucem.
2166 1555 2233 1565 —-
2256 1523 2336 1578 Ex

765 1615 849 1692 his
889 1615 1132 1689 omnibus
1168 1633 1282 1700 ejus
1324 1627 1609 1700 potentiam
1659 1621 2041 1678 animadverte.
2088 1616 2198 1687 Ego
2251 1615 2338 1668 tibi

762 1730 892 1790 diro,
925 1735 976 1778 tu
1002 1741 1054 1778 es
1087 1722 1301 1785 Petrus;
1334 1735 1423 1790 ego
1467 1715 1725 1785 cediﬁcabo
1774 1711 2093 1773 Ecclesium;
2131 1725 2221 1778 ego
2251 1707 2340 1760 tibi

762 1819 889 1873 dabo
915 1819 1075 1872 claves
1093 1813 1353 1869 caelorum.
1389 1810 1451 1862 Et
1474 1809 1565 1864 20.
1591 1817 1726 1871 tunc,
1753 1821 1873 1859 cum
1922 1804 2036 1857 lucc
2081 1801 2335 1864 dixisset,

765 1909 998 1980 praecepit
1025 1909 1116 1971 eis,
1137 1916 1191 1960 ut
1213 1903 1398 1958 nemini
1425 1902 1643 1955 dicerent
1661 1897 1793 1968 quod
1812 1897 1916 1965 ipse
1942 1902 2065 1948 esset
2085 1891 2336 1946 Christus.

765 2004 831 2064 Et
867 2017 961 2056 cur
991 1997 1278 2069 praecepit?
1310 1994 1377 2050 Ut
1402 1990 1666 2048 scandalis
1690 1987 1755 2042 de
1786 1986 1961 2040 medio
1982 1982 2202 2038 sublatis
2225 2022 2240 2046 ,
2286 1987 2342 2034 et

765 2107 922 2148 cruce
949 2103 1108 2160 atque
1131 2088 1269 2152 aliis,
1303 2100 1419 2155 qua:
1458 2096 1643 2153 passus
1671 2090 1774 2141 est,
1797 2075 2196 2139 consummatis,
2221 2072 2342 2127 nul-

767 2184 922 2253 loque
952 2180 1162 2235 demum
1189 2183 1440 2238 restante,
1464 2170 1603 2242 quod
1631 2170 1715 2224 vel
1737 2167 2036 2237 impediret,
2058 2163 2138 2218 vel
2168 2163 2343 2216 turba-

767 2283 850 2330 ret
879 2273 1036 2326 fldem
1075 2271 1127 2324 in
1157 2270 1327 2339 ipsum
1369 2281 1398 2320 a
1444 2263 1624 2320 multis
1659 2269 1996 2329 susceptam,
2037 2258 2242 2310 sincera
2290 2261 2344 2308 et

771 2361 1056 2418 inmobilis
1093 2361 1233 2413 circa
1278 2357 1450 2426 ipsum
1501 2351 1680 2423 opinio
1718 2351 1770 2404 in
1809 2349 2106 2403 auditorum
2155 2344 2346 2399 animis

773 2453 1184 2521 imprimeretur.
1211 2446 1450 2504 Nondum
1480 2443 1622 2499 enim
1651 2442 1815 2511 ipsius
1848 2441 2012 2493 virtus
2059 2437 2201 2490 clare
2246 2432 2347 2486 ful-

771 2553 933 2598 serat.
971 2541 1196 2610 Ideoque
1227 2548 1350 2593 tunc
1381 2536 1449 2590 ab
1495 2536 1600 2588 illis
1640 2548 1758 2588 eam
1802 2529 2074 2601 prmdicari
2099 2525 2344 2589 volebat,

773 2651 895 2693 cum
923 2643 973 2690 et
1004 2634 1142 2688 clara
1193 2645 1373 2686 rerum
1405 2628 1618 2690 veritas,
1663 2632 1718 2679 et
1758 2631 2025 2693 gestorum
2058 2618 2134 2670 vis
2161 2629 2347 2684 magna

776 2726 1133 2796 apostolorum
1166 2722 1320 2777 dictis
1342 2720 1814 2790 patrocinarentur.
1846 2711 1958 2766 Non
1978 2709 2125 2765 enim
2147 2705 2351 2777 aequale

777 2833 910 2890 erat,
947 2823 1118 2892 ipsum
1165 2817 1344 2873 videre
1386 2817 1440 2870 in
1477 2812 1757 2868 Palaestina
1803 2822 1941 2862 nunc
1982 2803 2231 2859 miracula
2263 2816 2353 2870 pa-

779 2926 1026 2977 trantem,
1051 2924 1190 2965 nunc
1214 2906 1545 2964 contumeliis
1569 2903 1812 2957 allectum
1856 2907 1910 2954 et
1955 2897 2162 2968 pulsum
2186 2912 2201 2959 ;
2228 2909 2352 2948 cum

779 3004 1007 3059 maxime
1024 3015 1154 3055 crux
1180 2998 1431 3052 miracula
1455 2994 1540 3050 illa
1567 3000 1848 3060 exceptura
1870 2997 2044 3050 esset;
2079 2987 2355 3055 ipsumque

780 3093 1080 3166 perspicere
1111 3090 1234 3157 dum
1261 3087 1454 3156 ubique
1483 3095 1739 3138 terrarum
1761 3079 2092 3138 adoraretur,
2121 3074 2356 3142 fidesque

783 3188 836 3241 in
864 3185 1014 3240 illum
1041 3182 1258 3252 vigeret,
1291 3177 1529 3245 nihilque
1570 3175 1702 3228 ultra
1735 3180 2002 3241 pateretur
2024 3182 2206 3223 eorum
2238 3180 2356 3234 qua:

783 3285 907 3331 ante
930 3289 1122 3344 passus
1150 3271 1338 3326 fuerat.
1369 3268 1496 3322 Ideo
1524 3264 1760 3335 praxipit
1791 3273 1845 3315 ut
1871 3260 2068 3315 nemini
2109 3257 2286 3311 dicant
2310 3257 2354 3308 '.

785 3367 921 3422 Nam
950 3363 1091 3435 quod
1135 3360 1297 3416 semel
1329 3357 1533 3413 radices
1561 3355 1756 3425 posuit,
1785 3352 1828 3407 si
1862 3359 2040 3420 postea
2069 3348 2325 3403 evellatnr
2343 3386 2357 3410 ,

768 3457 1002 3512 vdiﬂlcile
1027 3461 1199 3524 potest
1220 3452 1410 3506 iterum
1436 3448 1725 3518 plantatum
1742 3443 1880 3512 apud
1909 3441 2104 3494 multos
2135 3437 2357 3499 firmari;

788 3547 928 3618 quod
968 3561 1096 3600 vero
1142 3551 1420 3613 postquam
1460 3536 1623 3592 semel
1671 3535 1906 3590 deﬁxum
1947 3541 2048 3595 est,
2088 3531 2361 3584 immotum

788 3646 986 3702 manet,
1015 3635 1228 3690 nemine
1257 3629 1552 3685 molestiam
1582 3625 1840 3680 inferente
1866 3621 2019 3677 facile
2049 3621 2286 3689 pullulat,
2309 3627 2364 3672 et

790 3730 963 3798 majus
985 3727 1367 3780 incrementum
1393 3716 1602 3784 accipit.
1627 3714 1754 3769 Nam
1787 3713 1830 3766 si
1862 3713 1895 3766 ii
1927 3712 2014 3782 qui
2039 3711 2182 3779 signa
2215 3707 2363 3761 vide-

793 3829 909 3874 rant
937 3816 1176 3887 plurima,
1212 3819 1266 3867 et
1295 3818 1372 3865 tot
1391 3807 1731 3863 ineffabilium
1760 3803 2128 3875 mysteriorum
2148 3799 2364 3868 partici-

792 3927 884 3982 pes
907 3917 1079 3972 erant,
1111 3908 1192 3960 vel
1223 3904 1336 3961 solo
1365 3900 1546 3957 auditu
1578 3895 1916 3952 scandalizati
1940 3903 2098 3958 sunt;
2126 3892 2232 3946 imo
2263 3905 2363 3945 non

793 4001 893 4071 ipsi
912 3999 1034 4063 soli,
1077 3995 1170 4052 sed
1201 4004 1253 4050 et
1298 3993 1489 4048 Petrus
1519 3990 1752 4044 onmium
1780 3984 2093 4056 coryphaeus
2121 3999 2134 4036 :
2165 3985 2366 4052 COgites

794 4092 950 4146 velim
977 4087 1103 4159 quid
1127 4085 1327 4156 passuri
1359 4091 1509 4138 erant
1533 4079 1762 4151 plurimi,
1795 4078 1838 4130 si
1865 4075 2168 4129 didicissent
2197 4073 2366 4142 ipsum

793 4198 911 4238 esse
939 4181 1129 4237 Filium
1158 4177 1275 4242 Dei,
1317 4185 1367 4229 et
1395 4183 1578 4245 postea
1605 4171 1861 4224 vidissent
1881 4183 2001 4221 eum
2031 4164 2285 4234 crucifigi.
2317 4172 2370 4218 et

795 4274 962 4344 sputis
1012 4269 1219 4334 foedari,
1265 4283 1384 4321 cum
1436 4263 1807 4336 mysteriorum
1851 4256 2150 4327 hujusmodi
2177 4270 2369 4310 arcana

797 4381 899 4419 non
929 4372 1172 4426 nossent,
1203 4358 1426 4414 necdum
1469 4356 1721 4425 Spiritum
1748 4361 1988 4406 sanctum
2015 4349 2365 4419 accepissent.

796 4455 927 4510 Nam
954 4453 997 4507 si
1034 4449 1305 4519 discipulis
1335 4446 1548 4501 dicebat
1579 4463 1590 4497 :
1621 4443 1786 4497 Multa
1817 4442 1972 4495 habeo
2005 4437 2365 4501 vobisdiccre,

796 4546 882 4601 sed
914 4560 1013 4598 non
1034 4541 1239 4611 potestis
1262 4548 1462 4608 portare
1496 4536 1645 4588 modo
1691 4534 1884 4604 (Joan.
1915 4533 2001 4587 16.
2034 4531 2132 4601 12)
2162 4548 2174 4583 :
2205 4530 2369 4583 multo

797 4637 963 4704 magis
992 4634 1194 4702 reliqua
1222 4627 1507 4684 multitudo
1534 4626 1813 4682 decidisset
1837 4666 1852 4689 ,
1883 4625 1927 4678 si
1958 4632 2080 4677 ante
2117 4630 2372 4692 opportu-

799 4743 923 4781 num
954 4735 1181 4793 tempus,
1213 4721 1352 4790 quod
1383 4722 1433 4774 in
1461 4719 1544 4773 bis
1590 4717 1858 4790 mysteriis
1884 4730 2184 4785 supremum
2217 4721 2368 4777 erat,

800 4819 928 4884 ipsis
949 4817 1236 4871 revelatum
1266 4813 1473 4868 fuisset.
1504 4811 1707 4866 Idcirco
1750 4809 1862 4864 hazc
1888 4808 2070 4863 dicere
2101 4804 2368 4875 prohibet.

803 4909 868 4963 Et
916 4918 971 4960 ut
1013 4906 1187 4964 discas
1216 4912 1468 4974 quantum
1499 4902 1752 4955 intererat
1798 4898 2006 4967 plenam
2051 4905 2231 4967 postea
2276 4895 2373 4948 do-

801 4991 1026 5052 ctrinam
1067 4995 1330 5063 accipere,
1360 4993 1636 5046 summotis
1675 4993 1739 5045 iis
1765 5005 1882 5058 quzc
1911 4987 2228 5043 oﬂ'endiculo
2255 5001 2373 5040 esse

801 5097 1062 5159 poterant,
1098 5087 1146 5140 id
1194 5085 1260 5138 ab
1299 5085 1413 5152 ipso
1460 5082 1741 5152 coryphceo
1767 5081 1963 5149 accipe.
2011 5079 2126 5148 Ipse
2147 5093 2373 5146 namque

795 5182 1007 5242 I’etrns,
1038 5178 1122 5249 qui
1151 5186 1267 5248 post
1297 5185 1371 5230 tot
1402 5176 1648 5229 miracula
1683 5173 1814 5228 adeo
1866 5171 2159 5226 imbecillus
2208 5184 2376 5238 appa-

803 5273 926 5333 ruit,
950 5280 1007 5325 ut
1031 5277 1270 5338 negat-et,
1297 5267 1557 5330 vilemque
1588 5266 1807 5333 puellam
1840 5264 2068 5326 timeret,
2098 5272 2372 5331 postquam

803 5379 972 5420 crucis
998 5371 1210 5433 peracto
1251 5361 1524 5431 mysterio,
1561 5357 1967 5440 resurrectionis
1995 5356 2166 5408 clarus
2187 5352 2372 5406 habuit

805 5455 1304 5516 demonstrationes,
1338 5468 1456 5508 cum
1499 5450 1624 5503 nihil
1664 5449 1735 5501 illi
1777 5450 1909 5501 ultra
1939 5446 2254 5500 oliendiculo
2285 5461 2375 5499 es-

702 5588 711 5596 .
799 5557 921 5611 set,
951 5545 1080 5600 nihil
1105 5562 1223 5598 eum
1258 5545 1510 5606 turbaret,
1540 5543 1616 5596 sic
1644 5542 1912 5594 immotam
1948 5540 2111 5592 tenuit
2150 5538 2376 5607 Spiritus

808 5640 1120 5705 doctrinam,
1165 5651 1219 5694 ut
1263 5637 1626 5694 vehementius
1667 5651 1823 5706 quam
1855 5635 1936 5689 leo
1981 5632 2032 5686 in
2076 5632 2374 5687 Jndteorum

867 5798 884 5824 ι
919 5793 1106 5848 κιαι-ω..
1132 5792 1364 5853 quomodo
1385 5803 1498 5851 ergo
1520 5788 1739 5853 minoris
1756 5787 1842 5853 qui
1864 5787 1979 5853 talia
2003 5787 2114 5850 fecit
2144 5786 2166 5834 ἶ)

871 5857 892 5888 ι
924 5862 1048 5914 llaec,
1068 5847 1177 5906 ideo
1199 5853 1417 5918 prwcipit
1441 5847 1488 5903 ut
1511 5851 1686 5905 nemini
1711 5847 1890 5914 dicunt,
1915 5847 2091 5901 desunt
2115 5854 2162 5898 in
2180 5847 2344 5898 Morel.

1459 415 1513 467 S.
1553 408 1834 467 JOANNIS
1870 400 2358 461 CIIIlYSOSTO'MI
2403 398 2710 456 ARCIIIEP.
2736 394 3261 452 CONSTANTINOP.

3898 392 3991 447 $56

2438 515 2685 585 populant
2713 516 2955 576 irrueret,
2985 509 3089 567 etsi
3107 509 3334 582 pericula
3355 518 3406 565 et
3431 509 3576 564 mille
3605 519 3802 566 mrtes
3834 512 3992 564 inniti-

2434 618 2637 663 tierent.
2663 606 2829 660 Multa
2855 607 2982 660 enim
3007 605 3162 658 habeo
3195 605 3329 657 vobis
3361 602 3542 668 dicere,
3578 603 3764 670 inquit,
3795 605 3881 655 sed
3905 621 3992 656 non

2436 697 2636 768 potestis
2659 708 2861 767 portare
2889 695 3053 748 modo.
3083 693 3217 761 Quin
3250 693 3406 747 etiam
3436 693 3597 745 multa
3644 692 3712 745 ab
3753 692 3842 745 illo
3866 691 3932 744 (Ιίι
3952 705 3994 744 ta

2435 805 2539 844 non
2567 789 2957 857 intelligebant,
2997 801 3115 855 qua:
3157 795 3280 840 ante
3323 799 3534 838 crucem
3579 785 3852 838 nianilesta
3900 800 3994 836 non

2436 883 2682 939 reddidit.
2717 883 3066 951 Posteaquam
3093 879 3249 949 igitur
3276 889 3662 944 resurrexerat,
3697 889 3823 930 tunc
3861 891 3997 944 qure-

2435 977 2555 1029 dam
2579 989 2760 1029 eorum
2780 988 2899 1043 quae
2925 973 3129 1026 dixerat
3153 971 3544 1026 intellexerunt.
3575 969 3704 1024 Jure
3722 983 3852 1037 ergo
3872 970 4000 1023 mul-

2439 1069 2504 1123 t-is
2527 1062 2796 1137 praecepit,
2820 1082 2888 1122 ne
2917 1065 3043 1119 illud
3075 1075 3197 1120 ante
3217 1065 3389 1118 crucis
3419 1061 3717 1133 passionem
3747 1061 3999 1126 dicerent,

2436 1161 2648 1231 quando
2677 1176 2744 1214 ne
2769 1173 2927 1214 ausus
2955 1157 3165 1228 quidem
3205 1167 3286 1212 est
3310 1157 3394 1222 iis,
3427 1156 3516 1226 qui
3544 1164 3726 1223 postea
3755 1152 4000 1225 pradica-

2436 1253 2542 1307 turi
2572 1261 2751 1315 erant,
2801 1252 2977 1306 omnia
3019 1261 3142 1304 ante
3181 1263 3394 1303 crucem
3436 1249 3658 1318 aperire.
3705 1247 3792 1302 20.
3839 1245 3916 1300 Ex
3951 1263 4002 1299 eo

2434 1353 2659 1414 tempore
2680 1345 2826 1413 erepit
2848 1343 2998 1397 Jesus
3023 1343 3144 1412 ipsis
3169 1341 3445 1404 ostendere,
3471 1339 3605 1410 quod
3629 1347 4002 1407 aportereteum

2435 1435 2565 1504 pati.
2591 1434 2672 1488 Ex
2701 1448 2928 1504 quonam
2959 1431 3238 1502 tempore?
3262 1430 3392 1486 Cum
3440 1430 3541 1483 hoc
3583 1429 3775 1499 dogma
3820 1431 3872 1483 in
3911 1430 4004 1482 illis

2442 1525 2695 1588 inseruit;
2727 1540 2847 1578 cum
2874 1525 3105 1593 gentium
3135 1523 3336 1576 initium
3362 1519 3582 1575 induxit.
3616 1521 3684 1575 At
3730 1535 3903 1587 neque
3936 1520 4004 1573 sic

2443 1619 2495 1674 id
2537 1617 2674 1689 quod
2705 1617 2977 1673 dicebatur
3007 1615 3385 1671 intellexerunt
3417 1633 3429 1666 :
3466 1614 3774 1676 Eratcnim,
3819 1613 4004 1681 inquit,

2443 1712 2764 1766 absconditus
2812 1726 2973 1765 sermo
3002 1709 3063 1762 ab
3097 1709 3166 1762 eis
3197 1707 3359 1778 (Luc.
3395 1708 3480 1762 18.
3511 1707 3646 1776 54);
3691 1715 3748 1761 et
3789 1705 3935 1775 quasi
3963 1704 4008 1757 in

2444 1805 2768 1859 obscuritate
2787 1802 3011 1872 quadam
3035 1801 3399 1864 versabantur,
3434 1799 3736 1853 nescientes
3781 1813 3900 1852 eum
3931 1811 4010 1850 re-

2445 1906 2803 1952 surrecturum
2825 1910 2963 1950 esse.
2996 1895 3328 1963 Quapropter
3359 1894 3409 1945 in
3429 1892 3547 1944 istis
3587 1889 3893 1944 difﬁcilibus
3920 1889 4011 1941 im-

2449 1999 2721 2054 moratur,
2768 1998 2819 2041 et
2857 2001 3153 2042 sermonem
3189 1986 3508 2054 ampliﬁcat,
3543 1994 3600 2038 ut
3640 1985 3747 2038 illis
3791 1992 4008 2039 mentem

2446 2081 2666 2148 aperiat.
2697 2087 2752 2134 et
2793 2077 3083 2146 intelligant
3109 2075 3233 2145 quid
3262 2075 3329 2130 sit
3355 2074 3480 2129 illud
3513 2074 3653 2144 quod
3676 2074 3889 2128 dicitur.
3919 2071 4011 2125 Vc-

2448 2187 2563 2224 rum
2597 2170 2716 2224 Non
2744 2167 3118 2234 intellexerunt,
3148 2169 3235 2221 sed
3261 2177 3367 2220 erat
3397 2167 3742 2221 absconditum
3763 2167 3887 2237 ipsis
3914 2181 4015 2218 eer-

2448 2262 2563 2315 bum
2585 2262 2718 2316 istud
2743 2260 3036 2333 (Ibidem);
3079 2273 3176 2314 nec
3211 2259 3476 2314 audebant
3503 2259 3648 2313 illum
3677 2260 4014 2326 interrogare,

2451 2367 2556 2408 non
2587 2360 2759 2406 utrum
2789 2361 2930 2406 esset
2959 2352 3267 2417 moriturus,
3298 2349 3390 2406 sed
3430 2349 3698 2420 quomodo
3721 2359 3781 2403 et
3808 2363 3910 2419 qua
3938 2363 4012 2400 ra-

2453 2444 2614 2498 tione.
2647 2443 2716 2498 Et
2757 2443 2882 2512 quid
2920 2452 3035 2498 erat
3078 2444 3178 2497 hoc
3205 2442 3551 2514 mysterium?
3576 2440 3690 2496 Non
3718 2443 3864 2495 enim
3890 2437 4017 2493 scie-

2454 2534 2599 2599 bant,
2629 2536 2754 2604 quid
2776 2542 2917 2588 esset
2936 2548 3232 2602 resurgere,
3264 2533 3537 2602 multoque
3558 2533 3749 2586 melius
3775 2530 4016 2600 putabant

2454 2642 2571 2682 esse
2623 2643 2726 2680 non
2773 2626 2928 2682 mori.
2964 2626 3188 2696 Ideoque
3207 2626 3323 2680 aliis
3352 2625 3599 2679 omnibus
3625 2621 3944 2692 perturbatis
3967 2633 4021 2670 ac

2453 2716 2834 2783 dubitantibus,
2866 2731 3075 2770 rursum
3106 2715 3315 2778 Petrus,
3371 2723 3554 2784 utpote
3593 2713 3804 2770 Icrvens
3825 2754 3841 2778 ,
3888 2713 4020 2766 solus

2453 2821 2614 2861 ausus
2640 2815 2719 2862 est
2751 2806 2848 2860 hac
2872 2806 2938 2861 de
2965 2822 3022 2861 re
3052 2806 3192 2875 loqui
3223 2822 3236 2857 :
3267 2821 3438 2875 neque
3465 2814 3640 2860 tamen
3682 2805 3912 2873 publice,
3939 2799 4022 2854 sed

2459 2910 2698 2952 seorsum
2724 2914 2738 2961 ;
2769 2896 2818 2950 id
2850 2905 2951 2961 est,
2982 2897 3047 2952 ab
3076 2897 3192 2950 aliis
3219 2905 3456 2951 semotus
3476 2895 3787 2964 discipulis;
3821 2897 4020 2963 aitque:

2458 2987 2546 3042 22.
2579 2988 2840 3057 PrOpititts
2867 2988 2952 3040 tibi
2990 2989 3077 3055 sis,
3109 2985 3343 3051 Domine,
3387 3004 3489 3041 non
3526 2987 3617 3041 erit
3641 2986 3729 3039 tibi
3758 2987 3873 3040 hoc.
3902 2983 4024 3052 Quid

2461 3081 2561 3134 hoc
2583 3081 2702 3133 est?
2743 3080 2832 3148 qui
2862 3079 3238 3135 rcvelationem
3266 3078 3467 3140 habuit,
3520 3079 3609 3148 qui
3637 3079 3827 3134 beatus
3851 3075 4026 3147 pravdi-

2461 3181 2609 3226 catus
2635 3179 2735 3236 est,
2763 3171 2847 3225 hic
2886 3169 3064 3224 subito
3103 3169 3283 3238 lapsus
3307 3168 3519 3233 cecidit,
3550 3169 3620 3222 ita
3649 3178 3705 3222 ut
3734 3167 4026 3236 passionem

2463 3264 2622 3317 etiam
2649 3262 2971 3315 timeretiet
2998 3259 3124 3329 quid
3150 3259 3363 3323 mirum,
3406 3259 3450 3312 si
3490 3258 3556 3324 is,
3600 3257 3689 3328 qui
3729 3258 3830 3312 hac
3870 3255 3936 3310 de
3980 3267 4031 3303 re

2465 3369 2569 3409 non
2595 3361 2873 3421 acceperat
2914 3351 3313 3417 revelationem,
3359 3349 3411 3405 id
3455 3363 3641 3420 passus
3661 3349 3766 3403 sit?
3801 3347 3868 3404 Ut
3900 3345 4029 3400 enim

2465 3444 2640 3500 discas
2666 3444 2812 3498 illum
2843 3457 2904 3498 ea
2933 3457 3050 3512 qute
3075 3457 3234 3511 supra
3261 3441 3400 3496 dicta
3427 3451 3551 3500 sunt
3596 3443 3702 3495 non
3729 3456 3793 3495 ex
3825 3454 3884 3495 se
3917 3451 4032 3507 pro-

2468 3537 2652 3592 tulisse
2675 3579 2689 3601 ,
2722 3535 2840 3592 vide
2882 3533 3147 3605 quomodo
3167 3535 3218 3588 in
3242 3533 3324 3586 his
3356 3548 3474 3602 qua:
3513 3532 3616 3586 sibi
3655 3532 3892 3586 revelata
3938 3541 4031 3581 non

2467 3627 2708 3692 fuerant,
2757 3626 2995 3680 turbetur
3024 3608 3092 3679 \et
3130 3631 3431 3688 evertatur,
3479 3631 3533 3678 ct
3558 3621 3751 3676 millies
3779 3618 4032 3675 audiendo

2469 3735 2574 3774 non
2606 3718 2809 3773 noverit
2846 3718 2972 3788 quid
2995 3717 3277 3780 diceretur.
3308 3715 3439 3770 Nam
3465 3714 3608 3785 quod
3647 3714 3813 3768 Filius
3846 3713 3934 3768 Dei
3961 3725 4034 3764 es-

2468 3824 2568 3877 set,
2600 3811 2649 3865 id
2673 3819 2817 3866 certe
2840 3818 3087 3874 noverat;
3116 3808 3238 3878 quid
3261 3818 3436 3862 autem
3458 3809 3526 3861 sit
3547 3806 3858 3878 mysterium
3874 3802 4036 3859 crucis

2467 3911 2522 3958 et
2539 3901 2960 3960 resurrectionis.
2980 3899 3213 3954 nondum
3228 3899 3326 3969 ipsi
3349 3899 3492 3954 clare
3513 3908 3692 3952 notum
3715 3896 3851 3952 erat.
3869 3896 4034 3952 Sermo

2470 3994 2836 4063 cnim,inquit,
2857 4003 2962 4045 erat
2981 3992 3102 4064 ipsis
3128 3992 3368 4046 occultus.
3400 3990 3560 4044 Vides
3583 3989 3866 4058 illumjure
3895 4001 4032 4042 mau-

2471 4085 2646 4152 dasse,
2681 4100 2747 4138 ne
2776 4084 2892 4136 aliis
2910 4080 3184 4137 dicerent?
3207 4080 3337 4135 Nam
3371 4080 3417 4136 si
3449 4095 3540 4134 eos
3575 4094 3707 4149 quos
3734 4079 3784 4132 id
3809 4077 4037 4133 ediscere

2474 4177 2829 4232 necessarium
2861 4185 2978 4230 erat
3013 4177 3082 4228 ita
3119 4173 3374 4239 turbavit,
3411 4172 3536 4243 quid
3572 4187 3677 4226 non
3699 4172 3842 4241 passi
3870 4177 4040 4227 essent

2473 4268 2689 4324 caeteri?
2711 4267 2824 4336 Ipse
2847 4282 2969 4321 vero
2986 4274 3047 4319 ut
3069 4265 3378 4319 ostenderet
3397 4281 3454 4318 se
3478 4279 3582 4319 non
3601 4265 3818 4318 invitum
3839 4262 3904 4318 ad
3925 4275 4038 4330 pas-

2475 4365 2678 4417 sionem
2693 4363 2895 4423 venire,
2913 4359 3198 4428 increpavit
3213 4357 3447 4422 Petrum,
3461 4366 3803 4425 satanamque
3817 4355 4034 4410 vocavit.

2543 4458 2595 4510 4.
2636 4454 2712 4507 De
2748 4469 2894 4507 cruce
2924 4451 3107 4508 Christi
3144 4467 3246 4505 non
3270 4450 3674 4504 erubescendum.
3702 4450 3841 4505 Crux
3862 4448 4038 4522 quoties

2475 4557 2579 4601 tum
2606 4547 2798 4617 publice
2827 4556 2929 4600 tum
2959 4545 3190 4615 priuatim
3214 4544 3550 4600 adhibita-s—
3576 4543 3805 4597 Audiam
3853 4541 3942 4613 qui
3983 4537 4040 4591 de

2473 4657 2630 4698 cruce
2665 4640 2861 4695 Christi
2899 4639 3236 4694 erubescunt.
3267 4637 3473 4692 Etenim
3503 4636 3545 4690 si
3586 4635 3903 4706 corypbmus
3940 4631 4037 4692 ille,

2474 4742 2758 4802 antequam
2800 4731 2974 4784 omnia
3018 4730 3183 4799 probe
3222 4728 3417 4791 sciret,
3461 4726 3600 4797 quod
3647 4727 3737 4780 tali
3780 4735 3925 4782 esset
3968 4720 4039 4773 af-

2477 4822 2638 4887 fectu,
2668 4833 2880 4876 satanas
2906 4821 3202 4890 appellatus
3231 4828 3331 4885 est,
3363 4835 3519 4889 quam
3563 4819 3772 4874 veniam
3804 4829 4038 4874 mercan-

2477 4924 2563 4970 tur
2603 4915 2677 4969 illi
2720 4913 2828 4983 qui,
2871 4921 2991 4981 post
3035 4920 3232 4964 tantam
3271 4909 3804 4974 demonstrationem,
3837 4918 4043 4963 recoun-

2478 5008 2636 5062 miam
2669 5005 2900 5075 negant?
2924 5003 3144 5070 Quando
3168 5003 3308 5057 enim
3337 5002 3415 5055 vir
3433 5003 3521 5071 qui
3548 5002 3733 5056 beatus
3758 5000 4042 5070 appellatus

2479 5110 2577 5162 εει,
2610 5099 2696 5168 qui
2727 5097 2882 5151 talem
2913 5095 3127 5165 protulit
3167 5093 3575 5158 confessionem,
3606 5092 3720 5147 haec
3749 5101 3924 5146 tamen
3960 5101 4042 5141 au-

2479 5191 2576 5255 dit,
2607 5191 2657 5244 in
2687 5190 2866 5242 animo
2897 5196 3080 5256 reputa
3107 5195 3303 5255 quanta
3334 5186 3537 5255 passuri
3568 5185 3674 5238 sint
3714 5185 3770 5247 ii,
3810 5184 3900 5253 qui
3934 5185 4043 5252 post

2482 5285 2579 5337 ista
2606 5280 2916 5351 mysterium
2943 5280 3117 5333 crucis
3146 5277 3492 5346 vilipendunt.
3517 5275 3626 5328 Non
3655 5275 3804 5338 dixit,
3829 5273 4041 5330 Satanas

2481 5391 2575 5445 per
2601 5383 2652 5428 te
2681 5374 2928 5440 loquutus
2970 5378 3082 5436 est;
3114 5369 3225 5433 sed,
3259 5369 3347 5422 25.
3391 5366 3527 5420 Vade
3557 5375 3667 5433 post
3698 5383 3795 5431 me,
3826 5375 4040 5418 satanas.

2480 5467 2610 5521 Nam
2638 5464 2883 5533 cupiebat
2910 5462 3242 5517 adversarius
3273 5470 3326 5514 ut
3355 5460 3596 5513 Christus
3618 5473 3721 5511 non
3746 5465 4039 5527 pateretur:

2484 5561 2603 5616 ideo
2645 5559 2721 5612 sic
2750 5556 3088 5611 vehementer
3127 5551 3436 5620 increpavit,
3466 5550 3606 5620 quod
3646 5549 3874 5603 maxime
3894 5547 4043 5605 sciret

2483 5666 2537 5710 et
2568 5655 2710 5707 illum
2740 5661 2792 5707 et
2821 5650 2952 5703 alios
2981 5652 3077 5703 hoc
3104 5649 3274 5716 ipsum
3305 5644 3510 5709 timere,
3538 5658 3708 5712 neque
3739 5641 3895 5697 facile
3925 5632 4040 5693 illud

2486 5746 2784 5799 admittere.
2839 5741 3169 5808 Quapropter
3214 5738 3404 5790 mentis
3464 5736 3578 5803 ejus
3624 5749 3811 5788 arcana
3860 5727 4044 5787 revelat

2491 5838 2672 5892 dicens
2703 5853 2712 5888 ;
2747 5833 2863 5888 Non
2893 5834 3025 5900 sapis
3055 5847 3111 5885 ea
3142 5844 3251 5899 qutt'
3289 5827 3380 5880 Det
3407 5837 3539 5894 sunt,
3564 5827 3649 5892 sed
3679 5840 3734 5878 ea
3755 5841 3871 5896 qua:
3896 5815 4034 5876 homi-
