4170 6498
147 429 248 488 επ

148 560 287 597 nunt.
308 539 449 610 Quid
481 554 642 611 porro
666 536 793 592 illud
819 545 923 602 est,
952 533 1070 589 Non
1098 533 1240 604 sapis
1260 548 1318 586 ea
1346 546 1460 601 qua:
1486 529 1579 584 Dei
1598 537 1735 593 sunt,

148 638 241 691 sed
265 653 325 691 ea
351 650 467 700 qua
504 633 763 688 hominum
783 632 809 686 2
834 630 927 685 ille
973 629 1207 683 humano
1249 637 1302 681 et
1329 635 1543 680 terreno
1571 622 1740 678 ratio-

146 730 291 783 cinio
317 742 429 782 rem
457 716 803 789 examinans,
837 722 1055 793 putabat
1098 720 1149 775 id
1174 720 1391 775 Christo
1433 727 1587 787 turpe
1620 730 1741 771 esse

146 831 200 877 et
231 819 565 874 indecorum.
611 817 782 885 Ipsum
826 816 1003 885 itaque
1040 829 1268 882 carpens
1311 814 1423 867 ait:
1454 811 1570 867 Non
1600 811 1740 866 intle-

146 925 333 965 corum
365 917 450 963 est
474 923 560 962 mc
588 908 691 976 pati
715 924 729 959 :
751 906 842 961 sed
868 915 920 960 tu
951 904 1150 959 carnali
1170 903 1395 959 consilio
1414 902 1737 970 itajudicas:

145 1002 238 1071 qui
268 999 313 1053 si
340 999 631 1055 secundum
656 997 987 1073 Deumﬁicta
1005 996 1265 1058 audisses,
1289 986 1326 1049 ai
1345 993 1545 1049 carnali
1563 995 1742 1048 animo

145 1092 449 1164 expeditus,
478 1092 646 1146 scires
676 1091 727 1145 id
755 1106 842 1145 me
866 1090 1098 1144 maxime
1123 1088 1318 1145 decere
1342 1105 1357 1152 ;
1388 1097 1444 1143 tu
1472 1089 1615 1157 enim
1645 1104 1741 1155 pu-

150 1196 253 1247 tas,
285 1184 555 1253 indignam
585 1198 698 1237 rem
724 1197 864 1248 esse,
908 1182 953 1236 si
996 1181 1049 1237 id
1090 1195 1190 1250 ego
1237 1182 1443 1250 patiar:
1478 1194 1577 1250 ego
1613 1194 1742 1234 vero

146 1281 274 1335 dico
299 1278 417 1341 tibi,
448 1276 641 1331 diaboli
673 1276 999 1331 voluntatem
1020 1289 1142 1330 esse
1171 1283 1227 1328 ut
1255 1289 1353 1344 ego
1384 1288 1488 1326 non
1524 1273 1693 1341 patiar
1723 1287 1739 1325 :

146 1390 215 1429 ex
263 1370 549 1427 contrariis
592 1369 1003 1423 sollicitudinem
1056 1366 1174 1435 ejus
1214 1365 1559 1434 reprimebat.
1592 1363 1745 1420 Sicut

146 1463 293 1519 enim
324 1460 584 1516 Joannem
612 1459 701 1528 qui
730 1458 1003 1528 indignum
1034 1456 1249 1511 Christo
1276 1456 1494 1526 putabat
1516 1470 1659 1518 esse,
1695 1455 1740 1509 si

145 1553 288 1608 abse
305 1552 685 1622 baptizaretur,
701 1549 764 1603 ad
789 1548 838 1602 id
860 1548 1159 1603 faciendum
1183 1546 1386 1601 induxit
1402 1546 1590 1601 dicens
1612 1564 1623 1598 :
1654 1544 1744 1599 Sic

147 1647 289 1700 decet
335 1661 426 1698 nos
454 1641 669 1714 (Matth.
715 1642 769 1698 3.
815 1639 941 1711 15);
983 1648 1036 1694 et
1084 1640 1182 1709 ipsi
1230 1638 1387 1694 Petro
1428 1638 1591 1708 pedes
1616 1650 1743 1691 suos

147 1739 328 1792 lavare
359 1734 655 1806 prohibenti
682 1734 833 1800 dixit,
873 1731 988 1786 Non
1011 1731 1162 1785 habes
1182 1742 1377 1800 partem
1399 1747 1611 1793 mecum,
1646 1729 1745 1783 nisi

148 1828 303 1897 pedes
347 1836 459 1881 tuos
496 1826 665 1879 lavero
695 1824 873 1893 (Joan.
909 1824 996 1879 13.
1026 1820 1095 1895 8)
1135 1822 1257 1878 :sio
1287 1833 1339 1877 et
1380 1822 1479 1876 hoc
1518 1820 1752 1876 loeo‘er

146 1919 433 1976 contrariis
463 1919 635 1990 ipsum
662 1917 938 1987 repressit,
966 1924 1031 1971 et
1050 1914 1742 1985 increpationisveliemcn-

148 2014 217 2067 tia
254 2012 502 2066 timorem
531 2009 794 2080 passionis
826 2008 1100 2064 exstinxit.
1141 2007 1418 2064 Neminem
1449 2008 1607 2077 igitur
1648 2022 1745 2076 pu-

147 2105 273 2160 deat
314 2103 705 2159 honorabilium
737 2100 925 2156 salutis
966 2110 1163 2155 nostrae
1202 2099 1589 2169 symbolorum,
1622 2113 1742 2168 qua:

144 2205 275 2251 sunt
300 2205 464 2263 caput
503 2194 785 2253 bonorum.
831 2208 924 2262 pcr
948 2207 1071 2263 qua;
1094 2192 1341 2256 vivimus,
1377 2206 1470 2260 per
1507 2206 1626 2260 quae
1653 2205 1745 2244 su-

147 2304 271 2343 mus
295 2306 308 2341 :
333 2288 428 2342 sed
460 2302 673 2342 crucem
698 2284 893 2340 Christi
925 2286 1073 2357 quasi
1114 2301 1364 2340 coronam
1395 2283 1741 2340 circumfera—

145 2395 307 2445 mus;
340 2393 437 2449 per
456 2393 573 2433 eam
603 2377 745 2433 enim
773 2378 951 2432 omnia
977 2393 1098 2447 quae
1125 2377 1189 2430 ad
1220 2391 1315 2431 nos
1342 2384 1585 2445 Spectant
1619 2390 1742 2444 per-

146 2473 421 2527 ﬁciuntur.
475 2470 533 2526 Si
596 2471 901 2540 regenerari
952 2478 1240 2540 oporteat,
1290 2485 1421 2525 crux
1464 2468 1649 2532 adest;
1698 2468 1743 2522 si

144 2563 377 2634 mystico
399 2561 491 2616 illo
510 2560 633 2615 cibo
654 2561 863 2625 nutriri,
882 2561 925 2616 si
946 2561 1200 2625 ordinari,
1224 2570 1276 2616 et
1300 2562 1343 2615 si
1366 2560 1576 2632 quidvis
1599 2560 1743 2615 aliud

144 2653 475 2719 faciendum,
505 2654 703 2724 ubique
729 2655 882 2709 nobis
925 2654 1075 2709 adest
1114 2654 1214 2709 hoc
1255 2654 1491 2709 victoriae
1528 2654 1743 2726 symbo-

142 2746 279 2800 lum.
308 2745 513 2800 Idcirco
537 2753 591 2800 et
618 2744 783 2810 domi,
812 2754 866 2801 et
891 2746 943 2799 in
975 2745 1280 2814 parietibus,
1311 2756 1365 2800 et
1388 2746 1438 2800 in
1470 2746 1739 2813 fenestris,

141 2848 196 2893 et
228 2839 282 2892 iu
305 2836 481 2893 fronte
507 2837 637 2893 etin
667 2848 868 2903 mente,
902 2838 1044 2893 illam
1083 2853 1203 2893 cum
1247 2838 1413 2893 multo
1451 2838 1627 2893 studio
1649 2838 1743 2893 de-

143 2930 438 3001 pingimus.
491 2928 603 2984 Hoc
651 2930 1106 3000 quippevsignum
1158 2940 1241 2985 est
1290 2940 1487 2985 nostra:
1532 2931 1741 2998 salutis,

142 3022 451 3076 communis
478 3020 760 3083 libertatis,
784 3029 839 3075 et
862 3021 1286 3075 mansuetudinis
1316 3022 1524 3077 Domini
1553 3040 1565 3076 :
1594 3020 1743 3078 Sicut

141 3114 253 3168 oris
296 3113 439 3167 enim
482 3111 551 3165 ad
579 3113 873 3166 occisionem
914 3112 1090 3167 ductus
1114 3121 1185 3166 est
1235 3112 1370 3185 (Act.
1400 3112 1455 3168 8.
1488 3112 1575 3167 52.
1611 3111 1740 3167 Isai.

142 3207 236 3261 53.
270 3205 347 3273 7).
378 3204 509 3259 Cutu
543 3204 701 3272 igitur
739 3213 790 3257 te
823 3203 1020 3272 signos,
1064 3212 1230 3256 totum
1262 3204 1435 3258 crucis
1462 3219 1744 3272 argumen-

144 3310 260 3354 tum
288 3299 485 3368 cogita,
514 3298 798 3366 exstingue
815 3298 944 3351 iram
968 3312 1261 3365 omnescjue
1284 3312 1474 3367 pravos
1497 3295 1741 3350 allectus.

143 3392 279 3446 Cum
310 3399 361 3444 te
388 3390 589 3459 signas,
622 3391 785 3441 multa
816 3388 1003 3443 ﬁducia
1042 3391 1270 3443 frontem
1303 3396 1447 3442 tuam
1479 3388 1645 3456 reple,
1675 3388 1744 3440 li-

143 3485 333 3537 heram
369 3480 528 3535 facito
554 3482 806 3534 animam.
837 3479 998 3534 Scitis
1030 3481 1185 3549 plane
1215 3494 1459 3549 quzcnam
1488 3480 1596 3533 sint
1624 3493 1745 3549 quae

144 3573 450 3628 libertatem
476 3570 634 3625 nobis
656 3571 879 3640 pariant.
904 3568 1029 3624 Ideo
1050 3570 1253 3625 Paulus
1265 3570 1329 3622 ad
1359 3569 1410 3623 id
1438 3584 1535 3623 nos
1551 3568 1746 3624 cohor-

146 3676 291 3728 tans,
321 3664 425 3719 hoc
450 3672 530 3719 est
552 3664 619 3717 ad
647 3663 942 3717 libertatem
973 3661 1125 3717 nobis
1141 3672 1542 3732 congruentem,
1570 3661 1745 3716 crucis

145 3771 200 3811 et
246 3756 535 3825 sanguinis
566 3754 817 3808 dominici
859 3754 1130 3808 mentione
1190 3752 1363 3818 facta,
1409 3752 1489 3807 sic
1541 3754 1741 3807 habet:

150 3848 350 3911 Pretio,
381 3848 572 3917 inquit,
605 3848 761 3915 empti
786 3847 903 3900 estis
928 3861 947 3909 ;
988 3863 1050 3899 ne
1077 3846 1187 3899 sitis
1224 3846 1353 3900 servi
1382 3845 1641 3900 hominum
1668 3847 1743 3916 (l.

144 3944 271 3998 Cor.
305 3943 358 3995 7.
384 3943 501 4011 23).
534 3940 740 4008 Cogita,
773 3941 980 4009 inquit,
1021 3942 1245 4008 pretium
1288 3956 1384 4010 pro
1413 3948 1465 3994 te
1494 3955 1742 3993 numera.

145 4046 285 4099 tum,
314 4043 476 4103 atque
505 4033 701 4087 nullius
733 4032 963 4085 hominis
982 4032 1087 4085 eris
1113 4045 1329 4096 servus;
1365 4032 1594 4099 pretium
1618 4044 1747 4085 vero

143 4141 369 4182 crucem
412 4134 588 4178 vocat.
638 4121 821 4192 Neque
854 4122 997 4177 enim
1043 4122 1359 4190 simpliciter
1404 4122 1549 4176 illam
1580 4122 1746 4193 digito

144 4221 440 4277 eﬂ‘ormm
468 4228 699 4288 oportet,
733 4218 825 4273 sed
857 4218 1001 4286 prius
1022 4217 1295 4271 voluntate
1323 4226 1377 4271 et
1413 4217 1576 4270 multa
1620 4215 1741 4269 fide.

142 4314 202 4368 Si
261 4311 366 4365 hoc
412 4310 574 4364 modo
627 4308 772 4363 illam
814 4308 866 4363 in
910 4308 1041 4363 facie
1084 4318 1169 4363 tua
1212 4308 1540 4378 depinxeris,
1570 4306 1745 4361 nullus

146 4407 485 4475 inipurorum
528 4402 831 4456 dtetnonum
877 4410 1060 4456 contra
1105 4410 1157 4456 te
1198 4410 1341 4455 stare
1385 4398 1594 4468 poterit,
1622 4412 1743 4453 cum

143 4516 338 4557 ensem
395 4497 572 4552 videat
611 4512 717 4567 quo
749 4496 936 4549 vulnus
979 4495 1202 4567 accepit,
1241 4508 1361 4547 cum
1396 4492 1747 4564 gladiumvio

144 4593 277 4647 deat
303 4606 410 4660 quo
433 4588 577 4643 letali
618 4587 770 4658 plaga
798 4584 1071 4655 perfossus
1098 4592 1201 4638 est.
1246 4582 1301 4639 Si
1332 4598 1428 4637 nos
1456 4584 1600 4638 enim
1631 4582 1754 4636 loca.

148 4684 407 4739 videntes
446 4680 538 4735 ubi
585 4679 661 4733 rei
704 4678 1001 4739 creduntur,
1047 4675 1539 4746 perhorrescimus,
1572 4674 1745 4744 cogita

144 4776 279 4846 quid
328 4771 540 4842 passuri
585 4772 693 4825 sint
734 4769 990 4825 diabolus
1018 4778 1072 4823 et
1097 4768 1393 4833 daemones,
1423 4767 1586 4820 telum
1616 4764 1745 4818 illud

146 4867 421 4927 videntes,
462 4878 569 4933 quo
594 4861 838 4917 Christus
868 4869 1033 4915 totam
1072 4860 1278 4913 illorum
1311 4858 1601 4925 potentiam
1640 4856 1749 4910 sol-

146 4961 251 5021 vit,
278 4954 638 5025 draconisque
664 4961 826 5021 caput
869 4950 1116 5005 abscidit.
1147 4948 1225 5004 Ne
1251 4949 1429 5019 itaque
1468 4955 1519 5002 te
1554 4946 1749 5016 pudeat

148 5053 287 5104 tanti
329 5046 537 5119 accepti
582 5044 731 5113 boni,
771 5057 838 5098 .ie
876 5041 1145 5097 Christqu
1186 5040 1262 5095 tui
1312 5038 1507 5111 pudeat
1532 5038 1748 5107 quando

146 5142 335 5196 veniet
360 5153 485 5194 cum
512 5136 682 5209 gloria
708 5149 826 5199 sua,
865 5133 1049 5189 ethoc
1074 5133 1282 5203 signum
1324 5140 1450 5185 ante
1474 5129 1746 5185 Christum

146 5232 425 5287 videbitur
480 5229 610 5299 ipsis
660 5225 927 5281 solaribus
981 5223 1145 5279 radiis
1194 5222 1548 5292 splendidius.
1602 5221 1751 5277 Tunc

149 5326 304 5395 enim
330 5338 468 5379 crux
492 5320 689 5383 veniet,
719 5326 1008 5387 conspectu
1047 5332 1147 5371 suo
1173 5330 1361 5371 vocem
1395 5315 1666 5378 emittens,
1697 5323 1753 5370 et

150 5417 420 5471 adversus
464 5413 649 5467 orbem
694 5420 861 5465 totum
912 5424 1128 5465 causam
1182 5408 1388 5463 Domini
1432 5407 1749 5474 defendens,

151 5508 566 5575 ostendensque
610 5503 743 5557 nihil
785 5518 850 5558 ex
882 5502 1001 5571 ejus
1047 5510 1197 5571 parte
1239 5500 1493 5555 defuisse.
1540 5500 1649 5553 Hoc
1675 5499 1753 5553 si-

149 5617 323 5672 gnum
353 5606 410 5652 et
436 5596 700 5666 majorum
728 5604 1033 5649 nostrorum
1078 5602 1319 5662 tempore
1344 5602 1397 5646 et
1426 5606 1540 5645 aevo
1569 5600 1756 5645 nostro

145 5693 375 5748 clausas
390 5688 599 5759 aperuit
612 5685 833 5758 januas;
854 5686 955 5740 hoc
970 5686 1178 5755 signum
1194 5693 1453 5739 venenata
1471 5682 1755 5752 pharmaca

154 5781 451 5847 exstinxit;
500 5778 813 5834 hoccicuta:
841 5778 948 5832 vim
991 5776 1181 5840 solvit;
1230 5776 1331 5830 hoc
1374 5787 1755 5829 venenatorum

157 5875 401 5934 [tantum
421 5884 635 5929 morso!
645 5869 871 5929 curavit.
893 5868 1023 5924 Nam
1040 5866 1277 5940 siportas
1299 5866 1587 5922 inferorum
1624 5880 1755 5935 ape-

1250 416 1319 472 ΙΝ
1352 408 1759 470 MATTIUEUM
1797 407 2026 464 1103111..
2069 406 2200 462 LIV.
2243 406 2313 460 al.
2358 404 2443 460 LV

3347 398 3446 455 ωε

1848 530 1974 591 ruit,
2002 529 2045 583 si
2076 526 2333 583 caelorum
2358 525 2494 580 ostia
2525 523 2808 589 rcserarit,
2834 530 2887 578 et
2915 518 3145 592 paradisi
3167 516 3448 574 reuotavit

1848 619 2166 690 ingressum,
2183 619 2229 673 si
2243 616 2440 673 diaboli
2460 631 2652 674 nervos
2678 614 2896 672 rescidit
2914 636 2927 671 :
2945 613 3073 686 quid
3090 615 3283 669 mirum
3302 611 3346 665 si
3365 611 3446 665 le-

1848 696 2001 771 tifera
2018 712 2325 781 pharmaca,
2347 708 2507 773 feras,
2526 708 2735 780 aliaque
2759 706 3069 778 huiusmodi
3088 705 3448 776 superaverit?

1918 804 1973 859 5.
2010 802 2123 861 Hoc
2150 818 2278 873 ergo
2309 802 2364 857 in
2408 811 2587 857 mente
2615 810 2702 856 tua
2736 800 3016 869 insculpe,
3049 808 3105 853 et
3142 799 3446 855 animarum

1846 903 2149 949 nostrarum
2212 892 2439 948 salutem
2483 891 2827 961 amplectere.
2890 890 3016 945 [hac
3068 887 3263 959 quippe
3313 903 3446 945 crux

1846 988 2032 1043 orbem
2055 987 2293 1042 servavit
2336 995 2390 1042 et
2416 987 2712 1053 convertit,
2746 998 2988 1041 errorem
3028 983 3264 1054 expulit,
3305 984 3449 1040 veri-

1848 1089 2009 1134 tatem
2038 1079 2279 1143 induxit,
2316 1088 2510 1133 terram
2538 1079 2728 1133 caelum
2772 1076 2979 1137 ellecit.
3011 1078 3257 1133 homines
3286 1093 3447 1149 ange-

1846 1170 1929 1225 los
1946 1169 2199 1227 reddidit.
2216 1169 2274 1224 Vi
2302 1170 2477 1225 crucis
2505 1169 2778 1225 diemones
2796 1184 2904 1225 non
2935 1168 3071 1224 ultra
3099 1169 3447 1237 formidandi,

1847 1262 1942 1319 sed
1990 1261 2317 1335 despiciendi
2365 1273 2526 1328 sunt;
2578 1278 2754 1334 neque
2808 1278 2956 1319 mors
3004 1279 3151 1319 mors
3182 1269 3302 1330 est,
3352 1264 3447 1319 sed

1847 1372 2099 1414 somnus:
2122 1371 2219 1428 per
2242 1373 2455 1413 crucem
2482 1374 2601 1429 qua:
2622 1359 2775 1414 nobis
2800 1358 3250 1423 adversabantur,
3267 1358 3449 1412 omnia

1847 1449 1994 1504 humi
2039 1448 2244 1519 dejecta
2274 1449 2764 1505 conculcantur..Si
2788 1451 2910 1520 quis
2937 1464 3067 1521 ergo
3113 1447 3255 1504 dicat
3310 1448 3403 1503 tibi
3437 1489 3453 1513 ,

1846 1542 2243 1599 Crucitixumne
2267 1541 2461 1597 adoras
2478 1531 2649 1597 Hasta
2674 1557 2824 1605 voce.
2856 1542 3009 1597 hilari
3037 1542 3189 1597 vultu
3215 1555 3449 1611 respon-

1846 1634 2152 1701 de,.Adoro
2171 1678 2186 1701 ,
2210 1649 2321 1691 nec
2337 1633 2598 1690 adorandi
2628 1634 2786 1688 finem
2816 1632 3317 1690 faciam..Si‘rideat
3336 1676 3351 1698 ,
3382 1634 3451 1690 do

1848 1726 1963 1794 ejus
1992 1724 2491 1796 insania-lacrymas
2516 1724 2697 1780 funde.
2744 1724 2955 1781 Gratias
2983 1741 3081 1795 age
3109 1725 3336 1780 Domino
3383 1725 3456 1781 de

1850 1818 2009 1871 tantis
2054 1817 2328 1873 beneficiis
2348 1861 2361 1884 ,
2394 1832 2515 1889 quae
2544 1817 2661 1873 sine
2685 1818 2885 1881 caelesti
2913 1813 3241 1874 reielatione
3270 1835 3338 1873 ne
3364 1818 3451 1873 di-

1847 1924 2001 1966 scere
2024 1911 2238 1981 quidem
2269 1910 2397 1981 quis
2418 1909 2604 1981 possit.
2641 1909 2766 1967 Ideo
2786 1926 2980 1981 nempe
3008 1911 3093 1966 hic
3122 1909 3261 1965 ridet
3280 1952 3307 1977 ,.
3328 1910 3457 1981 quia

1847 2003 2100 2058 Animalis
2129 2005 2280 2058 homo
2323 2020 2423 2058 non
2453 2004 2667 2074 percipit
2710 2020 2768 2057 ea
2795 2020 2908 2075 qua:
2937 2003 3165 2073 Spiritus
3185 2014 3306 2057 sunt
3351 2003 3369 2073 (
3398 2003 3451 2057 1.

1848 2095 1966 2151 Cor.
1990 2095 2042 2150 2.
2071 2095 2191 2166 14).
2222 2095 2355 2149 Nam
2381 2103 2436 2149 et
2466 2095 2615 2164 pueri
2636 2095 2713 2149 sic
2730 2094 2909 2150 solent
2932 2093 3097 2160 afﬁci,
3117 2109 3450 2164 cummagna

1848 2186 2089 2259 qua‘dam
2120 2194 2176 2241 et
2207 2185 2466 2240 mirabilia
2497 2183 2765 2240 viderint:
2796 2186 2840 2240 si
2872 2184 3128 2241 infantem
3156 2186 3222 2241 ad
3250 2196 3453 2257 myste-

1848 2279 1985 2333 rium
2016 2278 2375 2333 introduxeris
2396 2317 2411 2343 ,
2453 2276 2669 2333 ridebit.
2702 2277 2795 2333 His
2830 2280 3068 2349 puerulis
3093 2279 3298 2335 similes
3328 2290 3451 2339 sunt

1845 2371 2109 2441 gentiles;
2142 2371 2251 2425 imo
2274 2370 2356 2425 his
2373 2384 2585 2441 quoque
2602 2377 2725 2426 sunt
2753 2370 3196 2439 imperfeCIiorcs.
3222 2373 3452 2444 Ideoque

1848 2467 2187 2533 miseriores,
2224 2465 2365 2538 quod
2414 2481 2521 2523 non
2564 2466 2615 2521 in
2647 2468 2931 2522 immatura
2952 2509 2965 2531 ,
2995 2466 3088 2523 sed
3139 2467 3190 2521 in
3216 2466 3452 2539 perfecta

1848 2570 2026 2627 aetate,
2047 2561 2239 2616 eodem
2269 2578 2375 2633 quo
2404 2562 2554 2632 pueri
2582 2561 2743 2617 modo
2771 2560 3102 2627 afficiantur;
3127 2570 3452 2631 quapropter

1847 2653 2004 2708 venia
2033 2662 2158 2709 sunt
2188 2652 2408 2726 indigni.
2440 2654 2546 2711 Sed
2576 2669 2676 2710 nos
2705 2654 2847 2709 clara
2877 2668 3175 2723 magnaque
3203 2667 3333 2706 voce
3359 2693 3373 2715 ,
3400 2661 3452 2706 ct

1848 2746 2085 2801 clamore
2115 2746 2356 2802 adhibito
2403 2746 2677 2810 dicamus;
2730 2747 2839 2801 imo
2869 2746 3072 2817 majore
3101 2762 3221 2801 cum
3260 2743 3452 2801 fiducia

1848 2838 1892 2892 si
1949 2838 2179 2907 gentiles
2229 2852 2420 2894 omnes
2470 2839 2645 2894 adsint
2678 2857 2689 2892 :
2718 2837 2897 2894 Gloria
2954 2847 3135 2893 nostra
3172 2852 3301 2890 crux
3332 2842 3451 2899 est,

1849 2939 2009 3001 caput
2056 2930 2317 2985 bonorum
2349 2932 2627 2998 omnium,
2675 2930 2866 2986 fiducia
2911 2939 2963 2986 et
2992 2946 3211 2986 corona.
3248 2929 3451 2985 Vellem

1848 3036 1970 3076 cum
2003 3022 2165 3078 Paulo
2192 3037 2352 3092 posse
2382 3022 2559 3078 dicere
2591 3040 2603 3075 ε
2639 3020 2745 3076 Per
2766 3038 2913 3092 quem
2939 3022 3066 3075 mihi
3091 3022 3309 3075 mundus
3334 3036 3454 3075 cru-

1847 3114 2030 3181 ciﬁxus
2057 3123 2150 3177 est,
2184 3123 2229 3167 et
2254 3129 2346 3185 ego
2369 3115 2559 3167 tumido
2595 3100 2753 3183 (Gut.
2780 3114 2832 3168 6.
2869 3114 2973 3183 14)
3008 3132 3022 3167 :
3055 3112 3149 3167 sed
3190 3129 3295 3167 non
3324 3126 3447 3182 pos-

1849 3220 1969 3259 sum
2020 3206 2265 3274 plurimis
2313 3206 2563 3262 detentus
2610 3205 2907 3262 affectibus.
2965 3210 3308 3277 Quapropter
3356 3220 3453 3259 vos

1850 3297 2059 3363 hortor,
2079 3307 2133 3352 et
2157 3308 2281 3353 ante
2303 3312 2400 3353 vos
2432 3298 2716 3368 meipsum,
2742 3307 2800 3351 ut
2823 3296 3022 3352 mundo
3047 3297 3448 3367 crucifigamur,

1849 3389 2087 3460 nihilque
2115 3404 2401 3444 commune
2430 3404 2552 3444 cum
2585 3397 2723 3443 terra
2759 3388 3085 3454 habeamus,
3118 3387 3211 3442 sed
3253 3404 3450 3458 supcr-

1850 3497 1971 3537 nam
1999 3496 2240 3536 amemus
2267 3481 2487 3550 patriam
2512 3521 2526 3543 ,
2558 3480 2780 3551 gloriam
2809 3481 2952 3535 illam
2973 3522 2988 3547 ,
3024 3480 3160 3536 bona
3189 3482 3448 3536 czelestia.

1849 3574 1979 3628 [\‘am
2011 3574 2171 3644 [tegis
2196 3572 2426 3629 caelestis
2454 3573 2651 3628 milites
2674 3587 2889 3639 sumus,
2919 3582 2973 3628 et
3002 3574 3167 3627 armis
3195 3572 3451 3643 spiritua-

1850 3666 1990 3722 libus
2038 3666 2325 3720 induimur.
2357 3663 2464 3721 Cur
2492 3680 2620 3736 ergo
2659 3681 2959 3736 cauponum
2980 3708 2996 3732 ,
3028 3666 3408 3722 circulatorum
3430 3706 3448 3731 ,

1850 3759 1959 3813 imo
1990 3759 2250 3813 vermium
2282 3758 2441 3813 vitam
2473 3758 2724 3827 agimus?
2769 3756 2871 3814 Ubi
2902 3758 3045 3813 enim
3078 3773 3169 3814 rex
3200 3766 3284 3813 est
3313 3798 3330 3824 ,
3377 3756 3448 3811 ibi

1850 3850 2073 3906 militem
2114 3864 2233 3906 esse
2257 3858 2488 3920 oportet.
2528 3848 2661 3904 Nam
2708 3850 2903 3904 milites
2950 3865 3178 3905 sumus:
3215 3865 3323 3904 non
3354 3863 3450 3904 eo-

1850 3957 1970 3997 rum
2014 3942 2103 4012 qui
2131 3942 2323 4013 longe,
2356 3942 2451 3997 sed
2481 3957 2667 3997 eorum
2700 3943 2787 4013 qui
2830 3957 2995 4013 prope
3041 3950 3184 3997 sunt.
3234 3940 3457 3997 Etenim

1850 4049 1948 4089 rex
1979 4044 2223 4090 terrenus
2251 4050 2355 4089 non
2388 4035 2647 4103 permittit
2671 4050 2860 4090 omnes
2888 4035 2941 4089 in
2970 4035 3114 4105 regia
3142 4048 3264 4089 esse
3284 4075 3297 4099 ,
3348 4049 3459 4089 nec.

1849 4127 1915 4182 ad
1944 4128 2060 4198 ejus
2086 4128 2251 4184 latera
2281 4130 2607 4193 consistere;
2629 4140 2685 4183 at
2718 4128 2951 4184 caelestis
2992 4128 3081 4185 ille
3110 4127 3228 4181 Rex
3258 4142 3463 4181 omnes,

1852 4238 2019 4295 prope
2048 4222 2255 4294 regium
2274 4221 2469 4277 solium
2497 4222 2513 4252 ί
2551 4221 2663 4275 vult
2688 4220 2902 4275 adesse.
2938 4220 3004 4275 Et
3033 4219 3307 4289 quomodo
3329 4217 3453 4273 fieri

1851 4322 2065 4384 potest,
2096 4314 2330 4383 inquies,
2358 4313 2530 4367 ut-hic
2570 4312 2859 4381 degentes,
2882 4324 3049 4381 prope
3085 4309 3455 4367 soliunLillud

1850 4409 2090 4465 stemus?
2119 4408 2257 4474 Quia
2277 4416 2332 4461 et
2352 4405 2548 4460 Paulus
2568 4420 2691 4459 cum
2722 4405 2774 4459 in
2799 4414 2939 4459 terra
2967 4411 3143 4469 esset,
3171 4403 3240 4458 ibi
3270 4412 3451 4458 tamen

1834 4512 1999 4568 erat,
2032 4501 2120 4556 ubi
2174 4500 2454 4570 Seraphim
2485 4509 2540 4554 et
2576 4497 2866 4555 Cherubim
2891 4539 2907 4565 ,
2941 4498 3161 4569 propius
3195 4498 3451 4566 Christo,

1850 4615 2008 4669 quam
2036 4597 2295 4653 satellites
2326 4594 2657 4666 imperatori.
2690 4592 2755 4648 111
2785 4608 3016 4664 namque
3050 4608 3193 4662 saepe
3216 4593 3453 4648 circum-

1851 4708 2059 4763 quaque
2103 4691 2434 4760 respiciunt;
2480 4690 2571 4744 ille
2614 4704 2743 4743 vero
2791 4687 2934 4742 nulla
2978 4686 3373 4758 imaginationis
3400 4687 3452 4741 vi

1850 4796 2028 4839 monis
2074 4782 2156 4839 vel
2198 4784 2498 4838 abstractus
2534 4789 2683 4845 erat,
2710 4779 2805 4835 sed
2849 4780 3052 4834 intenta
3096 4788 3277 4833 mente
3320 4776 3455 4847 Regi

1850 4874 2066 4929 Christo
2110 4873 2370 4928 hzerebat.
2421 4873 2599 4942 Quare
2627 4872 2671 4926 si
2699 4870 3062 4937 voluerimus,
3100 4884 3199 4926 nos
3240 4885 3457 4940 quoque

1852 4968 1904 5025 id
1933 4968 2248 5039 poterimus.
2279 4965 2409 5020 Nam
2449 4966 2491 5019 si
2517 4964 2757 5019 locorum
2788 4963 3071 5020 intervallo
3100 4971 3340 5019 semotus
3368 4977 3457 5022 es-

1852 5070 1956 5125 set,
1991 5074 2094 5114 non
2126 5061 2243 5115 sine
2263 5072 2423 5113 causa
2454 5056 2569 5112 hac
2588 5056 2851 5124 objiceres
2871 5070 2888 5121 ;
2911 5056 3005 5111 sed
3032 5054 3079 5111 si
3100 5055 3295 5125 ubique
3318 5070 3456 5126 prie-

1854 5169 1980 5211 seus
2008 5162 2126 5219 est,
2156 5153 2297 5223 vigili
2336 5161 2393 5207 et
2433 5158 2639 5205 attento
2666 5157 2813 5205 certe
2840 5148 3083 5218 proxime
3119 5148 3292 5204 adest.
3323 5147 3455 5204 Ideo

1856 5249 2115 5318 propheta
2146 5244 2379 5308 dicebat,
2407 5240 2528 5297 Non
2557 5240 2737 5294 timebo
2763 5239 2901 5293 maia
2918 5241 3159 5308 quoniam
3185 5248 3239 5293 tu
3257 5256 3454 5294 mecum

1856 5360 1907 5398 es
1932 5345 1949 5411 (
1972 5340 2116 5396 Psat.
2145 5338 2237 5395 22.
2267 5337 2342 5408 4)
2375 5353 2391 5391 :
2424 5344 2479 5391 et
2503 5350 2687 5390 rursus
2715 5334 2828 5403 ipse
2868 5332 3007 5388 Deus
3036 5351 3049 5387 :
3082 5330 3223 5386 Dm
3258 5349 3455 5403 oppro-

1859 5437 2108 5505 pinquans
2156 5447 2247 5501 ego
2296 5446 2409 5484 sum
2428 5468 2444 5495 ,
2496 5443 2597 5481 non
2648 5424 2787 5479 Deus
2815 5424 2993 5489 procul
3022 5422 3168 5495 (Jer.
3192 5424 3285 5479 εδ.
3314 5423 3387 5479 25
3407 5425 3451 5495 ).

1857 5528 2005 5585 Sicut
2032 5525 2176 5580 enim
2204 5531 2417 5593 peccata
2440 5534 2536 5574 nos
2562 5518 2631 5573 ah
2662 5516 2752 5572 illo
2780 5516 3122 5587 disiungunt,
3152 5516 3231 5571 sic
3250 5516 3455 5586 justitia

1860 5637 1959 5675 nos
1987 5617 2227 5689 adjungit
2267 5615 2384 5685 ipsi.
2418 5613 2549 5668 Nam
2576 5613 2649 5667 ait
2679 5630 2693 5667 :
2720 5610 2903 5665 Adhuc
2928 5620 2977 5665 te
3004 5610 3237 5681 loquente
3262 5610 3453 5673 dicunt,

1862 5712 1994 5768 Ecce
2022 5711 2202 5765 adsunt
2246 5704 2409 5777 (hei.
2439 5704 2529 5760 58.
2551 5701 2636 5775 9).
2667 5701 2799 5771 Quis
2830 5710 2980 5774 pater
3007 5700 3087 5759 sic
3115 5700 3257 5758 ﬁlios
3286 5714 3453 5768 nep0<

1928 5873 1955 5905 ⁸·
1978 5873 2109 5925 Unus
2124 5866 2295 5925 habet,
2321 5862 2609 5915 dominicum
2633 5856 2824 5912 solium.
