4170 6546
794 443 898 497 539
1492 444 1547 498 S.
1589 444 1858 500 JOANNlS
1895 441 2369 504 CllRYSOSTOMl
2410 442 2719 500 ARlilllEP.
2762 446 3290 508 CONSTANTINOP.
3912 455 3989 513 5l0

792 573 974 631 tesque
998 561 1170 616 audiat
1191 562 1214 614 ?
1233 576 1350 632 quae
1376 570 1544 625 mater
1569 563 1635 615 ita
1669 573 1845 631 parata
1879 573 2220 633 promptaque
2249 562 2345 626 sit,

792 672 856 708 ne
887 671 944 710 se
975 655 1113 708 tllioli
1161 655 1458 709 advocent?
1515 654 1680 711 Nemo
1709 666 1852 710 certe
1872 697 1888 721 ,
1919 672 2023 709 non
2048 665 2213 724 pater,
2245 671 2346 709 non

789 757 975 810 mater,
1004 746 1097 801 sed
1128 746 1264 800 Deus
1295 745 1438 799 solus
1462 747 1671 802 assidue
1692 756 1979 816 exspectat,
2009 763 2132 800 num
2152 747 2268 817 quis
2291 760 2350 800 se

785 839 1189 892 domesticorum
1217 837 1456 904 advocet,
1482 855 1577 894 nec
1605 856 1847 909 umquam
1878 849 1931 891 ut
1959 838 2110 892 decet
2136 845 2346 891 vocatus

783 949 809 984 a
842 933 1022 996 nobis,
1073 948 1177 986 non
1231 932 1448 987 audivit.
1503 932 1624 988 Ideo
1656 934 1727 987 ait
1756 951 1768 986 :
1802 933 1978 985 Adhuc
2017 942 2061 984 te
2090 932 2343 999 loquente,

781 1039 885 1077 non
913 1025 1235 1094 exspectabo
1260 1025 1431 1080 donec
1453 1026 1649 1080 finieris
1669 1067 1682 1086 ,
1715 1025 1806 1079 sed
1846 1024 2019 1078 statim
2044 1024 2342 1078 exaudiam.

779 1115 1110 1170 Advocemus
1145 1117 1320 1186 itaque
1359 1117 1504 1170 illum
1532 1126 1586 1170 ut
1612 1118 1719 1170 vult
1748 1117 1992 1170 advocari
2024 1135 2035 1169 :
2069 1115 2342 1183 Quomodo

777 1207 882 1260 vult
911 1208 1082 1276 ergo?
1126 1206 1304 1272 Solve,
1332 1208 1535 1277 inquit,
1567 1224 1711 1261 omne
1753 1209 2002 1261 vinculum
2049 1209 2306 1278 injustitite
2325 1250 2338 1274 ,

775 1301 988 1353 dissolve
1033 1299 1353 1370 obligationes
1400 1301 1727 1354 uiolentarum
1772 1301 2090 1369 paetionum,
2147 1317 2340 1354 onmem

770 1389 1069 1456 scripturam
1109 1390 1332 1456 iniquam
1360 1391 1640 1443 conscinde.
1673 1389 1872 1460 Frange
1903 1393 2134 1444 esurienti
2161 1409 2340 1459 panem

773 1491 933 1546 tumn,
963 1491 1006 1533 et
1035 1497 1278 1551 pauperes
1302 1470 1546 1552 vagosque
1573 1483 1724 1535 induc
1757 1484 1807 1535 in
1829 1483 2030 1536 domum
2079 1493 2235 1536 tuam.
2278 1485 2339 1538 Si

771 1569 952 1623 sideris
981 1570 1192 1636 nudum,
1220 1572 1357 1639 aperi
1382 1588 1514 1637 eum,
1537 1581 1583 1626 et
1609 1573 1899 1627 domesticos
1917 1574 2117 1627 seminis
2136 1576 2209 1627 tui
2237 1591 2338 1628 non

771 1662 1069 1728 despexeris.
1098 1660 1236 1714 Tunc
1275 1672 1497 1731 erumpet
1539 1664 1834 1716 matutinum
1883 1664 2045 1718 lumen
2065 1675 2207 1718 tuum
2232 1707 2244 1729 ,
2288 1677 2336 1721 et

767 1751 973 1806 suadela
995 1763 1091 1806 tua:
1112 1770 1229 1806 mox
1247 1754 1469 1807 orientur
1495 1763 1539 1807 et
1565 1756 1761 1824 prteibit
1780 1769 1894 1810 ante
1916 1767 1960 1810 te
1975 1759 2177 1827 justitia
2199 1744 2290 1813 tua
2314 1797 2332 1828 ,

767 1857 811 1895 et
840 1844 1000 1913 gloria
1019 1842 1116 1897 Dei
1161 1845 1543 1898 circumamiciet
1583 1856 1646 1899 te.
1692 1846 1828 1900 Tunc
1858 1849 2107 1905 iuvat-abis
2133 1869 2209 1905 me
2231 1894 2245 1916 ,
2286 1865 2333 1908 et

765 1936 1032 1987 exaudiam
1066 1945 1129 1988 te.
1162 1935 1341 1988 Adhuc
1383 1947 1429 1989 te
1469 1938 1695 2006 loquente
1732 1941 1913 1992 dicam.
1973 1939 2104 1995 Ecce
2155 1945 2332 1998 adsunt

764 2028 783 2090 t
812 2025 931 2078 lsai.
964 2025 1050 2080 58.
1081 2024 1231 2096 6-9).
1266 2026 1370 2080 Sed
1397 2028 1621 2096 inquies,
1651 2028 1778 2094 Quis
1813 2029 1925 2084 haec
1953 2034 2126 2087 omnia
2158 2034 2330 2090 facere

761 2115 996 2184 poterit?
1025 2115 1136 2169 lmo
1161 2131 1305 2179 vero.
1347 2117 1431 2172 dic
1454 2134 1653 2187 quaeso,
1686 2121 1803 2189 quis
1835 2138 1938 2175 non
1969 2127 2179 2192 potest?
2201 2128 2326 2195 quid

761 2207 901 2258 enim
922 2220 984 2259 ex
1013 2204 1167 2260 dictis
1198 2207 1267 2261 ita
1294 2207 1538 2265 difficile?
1563 2209 1687 2280 quid
1722 2217 2041 2280 operosum?
2067 2217 2191 2286 quid
2221 2233 2326 2274 non

762 2295 961 2351 facile?
1005 2296 1077 2351 lta
1106 2314 1208 2352 non
1241 2299 1397 2354 modo
1423 2301 1687 2370 possibilia
1714 2314 1838 2360 sunt
1857 2346 1869 2370 ,
1899 2307 1990 2362 Sed
2020 2315 2073 2361 et
2107 2308 2277 2365 facilia
2307 2352 2322 2377 ,

761 2397 815 2439 ut
854 2387 1002 2442 inulti
1030 2404 1210 2443 eorum
1255 2406 1556 2446 mensuram
1605 2396 1947 2463 excesserint,
1994 2413 2099 2452 non
2153 2401 2322 2456 solum

757 2479 951 2546 injusta
1006 2481 1350 2553 chirographa
1396 2485 1721 2554 lacerantes,
1754 2490 1845 2544 sed
1875 2504 1993 2546 sese
2036 2491 2186 2548 bonis
2215 2496 2325 2551 suis

754 2572 1143 2639 exspoliantes;
1172 2590 1275 2628 non
1299 2577 1456 2631 modo
1483 2579 1580 2632 sub
1607 2588 1743 2633 tecto
1765 2591 1814 2634 et
1834 2581 1898 2635 ad
1923 2598 2155 2637 mensam
2196 2601 2323 2654 pau-

755 2678 910 2729 peres
929 2665 1265 2734 recipientes,
1283 2667 1374 2721 sed
1403 2670 1559 2723 etiam
1589 2671 1654 2725 ad
1685 2671 1801 2726 illos
1830 2674 2047 2728 alendos
2073 2690 2318 2746 magnum

755 2756 992 2822 corporis
1020 2756 1251 2813 laborem
1296 2769 1350 2814 et
1376 2761 1623 2818 sudorem
1649 2765 2032 2833 suscipientes;
2085 2784 2188 2823 non
2231 2785 2322 2826 co-

755 2846 927 2913 gnatis
955 2848 1131 2913 modo,
1166 2852 1256 2904 sed
1275 2851 1430 2906 etiam
1460 2854 1687 2910 inimicis
1716 2856 1967 2912 beneficia
1985 2869 2313 2928 praestantes.

823 2938 874 2992 6.
903 2939 1037 3007 Quid
1068 2941 1118 2994 in
1143 2943 1457 3011 supradictis
1486 2947 1696 3002 difﬁcile
1722 2950 1834 3004 est?
1853 2951 1966 3005 Non
1995 2955 2133 3008 enim
2167 2958 2314 3024 dixit,

751 3029 1088 3086 Transcende
1133 3043 1371 3101 montes,
1426 3052 1571 3091 mare
1596 3040 1813 3107 trajice,
1848 3051 1922 3096 tot
1950 3052 2000 3096 et
2029 3052 2102 3098 tot
2131 3045 2314 3116 jugera

751 3127 906 3172 terra:
949 3118 1166 3175 effodias
1188 3164 1202 3187 ,
1226 3122 1437 3191 jejunus
1460 3125 1550 3179 diu
1576 3140 1818 3194 maneas,
1860 3145 2014 3186 sacco
2042 3144 2092 3188 te
2121 3135 2311 3203 indue;

747 3208 864 3273 sed,
895 3208 1144 3266 Proximo
1177 3215 1471 3284 impertire,
1502 3232 1688 3288 panem
1719 3220 1935 3292 largire,
1966 3225 2156 3294 injusta
2203 3228 2316 3282 chi-

749 3300 1008 3369 rographa
1038 3304 1296 3360 rescinde.
1324 3305 1457 3375 Quid
1475 3351 1488 3372 ,
1519 3325 1698 3379 quaeso
1718 3353 1731 3375 ,
1759 3312 1839 3368 bis
1864 3316 2066 3373 facilius
2092 3320 2113 3372 ?
2165 3320 2314 3389 Quod

748 3390 790 3441 si
823 3389 1052 3445 difﬁcilia
1078 3393 1165 3448 illa
1192 3403 1374 3463 putes,
1412 3401 1623 3467 praemia
1658 3405 1894 3472 respice,
1923 3417 1975 3462 et
2021 3407 2191 3465 facilia
2222 3413 2315 3468 tibi

747 3489 923 3570 erunt.
971 3480 1423 3549 Quemadmodum
1467 3491 1607 3545 enim
1655 3507 1807 3563 reges
1849 3496 1900 3550 in
1950 3497 2314 3570 hippodromis

747 3578 869 3626 ante
894 3569 1226 3629 decertantes
1255 3591 1475 3633 coronas
1498 3622 1512 3643 ,
1556 3580 1731 3637 bravia
1777 3595 1830 3640 et
1855 3569 2163 3646 vestimenta
2214 3609 2310 3664 po-

746 3671 909 3730 nunt,
940 3665 1016 3721 sic
1041 3676 1092 3721 et
1123 3667 1360 3724 Christus
1386 3672 1437 3725 in
1466 3674 1638 3728 medio
1680 3676 1850 3734 stadio
1877 3683 2093 3749 praemia
2127 3688 2307 3754 ponit,

745 3768 808 3808 ac
857 3757 1006 3824 quasi
1061 3760 1346 3816 multorum
1402 3765 1640 3821 manibus
1688 3785 1779 3838 per
1832 3775 2101 3842 prephette
2148 3781 2306 3834 verba

745 3845 1009 3913 expandit.
1043 3848 1118 3903 Ac
1148 3864 1300 3921 reges
1327 3853 1538 3941 quidem
1560 3900 1573 3923 ,
1607 3861 1707 3913 etsi
1746 3862 1932 3917 millies
1963 3881 2115 3935 reges
2159 3870 2263 3923 sint
2286 3911 2302 3938 ,

745 3942 929 4001 utpote
957 3935 1226 4005 homines,
1258 3935 1443 3997 fluxasv
1468 3944 1662 4001 habent
1689 3964 1817 4019 opes
1856 3962 1910 4008 et
1937 3935 2303 4015 liberalitatem

741 4039 859 4090 qua:
888 4039 1170 4084 evacuatur
1191 4072 1205 4096 ,
1238 4047 1354 4102 qua:
1381 4050 1541 4103 pauca
1585 4054 1709 4095 vere
1736 4052 1858 4098 sunt
1879 4088 1894 4112 ,
1925 4047 2086 4103 multa
2139 4052 2305 4108 videri

739 4115 988 4184 student;
1013 4120 1134 4175 ideo
1155 4123 1355 4194 singula
1381 4127 1599 4198 singulis
1624 4132 1877 4190 ministris
1895 4136 2022 4193 dant
2041 4182 2054 4204 ,
2084 4149 2136 4194 et
2156 4141 2230 4197 sic
2253 4145 2305 4199 in

740 4210 972 4264 medium
1002 4212 1302 4283 adducunt;
1329 4228 1513 4275 contra
1535 4239 1656 4279 vero
1684 4225 1796 4282 Rex
1825 4241 2006 4287 noster
2029 4238 2204 4291 omnia
2235 4241 2295 4292 si-

743 4301 848 4355 mul
876 4304 1238 4374 accumulans,
1258 4311 1379 4379 quia
1402 4312 1631 4369 abundat
1655 4319 1859 4388 Opibus,
1886 4321 2017 4379 nihil
2042 4325 2107 4380 ad
2124 4339 2306 4384 osten-

739 4392 989 4447 tationem
1018 4395 1160 4465 facit,
1213 4401 1393 4472 sicque
1440 4404 1491 4458 in
1544 4407 1718 4463 medio
1763 4415 2008 4483 proponit
2056 4432 2146 4482 ea,
2186 4437 2304 4491 qua:

735 4483 973 4551 exposita
1012 4485 1267 4546 immensa
1309 4504 1493 4561 erunt,
1553 4499 1832 4572 multisque
1884 4509 2126 4564 manibus
2171 4528 2306 4582 opus

735 4575 837 4676 erit
861 4575 927 4630 ad
956 4589 1018 4632 ea
1037 4581 1353 4639 exhibenda.
1387 4589 1537 4654 Quod
1566 4603 1620 4645 ut
1642 4595 1862 4663 ediscas,
1888 4598 2075 4656 horum
2097 4575 2302 4676 singula

733 4667 1009 4738 diligenter
1071 4674 1266 4744 aspice.
1318 4677 1460 4734 Tune
1515 4697 1739 4755 erumpet
1786 4695 2084 4750 matutinum
2135 4667 2301 4754 lumen

735 4768 891 4814 tttttm.
949 4765 1139 4821 Annon
1191 4769 1400 4827 videtur
1442 4789 1602 4831 unum
1646 4794 1763 4835 esse
1791 4782 2152 4847 donumlSed
2193 4810 2299 4852 non

735 4863 898 4906 unum
927 4865 1009 4910 est
1030 4874 1044 4910 :
1065 4874 1188 4915 nam
1217 4863 1379 4920 multa
1418 4865 1558 4923 intus
1589 4869 1746 4928 habet
1773 4874 1973 4944 bravia,
2028 4897 2254 4943 coronas
2280 4931 2295 4957 ,

2455 572 2750 632 cteteraque
2780 565 3013 632 prtemia.
3032 566 3225 633 Quare,
3249 568 3292 621 si
3322 566 3512 637 placet,
3543 567 3625 622 his
3642 569 3884 626 revolutis
3905 575 3989 628 sin-

2455 653 2668 721 gulatim
2693 653 2903 708 divitias
2928 656 3085 712 hasce
3107 657 3475 726 exhibeamus,
3497 669 3752 730 quantum
3791 660 3860 715 fas
3885 665 3989 730 erit;

2456 750 2654 797 tantum
2671 760 2735 798 ne
2753 745 3026 800 deﬁciatis.
3047 749 3121 801 Ac
3143 748 3600 816 primo‘discamus
3625 752 3751 821 quid
3778 750 3846 805 sit
3868 753 3988 821 illud,

2454 830 2713 902 Erumpet.
2737 835 2918 906 Neque
2941 838 3079 892 enim
3108 839 3256 904 dixit,
3283 840 3590 910 Apparebit.
3620 842 3735 906 sed,
3761 841 3988 911 Erumpet,

2450 935 2504 979 et
2531 927 2854 983 celeritatem
2877 939 2931 984 et
2958 932 3161 1000 capiam
3195 931 3346 987 nobis
3375 926 3625 1001 ostendit,
3675 943 3728 990 et
3770 948 3988 1006 quantum

2449 1017 2668 1072 salutem
2709 1029 2942 1074 nostram
2986 1021 3251 1078 desideret
3271 1030 3325 1078 et
3357 1040 3511 1094 quam
3549 1027 3740 1095 gestiat
3771 1027 3894 1081 bona
3921 1029 3989 1082 illa

2449 1107 2711 1174 proferri,
2747 1109 2984 1180 nihilque
3034 1125 3152 1167 esse
3206 1113 3345 1183 quod
3390 1115 3707 1171 ineffabilem
3766 1118 3986 1188 impetum

2446 1209 2688 1254 coerceat
2731 1221 2744 1256 :
2793 1202 2984 1271 quibus
3030 1203 3275 1258 omnibus
3321 1205 3577 1260 immensa
3626 1222 3812 1262 eorum
3861 1213 3986 1279 copia

2444 1291 2755 1346 ostenditur.
2782 1293 2916 1360 Quid
2946 1302 3121 1350 autem
3152 1296 3280 1351 illud
3310 1305 3426 1364 est,
3458 1297 3761 1353 Matutinum
3783 1302 3810 1354 ἵ
3834 1300 3881 1356 ld
3904 1313 3986 1365 est,

2444 1395 2547 1434 non
2589 1391 2709 1450 post
2738 1385 3084 1440 tentationum
3115 1389 3401 1463 certamina
3433 1430 3446 1451 .
3478 1405 3575 1445 nec
3602 1403 3716 1458 post
3755 1394 3984 1448 malorum

2444 1473 2710 1527 incursum
2743 1491 2756 1539 ;
2794 1475 2886 1529 sed
2917 1476 3030 1530 haec
3057 1479 3340 1547 praevenit.
3391 1479 3843 1546 Quemadmodum
3869 1488 3986 1539 enim

2443 1563 2491 1616 in
2517 1562 2776 1619 fructibus
2803 1567 3116 1621 matutinum
3144 1568 3368 1624 dicimus
3413 1570 3464 1625 id
3493 1572 3629 1640 quod
3656 1584 3778 1628 ante
3807 1584 3987 1644 tempus

2439 1663 2674 1722 apparet,
2706 1654 2781 1708 sic
2811 1664 2863 1708 et
2892 1654 2990 1710 hoc
3012 1656 3143 1721 loco,
3165 1659 3484 1714 celeritatem
3515 1678 3695 1718 rursus
3724 1666 3986 1719 ostendens

2439 1743 2509 1796 ita
2537 1742 2690 1808 dixit,
2722 1754 2777 1799 ut
2824 1760 2980 1815 supra
3007 1748 3213 1802 dicebat
3243 1767 3257 1802 :
3286 1752 3462 1804 Att/mc
3492 1762 3538 1806 te
3559 1753 3790 1822 loquente
3810 1758 3953 1808 dicam
3972 1796 3984 1819 ,

2437 1834 2568 1890 Ecce
2605 1837 2800 1889 adsum.
2834 1838 2984 1904 Quod
3016 1838 3188 1894 lumen
3217 1840 3376 1907 dicit,
3408 1843 3564 1912 quale
3589 1845 3802 1901 tandem
3829 1847 3983 1902 lumen

2435 1926 2552 1980 est?
2596 1925 2709 1981 Non
2755 1927 2855 1981 hoc
2901 1930 3127 1996 sensile,
3160 1930 3253 1985 sed
3284 1933 3422 1986 aliud
3467 1934 3632 1989 multo
3673 1939 3984 2005 praestantius

2433 2032 2536 2086 quo
2562 2017 2746 2071 ctelum
2768 2058 2783 2084 ,
2812 2018 3027 2095 angelos
3047 2061 3060 2084 ,
3091 2021 3436 2091 archangelos
3454 2063 3468 2086 ,
3495 2023 3783 2080 Cherubim
3802 2069 3816 2093 ,
3844 2027 3985 2083 Sera-

2435 2105 2576 2174 pbim
2599 2147 2613 2173 ,
2656 2107 3015 2178 principatus,
3048 2120 3368 2180 potestates,
3402 2112 3658 2183 thronos,
3685 2117 3986 2174 dominatio-

2431 2209 2555 2261 nes,
2587 2199 2888 2252 universum
2939 2202 3269 2269 exercitum;
3301 2205 3471 2274 regias
3501 2205 3649 2261 aulas
3677 2218 3731 2263 et
3764 2211 3987 2265 taberna-

2431 2287 2548 2340 cula
2581 2288 2839 2342 videmus.
2863 2289 2993 2343 Nam
3021 2292 3064 2344 si
3093 2291 3290 2347 lumine
3317 2294 3405 2349 illo
3432 2295 3675 2367 dignatus
3703 2297 3865 2355 fueris
3885 2345 3897 2367 ,
3941 2314 3986 2357 et

2429 2376 2542 2433 haec
2563 2377 2764 2433 videbis
2789 2421 2804 2445 ,
2837 2389 2889 2434 et
2935 2380 3173 2449 eripiet-is
3199 2397 3227 2435 a
3249 2382 3488 2453 gebenna
3510 2428 3525 2452 ,
3553 2402 3584 2441 a
3633 2403 3814 2444 verme
3840 2407 3984 2446 vene-

2430 2479 2584 2534 nato,
2617 2486 2646 2524 a
2690 2470 2917 2526 stridore
2967 2471 3237 2540 dentium,
3267 2489 3296 2528 a
3339 2475 3560 2531 vinculis
3591 2478 3981 2557 insolubilibus,

2427 2562 2492 2616 ab
2514 2563 2752 2632 angustia
2774 2571 2828 2616 et
2859 2563 3195 2620 tribulatione
3214 2606 3229 2630 ,
3256 2581 3283 2618 a
3315 2566 3544 2622 tenebris
3564 2569 3946 2627 obscurissimis
3967 2613 3982 2638 ,

2423 2667 2452 2706 a
2481 2653 2798 2708 cruciatibus
2817 2694 2832 2720 ,
2860 2654 2926 2709 ab
2951 2654 3116 2725 igneis
3155 2656 3456 2712 fluminibus
3475 2699 3491 2726 ,
3520 2673 3548 2712 a
3580 2661 3942 2718 maledictions
3965 2706 3979 2730 ,

2423 2757 2450 2795 a
2476 2758 2751 2810 ptenarum
2780 2744 2908 2798 locis
2932 2761 2946 2810 ;
2996 2755 3049 2799 et
3078 2746 3169 2799 illo
3195 2761 3384 2817 perges
3405 2789 3420 2813 ,
3463 2749 3549 2803 ubi
3581 2752 3758 2809 nullus
3807 2754 3982 2823 dolor,

2424 2848 2623 2887 mceror
2650 2834 2824 2888 nullus
2843 2875 2856 2898 ,
2888 2835 2981 2890 sed
3010 2835 3095 2891 ubi
3129 2839 3350 2893 multum
3379 2840 3626 2909 gaudium
3651 2884 3666 2908 ,
3697 2858 3834 2914 pax,
3855 2847 3982 2900 cari-

2425 2935 2523 2992 tas,
2553 2928 2753 2996 lzetitia,
2786 2929 2990 2985 delicia:
3023 2946 3038 2985 :
3072 2932 3160 2987 ubi
3189 2933 3288 2987 vita
3316 2944 3536 3002 aeterna,
3559 2938 3723 3007 gloria
3751 2938 3982 2994 ineffabi-

2422 3019 2519 3082 lls,
2575 3020 2908 3088 pulchritudo
2935 3022 3304 3079 inenarrabilis
3335 3045 3348 3080 :
3383 3026 3468 3082 ubi
3496 3038 3693 3083 aaterna
3750 3031 3984 3086 tabernao

2418 3109 2531 3162 cula
2553 3150 2566 3173 ,
2600 3117 2650 3163 et
2679 3110 2841 3179 gloria
2871 3111 3027 3182 Regis
3055 3113 3467 3182 inaestimabilis,
3499 3130 3657 3190 atque
3686 3121 3824 3176 boita
3863 3123 3944 3176 illa
3970 3164 3982 3186 ,

2423 3201 2547 3268 Qua:
2564 3204 2740 3256 oculus
2770 3220 2867 3258 non
2893 3206 3034 3271 vidit,
3072 3209 3212 3261 auris
3254 3225 3353 3262 non
3378 3210 3598 3276 audivit,
3625 3229 3784 3283 neque
3827 3217 3878 3268 in
3907 3232 3985 3269 cor

2418 3290 2635 3346 hominis
2660 3296 2985 3348 ascenderunt
3014 3297 3103 3368 (1.
3131 3297 3246 3352 Cor.
3271 3298 3324 3352 2.
3357 3301 3426 3370 9)
3454 3317 3466 3351 :
3512 3302 3597 3356 ubi
3629 3319 3859 3373 sponsus
3888 3307 3985 3375 Spi-

2417 3383 2643 3447 ritualis.
2673 3394 2723 3440 et
2755 3384 2972 3441 thalami
2998 3389 3258 3456 calestes,
3283 3391 3513 3461 virgines
3541 3393 3766 3464 fulgidas
3793 3397 3986 3452 haben-

2419 3481 2498 3527 tes
2524 3474 2813 3542 lampadas,
2833 3485 2885 3531 et
2907 3491 3091 3534 omnes
3109 3482 3196 3550 qui
3224 3489 3422 3536 vestem
3446 3482 3644 3539 habent
3665 3488 3949 3557 nuptialem
3968 3528 3980 3541 .

2416 3568 2504 3622 ubi
2561 3569 2737 3624 multa:
2765 3570 2970 3625 Domini
2997 3585 3125 3641 opes
3148 3613 3162 3636 ,
3215 3580 3268 3627 et
3297 3557 3659 3644 promptuaria.
3703 3580 3873 3650 regia.
3905 3580 3987 3634 \‘i-

2415 3659 2534 3714 den‘
2557 3671 2750 3729 quanta
2776 3663 3013 3731 praemia,
3046 3674 3099 3719 et
3127 3672 3324 3734 quanta
3357 3681 3456 3720 una
3483 3681 3609 3722 voce
3629 3671 3984 3740 comprehen-

2413 3747 2600 3807 derit?
2637 3752 2709 3807 Ita
2753 3754 2797 3808 si
2845 3755 3077 3825 singulas
3125 3757 3472 3829 exploremus
3521 3775 3715 3826 voces,
3771 3763 3985 3817 multam

2413 3844 2742 3901 invenientus
2793 3861 2970 3901 rerum
3021 3849 3228 3917 copiam
3282 3859 3335 3904 et
3382 3851 3596 3922 pelagus
3644 3855 3982 3909 immensum.

2411 3935 2544 3989 Num
2571 3935 2743 3990 adhuc
2769 3937 3152 4006 cunctabimur,
3181 3955 3379 4009 quaeso.
3409 3957 3508 3997 nec
3535 3947 3764 4015 prompti
3789 3947 3986 4002 erimus

2411 4026 2474 4080 ad
2503 4027 2917 4082 misericordiam
2948 4028 3064 4082 aliis
3093 4030 3442 4086 exhibendam
3467 4033 3490 4086 ?
3526 4033 3742 4089 Minime
3767 4078 3783 4102 ,
3828 4037 3984 4093 obse-

2409 4133 2520 4176 Cro.
2545 4119 2650 4174 Sed
2681 4120 2886 4175 etiamsi
2927 4121 3104 4175 omnia
3132 4122 3388 4192 projicere
3412 4133 3466 4180 et
3488 4125 3540 4180 in
3569 4126 3741 4196 ignem
3775 4130 3986 4185 mittere

2411 4220 2686 4282 Oporteat:
2719 4210 2764 4264 si
2805 4212 2855 4266 in
2903 4211 3105 4281 gladios
3152 4213 3458 4271 incumbere
3484 4255 3500 4282 ,
3535 4217 3577 4271 si
3606 4217 3670 4272 ad
3695 4234 3984 4276 mucrones

2411 4302 2642 4366 insilire,
2673 4302 2715 4357 si
2747 4301 2953 4373 quidvis
2980 4302 3122 4357 aliud
3153 4304 3482 4360 tolerandum
3511 4318 3777 4376 occurrat,
3808 4313 3986 4366 omnia

2410 4389 2560 4446 facile
2588 4390 2816 4446 feramus
2838 4432 2852 4456 ,
2881 4403 2936 4446 ut
2962 4393 3110 4463 regni
3137 4394 3386 4448 caelorum
3416 4399 3685 4461 amictum.
3716 4409 3773 4454 et
3801 4401 3987 4456 ineffa-

2407 4482 2566 4537 bilem
2595 4467 2735 4536 illam
2765 4482 2985 4552 gloriam
3013 4497 3359 4553 assequamur
3380 4499 3568 4555 :quam
3600 4488 3807 4544 utinam
3834 4491 3987 4546 nobis

2407 4574 2652 4631 omnibus
2681 4575 2913 4631 nancisci
2937 4575 3226 4645 contingat,
3255 4577 3420 4647 gratia
3443 4588 3496 4633 et
3523 4577 3858 4650 benignitate
3889 4583 3988 4638 Do-

2407 4666 2534 4720 mini
2564 4668 2727 4722 nostri
2774 4667 2900 4723 Jesu
2943 4665 3172 4732 Christi,
3203 4669 3289 4723 cui
3315 4668 3480 4738 gloria
3520 4677 3575 4726 et
3618 4670 3986 4742 imperiumin

2405 4759 2596 4814 stecula
2622 4761 2954 4815 saeculorum.
2987 4761 3178 4815 Amen.

1955 5063 2299 5131 HOMILIA
2336 5071 2465 5133 LV.
2504 5073 2589 5135 al.
2632 5071 2788 5132 LVI.

729 5185 855 5240 Car.
892 5189 977 5272 l6.
1010 5205 1060 5243 v.
1087 5189 1175 5246 24.
1205 5191 1346 5248 Tunc
1396 5197 1544 5253 Jesus
1595 5202 1720 5256 dixit
1753 5204 2011 5276 discipulis
2038 5211 2142 5264 suis
2175 5227 2191 5265 :
2233 5212 2296 5268 Si

797 5279 906 5347 quis
925 5279 1030 5334 uult
1051 5292 1162 5351 post
1185 5300 1262 5337 me
1289 5288 1452 5340 venire
1469 5329 1483 5352 ,
1515 5292 1716 5364 abneget
1740 5299 2056 5368 semetipsum
2087 5341 2101 5367 ,
2127 5310 2176 5356 et
2206 5304 2297 5357 tol-

801 5371 872 5423 lat
898 5386 1092 5426 crucem
1120 5391 1282 5443 suam,
1310 5388 1356 5431 et
1377 5391 1611 5448 sequatur
1636 5400 1729 5438 me.

807 5464 858 5516 l.
884 5465 963 5517 Ad
1003 5477 1207 5522 mortem
1250 5473 1477 5541 exemplo
1510 5474 1696 5531 Christi
1725 5482 1890 5548 parati
1911 5499 2015 5538 esse
2039 5484 2290 5540 debemus.

726 5552 952 5610 Christus
979 5557 1141 5627 ipsum
1170 5563 1305 5631 sequi
1335 5548 1530 5632 invitat,
1558 5584 1658 5622 non
1695 5571 1825 5640 angit
1846 5589 1867 5638 ;
1899 5589 2008 5626 cur.
2037 5575 2296 5646 Abnegare

725 5649 1045 5717 semetipsum
1067 5652 1189 5720 quid
1211 5656 1294 5708 sit.
1320 5687 1391 5698 —
1417 5657 1581 5728 Tunc,
1615 5663 1986 5731 quandonam?
2007 5667 2292 5736 Postquam

734 5736 924 5792 Petrus
937 5740 1162 5805 dixerat,
1193 5742 1444 5816 Propitius
1485 5751 1572 5805 tibi
1615 5754 1833 5816 sis,.non
1870 5758 1963 5810 erit
1992 5757 2080 5811 tibi
2105 5756 2216 5821 hoc,
2240 5769 2293 5814 et

734 5828 955 5895 audivit,
985 5830 1124 5889 Vade
1148 5848 1260 5905 post
1293 5855 1388 5908 me,
1416 5852 1612 5896 satana.
1647 5843 1826 5916 Neque
1863 5849 2001 5904 enim
2032 5849 2161 5906 satis
2191 5848 2288 5906 ha-

2399 5215 2508 5271 buit
2549 5214 2696 5270 illum
2728 5213 3048 5282 increpasse,
3106 5211 3201 5267 sed
3244 5227 3306 5268 ex
3353 5213 3642 5268 abundanti
3688 5216 3989 5273 ostendere

2399 5308 2581 5364 volens
2611 5316 2665 5362 et
2699 5304 2960 5360 dictorum
2989 5302 3132 5358 Petri
3172 5303 3586 5371 absurditatem,
3617 5314 3671 5360 et
3696 5307 3990 5364 utilitatem

2399 5413 2463 5452 ex
2493 5399 2738 5468 passione
2767 5394 3028 5456 futuram.
3059 5394 3134 5448 ait
3157 5433 3172 5458 ,
3204 5393 3284 5449 Tu
3335 5395 3462 5450 mihi
3498 5395 3665 5461 dicis,
3711 5395 3990 5468 Propitius

2399 5487 2488 5542 tibi
2512 5498 2634 5553 esto,
2671 5503 2773 5539 non
2798 5485 2891 5538 erit
2936 5485 3029 5538 hoc
3064 5484 3150 5538 tibi
3193 5499 3212 5537 :
3262 5499 3361 5555 ego
3395 5500 3520 5540 vero
3547 5483 3640 5540 tibi
3679 5485 3808 5542 dico
3831 5529 3849 5553 ,
3884 5505 3990 5544 non

2397 5577 2558 5632 modo
2603 5575 2958 5648 perniciosum
2986 5590 3105 5631 esse
3147 5575 3278 5639 tibi,
3326 5577 3372 5631 si
3425 5591 3512 5631 me
3537 5575 3826 5646 impedias,
3861 5591 3920 5636 et
3948 5596 3990 5635 si

2397 5669 2695 5739 passionem
2734 5682 2904 5723 meam
2930 5666 3155 5722 moleste
3185 5665 3344 5733 feras,
3376 5665 3470 5722 sed
3496 5666 3656 5722 etiam
3683 5683 3796 5724 non
3832 5688 3993 5735 posse

2397 5770 2449 5814 te
2471 5761 2698 5816 salutem
2724 5757 2995 5828 consequi,
3030 5758 3132 5813 nisi
3166 5764 3220 5813 et
3261 5757 3373 5828 ipse
3394 5771 3609 5828 semper
3627 5756 3694 5814 ad
3734 5765 3992 5821 morien-

2394 5850 2519 5907 dum
2547 5851 2619 5907 sis
2646 5859 2873 5917 paratus.
2903 5847 2980 5907 Ne
3009 5848 3150 5906 enim
3173 5847 3446 5920 indignum
3473 5862 3532 5906 se
3553 5863 3675 5907 esse
3703 5859 3991 5927 putarent,
