  <div class='ocr_page' id='page_1' title='image "/cluster/home/n/w/nwhite01/storage/ocr_20150623/58/uva.x004914844/086.png"; bbox 0 0 4170 6488; ppageno 0'>
   <div class='ocr_carea' id='block_1_1' title="bbox 293 446 387 502">
    <p class='ocr_par' dir='ltr' id='par_1_1' title="bbox 293 446 387 502">
     <span class='ocr_line' id='line_1_1' title="bbox 293 446 387 502; baseline -0.032 0"><span class='ocrx_word' id='word_1_1' title='bbox 293 446 387 502; x_wconf 76' lang='lat' dir='ltr'><strong>5H</strong></span> 
     </span>
    </p>
   </div>
   <div class='ocr_carea' id='block_1_2' title="bbox 294 540 1882 629">
    <p class='ocr_par' dir='ltr' id='par_1_2' title="bbox 294 540 1882 629">
     <span class='ocr_line' id='line_1_2' title="bbox 294 540 1882 629; baseline -0.014 -16"><span class='ocrx_word' id='word_1_2' title='bbox 294 557 433 629; x_wconf 77' lang='lat' dir='ltr'><strong>quod</strong></span> <span class='ocrx_word' id='word_1_3' title='bbox 469 556 596 611; x_wconf 78' lang='lat' dir='ltr'><strong>talia</strong></span> <span class='ocrx_word' id='word_1_4' title='bbox 625 561 927 624; x_wconf 87' lang='lat' dir='ltr'><strong>pateretur,</strong></span> <span class='ocrx_word' id='word_1_5' title='bbox 971 561 1077 603; x_wconf 90' lang='lat' dir='ltr'><strong>non</strong></span> <span class='ocrx_word' id='word_1_6' title='bbox 1107 544 1371 617; x_wconf 78' lang='lat' dir='ltr'><strong>prioribus</strong></span> <span class='ocrx_word' id='word_1_7' title='bbox 1405 552 1610 597; x_wconf 87' lang='lat' dir='ltr'><strong>tantum</strong></span> <span class='ocrx_word' id='word_1_8' title='bbox 1661 540 1839 594; x_wconf 78' lang='lat' dir='ltr'><strong>verbis</strong></span> <span class='ocrx_word' id='word_1_9' title='bbox 1867 579 1882 602; x_wconf 92' lang='lat'><strong>,</strong></span> 
     </span>
    </p>
   </div>
   <div class='ocr_carea' id='block_1_3' title="bbox 297 630 1882 713">
    <p class='ocr_par' dir='ltr' id='par_1_3' title="bbox 297 630 1882 713">
     <span class='ocr_line' id='line_1_3' title="bbox 297 630 1882 713; baseline -0.013 -8"><span class='ocrx_word' id='word_1_10' title='bbox 297 650 389 704; x_wconf 81' lang='lat' dir='ltr'><strong>sed</strong></span> <span class='ocrx_word' id='word_1_11' title='bbox 432 650 599 703; x_wconf 89' lang='lat' dir='ltr'><strong>etiam</strong></span> <span class='ocrx_word' id='word_1_12' title='bbox 643 641 988 713; x_wconf 72' lang='lat' dir='ltr'><strong>sequentibus</strong></span> <span class='ocrx_word' id='word_1_13' title='bbox 1040 640 1118 693; x_wconf 91' lang='lat' dir='ltr'><strong>rei</strong></span> <span class='ocrx_word' id='word_1_14' title='bbox 1174 637 1456 691; x_wconf 90' lang='lat' dir='ltr'><strong>utilitatem</strong></span> <span class='ocrx_word' id='word_1_15' title='bbox 1502 635 1678 690; x_wconf 91' lang='lat' dir='ltr'><strong>docet.</strong></span> <span class='ocrx_word' id='word_1_16' title='bbox 1727 630 1882 701; x_wconf 79' lang='lat' dir='ltr'><strong>Apud</strong></span> 
     </span>
    </p>
   </div>
   <div class='ocr_carea' id='block_1_4' title="bbox 300 724 1878 804">
    <p class='ocr_par' dir='ltr' id='par_1_4' title="bbox 300 724 1878 804">
     <span class='ocr_line' id='line_1_4' title="bbox 300 724 1878 804; baseline -0.015 -7"><span class='ocrx_word' id='word_1_17' title='bbox 300 740 561 797; x_wconf 65' lang='lat' dir='ltr'><strong>Joannem</strong></span> <span class='ocrx_word' id='word_1_18' title='bbox 590 735 806 804; x_wconf 86' lang='lat' dir='ltr'><strong>quidem</strong></span> <span class='ocrx_word' id='word_1_19' title='bbox 835 731 966 786; x_wconf 91' lang='lat' dir='ltr'><strong>dicit</strong></span> <span class='ocrx_word' id='word_1_20' title='bbox 997 746 1012 783; x_wconf 87' lang='lat'><strong>:</strong></span> <span class='ocrx_word' id='word_1_21' title='bbox 1036 728 1149 783; x_wconf 76' lang='lat' dir='ltr'><strong>Nisi</strong></span> <span class='ocrx_word' id='word_1_22' title='bbox 1177 743 1390 800; x_wconf 81' lang='lat' dir='ltr'><strong>granum</strong></span> <span class='ocrx_word' id='word_1_23' title='bbox 1417 725 1660 797; x_wconf 78' lang='lat' dir='ltr'><strong>frumenti</strong></span> <span class='ocrx_word' id='word_1_24' title='bbox 1694 724 1878 775; x_wconf 83' lang='lat' dir='ltr'><strong>cadem</strong></span> 
     </span>
    </p>
   </div>
   <div class='ocr_carea' id='block_1_5' title="bbox 299 818 1880 895">
    <p class='ocr_par' dir='ltr' id='par_1_5' title="bbox 299 818 1880 895">
     <span class='ocr_line' id='line_1_5' title="bbox 299 818 1880 895; baseline -0.013 -9"><span class='ocrx_word' id='word_1_25' title='bbox 299 836 348 886; x_wconf 82' lang='lat' dir='ltr'><strong>in</strong></span> <span class='ocrx_word' id='word_1_26' title='bbox 371 843 564 884; x_wconf 79' lang='lat' dir='ltr'><strong>terram</strong></span> <span class='ocrx_word' id='word_1_27' title='bbox 586 838 836 883; x_wconf 78' lang='lat' dir='ltr'><strong>mortuum</strong></span> <span class='ocrx_word' id='word_1_28' title='bbox 862 825 1034 895; x_wconf 72' lang='lat' dir='ltr'><strong>fuerit,</strong></span> <span class='ocrx_word' id='word_1_29' title='bbox 1074 824 1239 892; x_wconf 79' lang='lat' dir='ltr'><strong>ipsum</strong></span> <span class='ocrx_word' id='word_1_30' title='bbox 1265 821 1428 875; x_wconf 85' lang='lat' dir='ltr'><strong>solum</strong></span> <span class='ocrx_word' id='word_1_31' title='bbox 1455 829 1622 872; x_wconf 82' lang='lat' dir='ltr'><strong>manet</strong></span> <span class='ocrx_word' id='word_1_32' title='bbox 1645 834 1664 882; x_wconf 90' lang='lat'><strong>;</strong></span> <span class='ocrx_word' id='word_1_33' title='bbox 1688 818 1765 869; x_wconf 81' lang='lat' dir='ltr'><strong>sin</strong></span> <span class='ocrx_word' id='word_1_34' title='bbox 1791 831 1880 867; x_wconf 85' lang='lat' dir='ltr'><strong>au-</strong></span> 
     </span>
    </p>
   </div>
   <div class='ocr_carea' id='block_1_6' title="bbox 301 909 1879 993">
    <p class='ocr_par' dir='ltr' id='par_1_6' title="bbox 301 909 1879 993">
     <span class='ocr_line' id='line_1_6' title="bbox 301 909 1879 993; baseline -0.011 -13"><span class='ocrx_word' id='word_1_35' title='bbox 301 937 396 979; x_wconf 71' lang='lat' dir='ltr'><strong>tem</strong></span> <span class='ocrx_word' id='word_1_36' title='bbox 425 935 685 979; x_wconf 75' lang='lat' dir='ltr'><strong>mortuum</strong></span> <span class='ocrx_word' id='word_1_37' title='bbox 707 922 858 993; x_wconf 71' lang='lat' dir='ltr'><strong>fuerit</strong></span> <span class='ocrx_word' id='word_1_38' title='bbox 877 962 891 984; x_wconf 94' lang='lat'><strong>,</strong></span> <span class='ocrx_word' id='word_1_39' title='bbox 923 918 1133 973; x_wconf 76' lang='lat' dir='ltr'><strong>multum</strong></span> <span class='ocrx_word' id='word_1_40' title='bbox 1161 920 1380 987; x_wconf 72' lang='lat' dir='ltr'><strong>fructum</strong></span> <span class='ocrx_word' id='word_1_41' title='bbox 1407 912 1558 979; x_wconf 65' lang='grc' dir='ltr'><strong>σίγα-ι</strong></span> <span class='ocrx_word' id='word_1_42' title='bbox 1585 911 1760 983; x_wconf 83' lang='lat' dir='ltr'><strong>(Joan.</strong></span> <span class='ocrx_word' id='word_1_43' title='bbox 1790 909 1879 982; x_wconf 67' lang='lat'><strong>12.</strong></span> 
     </span>
    </p>
   </div>
   <div class='ocr_carea' id='block_1_7' title="bbox 301 1001 1883 1088">
    <p class='ocr_par' dir='ltr' id='par_1_7' title="bbox 301 1001 1883 1088">
     <span class='ocr_line' id='line_1_7' title="bbox 301 1001 1883 1088; baseline -0.011 -18"><span class='ocrx_word' id='word_1_44' title='bbox 301 1016 390 1070; x_wconf 70' lang='grc' dir='ltr'><strong>ει.</strong></span> <span class='ocrx_word' id='word_1_45' title='bbox 424 1014 552 1088; x_wconf 74' lang='lat'><strong>25);</strong></span> <span class='ocrx_word' id='word_1_46' title='bbox 586 1015 674 1068; x_wconf 91' lang='lat' dir='ltr'><strong>hic</strong></span> <span class='ocrx_word' id='word_1_47' title='bbox 701 1029 827 1069; x_wconf 90' lang='lat' dir='ltr'><strong>vero</strong></span> <span class='ocrx_word' id='word_1_48' title='bbox 851 1011 1118 1082; x_wconf 85' lang='lat' dir='ltr'><strong>copiosius</strong></span> <span class='ocrx_word' id='word_1_49' title='bbox 1156 1023 1267 1063; x_wconf 89' lang='lat' dir='ltr'><strong>rem</strong></span> <span class='ocrx_word' id='word_1_50' title='bbox 1296 1015 1533 1060; x_wconf 87' lang='lat' dir='ltr'><strong>tractans</strong></span> <span class='ocrx_word' id='word_1_51' title='bbox 1555 1045 1568 1065; x_wconf 91' lang='lat'><strong>,</strong></span> <span class='ocrx_word' id='word_1_52' title='bbox 1598 1018 1701 1056; x_wconf 85' lang='lat' dir='ltr'><strong>non</strong></span> <span class='ocrx_word' id='word_1_53' title='bbox 1730 1001 1795 1055; x_wconf 87' lang='lat' dir='ltr'><strong>de</strong></span> <span class='ocrx_word' id='word_1_54' title='bbox 1824 1015 1883 1054; x_wconf 87' lang='lat' dir='ltr'><strong>se</strong></span> 
     </span>
    </p>
   </div>
   <div class='ocr_carea' id='block_1_8' title="bbox 301 1091 1880 1172">
    <p class='ocr_par' dir='ltr' id='par_1_8' title="bbox 301 1091 1880 1172">
     <span class='ocr_line' id='line_1_8' title="bbox 301 1091 1880 1172; baseline -0.013 -7"><span class='ocrx_word' id='word_1_55' title='bbox 301 1112 476 1166; x_wconf 84' lang='lat' dir='ltr'><strong>solum</strong></span> <span class='ocrx_word' id='word_1_56' title='bbox 501 1096 675 1164; x_wconf 85' lang='lat' dir='ltr'><strong>morte</strong></span> <span class='ocrx_word' id='word_1_57' title='bbox 690 1103 1111 1161; x_wconf 88' lang='lat' dir='ltr'><strong>consummando</strong></span> <span class='ocrx_word' id='word_1_58' title='bbox 1137 1101 1391 1172; x_wconf 77' lang='lat' dir='ltr'><strong>loquitur,</strong></span> <span class='ocrx_word' id='word_1_59' title='bbox 1421 1097 1513 1150; x_wconf 88' lang='lat' dir='ltr'><strong>sed</strong></span> <span class='ocrx_word' id='word_1_60' title='bbox 1544 1095 1594 1150; x_wconf 89' lang='lat' dir='ltr'><strong>id</strong></span> <span class='ocrx_word' id='word_1_61' title='bbox 1627 1095 1784 1148; x_wconf 89' lang='lat' dir='ltr'><strong>etiam</strong></span> <span class='ocrx_word' id='word_1_62' title='bbox 1814 1091 1880 1145; x_wconf 83' lang='lat' dir='ltr'><strong>ad</strong></span> 
     </span>
    </p>
   </div>
   <div class='ocr_carea' id='block_1_9' title="bbox 301 1186 1885 1269">
    <p class='ocr_par' dir='ltr' id='par_1_9' title="bbox 301 1186 1885 1269">
     <span class='ocr_line' id='line_1_9' title="bbox 301 1186 1885 1269; baseline -0.013 -13"><span class='ocrx_word' id='word_1_63' title='bbox 301 1199 590 1269; x_wconf 81' lang='lat' dir='ltr'><strong>discipulos</strong></span> <span class='ocrx_word' id='word_1_64' title='bbox 619 1198 884 1254; x_wconf 73' lang='lat' dir='ltr'><strong>extendit.</strong></span> <span class='ocrx_word' id='word_1_65' title='bbox 915 1195 1142 1251; x_wconf 82' lang='lat' dir='ltr'><strong>Tantum</strong></span> <span class='ocrx_word' id='word_1_66' title='bbox 1185 1199 1264 1246; x_wconf 89' lang='lat' dir='ltr'><strong>est</strong></span> <span class='ocrx_word' id='word_1_67' title='bbox 1296 1189 1436 1244; x_wconf 89' lang='lat' dir='ltr'><strong>enim</strong></span> <span class='ocrx_word' id='word_1_68' title='bbox 1462 1186 1536 1242; x_wconf 87' lang='lat' dir='ltr'><strong>rei</strong></span> <span class='ocrx_word' id='word_1_69' title='bbox 1568 1187 1797 1248; x_wconf 87' lang='lat' dir='ltr'><strong>lucrum,</strong></span> <span class='ocrx_word' id='word_1_70' title='bbox 1827 1190 1885 1236; x_wconf 91' lang='lat' dir='ltr'><strong>ut</strong></span> 
     </span>
    </p>
   </div>
   <div class='ocr_carea' id='block_1_10' title="bbox 302 1277 1878 1359">
    <p class='ocr_par' dir='ltr' id='par_1_10' title="bbox 302 1277 1878 1359">
     <span class='ocr_line' id='line_1_10' title="bbox 302 1277 1878 1359; baseline -0.009 -17"><span class='ocrx_word' id='word_1_71' title='bbox 302 1291 455 1343; x_wconf 87' lang='lat' dir='ltr'><strong>vobis</strong></span> <span class='ocrx_word' id='word_1_72' title='bbox 485 1289 634 1359; x_wconf 86' lang='lat' dir='ltr'><strong>ipsis,</strong></span> <span class='ocrx_word' id='word_1_73' title='bbox 681 1288 724 1343; x_wconf 92' lang='lat' dir='ltr'><strong>si</strong></span> <span class='ocrx_word' id='word_1_74' title='bbox 759 1287 892 1349; x_wconf 87' lang='lat' dir='ltr'><strong>mori</strong></span> <span class='ocrx_word' id='word_1_75' title='bbox 920 1286 1119 1347; x_wconf 87' lang='lat' dir='ltr'><strong>nolitis,</strong></span> <span class='ocrx_word' id='word_1_76' title='bbox 1162 1282 1214 1337; x_wconf 92' lang='lat' dir='ltr'><strong>id</strong></span> <span class='ocrx_word' id='word_1_77' title='bbox 1235 1282 1552 1336; x_wconf 83' lang='lat' dir='ltr'><strong>damnesum</strong></span> <span class='ocrx_word' id='word_1_78' title='bbox 1575 1278 1731 1332; x_wconf 82' lang='lat' dir='ltr'><strong>vobis</strong></span> <span class='ocrx_word' id='word_1_79' title='bbox 1760 1277 1832 1330; x_wconf 89' lang='lat' dir='ltr'><strong>sit</strong></span> <span class='ocrx_word' id='word_1_80' title='bbox 1864 1292 1878 1328; x_wconf 91' lang='lat'><strong>:</strong></span> 
     </span>
    </p>
   </div>
   <div class='ocr_carea' id='block_1_11' title="bbox 302 1367 1882 1446">
    <p class='ocr_par' dir='ltr' id='par_1_11' title="bbox 302 1367 1882 1446">
     <span class='ocr_line' id='line_1_11' title="bbox 302 1367 1882 1446; baseline -0.009 -11"><span class='ocrx_word' id='word_1_81' title='bbox 302 1390 489 1435; x_wconf 85' lang='lat' dir='ltr'><strong>contra</strong></span> <span class='ocrx_word' id='word_1_82' title='bbox 527 1393 676 1446; x_wconf 87' lang='lat' dir='ltr'><strong>vero,</strong></span> <span class='ocrx_word' id='word_1_83' title='bbox 709 1380 752 1433; x_wconf 88' lang='lat' dir='ltr'><strong>si</strong></span> <span class='ocrx_word' id='word_1_84' title='bbox 782 1380 849 1432; x_wconf 89' lang='lat' dir='ltr'><strong>ad</strong></span> <span class='ocrx_word' id='word_1_85' title='bbox 892 1375 1018 1431; x_wconf 92' lang='lat' dir='ltr'><strong>illud</strong></span> <span class='ocrx_word' id='word_1_86' title='bbox 1063 1374 1258 1428; x_wconf 88' lang='lat' dir='ltr'><strong>bonum</strong></span> <span class='ocrx_word' id='word_1_87' title='bbox 1290 1371 1457 1441; x_wconf 90' lang='lat' dir='ltr'><strong>parati</strong></span> <span class='ocrx_word' id='word_1_88' title='bbox 1485 1371 1620 1424; x_wconf 84' lang='lat' dir='ltr'><strong>sitis.</strong></span> <span class='ocrx_word' id='word_1_89' title='bbox 1651 1367 1755 1424; x_wconf 89' lang='lat' dir='ltr'><strong>Sed</strong></span> <span class='ocrx_word' id='word_1_90' title='bbox 1780 1368 1882 1422; x_wconf 86' lang='lat' dir='ltr'><strong>hoc</strong></span> 
     </span>
    </p>
   </div>
   <div class='ocr_carea' id='block_1_12' title="bbox 303 1464 1885 1542">
    <p class='ocr_par' dir='ltr' id='par_1_12' title="bbox 303 1464 1885 1542">
     <span class='ocr_line' id='line_1_12' title="bbox 303 1464 1885 1542; baseline -0.006 -15"><span class='ocrx_word' id='word_1_91' title='bbox 303 1474 356 1528; x_wconf 90' lang='lat' dir='ltr'><strong>in</strong></span> <span class='ocrx_word' id='word_1_92' title='bbox 387 1472 732 1542; x_wconf 81' lang='lat' dir='ltr'><strong>sequentibus</strong></span> <span class='ocrx_word' id='word_1_93' title='bbox 754 1469 1007 1534; x_wconf 83' lang='lat' dir='ltr'><strong>ostendit,</strong></span> <span class='ocrx_word' id='word_1_94' title='bbox 1037 1468 1355 1535; x_wconf 79' lang='lat' dir='ltr'><strong>interimque</strong></span> <span class='ocrx_word' id='word_1_95' title='bbox 1372 1464 1498 1518; x_wconf 87' lang='lat' dir='ltr'><strong>illud</strong></span> <span class='ocrx_word' id='word_1_96' title='bbox 1524 1480 1622 1518; x_wconf 86' lang='lat' dir='ltr'><strong>una</strong></span> <span class='ocrx_word' id='word_1_97' title='bbox 1646 1479 1711 1519; x_wconf 90' lang='lat' dir='ltr'><strong>ex</strong></span> <span class='ocrx_word' id='word_1_98' title='bbox 1735 1473 1885 1532; x_wconf 88' lang='lat' dir='ltr'><strong>parte</strong></span> 
     </span>
    </p>
   </div>
   <div class='ocr_carea' id='block_1_13' title="bbox 303 1555 1877 1630">
    <p class='ocr_par' dir='ltr' id='par_1_13' title="bbox 303 1555 1877 1630">
     <span class='ocr_line' id='line_1_13' title="bbox 303 1555 1877 1630; baseline -0.008 -10"><span class='ocrx_word' id='word_1_99' title='bbox 303 1566 594 1620; x_wconf 77' lang='lat' dir='ltr'><strong>examinat.</strong></span> <span class='ocrx_word' id='word_1_100' title='bbox 627 1567 700 1617; x_wconf 82' lang='lat' dir='ltr'><strong>Ac</strong></span> <span class='ocrx_word' id='word_1_101' title='bbox 723 1562 840 1616; x_wconf 81' lang='lat' dir='ltr'><strong>vide</strong></span> <span class='ocrx_word' id='word_1_102' title='bbox 864 1561 1134 1630; x_wconf 88' lang='lat' dir='ltr'><strong>quomodo</strong></span> <span class='ocrx_word' id='word_1_103' title='bbox 1155 1559 1350 1613; x_wconf 90' lang='lat' dir='ltr'><strong>nullam</strong></span> <span class='ocrx_word' id='word_1_104' title='bbox 1384 1558 1620 1625; x_wconf 83' lang='lat' dir='ltr'><strong>imponat</strong></span> <span class='ocrx_word' id='word_1_105' title='bbox 1641 1555 1877 1609; x_wconf 81' lang='lat' dir='ltr'><strong>necessi-</strong></span> 
     </span>
    </p>
   </div>
   <div class='ocr_carea' id='block_1_14' title="bbox 304 1629 1885 1723">
    <p class='ocr_par' dir='ltr' id='par_1_14' title="bbox 304 1629 1885 1723">
     <span class='ocr_line' id='line_1_14' title="bbox 304 1629 1885 1723; baseline -0.005 -16"><span class='ocrx_word' id='word_1_106' title='bbox 304 1663 488 1709; x_wconf 76' lang='lat' dir='ltr'><strong>tatem.</strong></span> <span class='ocrx_word' id='word_1_107' title='bbox 522 1654 706 1723; x_wconf 80' lang='lat' dir='ltr'><strong>Neque</strong></span> <span class='ocrx_word' id='word_1_108' title='bbox 733 1629 1049 1716; x_wconf 17' lang='lat' dir='ltr'><strong>enitnidixit,</strong></span> <span class='ocrx_word' id='word_1_109' title='bbox 1081 1629 1294 1712; x_wconf 66' lang='lat' dir='ltr'><strong>vetitis,</strong></span> <span class='ocrx_word' id='word_1_110' title='bbox 1329 1649 1527 1712; x_wconf 82' lang='lat' dir='ltr'><strong>nolitis,</strong></span> <span class='ocrx_word' id='word_1_111' title='bbox 1561 1647 1611 1700; x_wconf 89' lang='lat' dir='ltr'><strong>id</strong></span> <span class='ocrx_word' id='word_1_112' title='bbox 1652 1660 1747 1699; x_wconf 89' lang='lat' dir='ltr'><strong>vos</strong></span> <span class='ocrx_word' id='word_1_113' title='bbox 1780 1647 1885 1714; x_wconf 88' lang='lat' dir='ltr'><strong>pati</strong></span> 
     </span>
    </p>
   </div>
   <div class='ocr_carea' id='block_1_15' title="bbox 302 1735 1882 1814">
    <p class='ocr_par' dir='ltr' id='par_1_15' title="bbox 302 1735 1882 1814">
     <span class='ocr_line' id='line_1_15' title="bbox 302 1735 1882 1814; baseline -0.004 -19"><span class='ocrx_word' id='word_1_114' title='bbox 302 1752 515 1814; x_wconf 87' lang='lat' dir='ltr'><strong>oportet</strong></span> <span class='ocrx_word' id='word_1_115' title='bbox 548 1761 563 1798; x_wconf 89' lang='lat'><strong>:</strong></span> <span class='ocrx_word' id='word_1_116' title='bbox 612 1743 705 1798; x_wconf 86' lang='lat' dir='ltr'><strong>sed</strong></span> <span class='ocrx_word' id='word_1_117' title='bbox 746 1742 1056 1814; x_wconf 87' lang='lat' dir='ltr'><strong>quomodo?</strong></span> <span class='ocrx_word' id='word_1_118' title='bbox 1085 1741 1143 1796; x_wconf 87' lang='lat' dir='ltr'><strong>Si</strong></span> <span class='ocrx_word' id='word_1_119' title='bbox 1170 1741 1281 1809; x_wconf 85' lang='lat' dir='ltr'><strong>quis</strong></span> <span class='ocrx_word' id='word_1_120' title='bbox 1323 1739 1429 1792; x_wconf 79' lang='lat' dir='ltr'><strong>vult</strong></span> <span class='ocrx_word' id='word_1_121' title='bbox 1455 1746 1568 1807; x_wconf 80' lang='lat' dir='ltr'><strong>post</strong></span> <span class='ocrx_word' id='word_1_122' title='bbox 1594 1752 1671 1788; x_wconf 85' lang='lat' dir='ltr'><strong>me</strong></span> <span class='ocrx_word' id='word_1_123' title='bbox 1697 1735 1882 1788; x_wconf 81' lang='lat' dir='ltr'><strong>venire.</strong></span> 
     </span>
    </p>
   </div>
   <div class='ocr_carea' id='block_1_16' title="bbox 302 1827 1880 1898">
    <p class='ocr_par' dir='ltr' id='par_1_16' title="bbox 302 1827 1880 1898">
     <span class='ocr_line' id='line_1_16' title="bbox 302 1827 1880 1898; baseline -0.006 -10"><span class='ocrx_word' id='word_1_124' title='bbox 302 1835 418 1888; x_wconf 90' lang='lat' dir='ltr'><strong>Non</strong></span> <span class='ocrx_word' id='word_1_125' title='bbox 450 1836 555 1889; x_wconf 90' lang='lat' dir='ltr'><strong>vim</strong></span> <span class='ocrx_word' id='word_1_126' title='bbox 585 1834 775 1898; x_wconf 84' lang='lat' dir='ltr'><strong>infero,</strong></span> <span class='ocrx_word' id='word_1_127' title='bbox 802 1848 907 1888; x_wconf 91' lang='lat' dir='ltr'><strong>non</strong></span> <span class='ocrx_word' id='word_1_128' title='bbox 931 1832 1298 1887; x_wconf 82' lang='lat' dir='ltr'><strong>necessitatem</strong></span> <span class='ocrx_word' id='word_1_129' title='bbox 1318 1830 1554 1898; x_wconf 86' lang='lat' dir='ltr'><strong>impono,</strong></span> <span class='ocrx_word' id='word_1_130' title='bbox 1582 1827 1673 1882; x_wconf 89' lang='lat' dir='ltr'><strong>sed</strong></span> <span class='ocrx_word' id='word_1_131' title='bbox 1698 1827 1880 1879; x_wconf 90' lang='lat' dir='ltr'><strong>unius-</strong></span> 
     </span>
    </p>
   </div>
   <div class='ocr_carea' id='block_1_17' title="bbox 302 1918 1887 1995">
    <p class='ocr_par' dir='ltr' id='par_1_17' title="bbox 302 1918 1887 1995">
     <span class='ocr_line' id='line_1_17' title="bbox 302 1918 1887 1995; baseline -0.005 -15"><span class='ocrx_word' id='word_1_132' title='bbox 302 1926 566 1995; x_wconf 84' lang='lat' dir='ltr'><strong>cujusque</strong></span> <span class='ocrx_word' id='word_1_133' title='bbox 608 1926 831 1980; x_wconf 90' lang='lat' dir='ltr'><strong>arbitrio</strong></span> <span class='ocrx_word' id='word_1_134' title='bbox 887 1925 937 1980; x_wconf 90' lang='lat' dir='ltr'><strong>id</strong></span> <span class='ocrx_word' id='word_1_135' title='bbox 983 1925 1228 1992; x_wconf 90' lang='lat' dir='ltr'><strong>relinquo</strong></span> <span class='ocrx_word' id='word_1_136' title='bbox 1261 1940 1273 1975; x_wconf 89' lang='lat'>:</span> <span class='ocrx_word' id='word_1_137' title='bbox 1306 1922 1425 1976; x_wconf 90' lang='lat' dir='ltr'><strong>ideo</strong></span> <span class='ocrx_word' id='word_1_138' title='bbox 1476 1920 1596 1975; x_wconf 90' lang='lat' dir='ltr'><strong>dico</strong></span> <span class='ocrx_word' id='word_1_139' title='bbox 1621 1962 1635 1985; x_wconf 92' lang='lat'><strong>,</strong></span> <span class='ocrx_word' id='word_1_140' title='bbox 1673 1918 1733 1974; x_wconf 87' lang='lat' dir='ltr'><strong>Si</strong></span> <span class='ocrx_word' id='word_1_141' title='bbox 1775 1919 1887 1988; x_wconf 82' lang='lat' dir='ltr'><strong>quis</strong></span> 
     </span>
    </p>
   </div>
   <div class='ocr_carea' id='block_1_18' title="bbox 301 2011 1882 2081">
    <p class='ocr_par' dir='ltr' id='par_1_18' title="bbox 301 2011 1882 2081">
     <span class='ocr_line' id='line_1_18' title="bbox 301 2011 1882 2081; baseline -0.004 -10"><span class='ocrx_word' id='word_1_142' title='bbox 301 2019 429 2071; x_wconf 74' lang='lat' dir='ltr'><strong>uult.</strong></span> <span class='ocrx_word' id='word_1_143' title='bbox 468 2017 545 2071; x_wconf 80' lang='lat' dir='ltr'><strong>Ad</strong></span> <span class='ocrx_word' id='word_1_144' title='bbox 573 2017 709 2071; x_wconf 90' lang='lat' dir='ltr'><strong>bona</strong></span> <span class='ocrx_word' id='word_1_145' title='bbox 734 2031 892 2081; x_wconf 84' lang='lat' dir='ltr'><strong>voco;</strong></span> <span class='ocrx_word' id='word_1_146' title='bbox 926 2031 1032 2071; x_wconf 89' lang='lat' dir='ltr'><strong>non</strong></span> <span class='ocrx_word' id='word_1_147' title='bbox 1059 2015 1125 2069; x_wconf 92' lang='lat' dir='ltr'><strong>ad</strong></span> <span class='ocrx_word' id='word_1_148' title='bbox 1155 2015 1290 2067; x_wconf 91' lang='lat' dir='ltr'><strong>mala</strong></span> <span class='ocrx_word' id='word_1_149' title='bbox 1317 2023 1370 2067; x_wconf 94' lang='lat' dir='ltr'><strong>et</strong></span> <span class='ocrx_word' id='word_1_150' title='bbox 1395 2026 1646 2078; x_wconf 89' lang='lat' dir='ltr'><strong>onerosa,</strong></span> <span class='ocrx_word' id='word_1_151' title='bbox 1678 2026 1784 2064; x_wconf 92' lang='lat' dir='ltr'><strong>non</strong></span> <span class='ocrx_word' id='word_1_152' title='bbox 1816 2011 1882 2064; x_wconf 90' lang='lat' dir='ltr'><strong>ad</strong></span> 
     </span>
    </p>
   </div>
   <div class='ocr_carea' id='block_1_19' title="bbox 300 2103 1882 2177">
    <p class='ocr_par' dir='ltr' id='par_1_19' title="bbox 300 2103 1882 2177">
     <span class='ocr_line' id='line_1_19' title="bbox 300 2103 1882 2177; baseline -0.004 -15"><span class='ocrx_word' id='word_1_153' title='bbox 300 2107 620 2176; x_wconf 81' lang='lat' dir='ltr'><strong>supplicium</strong></span> <span class='ocrx_word' id='word_1_154' title='bbox 651 2117 703 2162; x_wconf 91' lang='lat' dir='ltr'><strong>et</strong></span> <span class='ocrx_word' id='word_1_155' title='bbox 741 2123 948 2177; x_wconf 68' lang='lat' dir='ltr'><strong>pinnas,</strong></span> <span class='ocrx_word' id='word_1_156' title='bbox 974 2117 1031 2160; x_wconf 90' lang='lat' dir='ltr'><strong>ut</strong></span> <span class='ocrx_word' id='word_1_157' title='bbox 1058 2121 1266 2177; x_wconf 92' lang='lat' dir='ltr'><strong>cogam.</strong></span> <span class='ocrx_word' id='word_1_158' title='bbox 1294 2105 1423 2158; x_wconf 86' lang='lat' dir='ltr'><strong>Nam</strong></span> <span class='ocrx_word' id='word_1_159' title='bbox 1455 2104 1568 2173; x_wconf 87' lang='lat' dir='ltr'><strong>ipsa</strong></span> <span class='ocrx_word' id='word_1_160' title='bbox 1594 2103 1667 2158; x_wconf 90' lang='lat' dir='ltr'><strong>rei</strong></span> <span class='ocrx_word' id='word_1_161' title='bbox 1695 2112 1882 2156; x_wconf 87' lang='lat' dir='ltr'><strong>natura</strong></span> 
     </span>
    </p>
   </div>
   <div class='ocr_carea' id='block_1_20' title="bbox 302 2196 1882 2271">
    <p class='ocr_par' dir='ltr' id='par_1_20' title="bbox 302 2196 1882 2271">
     <span class='ocr_line' id='line_1_20' title="bbox 302 2196 1882 2271; baseline -0.004 -17"><span class='ocrx_word' id='word_1_162' title='bbox 302 2211 478 2271; x_wconf 88' lang='lat' dir='ltr'><strong>potest</strong></span> <span class='ocrx_word' id='word_1_163' title='bbox 503 2201 569 2254; x_wconf 92' lang='lat' dir='ltr'><strong>ad</strong></span> <span class='ocrx_word' id='word_1_164' title='bbox 599 2199 651 2253; x_wconf 91' lang='lat' dir='ltr'><strong>id</strong></span> <span class='ocrx_word' id='word_1_165' title='bbox 688 2199 1018 2270; x_wconf 82' lang='lat' dir='ltr'><strong>pertrahere.</strong></span> <span class='ocrx_word' id='word_1_166' title='bbox 1050 2199 1173 2253; x_wconf 59' lang='lat' dir='ltr'><strong>Haec</strong></span> <span class='ocrx_word' id='word_1_167' title='bbox 1202 2213 1362 2269; x_wconf 91' lang='lat' dir='ltr'><strong>porro</strong></span> <span class='ocrx_word' id='word_1_168' title='bbox 1390 2197 1574 2252; x_wconf 88' lang='lat' dir='ltr'><strong>dicens</strong></span> <span class='ocrx_word' id='word_1_169' title='bbox 1604 2196 1774 2265; x_wconf 83' lang='lat' dir='ltr'><strong>magis</strong></span> <span class='ocrx_word' id='word_1_170' title='bbox 1800 2196 1882 2249; x_wconf 84' lang='lat' dir='ltr'><strong>al-</strong></span> 
     </span>
    </p>
   </div>
   <div class='ocr_carea' id='block_1_21' title="bbox 302 2289 1885 2360">
    <p class='ocr_par' dir='ltr' id='par_1_21' title="bbox 302 2289 1885 2360">
     <span class='ocr_line' id='line_1_21' title="bbox 302 2289 1885 2360; baseline -0.001 -16"><span class='ocrx_word' id='word_1_171' title='bbox 302 2290 538 2344; x_wconf 90' lang='lat' dir='ltr'><strong>liciebat.</strong></span> <span class='ocrx_word' id='word_1_172' title='bbox 571 2290 702 2347; x_wconf 89' lang='lat' dir='ltr'><strong>Nam</strong></span> <span class='ocrx_word' id='word_1_173' title='bbox 735 2291 824 2359; x_wconf 90' lang='lat' dir='ltr'><strong>qui</strong></span> <span class='ocrx_word' id='word_1_174' title='bbox 851 2291 954 2345; x_wconf 87' lang='lat' dir='ltr'><strong>vim</strong></span> <span class='ocrx_word' id='word_1_175' title='bbox 983 2289 1163 2356; x_wconf 85' lang='lat' dir='ltr'><strong>infert,</strong></span> <span class='ocrx_word' id='word_1_176' title='bbox 1193 2305 1335 2360; x_wconf 70' lang='lat' dir='ltr'><strong>saepe</strong></span> <span class='ocrx_word' id='word_1_177' title='bbox 1371 2290 1602 2352; x_wconf 88' lang='lat' dir='ltr'><strong>avertit;</strong></span> <span class='ocrx_word' id='word_1_178' title='bbox 1637 2290 1722 2356; x_wconf 92' lang='lat' dir='ltr'><strong>qui</strong></span> <span class='ocrx_word' id='word_1_179' title='bbox 1757 2305 1885 2342; x_wconf 87' lang='lat' dir='ltr'><strong>vero</strong></span> 
     </span>
    </p>
   </div>
   <div class='ocr_carea' id='block_1_22' title="bbox 301 2381 1883 2451">
    <p class='ocr_par' dir='ltr' id='par_1_22' title="bbox 301 2381 1883 2451">
     <span class='ocr_line' id='line_1_22' title="bbox 301 2381 1883 2451; baseline -0.001 -15"><span class='ocrx_word' id='word_1_180' title='bbox 301 2399 415 2438; x_wconf 89' lang='lat' dir='ltr'><strong>rem</strong></span> <span class='ocrx_word' id='word_1_181' title='bbox 449 2381 706 2436; x_wconf 87' lang='lat' dir='ltr'><strong>auditoris</strong></span> <span class='ocrx_word' id='word_1_182' title='bbox 745 2382 963 2437; x_wconf 84' lang='lat' dir='ltr'><strong>arbitrio</strong></span> <span class='ocrx_word' id='word_1_183' title='bbox 993 2381 1242 2451; x_wconf 83' lang='lat' dir='ltr'><strong>relinquit</strong></span> <span class='ocrx_word' id='word_1_184' title='bbox 1263 2422 1276 2442; x_wconf 89' lang='lat'><strong>,</strong></span> <span class='ocrx_word' id='word_1_185' title='bbox 1307 2383 1474 2451; x_wconf 85' lang='lat' dir='ltr'><strong>magis</strong></span> <span class='ocrx_word' id='word_1_186' title='bbox 1503 2381 1754 2445; x_wconf 79' lang='lat' dir='ltr'><strong>attrahit;</strong></span> <span class='ocrx_word' id='word_1_187' title='bbox 1787 2397 1883 2450; x_wconf 87' lang='lat' dir='ltr'><strong>po-</strong></span> 
     </span>
    </p>
   </div>
   <div class='ocr_carea' id='block_1_23' title="bbox 304 2473 1881 2544">
    <p class='ocr_par' dir='ltr' id='par_1_23' title="bbox 304 2473 1881 2544">
     <span class='ocr_line' id='line_1_23' title="bbox 304 2473 1881 2544; baseline -0.003 -16"><span class='ocrx_word' id='word_1_188' title='bbox 304 2475 502 2528; x_wconf 86' lang='lat' dir='ltr'><strong>tentior</strong></span> <span class='ocrx_word' id='word_1_189' title='bbox 522 2476 716 2544; x_wconf 88' lang='lat' dir='ltr'><strong>quippe</strong></span> <span class='ocrx_word' id='word_1_190' title='bbox 739 2484 819 2528; x_wconf 84' lang='lat' dir='ltr'><strong>est</strong></span> <span class='ocrx_word' id='word_1_191' title='bbox 841 2475 983 2526; x_wconf 91' lang='lat' dir='ltr'><strong>mitis</strong></span> <span class='ocrx_word' id='word_1_192' title='bbox 1005 2473 1080 2526; x_wconf 88' lang='lat' dir='ltr'><strong>rei</strong></span> <span class='ocrx_word' id='word_1_193' title='bbox 1111 2473 1394 2540; x_wconf 90' lang='lat' dir='ltr'><strong>expositio,</strong></span> <span class='ocrx_word' id='word_1_194' title='bbox 1421 2489 1578 2540; x_wconf 81' lang='lat' dir='ltr'><strong>quant</strong></span> <span class='ocrx_word' id='word_1_195' title='bbox 1609 2473 1881 2526; x_wconf 82' lang='lat' dir='ltr'><strong>violentia.</strong></span> 
     </span>
    </p>
   </div>
   <div class='ocr_carea' id='block_1_24' title="bbox 301 2565 1880 2635">
    <p class='ocr_par' dir='ltr' id='par_1_24' title="bbox 301 2565 1880 2635">
     <span class='ocr_line' id='line_1_24' title="bbox 301 2565 1880 2635; baseline -0.002 -15"><span class='ocrx_word' id='word_1_196' title='bbox 301 2565 427 2621; x_wconf 80' lang='lat' dir='ltr'><strong>ideo</strong></span> <span class='ocrx_word' id='word_1_197' title='bbox 452 2568 663 2621; x_wconf 89' lang='lat' dir='ltr'><strong>dicebat</strong></span> <span class='ocrx_word' id='word_1_198' title='bbox 705 2567 821 2631; x_wconf 89' lang='lat' dir='ltr'><strong>ille,</strong></span> <span class='ocrx_word' id='word_1_199' title='bbox 869 2565 1060 2635; x_wconf 80' lang='lat' dir='ltr'><strong>Siquis</strong></span> <span class='ocrx_word' id='word_1_200' title='bbox 1097 2565 1220 2618; x_wconf 80' lang='lat' dir='ltr'><strong>vult.</strong></span> <span class='ocrx_word' id='word_1_201' title='bbox 1267 2566 1448 2635; x_wconf 84' lang='lat' dir='ltr'><strong>Magna</strong></span> <span class='ocrx_word' id='word_1_202' title='bbox 1495 2570 1690 2634; x_wconf 85' lang='lat' dir='ltr'><strong>quippe</strong></span> <span class='ocrx_word' id='word_1_203' title='bbox 1736 2574 1880 2628; x_wconf 90' lang='lat' dir='ltr'><strong>sunt,</strong></span> 
     </span>
    </p>
   </div>
   <div class='ocr_carea' id='block_1_25' title="bbox 300 2656 1882 2727">
    <p class='ocr_par' dir='ltr' id='par_1_25' title="bbox 300 2656 1882 2727">
     <span class='ocr_line' id='line_1_25' title="bbox 300 2656 1882 2727; baseline -0.002 -16"><span class='ocrx_word' id='word_1_204' title='bbox 300 2659 490 2727; x_wconf 85' lang='lat' dir='ltr'><strong>inquit,</strong></span> <span class='ocrx_word' id='word_1_205' title='bbox 535 2674 654 2726; x_wconf 79' lang='lat' dir='ltr'><strong>qua:</strong></span> <span class='ocrx_word' id='word_1_206' title='bbox 700 2658 853 2712; x_wconf 86' lang='lat' dir='ltr'><strong>vobis</strong></span> <span class='ocrx_word' id='word_1_207' title='bbox 897 2657 1064 2711; x_wconf 80' lang='lat' dir='ltr'><strong>oilero</strong></span> <span class='ocrx_word' id='word_1_208' title='bbox 1109 2658 1267 2716; x_wconf 86' lang='lat' dir='ltr'><strong>bona.</strong></span> <span class='ocrx_word' id='word_1_209' title='bbox 1298 2667 1352 2712; x_wconf 90' lang='lat' dir='ltr'><strong>et</strong></span> <span class='ocrx_word' id='word_1_210' title='bbox 1402 2656 1546 2718; x_wconf 87' lang='lat' dir='ltr'><strong>talia,</strong></span> <span class='ocrx_word' id='word_1_211' title='bbox 1597 2667 1653 2709; x_wconf 90' lang='lat' dir='ltr'><strong>ut</strong></span> <span class='ocrx_word' id='word_1_212' title='bbox 1701 2658 1765 2709; x_wconf 91' lang='lat' dir='ltr'><strong>ad</strong></span> <span class='ocrx_word' id='word_1_213' title='bbox 1821 2672 1882 2710; x_wconf 87' lang='lat' dir='ltr'><strong>ea</strong></span> 
     </span>
    </p>
   </div>
   <div class='ocr_carea' id='block_1_26' title="bbox 297 2747 1872 2818">
    <p class='ocr_par' dir='ltr' id='par_1_26' title="bbox 297 2747 1872 2818">
     <span class='ocr_line' id='line_1_26' title="bbox 297 2747 1872 2818; baseline -0.001 -15"><span class='ocrx_word' id='word_1_214' title='bbox 297 2760 491 2817; x_wconf 78' lang='lat' dir='ltr'><strong>sponte</strong></span> <span class='ocrx_word' id='word_1_215' title='bbox 530 2758 794 2803; x_wconf 87' lang='lat' dir='ltr'><strong>curratur.</strong></span> <span class='ocrx_word' id='word_1_216' title='bbox 838 2747 1019 2817; x_wconf 86' lang='lat' dir='ltr'><strong>Neque</strong></span> <span class='ocrx_word' id='word_1_217' title='bbox 1061 2748 1202 2802; x_wconf 90' lang='lat' dir='ltr'><strong>enim</strong></span> <span class='ocrx_word' id='word_1_218' title='bbox 1233 2750 1276 2802; x_wconf 89' lang='lat' dir='ltr'><strong>si</strong></span> <span class='ocrx_word' id='word_1_219' title='bbox 1308 2749 1428 2818; x_wconf 91' lang='lat' dir='ltr'><strong>quis</strong></span> <span class='ocrx_word' id='word_1_220' title='bbox 1453 2763 1639 2801; x_wconf 88' lang='lat' dir='ltr'><strong>aurum</strong></span> <span class='ocrx_word' id='word_1_221' title='bbox 1672 2748 1872 2816; x_wconf 58' lang='lat' dir='ltr'><strong>praebe-</strong></span> 
     </span>
    </p>
   </div>
   <div class='ocr_carea' id='block_1_27' title="bbox 297 2840 1878 2914">
    <p class='ocr_par' dir='ltr' id='par_1_27' title="bbox 297 2840 1878 2914">
     <span class='ocr_line' id='line_1_27' title="bbox 297 2840 1878 2914; baseline -0.001 -19"><span class='ocrx_word' id='word_1_222' title='bbox 297 2851 406 2905; x_wconf 90' lang='lat' dir='ltr'><strong>ret,</strong></span> <span class='ocrx_word' id='word_1_223' title='bbox 438 2850 492 2896; x_wconf 87' lang='lat' dir='ltr'><strong>et</strong></span> <span class='ocrx_word' id='word_1_224' title='bbox 523 2842 826 2914; x_wconf 86' lang='lat' dir='ltr'><strong>thesaurum</strong></span> <span class='ocrx_word' id='word_1_225' title='bbox 857 2849 1166 2910; x_wconf 89' lang='lat' dir='ltr'><strong>exponeret,</strong></span> <span class='ocrx_word' id='word_1_226' title='bbox 1197 2855 1319 2894; x_wconf 90' lang='lat' dir='ltr'><strong>cum</strong></span> <span class='ocrx_word' id='word_1_227' title='bbox 1347 2840 1596 2894; x_wconf 88' lang='lat' dir='ltr'><strong>violentia</strong></span> <span class='ocrx_word' id='word_1_228' title='bbox 1625 2849 1878 2904; x_wconf 86' lang='lat' dir='ltr'><strong>vocaret;</strong></span> 
     </span>
    </p>
   </div>
   <div class='ocr_carea' id='block_1_28' title="bbox 296 2933 1879 3001">
    <p class='ocr_par' dir='ltr' id='par_1_28' title="bbox 296 2933 1879 3001">
     <span class='ocr_line' id='line_1_28' title="bbox 296 2933 1879 3001; baseline -0.001 -13"><span class='ocrx_word' id='word_1_229' title='bbox 296 2933 344 2988; x_wconf 76' lang='lat' dir='ltr'><strong>si</strong></span> <span class='ocrx_word' id='word_1_230' title='bbox 385 2948 510 2987; x_wconf 88' lang='lat' dir='ltr'><strong>vero</strong></span> <span class='ocrx_word' id='word_1_231' title='bbox 540 2933 604 2986; x_wconf 90' lang='lat' dir='ltr'><strong>ad</strong></span> <span class='ocrx_word' id='word_1_232' title='bbox 652 2934 764 2986; x_wconf 70' lang='lat' dir='ltr'><strong>hmc</strong></span> <span class='ocrx_word' id='word_1_233' title='bbox 795 2933 910 2987; x_wconf 86' lang='lat' dir='ltr'><strong>sine</strong></span> <span class='ocrx_word' id='word_1_234' title='bbox 939 2933 1187 2987; x_wconf 80' lang='lat' dir='ltr'><strong>violentia</strong></span> <span class='ocrx_word' id='word_1_235' title='bbox 1232 2933 1336 2985; x_wconf 88' lang='lat' dir='ltr'><strong>itur</strong></span> <span class='ocrx_word' id='word_1_236' title='bbox 1356 2972 1369 2994; x_wconf 92' lang='lat'><strong>,</strong></span> <span class='ocrx_word' id='word_1_237' title='bbox 1399 2933 1568 2986; x_wconf 92' lang='lat' dir='ltr'><strong>multo</strong></span> <span class='ocrx_word' id='word_1_238' title='bbox 1597 2935 1762 3001; x_wconf 90' lang='lat' dir='ltr'><strong>magis</strong></span> <span class='ocrx_word' id='word_1_239' title='bbox 1813 2933 1879 2986; x_wconf 92' lang='lat' dir='ltr'><strong>ad</strong></span> 
     </span>
    </p>
   </div>
   <div class='ocr_carea' id='block_1_29' title="bbox 297 3024 1883 3093">
    <p class='ocr_par' dir='ltr' id='par_1_29' title="bbox 297 3024 1883 3093">
     <span class='ocr_line' id='line_1_29' title="bbox 297 3024 1883 3093; baseline 0 -15"><span class='ocrx_word' id='word_1_240' title='bbox 297 3025 534 3078; x_wconf 65' lang='lat' dir='ltr'><strong>caalestia</strong></span> <span class='ocrx_word' id='word_1_241' title='bbox 565 3025 722 3079; x_wconf 90' lang='lat' dir='ltr'><strong>bona.</strong></span> <span class='ocrx_word' id='word_1_242' title='bbox 753 3024 860 3079; x_wconf 89' lang='lat' dir='ltr'><strong>Nisi</strong></span> <span class='ocrx_word' id='word_1_243' title='bbox 901 3024 1040 3079; x_wconf 86' lang='lat' dir='ltr'><strong>enim</strong></span> <span class='ocrx_word' id='word_1_244' title='bbox 1070 3025 1182 3093; x_wconf 81' lang='lat' dir='ltr'><strong>ipsa</strong></span> <span class='ocrx_word' id='word_1_245' title='bbox 1212 3026 1286 3078; x_wconf 90' lang='lat' dir='ltr'><strong>rei</strong></span> <span class='ocrx_word' id='word_1_246' title='bbox 1325 3033 1509 3078; x_wconf 88' lang='lat' dir='ltr'><strong>natura</strong></span> <span class='ocrx_word' id='word_1_247' title='bbox 1541 3025 1632 3079; x_wconf 90' lang='lat' dir='ltr'><strong>tibi</strong></span> <span class='ocrx_word' id='word_1_248' title='bbox 1668 3040 1883 3093; x_wconf 88' lang='lat' dir='ltr'><strong>persua-</strong></span> 
     </span>
    </p>
   </div>
   <div class='ocr_carea' id='block_1_30' title="bbox 298 3115 1880 3186">
    <p class='ocr_par' dir='ltr' id='par_1_30' title="bbox 298 3115 1880 3186">
     <span class='ocr_line' id='line_1_30' title="bbox 298 3115 1880 3186; baseline 0.003 -17"><span class='ocrx_word' id='word_1_249' title='bbox 298 3115 501 3170; x_wconf 89' lang='lat' dir='ltr'><strong>deatut</strong></span> <span class='ocrx_word' id='word_1_250' title='bbox 523 3131 792 3180; x_wconf 87' lang='lat' dir='ltr'><strong>accurras,</strong></span> <span class='ocrx_word' id='word_1_251' title='bbox 816 3116 925 3185; x_wconf 89' lang='lat' dir='ltr'><strong>jam</strong></span> <span class='ocrx_word' id='word_1_252' title='bbox 953 3115 1144 3184; x_wconf 85' lang='lat' dir='ltr'><strong>dignus</strong></span> <span class='ocrx_word' id='word_1_253' title='bbox 1167 3132 1268 3169; x_wconf 89' lang='lat' dir='ltr'><strong>non</strong></span> <span class='ocrx_word' id='word_1_254' title='bbox 1293 3131 1352 3171; x_wconf 91' lang='lat' dir='ltr'><strong>es</strong></span> <span class='ocrx_word' id='word_1_255' title='bbox 1379 3116 1469 3185; x_wconf 87' lang='lat' dir='ltr'><strong>qui</strong></span> <span class='ocrx_word' id='word_1_256' title='bbox 1495 3118 1756 3186; x_wconf 88' lang='lat' dir='ltr'><strong>accipias;</strong></span> <span class='ocrx_word' id='word_1_257' title='bbox 1784 3135 1880 3173; x_wconf 89' lang='lat' dir='ltr'><strong>ne-</strong></span> 
     </span>
    </p>
   </div>
   <div class='ocr_carea' id='block_1_31' title="bbox 296 3206 1877 3277">
    <p class='ocr_par' dir='ltr' id='par_1_31' title="bbox 296 3206 1877 3277">
     <span class='ocr_line' id='line_1_31' title="bbox 296 3206 1877 3277; baseline 0.001 -18"><span class='ocrx_word' id='word_1_258' title='bbox 296 3223 426 3276; x_wconf 87' lang='lat' dir='ltr'><strong>que,</strong></span> <span class='ocrx_word' id='word_1_259' title='bbox 468 3206 514 3262; x_wconf 89' lang='lat' dir='ltr'><strong>si</strong></span> <span class='ocrx_word' id='word_1_260' title='bbox 555 3209 843 3275; x_wconf 88' lang='lat' dir='ltr'><strong>acceperis,</strong></span> <span class='ocrx_word' id='word_1_261' title='bbox 896 3217 1040 3262; x_wconf 81' lang='lat' dir='ltr'><strong>recte</strong></span> <span class='ocrx_word' id='word_1_262' title='bbox 1084 3209 1221 3262; x_wconf 84' lang='lat' dir='ltr'><strong>scias</strong></span> <span class='ocrx_word' id='word_1_263' title='bbox 1246 3217 1478 3277; x_wconf 70' lang='lat' dir='ltr'><strong>acceptae</strong></span> <span class='ocrx_word' id='word_1_264' title='bbox 1526 3209 1600 3264; x_wconf 90' lang='lat' dir='ltr'><strong>rei</strong></span> <span class='ocrx_word' id='word_1_265' title='bbox 1632 3210 1877 3277; x_wconf 85' lang='lat' dir='ltr'><strong>pretium.</strong></span> 
     </span>
    </p>
   </div>
   <div class='ocr_carea' id='block_1_32' title="bbox 297 3300 1882 3373">
    <p class='ocr_par' dir='ltr' id='par_1_32' title="bbox 297 3300 1882 3373">
     <span class='ocr_line' id='line_1_32' title="bbox 297 3300 1882 3373; baseline 0.002 -19"><span class='ocrx_word' id='word_1_266' title='bbox 297 3300 427 3354; x_wconf 88' lang='lat' dir='ltr'><strong>Ideo</strong></span> <span class='ocrx_word' id='word_1_267' title='bbox 455 3316 560 3355; x_wconf 93' lang='lat' dir='ltr'><strong>non</strong></span> <span class='ocrx_word' id='word_1_268' title='bbox 586 3303 724 3371; x_wconf 87' lang='lat' dir='ltr'><strong>cogit</strong></span> <span class='ocrx_word' id='word_1_269' title='bbox 748 3301 1010 3367; x_wconf 87' lang='lat' dir='ltr'><strong>Christus,</strong></span> <span class='ocrx_word' id='word_1_270' title='bbox 1042 3301 1134 3356; x_wconf 89' lang='lat' dir='ltr'><strong>sed</strong></span> <span class='ocrx_word' id='word_1_271' title='bbox 1167 3303 1436 3366; x_wconf 89' lang='lat' dir='ltr'><strong>hortatur,</strong></span> <span class='ocrx_word' id='word_1_272' title='bbox 1479 3303 1757 3373; x_wconf 79' lang='lat' dir='ltr'><strong>indulgens</strong></span> <span class='ocrx_word' id='word_1_273' title='bbox 1784 3319 1882 3357; x_wconf 88' lang='lat' dir='ltr'><strong>no-</strong></span> 
     </span>
    </p>
   </div>
   <div class='ocr_carea' id='block_1_33' title="bbox 296 3391 1880 3458">
    <p class='ocr_par' dir='ltr' id='par_1_33' title="bbox 296 3391 1880 3458">
     <span class='ocr_line' id='line_1_33' title="bbox 296 3391 1880 3458; baseline 0.002 -14"><span class='ocrx_word' id='word_1_274' title='bbox 296 3391 404 3445; x_wconf 85' lang='lat' dir='ltr'><strong>bis.</strong></span> <span class='ocrx_word' id='word_1_275' title='bbox 427 3391 558 3458; x_wconf 86' lang='lat' dir='ltr'><strong>Quia</strong></span> <span class='ocrx_word' id='word_1_276' title='bbox 584 3396 725 3446; x_wconf 88' lang='lat' dir='ltr'><strong>enim</strong></span> <span class='ocrx_word' id='word_1_277' title='bbox 751 3394 913 3446; x_wconf 89' lang='lat' dir='ltr'><strong>multa</strong></span> <span class='ocrx_word' id='word_1_278' title='bbox 945 3394 1368 3455; x_wconf 86' lang='lat' dir='ltr'><strong>insusurrabant,</strong></span> <span class='ocrx_word' id='word_1_279' title='bbox 1395 3409 1460 3447; x_wconf 91' lang='lat' dir='ltr'><strong>ex</strong></span> <span class='ocrx_word' id='word_1_280' title='bbox 1480 3394 1570 3446; x_wconf 88' lang='lat' dir='ltr'><strong>illo</strong></span> <span class='ocrx_word' id='word_1_281' title='bbox 1595 3395 1736 3448; x_wconf 86' lang='lat' dir='ltr'><strong>dicto</strong></span> <span class='ocrx_word' id='word_1_282' title='bbox 1766 3404 1880 3448; x_wconf 88' lang='lat' dir='ltr'><strong>tur-</strong></span> 
     </span>
    </p>
   </div>
   <div class='ocr_carea' id='block_1_34' title="bbox 277 3469 1876 3556">
    <p class='ocr_par' dir='ltr' id='par_1_34' title="bbox 277 3469 1876 3556">
     <span class='ocr_line' id='line_1_34' title="bbox 277 3469 1876 3556; baseline 0.003 -21"><span class='ocrx_word' id='word_1_283' title='bbox 277 3469 429 3544; x_wconf 46' lang='lat' dir='ltr'><strong>&#39;bati,</strong></span> <span class='ocrx_word' id='word_1_284' title='bbox 459 3474 588 3536; x_wconf 80' lang='lat' dir='ltr'><strong>dicit</strong></span> <span class='ocrx_word' id='word_1_285' title='bbox 619 3484 722 3537; x_wconf 88' lang='lat' dir='ltr'><strong>illis</strong></span> <span class='ocrx_word' id='word_1_286' title='bbox 755 3505 767 3538; x_wconf 87' lang='lat'>:</span> <span class='ocrx_word' id='word_1_287' title='bbox 801 3483 914 3537; x_wconf 91' lang='lat' dir='ltr'><strong>Non</strong></span> <span class='ocrx_word' id='word_1_288' title='bbox 944 3492 1023 3537; x_wconf 91' lang='lat' dir='ltr'><strong>est</strong></span> <span class='ocrx_word' id='word_1_289' title='bbox 1067 3498 1201 3551; x_wconf 92' lang='lat' dir='ltr'><strong>opus</strong></span> <span class='ocrx_word' id='word_1_290' title='bbox 1231 3485 1530 3539; x_wconf 85' lang='lat' dir='ltr'><strong>turbatione</strong></span> <span class='ocrx_word' id='word_1_291' title='bbox 1551 3494 1605 3539; x_wconf 89' lang='lat' dir='ltr'><strong>et</strong></span> <span class='ocrx_word' id='word_1_292' title='bbox 1631 3487 1876 3556; x_wconf 86' lang='lat' dir='ltr'><strong>strepitu.</strong></span> 
     </span>
    </p>
   </div>
   <div class='ocr_carea' id='block_1_35' title="bbox 295 3573 1882 3648">
    <p class='ocr_par' dir='ltr' id='par_1_35' title="bbox 295 3573 1882 3648">
     <span class='ocr_line' id='line_1_35' title="bbox 295 3573 1882 3648; baseline 0.001 -19"><span class='ocrx_word' id='word_1_293' title='bbox 295 3573 358 3630; x_wconf 87' lang='lat' dir='ltr'><strong>Si</strong></span> <span class='ocrx_word' id='word_1_294' title='bbox 383 3589 488 3628; x_wconf 91' lang='lat' dir='ltr'><strong>non</strong></span> <span class='ocrx_word' id='word_1_295' title='bbox 540 3574 740 3643; x_wconf 85' lang='lat' dir='ltr'><strong>putatis</strong></span> <span class='ocrx_word' id='word_1_296' title='bbox 765 3574 815 3628; x_wconf 88' lang='lat' dir='ltr'><strong>id</strong></span> <span class='ocrx_word' id='word_1_297' title='bbox 847 3575 988 3644; x_wconf 90' lang='lat' dir='ltr'><strong>quod</strong></span> <span class='ocrx_word' id='word_1_298' title='bbox 1017 3576 1165 3642; x_wconf 86' lang='lat' dir='ltr'><strong>dixi,</strong></span> <span class='ocrx_word' id='word_1_299' title='bbox 1196 3578 1242 3632; x_wconf 91' lang='lat' dir='ltr'><strong>si</strong></span> <span class='ocrx_word' id='word_1_300' title='bbox 1287 3578 1442 3633; x_wconf 88' lang='lat' dir='ltr'><strong>vobis</strong></span> <span class='ocrx_word' id='word_1_301' title='bbox 1490 3593 1708 3648; x_wconf 86' lang='lat' dir='ltr'><strong>quoque</strong></span> <span class='ocrx_word' id='word_1_302' title='bbox 1749 3593 1882 3634; x_wconf 89' lang='lat' dir='ltr'><strong>con-</strong></span> 
     </span>
    </p>
   </div>
   <div class='ocr_carea' id='block_1_36' title="bbox 296 3668 1878 3738">
    <p class='ocr_par' dir='ltr' id='par_1_36' title="bbox 296 3668 1878 3738">
     <span class='ocr_line' id='line_1_36' title="bbox 296 3668 1878 3738; baseline 0.002 -14"><span class='ocrx_word' id='word_1_303' title='bbox 296 3671 488 3738; x_wconf 83' lang='lat' dir='ltr'><strong>tingat,</strong></span> <span class='ocrx_word' id='word_1_304' title='bbox 520 3668 997 3724; x_wconf 80' lang='lat' dir='ltr'><strong>innumerabilium</strong></span> <span class='ocrx_word' id='word_1_305' title='bbox 1043 3670 1306 3725; x_wconf 90' lang='lat' dir='ltr'><strong>bonorum</strong></span> <span class='ocrx_word' id='word_1_306' title='bbox 1342 3687 1463 3727; x_wconf 88' lang='lat' dir='ltr'><strong>esse</strong></span> <span class='ocrx_word' id='word_1_307' title='bbox 1499 3687 1743 3737; x_wconf 87' lang='lat' dir='ltr'><strong>causam,</strong></span> <span class='ocrx_word' id='word_1_308' title='bbox 1773 3688 1878 3727; x_wconf 88' lang='lat' dir='ltr'><strong>non</strong></span> 
     </span>
    </p>
   </div>
   <div class='ocr_carea' id='block_1_37' title="bbox 291 3757 1874 3829">
    <p class='ocr_par' dir='ltr' id='par_1_37' title="bbox 291 3757 1874 3829">
     <span class='ocr_line' id='line_1_37' title="bbox 291 3757 1874 3829; baseline 0.003 -20"><span class='ocrx_word' id='word_1_309' title='bbox 291 3757 403 3810; x_wconf 85' lang='lat' dir='ltr'><strong>vim</strong></span> <span class='ocrx_word' id='word_1_310' title='bbox 437 3757 609 3810; x_wconf 86' lang='lat' dir='ltr'><strong>infero</strong></span> <span class='ocrx_word' id='word_1_311' title='bbox 631 3799 643 3820; x_wconf 86' lang='lat'><strong>.</strong></span> <span class='ocrx_word' id='word_1_312' title='bbox 675 3771 778 3812; x_wconf 90' lang='lat' dir='ltr'><strong>non</strong></span> <span class='ocrx_word' id='word_1_313' title='bbox 807 3772 939 3827; x_wconf 80' lang='lat' dir='ltr'><strong>cogo</strong></span> <span class='ocrx_word' id='word_1_314' title='bbox 964 3798 980 3824; x_wconf 93' lang='lat'><strong>,</strong></span> <span class='ocrx_word' id='word_1_315' title='bbox 1008 3758 1100 3812; x_wconf 89' lang='lat' dir='ltr'><strong>sed</strong></span> <span class='ocrx_word' id='word_1_316' title='bbox 1129 3774 1250 3813; x_wconf 90' lang='lat' dir='ltr'><strong>eum</strong></span> <span class='ocrx_word' id='word_1_317' title='bbox 1277 3760 1365 3828; x_wconf 92' lang='lat' dir='ltr'><strong>qui</strong></span> <span class='ocrx_word' id='word_1_318' title='bbox 1395 3761 1543 3829; x_wconf 90' lang='lat' dir='ltr'><strong>sequi</strong></span> <span class='ocrx_word' id='word_1_319' title='bbox 1572 3761 1698 3815; x_wconf 87' lang='lat' dir='ltr'><strong>velit</strong></span> <span class='ocrx_word' id='word_1_320' title='bbox 1719 3776 1874 3815; x_wconf 88' lang='lat' dir='ltr'><strong>voco.</strong></span> 
     </span>
    </p>
   </div>
   <div class='ocr_carea' id='block_1_38' title="bbox 293 3847 1878 3921">
    <p class='ocr_par' dir='ltr' id='par_1_38' title="bbox 293 3847 1878 3921">
     <span class='ocr_line' id='line_1_38' title="bbox 293 3847 1878 3921; baseline 0.003 -18"><span class='ocrx_word' id='word_1_321' title='bbox 293 3847 375 3903; x_wconf 85' lang='lat' dir='ltr'><strong>Ne</strong></span> <span class='ocrx_word' id='word_1_322' title='bbox 404 3851 600 3921; x_wconf 90' lang='lat' dir='ltr'><strong>putetis</strong></span> <span class='ocrx_word' id='word_1_323' title='bbox 631 3860 806 3904; x_wconf 87' lang='lat' dir='ltr'><strong>autem</strong></span> <span class='ocrx_word' id='word_1_324' title='bbox 843 3850 990 3918; x_wconf 85' lang='lat' dir='ltr'><strong>sequi</strong></span> <span class='ocrx_word' id='word_1_325' title='bbox 1025 3865 1128 3914; x_wconf 91' lang='lat' dir='ltr'><strong>me,</strong></span> <span class='ocrx_word' id='word_1_326' title='bbox 1151 3851 1280 3905; x_wconf 88' lang='lat' dir='ltr'><strong>illud</strong></span> <span class='ocrx_word' id='word_1_327' title='bbox 1305 3867 1423 3905; x_wconf 88' lang='lat' dir='ltr'><strong>esse</strong></span> <span class='ocrx_word' id='word_1_328' title='bbox 1451 3853 1594 3919; x_wconf 87' lang='lat' dir='ltr'><strong>quod</strong></span> <span class='ocrx_word' id='word_1_329' title='bbox 1619 3867 1713 3907; x_wconf 90' lang='lat' dir='ltr'><strong>vos</strong></span> <span class='ocrx_word' id='word_1_330' title='bbox 1737 3869 1878 3908; x_wconf 90' lang='lat' dir='ltr'><strong>nunc</strong></span> 
     </span>
    </p>
   </div>
   <div class='ocr_carea' id='block_1_39' title="bbox 291 3940 1879 4013">
    <p class='ocr_par' dir='ltr' id='par_1_39' title="bbox 291 3940 1879 4013">
     <span class='ocr_line' id='line_1_39' title="bbox 291 3940 1879 4013; baseline 0.003 -19"><span class='ocrx_word' id='word_1_331' title='bbox 291 3940 490 4004; x_wconf 84' lang='lat' dir='ltr'><strong>facitis,</strong></span> <span class='ocrx_word' id='word_1_332' title='bbox 520 3957 641 3995; x_wconf 89' lang='lat' dir='ltr'><strong>cum</strong></span> <span class='ocrx_word' id='word_1_333' title='bbox 675 3957 759 3995; x_wconf 91' lang='lat' dir='ltr'><strong>me</strong></span> <span class='ocrx_word' id='word_1_334' title='bbox 788 3941 1089 4010; x_wconf 84' lang='lat' dir='ltr'><strong>sequimini.</strong></span> <span class='ocrx_word' id='word_1_335' title='bbox 1112 3941 1288 3996; x_wconf 80' lang='lat' dir='ltr'><strong>Multis</strong></span> <span class='ocrx_word' id='word_1_336' title='bbox 1316 3943 1420 3997; x_wconf 90' lang='lat' dir='ltr'><strong>erit</strong></span> <span class='ocrx_word' id='word_1_337' title='bbox 1459 3945 1613 3998; x_wconf 83' lang='lat' dir='ltr'><strong>vobis</strong></span> <span class='ocrx_word' id='word_1_338' title='bbox 1637 3959 1769 4013; x_wconf 88' lang='lat' dir='ltr'><strong>opus</strong></span> <span class='ocrx_word' id='word_1_339' title='bbox 1797 3947 1879 3998; x_wconf 87' lang='lat' dir='ltr'><strong>la-</strong></span> 
     </span>
    </p>
   </div>
   <div class='ocr_carea' id='block_1_40' title="bbox 295 4031 1876 4104">
    <p class='ocr_par' dir='ltr' id='par_1_40' title="bbox 295 4031 1876 4104">
     <span class='ocr_line' id='line_1_40' title="bbox 295 4031 1876 4104; baseline 0.003 -18"><span class='ocrx_word' id='word_1_340' title='bbox 295 4031 536 4097; x_wconf 86' lang='lat' dir='ltr'><strong>boribus,</strong></span> <span class='ocrx_word' id='word_1_341' title='bbox 587 4035 766 4087; x_wconf 88' lang='lat' dir='ltr'><strong>multis</strong></span> <span class='ocrx_word' id='word_1_342' title='bbox 810 4034 1061 4102; x_wconf 88' lang='lat' dir='ltr'><strong>periculis</strong></span> <span class='ocrx_word' id='word_1_343' title='bbox 1113 4033 1156 4086; x_wconf 91' lang='lat' dir='ltr'><strong>si</strong></span> <span class='ocrx_word' id='word_1_344' title='bbox 1205 4043 1326 4104; x_wconf 91' lang='lat' dir='ltr'><strong>post</strong></span> <span class='ocrx_word' id='word_1_345' title='bbox 1364 4049 1448 4089; x_wconf 90' lang='lat' dir='ltr'><strong>me</strong></span> <span class='ocrx_word' id='word_1_346' title='bbox 1497 4037 1706 4090; x_wconf 86' lang='lat' dir='ltr'><strong>venturi</strong></span> <span class='ocrx_word' id='word_1_347' title='bbox 1736 4038 1876 4092; x_wconf 91' lang='lat' dir='ltr'><strong>sitis.</strong></span> 
     </span>
    </p>
   </div>
   <div class='ocr_carea' id='block_1_41' title="bbox 293 4122 1874 4193">
    <p class='ocr_par' dir='ltr' id='par_1_41' title="bbox 293 4122 1874 4193">
     <span class='ocr_line' id='line_1_41' title="bbox 293 4122 1874 4193; baseline 0.003 -16"><span class='ocrx_word' id='word_1_348' title='bbox 293 4122 411 4177; x_wconf 89' lang='lat' dir='ltr'><strong>Non</strong></span> <span class='ocrx_word' id='word_1_349' title='bbox 443 4125 606 4185; x_wconf 87' lang='lat' dir='ltr'><strong>enim,</strong></span> <span class='ocrx_word' id='word_1_350' title='bbox 637 4141 670 4176; x_wconf 93' lang='lat' dir='ltr'><strong>o</strong></span> <span class='ocrx_word' id='word_1_351' title='bbox 698 4123 873 4186; x_wconf 86' lang='lat' dir='ltr'><strong>Petre,</strong></span> <span class='ocrx_word' id='word_1_352' title='bbox 898 4127 1018 4193; x_wconf 86' lang='lat' dir='ltr'><strong>quia</strong></span> <span class='ocrx_word' id='word_1_353' title='bbox 1047 4140 1187 4179; x_wconf 88' lang='lat' dir='ltr'><strong>nunc</strong></span> <span class='ocrx_word' id='word_1_354' title='bbox 1217 4141 1303 4179; x_wconf 91' lang='lat' dir='ltr'><strong>me</strong></span> <span class='ocrx_word' id='word_1_355' title='bbox 1329 4125 1521 4179; x_wconf 88' lang='lat' dir='ltr'><strong>Filium</strong></span> <span class='ocrx_word' id='word_1_356' title='bbox 1545 4128 1637 4182; x_wconf 83' lang='lat' dir='ltr'><strong>Dei</strong></span> <span class='ocrx_word' id='word_1_357' title='bbox 1667 4128 1874 4182; x_wconf 84' lang='lat' dir='ltr'><strong>confes-</strong></span> 
     </span>
    </p>
   </div>
   <div class='ocr_carea' id='block_1_42' title="bbox 293 4214 1880 4289">
    <p class='ocr_par' dir='ltr' id='par_1_42' title="bbox 293 4214 1880 4289">
     <span class='ocr_line' id='line_1_42' title="bbox 293 4214 1880 4289; baseline 0.003 -21"><span class='ocrx_word' id='word_1_358' title='bbox 293 4228 390 4268; x_wconf 83' lang='lat' dir='ltr'><strong>sus</strong></span> <span class='ocrx_word' id='word_1_359' title='bbox 412 4230 490 4278; x_wconf 89' lang='lat' dir='ltr'><strong>es,</strong></span> <span class='ocrx_word' id='word_1_360' title='bbox 516 4214 636 4267; x_wconf 84' lang='lat' dir='ltr'><strong>ideo</strong></span> <span class='ocrx_word' id='word_1_361' title='bbox 659 4223 859 4268; x_wconf 90' lang='lat' dir='ltr'><strong>tantum</strong></span> <span class='ocrx_word' id='word_1_362' title='bbox 887 4215 1051 4270; x_wconf 89' lang='lat' dir='ltr'><strong>debes</strong></span> <span class='ocrx_word' id='word_1_363' title='bbox 1077 4232 1305 4271; x_wconf 89' lang='lat' dir='ltr'><strong>coronas</strong></span> <span class='ocrx_word' id='word_1_364' title='bbox 1325 4228 1667 4287; x_wconf 88' lang='lat' dir='ltr'><strong>exspectare,</strong></span> <span class='ocrx_word' id='word_1_365' title='bbox 1698 4228 1752 4273; x_wconf 90' lang='lat' dir='ltr'><strong>et</strong></span> <span class='ocrx_word' id='word_1_366' title='bbox 1783 4237 1880 4289; x_wconf 89' lang='lat' dir='ltr'><strong>pu-</strong></span> 
     </span>
    </p>
   </div>
   <div class='ocr_carea' id='block_1_43' title="bbox 293 4305 1877 4381">
    <p class='ocr_par' dir='ltr' id='par_1_43' title="bbox 293 4305 1877 4381">
     <span class='ocr_line' id='line_1_43' title="bbox 293 4305 1877 4381; baseline 0.004 -22"><span class='ocrx_word' id='word_1_367' title='bbox 293 4315 408 4359; x_wconf 89' lang='lat' dir='ltr'><strong>tare</strong></span> <span class='ocrx_word' id='word_1_368' title='bbox 435 4306 485 4360; x_wconf 92' lang='lat' dir='ltr'><strong>id</strong></span> <span class='ocrx_word' id='word_1_369' title='bbox 535 4305 628 4360; x_wconf 89' lang='lat' dir='ltr'><strong>tibi</strong></span> <span class='ocrx_word' id='word_1_370' title='bbox 677 4319 797 4360; x_wconf 87' lang='lat' dir='ltr'><strong>esse</strong></span> <span class='ocrx_word' id='word_1_371' title='bbox 824 4305 889 4360; x_wconf 86' lang='lat' dir='ltr'><strong>ad</strong></span> <span class='ocrx_word' id='word_1_372' title='bbox 936 4307 1164 4361; x_wconf 87' lang='lat' dir='ltr'><strong>salutem</strong></span> <span class='ocrx_word' id='word_1_373' title='bbox 1192 4309 1354 4373; x_wconf 87' lang='lat' dir='ltr'><strong>satis,</strong></span> <span class='ocrx_word' id='word_1_374' title='bbox 1385 4319 1544 4378; x_wconf 85' lang='lat' dir='ltr'><strong>atque</strong></span> <span class='ocrx_word' id='word_1_375' title='bbox 1592 4312 1877 4381; x_wconf 89' lang='lat' dir='ltr'><strong>tranquille</strong></span> 
     </span>
    </p>
   </div>
   <div class='ocr_carea' id='block_1_44' title="bbox 292 4398 1874 4470">
    <p class='ocr_par' dir='ltr' id='par_1_44' title="bbox 292 4398 1874 4470">
     <span class='ocr_line' id='line_1_44' title="bbox 292 4398 1874 4470; baseline 0.003 -18"><span class='ocrx_word' id='word_1_376' title='bbox 292 4407 477 4466; x_wconf 85' lang='lat' dir='ltr'><strong>postea</strong></span> <span class='ocrx_word' id='word_1_377' title='bbox 506 4398 724 4468; x_wconf 80' lang='lat' dir='ltr'><strong>degere,</strong></span> <span class='ocrx_word' id='word_1_378' title='bbox 756 4413 817 4452; x_wconf 87' lang='lat' dir='ltr'><strong>ac</strong></span> <span class='ocrx_word' id='word_1_379' title='bbox 848 4400 890 4453; x_wconf 91' lang='lat' dir='ltr'><strong>si</strong></span> <span class='ocrx_word' id='word_1_380' title='bbox 922 4410 1086 4453; x_wconf 90' lang='lat' dir='ltr'><strong>totum</strong></span> <span class='ocrx_word' id='word_1_381' title='bbox 1117 4401 1422 4469; x_wconf 81' lang='lat' dir='ltr'><strong>perfeceris.</strong></span> <span class='ocrx_word' id='word_1_382' title='bbox 1452 4402 1673 4457; x_wconf 87' lang='lat' dir='ltr'><strong>Possum</strong></span> <span class='ocrx_word' id='word_1_383' title='bbox 1705 4404 1874 4470; x_wconf 87' lang='lat' dir='ltr'><strong>enim,</strong></span> 
     </span>
    </p>
   </div>
   <div class='ocr_carea' id='block_1_45' title="bbox 292 4490 1876 4561">
    <p class='ocr_par' dir='ltr' id='par_1_45' title="bbox 292 4490 1876 4561">
     <span class='ocr_line' id='line_1_45' title="bbox 292 4490 1876 4561; baseline 0.003 -16"><span class='ocrx_word' id='word_1_384' title='bbox 292 4500 475 4560; x_wconf 87' lang='lat' dir='ltr'><strong>utpote</strong></span> <span class='ocrx_word' id='word_1_385' title='bbox 513 4492 604 4546; x_wconf 90' lang='lat' dir='ltr'><strong>Dei</strong></span> <span class='ocrx_word' id='word_1_386' title='bbox 643 4490 826 4555; x_wconf 80' lang='lat' dir='ltr'><strong>Filius,</strong></span> <span class='ocrx_word' id='word_1_387' title='bbox 865 4503 914 4547; x_wconf 88' lang='lat' dir='ltr'><strong>te</strong></span> <span class='ocrx_word' id='word_1_388' title='bbox 961 4508 989 4546; x_wconf 90' lang='lat' dir='ltr'><strong>a</strong></span> <span class='ocrx_word' id='word_1_389' title='bbox 1038 4494 1301 4548; x_wconf 90' lang='lat' dir='ltr'><strong>malorum</strong></span> <span class='ocrx_word' id='word_1_390' title='bbox 1347 4497 1714 4561; x_wconf 90' lang='lat' dir='ltr'><strong>experimento</strong></span> <span class='ocrx_word' id='word_1_391' title='bbox 1762 4498 1876 4549; x_wconf 81' lang='lat' dir='ltr'><strong>exi-</strong></span> 
     </span>
    </p>
   </div>
   <div class='ocr_carea' id='block_1_46' title="bbox 291 4582 1878 4653">
    <p class='ocr_par' dir='ltr' id='par_1_46' title="bbox 291 4582 1878 4653">
     <span class='ocr_line' id='line_1_46' title="bbox 291 4582 1878 4653; baseline 0.004 -16"><span class='ocrx_word' id='word_1_392' title='bbox 291 4597 476 4647; x_wconf 85' lang='lat' dir='ltr'><strong>mere;</strong></span> <span class='ocrx_word' id='word_1_393' title='bbox 532 4582 659 4635; x_wconf 90' lang='lat' dir='ltr'><strong>nolo</strong></span> <span class='ocrx_word' id='word_1_394' title='bbox 686 4591 864 4638; x_wconf 86' lang='lat' dir='ltr'><strong>autem</strong></span> <span class='ocrx_word' id='word_1_395' title='bbox 909 4585 984 4637; x_wconf 91' lang='lat' dir='ltr'><strong>tui</strong></span> <span class='ocrx_word' id='word_1_396' title='bbox 1016 4585 1183 4653; x_wconf 90' lang='lat' dir='ltr'><strong>gratia</strong></span> <span class='ocrx_word' id='word_1_397' title='bbox 1212 4626 1228 4649; x_wconf 92' lang='lat'><strong>,</strong></span> <span class='ocrx_word' id='word_1_398' title='bbox 1271 4591 1403 4639; x_wconf 89' lang='lat' dir='ltr'><strong>utet</strong></span> <span class='ocrx_word' id='word_1_399' title='bbox 1431 4585 1548 4652; x_wconf 88' lang='lat' dir='ltr'><strong>ipse</strong></span> <span class='ocrx_word' id='word_1_400' title='bbox 1586 4588 1784 4652; x_wconf 91' lang='lat' dir='ltr'><strong>aliquid</strong></span> <span class='ocrx_word' id='word_1_401' title='bbox 1811 4588 1878 4643; x_wconf 91' lang='lat' dir='ltr'><strong>de</strong></span> 
     </span>
    </p>
   </div>
   <div class='ocr_carea' id='block_1_47' title="bbox 291 4674 1877 4752">
    <p class='ocr_par' dir='ltr' id='par_1_47' title="bbox 291 4674 1877 4752">
     <span class='ocr_line' id='line_1_47' title="bbox 291 4674 1877 4752; baseline 0.005 -23"><span class='ocrx_word' id='word_1_402' title='bbox 291 4683 389 4729; x_wconf 90' lang='lat' dir='ltr'><strong>tuo</strong></span> <span class='ocrx_word' id='word_1_403' title='bbox 407 4674 675 4739; x_wconf 80' lang='lat' dir='ltr'><strong>conferas,</strong></span> <span class='ocrx_word' id='word_1_404' title='bbox 705 4691 765 4730; x_wconf 84' lang='lat' dir='ltr'><strong>ac</strong></span> <span class='ocrx_word' id='word_1_405' title='bbox 791 4675 1068 4747; x_wconf 87' lang='lat' dir='ltr'><strong>probatior</strong></span> <span class='ocrx_word' id='word_1_406' title='bbox 1110 4677 1326 4731; x_wconf 82' lang='lat' dir='ltr'><strong>evadas.</strong></span> <span class='ocrx_word' id='word_1_407' title='bbox 1370 4677 1552 4749; x_wconf 84' lang='lat' dir='ltr'><strong>Neque</strong></span> <span class='ocrx_word' id='word_1_408' title='bbox 1581 4681 1723 4736; x_wconf 89' lang='lat' dir='ltr'><strong>enim</strong></span> <span class='ocrx_word' id='word_1_409' title='bbox 1754 4697 1877 4752; x_wconf 91' lang='lat' dir='ltr'><strong>ago-</strong></span> 
     </span>
    </p>
   </div>
   <div class='ocr_carea' id='block_1_48' title="bbox 290 4766 1875 4843">
    <p class='ocr_par' dir='ltr' id='par_1_48' title="bbox 290 4766 1875 4843">
     <span class='ocr_line' id='line_1_48' title="bbox 290 4766 1875 4843; baseline 0.005 -22"><span class='ocrx_word' id='word_1_410' title='bbox 290 4766 512 4821; x_wconf 84' lang='lat' dir='ltr'><strong>notheta</strong></span> <span class='ocrx_word' id='word_1_411' title='bbox 533 4766 654 4835; x_wconf 88' lang='lat' dir='ltr'><strong>quis</strong></span> <span class='ocrx_word' id='word_1_412' title='bbox 677 4766 930 4821; x_wconf 89' lang='lat' dir='ltr'><strong>dilectum</strong></span> <span class='ocrx_word' id='word_1_413' title='bbox 953 4767 1158 4822; x_wconf 86' lang='lat' dir='ltr'><strong>habens</strong></span> <span class='ocrx_word' id='word_1_414' title='bbox 1175 4767 1452 4834; x_wconf 89' lang='lat' dir='ltr'><strong>athletam,</strong></span> <span class='ocrx_word' id='word_1_415' title='bbox 1475 4772 1605 4825; x_wconf 87' lang='lat' dir='ltr'><strong>velit</strong></span> <span class='ocrx_word' id='word_1_416' title='bbox 1624 4787 1875 4843; x_wconf 88' lang='lat' dir='ltr'><strong>umquam</strong></span> 
     </span>
    </p>
   </div>
   <div class='ocr_carea' id='block_1_49' title="bbox 288 4856 1878 4934">
    <p class='ocr_par' dir='ltr' id='par_1_49' title="bbox 288 4856 1878 4934">
     <span class='ocr_line' id='line_1_49' title="bbox 288 4856 1878 4934; baseline 0.004 -22"><span class='ocrx_word' id='word_1_417' title='bbox 288 4856 444 4912; x_wconf 86' lang='lat' dir='ltr'><strong>illum</strong></span> <span class='ocrx_word' id='word_1_418' title='bbox 474 4872 542 4912; x_wconf 88' lang='lat' dir='ltr'><strong>ex</strong></span> <span class='ocrx_word' id='word_1_419' title='bbox 586 4872 738 4912; x_wconf 85' lang='lat' dir='ltr'><strong>mera</strong></span> <span class='ocrx_word' id='word_1_420' title='bbox 772 4859 940 4927; x_wconf 85' lang='lat' dir='ltr'><strong>gratia</strong></span> <span class='ocrx_word' id='word_1_421' title='bbox 987 4873 1264 4919; x_wconf 88' lang='lat' dir='ltr'><strong>coronare.</strong></span> <span class='ocrx_word' id='word_1_422' title='bbox 1309 4861 1403 4914; x_wconf 90' lang='lat' dir='ltr'><strong>sed</strong></span> <span class='ocrx_word' id='word_1_423' title='bbox 1443 4877 1509 4916; x_wconf 88' lang='lat' dir='ltr'><strong>ex</strong></span> <span class='ocrx_word' id='word_1_424' title='bbox 1554 4865 1782 4934; x_wconf 90' lang='lat' dir='ltr'><strong>propriis</strong></span> <span class='ocrx_word' id='word_1_425' title='bbox 1825 4864 1878 4920; x_wconf 90' lang='lat' dir='ltr'><strong>id</strong></span> 
     </span>
    </p>
   </div>
   <div class='ocr_carea' id='block_1_50' title="bbox 293 4948 1876 5025">
    <p class='ocr_par' dir='ltr' id='par_1_50' title="bbox 293 4948 1876 5025">
     <span class='ocr_line' id='line_1_50' title="bbox 293 4948 1876 5025; baseline 0.006 -24"><span class='ocrx_word' id='word_1_426' title='bbox 293 4958 559 5017; x_wconf 68' lang='lat' dir='ltr'><strong>praestare</strong></span> <span class='ocrx_word' id='word_1_427' title='bbox 619 4948 766 5016; x_wconf 92' lang='lat' dir='ltr'><strong>cupit</strong></span> <span class='ocrx_word' id='word_1_428' title='bbox 813 4948 1086 5003; x_wconf 87' lang='lat' dir='ltr'><strong>laboribus</strong></span> <span class='ocrx_word' id='word_1_429' title='bbox 1114 4990 1128 5015; x_wconf 96' lang='lat'><strong>,</strong></span> <span class='ocrx_word' id='word_1_430' title='bbox 1173 4950 1402 5020; x_wconf 90' lang='lat' dir='ltr'><strong>ideoque</strong></span> <span class='ocrx_word' id='word_1_431' title='bbox 1444 4954 1708 5019; x_wconf 83' lang='lat' dir='ltr'><strong>maxime,</strong></span> <span class='ocrx_word' id='word_1_432' title='bbox 1754 4957 1876 5025; x_wconf 87' lang='lat' dir='ltr'><strong>quia</strong></span> 
     </span>
    </p>
   </div>
   <div class='ocr_carea' id='block_1_51' title="bbox 288 5039 1874 5114">
    <p class='ocr_par' dir='ltr' id='par_1_51' title="bbox 288 5039 1874 5114">
     <span class='ocr_line' id='line_1_51' title="bbox 288 5039 1874 5114; baseline 0.005 -20"><span class='ocrx_word' id='word_1_433' title='bbox 288 5041 467 5109; x_wconf 85' lang='lat' dir='ltr'><strong>ipsum</strong></span> <span class='ocrx_word' id='word_1_434' title='bbox 503 5039 678 5108; x_wconf 73' lang='lat' dir='ltr'><strong>diligit</strong></span> <span class='ocrx_word' id='word_1_435' title='bbox 734 5040 854 5094; x_wconf 88' lang='lat' dir='ltr'><strong>:sic</strong></span> <span class='ocrx_word' id='word_1_436' title='bbox 893 5047 948 5094; x_wconf 92' lang='lat' dir='ltr'><strong>et</strong></span> <span class='ocrx_word' id='word_1_437' title='bbox 992 5040 1236 5097; x_wconf 87' lang='lat' dir='ltr'><strong>Christus</strong></span> <span class='ocrx_word' id='word_1_438' title='bbox 1283 5058 1418 5114; x_wconf 87' lang='lat' dir='ltr'><strong>quos</strong></span> <span class='ocrx_word' id='word_1_439' title='bbox 1471 5047 1703 5102; x_wconf 80' lang='lat' dir='ltr'><strong>maxime</strong></span> <span class='ocrx_word' id='word_1_440' title='bbox 1750 5048 1874 5103; x_wconf 83' lang='lat' dir='ltr'><strong>dili-</strong></span> 
     </span>
    </p>
   </div>
   <div class='ocr_carea' id='block_1_52' title="bbox 287 5129 1876 5213">
    <p class='ocr_par' dir='ltr' id='par_1_52' title="bbox 287 5129 1876 5213">
     <span class='ocr_line' id='line_1_52' title="bbox 287 5129 1876 5213; baseline 0.007 -31"><span class='ocrx_word' id='word_1_441' title='bbox 287 5131 407 5199; x_wconf 87' lang='lat' dir='ltr'><strong>git,</strong></span> <span class='ocrx_word' id='word_1_442' title='bbox 454 5129 555 5185; x_wconf 90' lang='lat' dir='ltr'><strong>hos</strong></span> <span class='ocrx_word' id='word_1_443' title='bbox 591 5135 702 5185; x_wconf 88' lang='lat' dir='ltr'><strong>vult</strong></span> <span class='ocrx_word' id='word_1_444' title='bbox 743 5146 842 5186; x_wconf 90' lang='lat' dir='ltr'><strong>suo</strong></span> <span class='ocrx_word' id='word_1_445' title='bbox 888 5133 1081 5187; x_wconf 90' lang='lat' dir='ltr'><strong>merito</strong></span> <span class='ocrx_word' id='word_1_446' title='bbox 1128 5149 1246 5213; x_wconf 80' lang='lat' dir='ltr'><strong>esse</strong></span> <span class='ocrx_word' id='word_1_447' title='bbox 1298 5136 1619 5202; x_wconf 90' lang='lat' dir='ltr'><strong>conspicuos</strong></span> <span class='ocrx_word' id='word_1_448' title='bbox 1667 5140 1716 5205; x_wconf 80' lang='grc'><strong>³,</strong></span> <span class='ocrx_word' id='word_1_449' title='bbox 1771 5157 1876 5194; x_wconf 90' lang='lat' dir='ltr'><strong>non</strong></span> 
     </span>
    </p>
   </div>
   <div class='ocr_carea' id='block_1_53' title="bbox 285 5223 1878 5299">
    <p class='ocr_par' dir='ltr' id='par_1_53' title="bbox 285 5223 1878 5299">
     <span class='ocr_line' id='line_1_53' title="bbox 285 5223 1878 5299; baseline 0.007 -23"><span class='ocrx_word' id='word_1_450' title='bbox 285 5230 473 5277; x_wconf 85' lang='lat' dir='ltr'><strong>autem</strong></span> <span class='ocrx_word' id='word_1_451' title='bbox 498 5238 565 5276; x_wconf 89' lang='lat' dir='ltr'><strong>ex</strong></span> <span class='ocrx_word' id='word_1_452' title='bbox 589 5223 703 5277; x_wconf 89' lang='lat' dir='ltr'><strong>sola</strong></span> <span class='ocrx_word' id='word_1_453' title='bbox 734 5239 828 5277; x_wconf 85' lang='lat' dir='ltr'><strong>sua</strong></span> <span class='ocrx_word' id='word_1_454' title='bbox 853 5240 978 5294; x_wconf 92' lang='lat' dir='ltr'><strong>ope.</strong></span> <span class='ocrx_word' id='word_1_455' title='bbox 1010 5225 1143 5280; x_wconf 83' lang='lat' dir='ltr'><strong>Vide</strong></span> <span class='ocrx_word' id='word_1_456' title='bbox 1168 5235 1350 5282; x_wconf 89' lang='lat' dir='ltr'><strong>autem</strong></span> <span class='ocrx_word' id='word_1_457' title='bbox 1381 5230 1651 5299; x_wconf 87' lang='lat' dir='ltr'><strong>quomodo</strong></span> <span class='ocrx_word' id='word_1_458' title='bbox 1677 5235 1878 5287; x_wconf 87' lang='lat' dir='ltr'><strong>oratio-</strong></span> 
     </span>
    </p>
   </div>
   <div class='ocr_carea' id='block_1_54' title="bbox 286 5315 1878 5388">
    <p class='ocr_par' dir='ltr' id='par_1_54' title="bbox 286 5315 1878 5388">
     <span class='ocr_line' id='line_1_54' title="bbox 286 5315 1878 5388; baseline 0.007 -22"><span class='ocrx_word' id='word_1_459' title='bbox 286 5328 415 5368; x_wconf 85' lang='lat' dir='ltr'><strong>nem</strong></span> <span class='ocrx_word' id='word_1_460' title='bbox 440 5328 548 5367; x_wconf 86' lang='lat' dir='ltr'><strong>non</strong></span> <span class='ocrx_word' id='word_1_461' title='bbox 576 5328 857 5368; x_wconf 86' lang='lat' dir='ltr'><strong>onerosam</strong></span> <span class='ocrx_word' id='word_1_462' title='bbox 883 5315 1140 5385; x_wconf 89' lang='lat' dir='ltr'><strong>proferat.</strong></span> <span class='ocrx_word' id='word_1_463' title='bbox 1179 5318 1360 5388; x_wconf 87' lang='lat' dir='ltr'><strong>Neque</strong></span> <span class='ocrx_word' id='word_1_464' title='bbox 1385 5323 1527 5375; x_wconf 90' lang='lat' dir='ltr'><strong>enim</strong></span> <span class='ocrx_word' id='word_1_465' title='bbox 1555 5322 1605 5376; x_wconf 91' lang='lat' dir='ltr'><strong>in</strong></span> <span class='ocrx_word' id='word_1_466' title='bbox 1630 5323 1733 5378; x_wconf 90' lang='lat' dir='ltr'><strong>illis</strong></span> <span class='ocrx_word' id='word_1_467' title='bbox 1763 5334 1878 5377; x_wconf 80' lang='lat' dir='ltr'><strong>tan-</strong></span> 
     </span>
    </p>
   </div>
   <div class='ocr_carea' id='block_1_55' title="bbox 284 5405 1875 5474">
    <p class='ocr_par' dir='ltr' id='par_1_55' title="bbox 284 5405 1875 5474">
     <span class='ocr_line' id='line_1_55' title="bbox 284 5405 1875 5474; baseline 0.008 -15"><span class='ocrx_word' id='word_1_468' title='bbox 284 5414 402 5459; x_wconf 82' lang='lat' dir='ltr'><strong>tum</strong></span> <span class='ocrx_word' id='word_1_469' title='bbox 439 5405 578 5462; x_wconf 87' lang='lat' dir='ltr'><strong>mala</strong></span> <span class='ocrx_word' id='word_1_470' title='bbox 623 5407 1046 5474; x_wconf 88' lang='lat' dir='ltr'><strong>circumscribit,</strong></span> <span class='ocrx_word' id='word_1_471' title='bbox 1079 5410 1172 5465; x_wconf 91' lang='lat' dir='ltr'><strong>sed</strong></span> <span class='ocrx_word' id='word_1_472' title='bbox 1198 5420 1253 5466; x_wconf 92' lang='lat' dir='ltr'><strong>et</strong></span> <span class='ocrx_word' id='word_1_473' title='bbox 1297 5427 1585 5470; x_wconf 88' lang='lat' dir='ltr'><strong>commune</strong></span> <span class='ocrx_word' id='word_1_474' title='bbox 1632 5416 1725 5470; x_wconf 91' lang='lat' dir='ltr'><strong>toti</strong></span> <span class='ocrx_word' id='word_1_475' title='bbox 1758 5417 1875 5472; x_wconf 88' lang='lat' dir='ltr'><strong>orbi</strong></span> 
     </span>
    </p>
   </div>
   <div class='ocr_carea' id='block_1_56' title="bbox 282 5495 1876 5572">
    <p class='ocr_par' dir='ltr' id='par_1_56' title="bbox 282 5495 1876 5572">
     <span class='ocr_line' id='line_1_56' title="bbox 282 5495 1876 5572; baseline 0.008 -22"><span class='ocrx_word' id='word_1_476' title='bbox 282 5495 481 5566; x_wconf 81' lang='lat' dir='ltr'><strong>dogma</strong></span> <span class='ocrx_word' id='word_1_477' title='bbox 505 5495 728 5552; x_wconf 78' lang='lat' dir='ltr'><strong>exhibet</strong></span> <span class='ocrx_word' id='word_1_478' title='bbox 756 5498 945 5553; x_wconf 83' lang='lat' dir='ltr'><strong>dicens</strong></span> <span class='ocrx_word' id='word_1_479' title='bbox 971 5517 987 5553; x_wconf 83' lang='lat'>:</span> <span class='ocrx_word' id='word_1_480' title='bbox 1013 5499 1075 5555; x_wconf 86' lang='lat' dir='ltr'><strong>Si</strong></span> <span class='ocrx_word' id='word_1_481' title='bbox 1094 5502 1207 5572; x_wconf 82' lang='lat' dir='ltr'><strong>quis</strong></span> <span class='ocrx_word' id='word_1_482' title='bbox 1230 5503 1355 5571; x_wconf 81' lang='lat' dir='ltr'><strong>uult,</strong></span> <span class='ocrx_word' id='word_1_483' title='bbox 1379 5505 1491 5560; x_wconf 90' lang='lat' dir='ltr'><strong>sive</strong></span> <span class='ocrx_word' id='word_1_484' title='bbox 1523 5507 1733 5572; x_wconf 87' lang='lat' dir='ltr'><strong>mulier,</strong></span> <span class='ocrx_word' id='word_1_485' title='bbox 1764 5511 1876 5563; x_wconf 90' lang='lat' dir='ltr'><strong>sive</strong></span> 
     </span>
    </p>
   </div>
   <div class='ocr_carea' id='block_1_57' title="bbox 283 5587 1878 5668">
    <p class='ocr_par' dir='ltr' id='par_1_57' title="bbox 283 5587 1878 5668">
     <span class='ocr_line' id='line_1_57' title="bbox 283 5587 1878 5668; baseline 0.009 -28"><span class='ocrx_word' id='word_1_486' title='bbox 283 5587 390 5651; x_wconf 88' lang='lat' dir='ltr'><strong>vir,</strong></span> <span class='ocrx_word' id='word_1_487' title='bbox 423 5587 538 5642; x_wconf 83' lang='lat' dir='ltr'><strong>sive</strong></span> <span class='ocrx_word' id='word_1_488' title='bbox 585 5588 859 5660; x_wconf 87' lang='lat' dir='ltr'><strong>princeps,</strong></span> <span class='ocrx_word' id='word_1_489' title='bbox 909 5590 1021 5646; x_wconf 84' lang='lat' dir='ltr'><strong>sive</strong></span> <span class='ocrx_word' id='word_1_490' title='bbox 1050 5592 1328 5662; x_wconf 88' lang='lat' dir='ltr'><strong>subditus,</strong></span> <span class='ocrx_word' id='word_1_491' title='bbox 1370 5595 1507 5651; x_wconf 91' lang='lat' dir='ltr'><strong>hanc</strong></span> <span class='ocrx_word' id='word_1_492' title='bbox 1550 5599 1878 5668; x_wconf 88' lang='lat' dir='ltr'><strong>ingrediatur</strong></span> 
     </span>
    </p>
   </div>
   <div class='ocr_carea' id='block_1_58' title="bbox 281 5677 1878 5763">
    <p class='ocr_par' dir='ltr' id='par_1_58' title="bbox 281 5677 1878 5763">
     <span class='ocr_line' id='line_1_58' title="bbox 281 5677 1878 5763; baseline 0.011 -33"><span class='ocrx_word' id='word_1_493' title='bbox 281 5678 448 5732; x_wconf 81' lang='lat' dir='ltr'><strong>viam.</strong></span> <span class='ocrx_word' id='word_1_494' title='bbox 475 5677 811 5749; x_wconf 72' lang='lat' dir='ltr'><strong>Videturque</strong></span> <span class='ocrx_word' id='word_1_495' title='bbox 841 5697 1001 5737; x_wconf 90' lang='lat' dir='ltr'><strong>unum</strong></span> <span class='ocrx_word' id='word_1_496' title='bbox 1027 5693 1229 5740; x_wconf 87' lang='lat' dir='ltr'><strong>tantum</strong></span> <span class='ocrx_word' id='word_1_497' title='bbox 1257 5688 1477 5755; x_wconf 81' lang='lat' dir='ltr'><strong>dixisse,</strong></span> <span class='ocrx_word' id='word_1_498' title='bbox 1509 5691 1603 5745; x_wconf 91' lang='lat' dir='ltr'><strong>sed</strong></span> <span class='ocrx_word' id='word_1_499' title='bbox 1629 5693 1726 5746; x_wconf 91' lang='lat' dir='ltr'><strong>tria</strong></span> <span class='ocrx_word' id='word_1_500' title='bbox 1753 5709 1878 5763; x_wconf 86' lang='lat' dir='ltr'><strong>pro-</strong></span> 
     </span>
    </p>
   </div>
   <div class='ocr_carea' id='block_1_59' title="bbox 279 5772 1872 5856">
    <p class='ocr_par' dir='ltr' id='par_1_59' title="bbox 279 5772 1872 5856">
     <span class='ocr_line' id='line_1_59' title="bbox 279 5772 1872 5856; baseline 0.012 -31"><span class='ocrx_word' id='word_1_501' title='bbox 279 5772 434 5844; x_wconf 82' lang='lat' dir='ltr'><strong>ponit</strong></span> <span class='ocrx_word' id='word_1_502' title='bbox 465 5790 479 5825; x_wconf 92' lang='lat'><strong>:</strong></span> <span class='ocrx_word' id='word_1_503' title='bbox 504 5773 783 5845; x_wconf 81' lang='lat' dir='ltr'><strong>abnegare</strong></span> <span class='ocrx_word' id='word_1_504' title='bbox 810 5778 1158 5849; x_wconf 87' lang='lat' dir='ltr'><strong>semetipsum</strong></span> <span class='ocrx_word' id='word_1_505' title='bbox 1177 5819 1194 5848; x_wconf 89' lang='lat'><strong>,</strong></span> <span class='ocrx_word' id='word_1_506' title='bbox 1227 5779 1418 5836; x_wconf 87' lang='lat' dir='ltr'><strong>tollere</strong></span> <span class='ocrx_word' id='word_1_507' title='bbox 1449 5796 1669 5840; x_wconf 89' lang='lat' dir='ltr'><strong>crucem</strong></span> <span class='ocrx_word' id='word_1_508' title='bbox 1695 5801 1872 5856; x_wconf 87' lang='lat' dir='ltr'><strong>suam,</strong></span> 
     </span>
    </p>
   </div>
   <div class='ocr_carea' id='block_1_60' title="bbox 349 5867 840 5931">
    <p class='ocr_par' dir='ltr' id='par_1_60' title="bbox 349 5867 840 5931">
     <span class='ocr_line' id='line_1_60' title="bbox 349 5867 840 5931; baseline 0.004 -13"><span class='ocrx_word' id='word_1_509' title='bbox 349 5867 366 5901; x_wconf 77' lang='grc' dir='ltr'>ι</span> <span class='ocrx_word' id='word_1_510' title='bbox 401 5868 510 5931; x_wconf 70' lang='lat' dir='ltr'><strong>alii,</strong></span> <span class='ocrx_word' id='word_1_511' title='bbox 533 5881 642 5921; x_wconf 76' lang='lat' dir='ltr'><strong>esse</strong></span> <span class='ocrx_word' id='word_1_512' title='bbox 665 5869 840 5922; x_wconf 62' lang='lat' dir='ltr'><strong>beatas</strong></span> 
     </span>
    </p>
   </div>
   <div class='ocr_carea' id='block_1_61' title="bbox 1333 423 2559 486">
    <p class='ocr_par' dir='ltr' id='par_1_61' title="bbox 1333 423 2559 486">
     <span class='ocr_line' id='line_1_61' title="bbox 1333 423 2559 486; baseline -0.005 0"><span class='ocrx_word' id='word_1_513' title='bbox 1333 431 1398 486; x_wconf 76' lang='grc' dir='ltr'>[Ν</span> <span class='ocrx_word' id='word_1_514' title='bbox 1438 425 1844 483; x_wconf 64' lang='grc' dir='ltr'><strong>ΜᾹΊἼΊΙᾹΞυΜ</strong></span> <span class='ocrx_word' id='word_1_515' title='bbox 1884 423 2114 479; x_wconf 61' lang='grc' dir='ltr'><strong>ΠΟΜΙΕ.</strong></span> <span class='ocrx_word' id='word_1_516' title='bbox 2160 423 2269 479; x_wconf 78' lang='lat' dir='ltr'><strong>LV.</strong></span> <span class='ocrx_word' id='word_1_517' title='bbox 2309 426 2382 479; x_wconf 90' lang='lat' dir='ltr'><strong>al.</strong></span> <span class='ocrx_word' id='word_1_518' title='bbox 2428 425 2559 480; x_wconf 74' lang='lat' dir='ltr'><strong>LVI.</strong></span> 
     </span>
    </p>
   </div>
   <div class='ocr_carea' id='block_1_62' title="bbox 3479 427 3585 485">
    <p class='ocr_par' dir='ltr' id='par_1_62' title="bbox 3479 427 3585 485">
     <span class='ocr_line' id='line_1_62' title="bbox 3479 427 3585 485; baseline 0.009 -1"><span class='ocrx_word' id='word_1_519' title='bbox 3479 427 3585 485; x_wconf 60' lang='lat' dir='ltr'><strong>5H</strong></span> 
     </span>
    </p>
   </div>
   <div class='ocr_carea' id='block_1_63' title="bbox 1992 538 3581 613">
    <p class='ocr_par' dir='ltr' id='par_1_63' title="bbox 1992 538 3581 613">
     <span class='ocr_line' id='line_1_63' title="bbox 1992 538 3581 613; baseline 0.006 -23"><span class='ocrx_word' id='word_1_520' title='bbox 1992 549 2048 591; x_wconf 92' lang='lat' dir='ltr'><strong>et</strong></span> <span class='ocrx_word' id='word_1_521' title='bbox 2109 538 2282 607; x_wconf 88' lang='lat' dir='ltr'><strong>ipsum</strong></span> <span class='ocrx_word' id='word_1_522' title='bbox 2310 540 2497 609; x_wconf 85' lang='lat' dir='ltr'><strong>sequi;</strong></span> <span class='ocrx_word' id='word_1_523' title='bbox 2526 539 2633 595; x_wconf 92' lang='lat' dir='ltr'><strong>duo</strong></span> <span class='ocrx_word' id='word_1_524' title='bbox 2659 549 2836 597; x_wconf 92' lang='lat' dir='ltr'><strong>autem</strong></span> <span class='ocrx_word' id='word_1_525' title='bbox 2865 543 3149 613; x_wconf 84' lang='lat' dir='ltr'><strong>conjuncta</strong></span> <span class='ocrx_word' id='word_1_526' title='bbox 3177 553 3301 601; x_wconf 89' lang='lat' dir='ltr'><strong>sunt</strong></span> <span class='ocrx_word' id='word_1_527' title='bbox 3321 587 3336 608; x_wconf 90' lang='lat'><strong>,</strong></span> <span class='ocrx_word' id='word_1_528' title='bbox 3370 548 3581 602; x_wconf 86' lang='lat' dir='ltr'><strong>tertium</strong></span> 
     </span>
    </p>
   </div>
   <div class='ocr_carea' id='block_1_64' title="bbox 1991 628 3587 705">
    <p class='ocr_par' dir='ltr' id='par_1_64' title="bbox 1991 628 3587 705">
     <span class='ocr_line' id='line_1_64' title="bbox 1991 628 3587 705; baseline 0.008 -25"><span class='ocrx_word' id='word_1_529' title='bbox 1991 628 2164 682; x_wconf 83' lang='lat' dir='ltr'><strong>solum</strong></span> <span class='ocrx_word' id='word_1_530' title='bbox 2197 633 2536 699; x_wconf 88' lang='lat' dir='ltr'><strong>proponitur.</strong></span> <span class='ocrx_word' id='word_1_531' title='bbox 2582 632 2688 687; x_wconf 86' lang='lat' dir='ltr'><strong>Sed</strong></span> <span class='ocrx_word' id='word_1_532' title='bbox 2723 634 2896 703; x_wconf 90' lang='lat' dir='ltr'><strong>primo</strong></span> <span class='ocrx_word' id='word_1_533' title='bbox 2926 635 3199 689; x_wconf 86' lang='lat' dir='ltr'><strong>videamus</strong></span> <span class='ocrx_word' id='word_1_534' title='bbox 3236 635 3362 705; x_wconf 90' lang='lat' dir='ltr'><strong>quid</strong></span> <span class='ocrx_word' id='word_1_535' title='bbox 3392 637 3464 692; x_wconf 85' lang='lat' dir='ltr'><strong>sit</strong></span> <span class='ocrx_word' id='word_1_536' title='bbox 3489 638 3587 692; x_wconf 78' lang='lat' dir='ltr'><strong>ab-</strong></span> 
     </span>
    </p>
   </div>
   <div class='ocr_carea' id='block_1_65' title="bbox 1993 724 3583 800">
    <p class='ocr_par' dir='ltr' id='par_1_65' title="bbox 1993 724 3583 800">
     <span class='ocr_line' id='line_1_65' title="bbox 1993 724 3583 800; baseline 0.009 -28"><span class='ocrx_word' id='word_1_537' title='bbox 1993 733 2186 789; x_wconf 86' lang='lat' dir='ltr'><strong>negare</strong></span> <span class='ocrx_word' id='word_1_538' title='bbox 2203 724 2570 792; x_wconf 83' lang='lat' dir='ltr'><strong>semetipsum.</strong></span> <span class='ocrx_word' id='word_1_539' title='bbox 2593 724 2747 778; x_wconf 90' lang='lat' dir='ltr'><strong>Prius</strong></span> <span class='ocrx_word' id='word_1_540' title='bbox 2771 725 3040 780; x_wconf 84' lang='lat' dir='ltr'><strong>discamus</strong></span> <span class='ocrx_word' id='word_1_541' title='bbox 3061 728 3186 793; x_wconf 91' lang='lat' dir='ltr'><strong>quid</strong></span> <span class='ocrx_word' id='word_1_542' title='bbox 3218 730 3287 781; x_wconf 91' lang='lat' dir='ltr'><strong>sit</strong></span> <span class='ocrx_word' id='word_1_543' title='bbox 3311 729 3583 800; x_wconf 82' lang='lat' dir='ltr'><strong>abnegare</strong></span> 
     </span>
    </p>
   </div>
   <div class='ocr_carea' id='block_1_66' title="bbox 1991 812 3584 888">
    <p class='ocr_par' dir='ltr' id='par_1_66' title="bbox 1991 812 3584 888">
     <span class='ocr_line' id='line_1_66' title="bbox 1991 812 3584 888; baseline 0.007 -24"><span class='ocrx_word' id='word_1_544' title='bbox 1991 812 2236 872; x_wconf 85' lang='lat' dir='ltr'><strong>alterum.</strong></span> <span class='ocrx_word' id='word_1_545' title='bbox 2264 821 2319 866; x_wconf 89' lang='lat' dir='ltr'><strong>et</strong></span> <span class='ocrx_word' id='word_1_546' title='bbox 2367 823 2492 868; x_wconf 87' lang='lat' dir='ltr'><strong>tunc</strong></span> <span class='ocrx_word' id='word_1_547' title='bbox 2535 815 2770 870; x_wconf 86' lang='lat' dir='ltr'><strong>sciemus</strong></span> <span class='ocrx_word' id='word_1_548' title='bbox 2800 817 2927 887; x_wconf 91' lang='lat' dir='ltr'><strong>quid</strong></span> <span class='ocrx_word' id='word_1_549' title='bbox 2957 816 3027 870; x_wconf 86' lang='lat' dir='ltr'><strong>sit</strong></span> <span class='ocrx_word' id='word_1_550' title='bbox 3072 818 3338 888; x_wconf 74' lang='lat' dir='ltr'><strong>abnegare</strong></span> <span class='ocrx_word' id='word_1_551' title='bbox 3383 830 3584 875; x_wconf 88' lang='lat' dir='ltr'><strong>semet-</strong></span> 
     </span>
    </p>
   </div>
   <div class='ocr_carea' id='block_1_67' title="bbox 1993 903 3581 976">
    <p class='ocr_par' dir='ltr' id='par_1_67' title="bbox 1993 903 3581 976">
     <span class='ocr_line' id='line_1_67' title="bbox 1993 903 3581 976; baseline 0.006 -20"><span class='ocrx_word' id='word_1_552' title='bbox 1993 903 2188 971; x_wconf 91' lang='lat' dir='ltr'><strong>ipsum.</strong></span> <span class='ocrx_word' id='word_1_553' title='bbox 2229 903 2328 969; x_wconf 85' lang='lat' dir='ltr'><strong>Qui</strong></span> <span class='ocrx_word' id='word_1_554' title='bbox 2375 906 2601 976; x_wconf 86' lang='lat' dir='ltr'><strong>abnegat</strong></span> <span class='ocrx_word' id='word_1_555' title='bbox 2639 908 2888 973; x_wconf 87' lang='lat' dir='ltr'><strong>alterum,</strong></span> <span class='ocrx_word' id='word_1_556' title='bbox 2913 910 3028 965; x_wconf 86' lang='lat' dir='ltr'><strong>sive</strong></span> <span class='ocrx_word' id='word_1_557' title='bbox 3059 907 3293 965; x_wconf 80' lang='lat' dir='ltr'><strong>fratrem.</strong></span> <span class='ocrx_word' id='word_1_558' title='bbox 3326 911 3437 964; x_wconf 85' lang='lat' dir='ltr'><strong>sive</strong></span> <span class='ocrx_word' id='word_1_559' title='bbox 3465 927 3581 966; x_wconf 87' lang='lat' dir='ltr'><strong>ser-</strong></span> 
     </span>
    </p>
   </div>
   <div class='ocr_carea' id='block_1_68' title="bbox 1994 1000 3581 1076">
    <p class='ocr_par' dir='ltr' id='par_1_68' title="bbox 1994 1000 3581 1076">
     <span class='ocr_line' id='line_1_68' title="bbox 1994 1000 3581 1076; baseline 0.009 -28"><span class='ocrx_word' id='word_1_560' title='bbox 1994 1011 2140 1064; x_wconf 84' lang='lat' dir='ltr'><strong>vum,</strong></span> <span class='ocrx_word' id='word_1_561' title='bbox 2176 1000 2291 1053; x_wconf 89' lang='lat' dir='ltr'><strong>sive</strong></span> <span class='ocrx_word' id='word_1_562' title='bbox 2319 1000 2482 1054; x_wconf 90' lang='lat' dir='ltr'><strong>alium</strong></span> <span class='ocrx_word' id='word_1_563' title='bbox 2529 1005 2853 1072; x_wconf 84' lang='lat' dir='ltr'><strong>quempiam,</strong></span> <span class='ocrx_word' id='word_1_564' title='bbox 2884 1007 2982 1058; x_wconf 91' lang='lat' dir='ltr'><strong>etsi</strong></span> <span class='ocrx_word' id='word_1_565' title='bbox 3007 1007 3327 1076; x_wconf 85' lang='lat' dir='ltr'><strong>llagellatum</strong></span> <span class='ocrx_word' id='word_1_566' title='bbox 3369 1008 3581 1075; x_wconf 90' lang='lat' dir='ltr'><strong>viderit,</strong></span> 
     </span>
    </p>
   </div>
   <div class='ocr_carea' id='block_1_69' title="bbox 1993 1092 3584 1167">
    <p class='ocr_par' dir='ltr' id='par_1_69' title="bbox 1993 1092 3584 1167">
     <span class='ocr_line' id='line_1_69' title="bbox 1993 1092 3584 1167; baseline 0.008 -23"><span class='ocrx_word' id='word_1_567' title='bbox 1993 1092 2090 1144; x_wconf 89' lang='lat' dir='ltr'><strong>etsi</strong></span> <span class='ocrx_word' id='word_1_568' title='bbox 2121 1093 2356 1146; x_wconf 91' lang='lat' dir='ltr'><strong>vinctum</strong></span> <span class='ocrx_word' id='word_1_569' title='bbox 2381 1133 2396 1158; x_wconf 94' lang='lat'><strong>,</strong></span> <span class='ocrx_word' id='word_1_570' title='bbox 2426 1095 2528 1158; x_wconf 77' lang='lat' dir='ltr'><strong>etsi</strong></span> <span class='ocrx_word' id='word_1_571' title='bbox 2571 1096 2636 1149; x_wconf 91' lang='lat' dir='ltr'><strong>ad</strong></span> <span class='ocrx_word' id='word_1_572' title='bbox 2665 1106 2892 1150; x_wconf 89' lang='lat' dir='ltr'><strong>mortem</strong></span> <span class='ocrx_word' id='word_1_573' title='bbox 2913 1098 3224 1163; x_wconf 88' lang='lat' dir='ltr'><strong>abductum,</strong></span> <span class='ocrx_word' id='word_1_574' title='bbox 3257 1101 3356 1153; x_wconf 89' lang='lat' dir='ltr'><strong>etsi</strong></span> <span class='ocrx_word' id='word_1_575' title='bbox 3376 1102 3584 1167; x_wconf 87' lang='lat' dir='ltr'><strong>quidvis</strong></span> 
     </span>
    </p>
   </div>
   <div class='ocr_carea' id='block_1_70' title="bbox 1991 1183 3584 1254">
    <p class='ocr_par' dir='ltr' id='par_1_70' title="bbox 1991 1183 3584 1254">
     <span class='ocr_line' id='line_1_70' title="bbox 1991 1183 3584 1254; baseline 0.007 -18"><span class='ocrx_word' id='word_1_576' title='bbox 1991 1183 2132 1238; x_wconf 89' lang='lat' dir='ltr'><strong>aliud</strong></span> <span class='ocrx_word' id='word_1_577' title='bbox 2161 1187 2469 1254; x_wconf 89' lang='lat' dir='ltr'><strong>patientem,</strong></span> <span class='ocrx_word' id='word_1_578' title='bbox 2493 1203 2598 1241; x_wconf 90' lang='lat' dir='ltr'><strong>non</strong></span> <span class='ocrx_word' id='word_1_579' title='bbox 2621 1189 2790 1254; x_wconf 86' lang='lat' dir='ltr'><strong>adest,</strong></span> <span class='ocrx_word' id='word_1_580' title='bbox 2817 1205 2920 1243; x_wconf 88' lang='lat' dir='ltr'><strong>non</strong></span> <span class='ocrx_word' id='word_1_581' title='bbox 2944 1190 3247 1254; x_wconf 89' lang='lat' dir='ltr'><strong>auxiliatur,</strong></span> <span class='ocrx_word' id='word_1_582' title='bbox 3271 1206 3374 1246; x_wconf 87' lang='lat' dir='ltr'><strong>non</strong></span> <span class='ocrx_word' id='word_1_583' title='bbox 3403 1195 3584 1247; x_wconf 89' lang='lat' dir='ltr'><strong>animo</strong></span> 
     </span>
    </p>
   </div>
   <div class='ocr_carea' id='block_1_71' title="bbox 1993 1274 3584 1352">
    <p class='ocr_par' dir='ltr' id='par_1_71' title="bbox 1993 1274 3584 1352">
     <span class='ocr_line' id='line_1_71' title="bbox 1993 1274 3584 1352; baseline 0.007 -23"><span class='ocrx_word' id='word_1_584' title='bbox 1993 1274 2254 1346; x_wconf 82' lang='lat' dir='ltr'><strong>frangitur</strong></span> <span class='ocrx_word' id='word_1_585' title='bbox 2280 1316 2294 1341; x_wconf 91' lang='lat'><strong>,</strong></span> <span class='ocrx_word' id='word_1_586' title='bbox 2327 1293 2432 1332; x_wconf 90' lang='lat' dir='ltr'><strong>non</strong></span> <span class='ocrx_word' id='word_1_587' title='bbox 2485 1279 2601 1346; x_wconf 88' lang='lat' dir='ltr'><strong>ejus</strong></span> <span class='ocrx_word' id='word_1_588' title='bbox 2631 1295 2790 1333; x_wconf 91' lang='lat' dir='ltr'><strong>causa</strong></span> <span class='ocrx_word' id='word_1_589' title='bbox 2821 1283 3050 1352; x_wconf 88' lang='lat' dir='ltr'><strong>patitur,</strong></span> <span class='ocrx_word' id='word_1_590' title='bbox 3081 1293 3263 1351; x_wconf 89' lang='lat' dir='ltr'><strong>utpote</strong></span> <span class='ocrx_word' id='word_1_591' title='bbox 3289 1286 3377 1347; x_wconf 87' lang='lat' dir='ltr'><strong>qui</strong></span> <span class='ocrx_word' id='word_1_592' title='bbox 3424 1288 3491 1339; x_wconf 90' lang='lat' dir='ltr'><strong>ab</strong></span> <span class='ocrx_word' id='word_1_593' title='bbox 3518 1302 3584 1340; x_wconf 91' lang='lat' dir='ltr'><strong>eo</strong></span> 
     </span>
    </p>
   </div>
   <div class='ocr_carea' id='block_1_72' title="bbox 1993 1366 3584 1444">
    <p class='ocr_par' dir='ltr' id='par_1_72' title="bbox 1993 1366 3584 1444">
     <span class='ocr_line' id='line_1_72' title="bbox 1993 1366 3584 1444; baseline 0.008 -25"><span class='ocrx_word' id='word_1_594' title='bbox 1993 1366 2324 1422; x_wconf 86' lang='lat' dir='ltr'><strong>abalienatus</strong></span> <span class='ocrx_word' id='word_1_595' title='bbox 2342 1368 2430 1422; x_wconf 87' lang='lat' dir='ltr'><strong>sit.</strong></span> <span class='ocrx_word' id='word_1_596' title='bbox 2459 1369 2547 1423; x_wconf 89' lang='lat' dir='ltr'><strong>Sic</strong></span> <span class='ocrx_word' id='word_1_597' title='bbox 2568 1370 2746 1439; x_wconf 89' lang='lat' dir='ltr'><strong>itaque</strong></span> <span class='ocrx_word' id='word_1_598' title='bbox 2764 1372 2878 1425; x_wconf 86' lang='lat' dir='ltr'><strong>vult</strong></span> <span class='ocrx_word' id='word_1_599' title='bbox 2908 1388 3004 1427; x_wconf 89' lang='lat' dir='ltr'><strong>nos</strong></span> <span class='ocrx_word' id='word_1_600' title='bbox 3031 1373 3178 1426; x_wconf 91' lang='lat' dir='ltr'><strong>nullo</strong></span> <span class='ocrx_word' id='word_1_601' title='bbox 3193 1373 3354 1427; x_wconf 90' lang='lat' dir='ltr'><strong>modo</strong></span> <span class='ocrx_word' id='word_1_602' title='bbox 3370 1378 3584 1444; x_wconf 85' lang='lat' dir='ltr'><strong>corpori</strong></span> 
     </span>
    </p>
   </div>
   <div class='ocr_carea' id='block_1_73' title="bbox 1991 1458 3579 1532">
    <p class='ocr_par' dir='ltr' id='par_1_73' title="bbox 1991 1458 3579 1532">
     <span class='ocr_line' id='line_1_73' title="bbox 1991 1458 3579 1532; baseline 0.005 -22"><span class='ocrx_word' id='word_1_603' title='bbox 1991 1471 2230 1526; x_wconf 86' lang='lat' dir='ltr'><strong>parcere,</strong></span> <span class='ocrx_word' id='word_1_604' title='bbox 2249 1468 2319 1512; x_wconf 81' lang='lat' dir='ltr'><strong>‘ut</strong></span> <span class='ocrx_word' id='word_1_605' title='bbox 2346 1459 2459 1513; x_wconf 88' lang='lat' dir='ltr'><strong>sive</strong></span> <span class='ocrx_word' id='word_1_606' title='bbox 2505 1458 2774 1529; x_wconf 81' lang='lat' dir='ltr'><strong>ﬂagellent</strong></span> <span class='ocrx_word' id='word_1_607' title='bbox 2797 1503 2812 1527; x_wconf 93' lang='lat'><strong>,</strong></span> <span class='ocrx_word' id='word_1_608' title='bbox 2839 1462 2954 1517; x_wconf 90' lang='lat' dir='ltr'><strong>sive</strong></span> <span class='ocrx_word' id='word_1_609' title='bbox 2983 1463 3206 1532; x_wconf 89' lang='lat' dir='ltr'><strong>pellant.</strong></span> <span class='ocrx_word' id='word_1_610' title='bbox 3254 1465 3370 1518; x_wconf 86' lang='lat' dir='ltr'><strong>sive</strong></span> <span class='ocrx_word' id='word_1_611' title='bbox 3401 1477 3579 1532; x_wconf 91' lang='lat' dir='ltr'><strong>urant,</strong></span> 
     </span>
    </p>
   </div>
   <div class='ocr_carea' id='block_1_74' title="bbox 1991 1548 3576 1622">
    <p class='ocr_par' dir='ltr' id='par_1_74' title="bbox 1991 1548 3576 1622">
     <span class='ocr_line' id='line_1_74' title="bbox 1991 1548 3576 1622; baseline 0.004 -20"><span class='ocrx_word' id='word_1_612' title='bbox 1991 1550 2102 1603; x_wconf 87' lang='lat' dir='ltr'><strong>sive</strong></span> <span class='ocrx_word' id='word_1_613' title='bbox 2129 1549 2270 1604; x_wconf 91' lang='lat' dir='ltr'><strong>aliud</strong></span> <span class='ocrx_word' id='word_1_614' title='bbox 2300 1550 2510 1619; x_wconf 89' lang='lat' dir='ltr'><strong>quidvis</strong></span> <span class='ocrx_word' id='word_1_615' title='bbox 2540 1548 2757 1615; x_wconf 89' lang='lat' dir='ltr'><strong>faciant,</strong></span> <span class='ocrx_word' id='word_1_616' title='bbox 2787 1567 2893 1606; x_wconf 90' lang='lat' dir='ltr'><strong>non</strong></span> <span class='ocrx_word' id='word_1_617' title='bbox 2918 1553 3073 1606; x_wconf 91' lang='lat' dir='ltr'><strong>nobis</strong></span> <span class='ocrx_word' id='word_1_618' title='bbox 3107 1568 3410 1622; x_wconf 80' lang='lat' dir='ltr'><strong>parcamus.</strong></span> <span class='ocrx_word' id='word_1_619' title='bbox 3443 1556 3576 1609; x_wconf 91' lang='lat' dir='ltr'><strong>Illud</strong></span> 
     </span>
    </p>
   </div>
   <div class='ocr_carea' id='block_1_75' title="bbox 1991 1639 3584 1712">
    <p class='ocr_par' dir='ltr' id='par_1_75' title="bbox 1991 1639 3584 1712">
     <span class='ocr_line' id='line_1_75' title="bbox 1991 1639 3584 1712; baseline 0.008 -21"><span class='ocrx_word' id='word_1_620' title='bbox 1991 1639 2132 1692; x_wconf 89' lang='lat' dir='ltr'><strong>enim</strong></span> <span class='ocrx_word' id='word_1_621' title='bbox 2161 1650 2243 1694; x_wconf 89' lang='lat' dir='ltr'><strong>est</strong></span> <span class='ocrx_word' id='word_1_622' title='bbox 2270 1655 2507 1709; x_wconf 85' lang='lat' dir='ltr'><strong>parcere.</strong></span> <span class='ocrx_word' id='word_1_623' title='bbox 2530 1639 2662 1695; x_wconf 91' lang='lat' dir='ltr'><strong>Nam</strong></span> <span class='ocrx_word' id='word_1_624' title='bbox 2684 1643 2842 1696; x_wconf 90' lang='lat' dir='ltr'><strong>etiam</strong></span> <span class='ocrx_word' id='word_1_625' title='bbox 2858 1655 3036 1712; x_wconf 80' lang='lat' dir='ltr'><strong>patres</strong></span> <span class='ocrx_word' id='word_1_626' title='bbox 3065 1645 3187 1698; x_wconf 84' lang='lat' dir='ltr'><strong>ﬁliis</strong></span> <span class='ocrx_word' id='word_1_627' title='bbox 3205 1652 3328 1701; x_wconf 90' lang='lat' dir='ltr'><strong>tunc</strong></span> <span class='ocrx_word' id='word_1_628' title='bbox 3351 1649 3584 1703; x_wconf 86' lang='lat' dir='ltr'><strong>maxime</strong></span> 
     </span>
    </p>
   </div>
   <div class='ocr_carea' id='block_1_76' title="bbox 1992 1734 3583 1809">
    <p class='ocr_par' dir='ltr' id='par_1_76' title="bbox 1992 1734 3583 1809">
     <span class='ocr_line' id='line_1_76' title="bbox 1992 1734 3583 1809; baseline 0.008 -27"><span class='ocrx_word' id='word_1_629' title='bbox 1992 1740 2236 1799; x_wconf 88' lang='lat' dir='ltr'><strong>parcunt,</strong></span> <span class='ocrx_word' id='word_1_630' title='bbox 2266 1746 2388 1786; x_wconf 88' lang='lat' dir='ltr'><strong>cum</strong></span> <span class='ocrx_word' id='word_1_631' title='bbox 2429 1734 2698 1801; x_wconf 82' lang='lat' dir='ltr'><strong>magistris</strong></span> <span class='ocrx_word' id='word_1_632' title='bbox 2727 1735 3025 1801; x_wconf 87' lang='lat' dir='ltr'><strong>tradentes,</strong></span> <span class='ocrx_word' id='word_1_633' title='bbox 3058 1737 3313 1792; x_wconf 86' lang='lat' dir='ltr'><strong>mandant</strong></span> <span class='ocrx_word' id='word_1_634' title='bbox 3361 1756 3428 1795; x_wconf 91' lang='lat' dir='ltr'><strong>ne</strong></span> <span class='ocrx_word' id='word_1_635' title='bbox 3461 1757 3583 1809; x_wconf 74' lang='lat' dir='ltr'><strong>par-</strong></span> 
     </span>
    </p>
   </div>
   <div class='ocr_carea' id='block_1_77' title="bbox 1992 1823 3582 1900">
    <p class='ocr_par' dir='ltr' id='par_1_77' title="bbox 1992 1823 3582 1900">
     <span class='ocr_line' id='line_1_77' title="bbox 1992 1823 3582 1900; baseline 0.006 -24"><span class='ocrx_word' id='word_1_636' title='bbox 1992 1832 2115 1877; x_wconf 88' lang='lat' dir='ltr'><strong>cant</strong></span> <span class='ocrx_word' id='word_1_637' title='bbox 2143 1824 2242 1879; x_wconf 88' lang='lat' dir='ltr'><strong>eis.</strong></span> <span class='ocrx_word' id='word_1_638' title='bbox 2274 1823 2349 1877; x_wconf 89' lang='lat' dir='ltr'><strong>Ita</strong></span> <span class='ocrx_word' id='word_1_639' title='bbox 2401 1835 2453 1878; x_wconf 93' lang='lat' dir='ltr'><strong>et</strong></span> <span class='ocrx_word' id='word_1_640' title='bbox 2482 1823 2728 1879; x_wconf 88' lang='lat' dir='ltr'><strong>Christus</strong></span> <span class='ocrx_word' id='word_1_641' title='bbox 2767 1843 2782 1880; x_wconf 88' lang='lat'><strong>:</strong></span> <span class='ocrx_word' id='word_1_642' title='bbox 2814 1841 2920 1880; x_wconf 90' lang='lat' dir='ltr'><strong>non</strong></span> <span class='ocrx_word' id='word_1_643' title='bbox 2971 1827 3198 1883; x_wconf 81' lang='lat' dir='ltr'><strong>dixit-ne</strong></span> <span class='ocrx_word' id='word_1_644' title='bbox 3231 1841 3413 1900; x_wconf 79' lang='lat' dir='ltr'><strong>parcat</strong></span> <span class='ocrx_word' id='word_1_645' title='bbox 3457 1833 3582 1899; x_wconf 90' lang='lat' dir='ltr'><strong>sibi,</strong></span> 
     </span>
    </p>
   </div>
   <div class='ocr_carea' id='block_1_78' title="bbox 1992 1914 3582 1992">
    <p class='ocr_par' dir='ltr' id='par_1_78' title="bbox 1992 1914 3582 1992">
     <span class='ocr_line' id='line_1_78' title="bbox 1992 1914 3582 1992; baseline 0.006 -24"><span class='ocrx_word' id='word_1_646' title='bbox 1992 1915 2083 1968; x_wconf 86' lang='lat' dir='ltr'><strong>scd</strong></span> <span class='ocrx_word' id='word_1_647' title='bbox 2127 1914 2266 1984; x_wconf 87' lang='lat' dir='ltr'><strong>quod</strong></span> <span class='ocrx_word' id='word_1_648' title='bbox 2307 1917 2518 1985; x_wconf 87' lang='lat' dir='ltr'><strong>gravius</strong></span> <span class='ocrx_word' id='word_1_649' title='bbox 2566 1925 2668 1981; x_wconf 89' lang='lat' dir='ltr'><strong>est,</strong></span> <span class='ocrx_word' id='word_1_650' title='bbox 2705 1917 2928 1989; x_wconf 72' lang='lat' dir='ltr'><strong>Abneget</strong></span> <span class='ocrx_word' id='word_1_651' title='bbox 2964 1921 3289 1989; x_wconf 75' lang='lat' dir='ltr'><strong>semetipsum</strong></span> <span class='ocrx_word' id='word_1_652' title='bbox 3329 1938 3349 1977; x_wconf 90' lang='lat'><strong><em>:</em></strong></span> <span class='ocrx_word' id='word_1_653' title='bbox 3380 1925 3431 1977; x_wconf 89' lang='lat' dir='ltr'><strong>id</strong></span> <span class='ocrx_word' id='word_1_654' title='bbox 3478 1934 3582 1992; x_wconf 86' lang='lat' dir='ltr'><strong>est,</strong></span> 
     </span>
    </p>
   </div>
   <div class='ocr_carea' id='block_1_79' title="bbox 1991 2008 3584 2082">
    <p class='ocr_par' dir='ltr' id='par_1_79' title="bbox 1991 2008 3584 2082">
     <span class='ocr_line' id='line_1_79' title="bbox 1991 2008 3584 2082; baseline 0.009 -22"><span class='ocrx_word' id='word_1_655' title='bbox 1991 2008 2127 2061; x_wconf 81' lang='lat' dir='ltr'><strong>Nihil</strong></span> <span class='ocrx_word' id='word_1_656' title='bbox 2159 2024 2278 2063; x_wconf 92' lang='lat' dir='ltr'><strong>cum</strong></span> <span class='ocrx_word' id='word_1_657' title='bbox 2329 2009 2508 2079; x_wconf 77' lang='lat' dir='ltr'><strong>seipse</strong></span> <span class='ocrx_word' id='word_1_658' title='bbox 2556 2024 2843 2065; x_wconf 90' lang='lat' dir='ltr'><strong>commune</strong></span> <span class='ocrx_word' id='word_1_659' title='bbox 2873 2011 3090 2078; x_wconf 88' lang='lat' dir='ltr'><strong>habeat,</strong></span> <span class='ocrx_word' id='word_1_660' title='bbox 3121 2013 3214 2067; x_wconf 81' lang='lat' dir='ltr'><strong>sed</strong></span> <span class='ocrx_word' id='word_1_661' title='bbox 3247 2015 3498 2082; x_wconf 85' lang='lat' dir='ltr'><strong>periculis</strong></span> <span class='ocrx_word' id='word_1_662' title='bbox 3525 2033 3584 2074; x_wconf 83' lang='lat' dir='ltr'><strong>se</strong></span> 
     </span>
    </p>
   </div>
   <div class='ocr_carea' id='block_1_80' title="bbox 1989 2099 3582 2170">
    <p class='ocr_par' dir='ltr' id='par_1_80' title="bbox 1989 2099 3582 2170">
     <span class='ocr_line' id='line_1_80' title="bbox 1989 2099 3582 2170; baseline 0.006 -17"><span class='ocrx_word' id='word_1_663' title='bbox 1989 2099 2146 2154; x_wconf 83' lang='lat' dir='ltr'><strong>dedat</strong></span> <span class='ocrx_word' id='word_1_664' title='bbox 2192 2110 2247 2154; x_wconf 88' lang='lat' dir='ltr'><strong>et</strong></span> <span class='ocrx_word' id='word_1_665' title='bbox 2288 2101 2691 2169; x_wconf 89' lang='lat' dir='ltr'><strong>certaminibus,</strong></span> <span class='ocrx_word' id='word_1_666' title='bbox 2737 2111 2896 2170; x_wconf 90' lang='lat' dir='ltr'><strong>atque</strong></span> <span class='ocrx_word' id='word_1_667' title='bbox 2941 2102 3010 2156; x_wconf 84' lang='lat' dir='ltr'><strong>ita</strong></span> <span class='ocrx_word' id='word_1_668' title='bbox 3056 2104 3128 2158; x_wconf 92' lang='lat' dir='ltr'><strong>sit</strong></span> <span class='ocrx_word' id='word_1_669' title='bbox 3155 2104 3400 2168; x_wconf 87' lang='lat' dir='ltr'><strong>affectus,</strong></span> <span class='ocrx_word' id='word_1_670' title='bbox 3435 2118 3490 2162; x_wconf 92' lang='lat' dir='ltr'><strong>ut</strong></span> <span class='ocrx_word' id='word_1_671' title='bbox 3533 2109 3582 2162; x_wconf 90' lang='lat' dir='ltr'><strong>si</strong></span> 
     </span>
    </p>
   </div>
   <div class='ocr_carea' id='block_1_81' title="bbox 1987 2190 3581 2267">
    <p class='ocr_par' dir='ltr' id='par_1_81' title="bbox 1987 2190 3581 2267">
     <span class='ocr_line' id='line_1_81' title="bbox 1987 2190 3581 2267; baseline 0.006 -24"><span class='ocrx_word' id='word_1_672' title='bbox 1987 2191 2124 2244; x_wconf 91' lang='lat' dir='ltr'><strong>alius</strong></span> <span class='ocrx_word' id='word_1_673' title='bbox 2155 2190 2205 2244; x_wconf 90' lang='lat' dir='ltr'><strong>id</strong></span> <span class='ocrx_word' id='word_1_674' title='bbox 2239 2199 2525 2259; x_wconf 89' lang='lat' dir='ltr'><strong>pateretur.</strong></span> <span class='ocrx_word' id='word_1_675' title='bbox 2577 2191 2686 2246; x_wconf 90' lang='lat' dir='ltr'><strong>Nec</strong></span> <span class='ocrx_word' id='word_1_676' title='bbox 2726 2192 2878 2258; x_wconf 77' lang='lat' dir='ltr'><strong>dixit,</strong></span> <span class='ocrx_word' id='word_1_677' title='bbox 2919 2191 3087 2264; x_wconf 87' lang='lat' dir='ltr'><strong>Neget</strong></span> <span class='ocrx_word' id='word_1_678' title='bbox 3108 2233 3128 2258; x_wconf 87' lang='lat'><strong>.</strong></span> <span class='ocrx_word' id='word_1_679' title='bbox 3162 2195 3256 2250; x_wconf 85' lang='lat' dir='ltr'><strong>sed</strong></span> <span class='ocrx_word' id='word_1_680' title='bbox 3280 2239 3294 2260; x_wconf 92' lang='lat'><strong>,</strong></span> <span class='ocrx_word' id='word_1_681' title='bbox 3323 2195 3581 2267; x_wconf 77' lang='lat' dir='ltr'><strong>Abneget;</strong></span> 
     </span>
    </p>
   </div>
   <div class='ocr_carea' id='block_1_82' title="bbox 1989 2283 3575 2354">
    <p class='ocr_par' dir='ltr' id='par_1_82' title="bbox 1989 2283 3575 2354">
     <span class='ocr_line' id='line_1_82' title="bbox 1989 2283 3575 2354; baseline 0.007 -18"><span class='ocrx_word' id='word_1_682' title='bbox 1989 2283 2088 2336; x_wconf 89' lang='lat' dir='ltr'><strong>hoc</strong></span> <span class='ocrx_word' id='word_1_683' title='bbox 2121 2298 2282 2351; x_wconf 90' lang='lat' dir='ltr'><strong>parvo</strong></span> <span class='ocrx_word' id='word_1_684' title='bbox 2310 2284 2673 2337; x_wconf 87' lang='lat' dir='ltr'><strong>additamento</strong></span> <span class='ocrx_word' id='word_1_685' title='bbox 2703 2286 2805 2339; x_wconf 89' lang='lat' dir='ltr'><strong>vim</strong></span> <span class='ocrx_word' id='word_1_686' title='bbox 2855 2300 3100 2354; x_wconf 80' lang='lat' dir='ltr'><strong>magnam</strong></span> <span class='ocrx_word' id='word_1_687' title='bbox 3132 2287 3354 2343; x_wconf 88' lang='lat' dir='ltr'><strong>dictioni</strong></span> <span class='ocrx_word' id='word_1_688' title='bbox 3396 2290 3575 2347; x_wconf 59' lang='grc' dir='ltr'><strong>παθη.</strong></span> 
     </span>
    </p>
   </div>
   <div class='ocr_carea' id='block_1_83' title="bbox 1991 2373 3292 2448">
    <p class='ocr_par' dir='ltr' id='par_1_83' title="bbox 1991 2373 3292 2448">
     <span class='ocr_line' id='line_1_83' title="bbox 1991 2373 3292 2448; baseline 0.005 -20"><span class='ocrx_word' id='word_1_689' title='bbox 1991 2373 2120 2428; x_wconf 89' lang='lat' dir='ltr'><strong>Nam</strong></span> <span class='ocrx_word' id='word_1_690' title='bbox 2152 2373 2419 2443; x_wconf 86' lang='lat' dir='ltr'><strong>abnegare</strong></span> <span class='ocrx_word' id='word_1_691' title='bbox 2445 2376 2612 2428; x_wconf 90' lang='lat' dir='ltr'><strong>multo</strong></span> <span class='ocrx_word' id='word_1_692' title='bbox 2644 2377 2761 2443; x_wconf 90' lang='lat' dir='ltr'><strong>plus</strong></span> <span class='ocrx_word' id='word_1_693' title='bbox 2785 2386 2866 2428; x_wconf 87' lang='lat' dir='ltr'><strong>est</strong></span> <span class='ocrx_word' id='word_1_694' title='bbox 2893 2392 3052 2445; x_wconf 86' lang='lat' dir='ltr'><strong>quam</strong></span> <span class='ocrx_word' id='word_1_695' title='bbox 3077 2394 3292 2448; x_wconf 88' lang='lat' dir='ltr'><strong>negare.</strong></span> 
     </span>
    </p>
   </div>
   <div class='ocr_carea' id='block_1_84' title="bbox 2058 2464 3580 2542">
    <p class='ocr_par' dir='ltr' id='par_1_84' title="bbox 2058 2464 3580 2542">
     <span class='ocr_line' id='line_1_84' title="bbox 2058 2464 3580 2542; baseline 0.006 -23"><span class='ocrx_word' id='word_1_696' title='bbox 2058 2465 2112 2519; x_wconf 71' lang='grc' dir='ltr'><strong>Ξ.</strong></span> <span class='ocrx_word' id='word_1_697' title='bbox 2147 2464 2214 2518; x_wconf 79' lang='lat' dir='ltr'><strong>Et</strong></span> <span class='ocrx_word' id='word_1_698' title='bbox 2262 2467 2409 2519; x_wconf 84' lang='lat' dir='ltr'><strong>tollat</strong></span> <span class='ocrx_word' id='word_1_699' title='bbox 2461 2483 2659 2520; x_wconf 87' lang='lat' dir='ltr'><strong>crucem</strong></span> <span class='ocrx_word' id='word_1_700' title='bbox 2697 2483 2861 2520; x_wconf 81' lang='lat' dir='ltr'><strong>suam.</strong></span> <span class='ocrx_word' id='word_1_701' title='bbox 2910 2468 3023 2522; x_wconf 83' lang='lat' dir='ltr'><strong>Iloc</strong></span> <span class='ocrx_word' id='word_1_702' title='bbox 3064 2485 3135 2526; x_wconf 89' lang='lat' dir='ltr'><strong>ex</strong></span> <span class='ocrx_word' id='word_1_703' title='bbox 3177 2470 3270 2524; x_wconf 90' lang='lat' dir='ltr'><strong>illo</strong></span> <span class='ocrx_word' id='word_1_704' title='bbox 3317 2473 3580 2542; x_wconf 86' lang='lat' dir='ltr'><strong>sequitur.</strong></span> 
     </span>
    </p>
   </div>
   <div class='ocr_carea' id='block_1_85' title="bbox 1989 2559 3567 2630">
    <p class='ocr_par' dir='ltr' id='par_1_85' title="bbox 1989 2559 3567 2630">
     <span class='ocr_line' id='line_1_85' title="bbox 1989 2559 3567 2630; baseline 0.005 -18"><span class='ocrx_word' id='word_1_705' title='bbox 1989 2559 2066 2614; x_wconf 92' lang='lat' dir='ltr'><strong>Ne</strong></span> <span class='ocrx_word' id='word_1_706' title='bbox 2110 2570 2264 2628; x_wconf 90' lang='lat' dir='ltr'><strong>putes</strong></span> <span class='ocrx_word' id='word_1_707' title='bbox 2289 2561 2429 2613; x_wconf 90' lang='lat' dir='ltr'><strong>enim</strong></span> <span class='ocrx_word' id='word_1_708' title='bbox 2457 2602 2470 2623; x_wconf 93' lang='lat'><strong>,</strong></span> <span class='ocrx_word' id='word_1_709' title='bbox 2499 2560 2564 2614; x_wconf 91' lang='lat' dir='ltr'><strong>ad</strong></span> <span class='ocrx_word' id='word_1_710' title='bbox 2594 2561 2753 2615; x_wconf 88' lang='lat' dir='ltr'><strong>verba</strong></span> <span class='ocrx_word' id='word_1_711' title='bbox 2784 2575 2950 2630; x_wconf 79' lang='lat' dir='ltr'><strong>usque</strong></span> <span class='ocrx_word' id='word_1_712' title='bbox 2977 2570 3181 2615; x_wconf 91' lang='lat' dir='ltr'><strong>tantum</strong></span> <span class='ocrx_word' id='word_1_713' title='bbox 3213 2573 3268 2618; x_wconf 87' lang='lat' dir='ltr'><strong>et</strong></span> <span class='ocrx_word' id='word_1_714' title='bbox 3293 2577 3567 2620; x_wconf 85' lang='lat' dir='ltr'><strong>contume-</strong></span> 
     </span>
    </p>
   </div>
   <div class='ocr_carea' id='block_1_86' title="bbox 1986 2652 3587 2725">
    <p class='ocr_par' dir='ltr' id='par_1_86' title="bbox 1986 2652 3587 2725">
     <span class='ocr_line' id='line_1_86' title="bbox 1986 2652 3587 2725; baseline 0.006 -18"><span class='ocrx_word' id='word_1_715' title='bbox 1986 2654 2085 2707; x_wconf 90' lang='lat' dir='ltr'><strong>lias</strong></span> <span class='ocrx_word' id='word_1_716' title='bbox 2125 2664 2180 2707; x_wconf 91' lang='lat' dir='ltr'><strong>et</strong></span> <span class='ocrx_word' id='word_1_717' title='bbox 2229 2654 2514 2722; x_wconf 81' lang='lat' dir='ltr'><strong>approbria</strong></span> <span class='ocrx_word' id='word_1_718' title='bbox 2566 2652 2829 2723; x_wconf 83' lang='lat' dir='ltr'><strong>abnegare</strong></span> <span class='ocrx_word' id='word_1_719' title='bbox 2861 2655 3094 2723; x_wconf 83' lang='lat' dir='ltr'><strong>seipsum</strong></span> <span class='ocrx_word' id='word_1_720' title='bbox 3136 2667 3430 2725; x_wconf 84' lang='lat' dir='ltr'><strong>oportere:</strong></span> <span class='ocrx_word' id='word_1_721' title='bbox 3457 2658 3587 2716; x_wconf 78' lang='lat' dir='ltr'><strong>dicit</strong></span> 
     </span>
    </p>
   </div>
   <div class='ocr_carea' id='block_1_87' title="bbox 1985 2747 3574 2818">
    <p class='ocr_par' dir='ltr' id='par_1_87' title="bbox 1985 2747 3574 2818">
     <span class='ocr_line' id='line_1_87' title="bbox 1985 2747 3574 2818; baseline 0.004 -20"><span class='ocrx_word' id='word_1_722' title='bbox 1985 2760 2260 2815; x_wconf 89' lang='lat' dir='ltr'><strong>quousque</strong></span> <span class='ocrx_word' id='word_1_723' title='bbox 2299 2747 2565 2815; x_wconf 89' lang='lat' dir='ltr'><strong>abnegare</strong></span> <span class='ocrx_word' id='word_1_724' title='bbox 2619 2749 2965 2817; x_wconf 83' lang='lat' dir='ltr'><strong>semetipsum</strong></span> <span class='ocrx_word' id='word_1_725' title='bbox 3021 2760 3302 2818; x_wconf 84' lang='lat' dir='ltr'><strong>oporteat;</strong></span> <span class='ocrx_word' id='word_1_726' title='bbox 3366 2751 3417 2805; x_wconf 84' lang='lat' dir='ltr'><strong>id</strong></span> <span class='ocrx_word' id='word_1_727' title='bbox 3470 2761 3574 2817; x_wconf 83' lang='lat' dir='ltr'><strong>est,</strong></span> 
     </span>
    </p>
   </div>
   <div class='ocr_carea' id='block_1_88' title="bbox 1985 2839 3581 2910">
    <p class='ocr_par' dir='ltr' id='par_1_88' title="bbox 1985 2839 3581 2910">
     <span class='ocr_line' id='line_1_88' title="bbox 1985 2839 3581 2910; baseline 0.004 -20"><span class='ocrx_word' id='word_1_728' title='bbox 1985 2852 2151 2906; x_wconf 89' lang='lat' dir='ltr'><strong>usque</strong></span> <span class='ocrx_word' id='word_1_729' title='bbox 2190 2839 2258 2890; x_wconf 90' lang='lat' dir='ltr'><strong>ad</strong></span> <span class='ocrx_word' id='word_1_730' title='bbox 2312 2847 2576 2903; x_wconf 91' lang='lat' dir='ltr'><strong>mortem,</strong></span> <span class='ocrx_word' id='word_1_731' title='bbox 2607 2847 2662 2893; x_wconf 93' lang='lat' dir='ltr'><strong>et</strong></span> <span class='ocrx_word' id='word_1_732' title='bbox 2702 2847 2928 2893; x_wconf 86' lang='lat' dir='ltr'><strong>mortem</strong></span> <span class='ocrx_word' id='word_1_733' title='bbox 2963 2842 3344 2910; x_wconf 61' lang='lat' dir='ltr'><strong>turpissimam.</strong></span> <span class='ocrx_word' id='word_1_734' title='bbox 3381 2843 3581 2897; x_wconf 85' lang='lat' dir='ltr'><strong>Idcirco</strong></span> 
     </span>
    </p>
   </div>
   <div class='ocr_carea' id='block_1_89' title="bbox 1984 2928 3580 3002">
    <p class='ocr_par' dir='ltr' id='par_1_89' title="bbox 1984 2928 3580 3002">
     <span class='ocr_line' id='line_1_89' title="bbox 1984 2928 3580 3002; baseline 0.005 -21"><span class='ocrx_word' id='word_1_735' title='bbox 1984 2943 2090 2982; x_wconf 88' lang='lat' dir='ltr'><strong>non</strong></span> <span class='ocrx_word' id='word_1_736' title='bbox 2121 2928 2271 2991; x_wconf 84' lang='lat' dir='ltr'><strong>dixit,</strong></span> <span class='ocrx_word' id='word_1_737' title='bbox 2316 2928 2557 2998; x_wconf 81' lang='lat' dir='ltr'><strong>Abneget</strong></span> <span class='ocrx_word' id='word_1_738' title='bbox 2603 2931 2954 3000; x_wconf 86' lang='lat' dir='ltr'><strong>semetipsum</strong></span> <span class='ocrx_word' id='word_1_739' title='bbox 2982 2948 3150 3002; x_wconf 84' lang='lat' dir='ltr'><strong>usque</strong></span> <span class='ocrx_word' id='word_1_740' title='bbox 3205 2933 3272 2988; x_wconf 91' lang='lat' dir='ltr'><strong>ad</strong></span> <span class='ocrx_word' id='word_1_741' title='bbox 3330 2947 3580 3000; x_wconf 88' lang='lat' dir='ltr'><strong>mortem,</strong></span> 
     </span>
    </p>
   </div>
   <div class='ocr_carea' id='block_1_90' title="bbox 1983 3019 3581 3090">
    <p class='ocr_par' dir='ltr' id='par_1_90' title="bbox 1983 3019 3581 3090">
     <span class='ocr_line' id='line_1_90' title="bbox 1983 3019 3581 3090; baseline 0.005 -16"><span class='ocrx_word' id='word_1_742' title='bbox 1983 3019 2097 3084; x_wconf 85' lang='lat' dir='ltr'><strong>sed,</strong></span> <span class='ocrx_word' id='word_1_743' title='bbox 2128 3019 2297 3072; x_wconf 80' lang='lat' dir='ltr'><strong>Tollat</strong></span> <span class='ocrx_word' id='word_1_744' title='bbox 2321 3037 2519 3072; x_wconf 84' lang='lat' dir='ltr'><strong>crucem</strong></span> <span class='ocrx_word' id='word_1_745' title='bbox 2545 3037 2710 3085; x_wconf 83' lang='lat' dir='ltr'><strong>suam,</strong></span> <span class='ocrx_word' id='word_1_746' title='bbox 2739 3024 3102 3090; x_wconf 84' lang='lat' dir='ltr'><strong>turpissimam</strong></span> <span class='ocrx_word' id='word_1_747' title='bbox 3136 3039 3363 3080; x_wconf 87' lang='lat' dir='ltr'><strong>mortem</strong></span> <span class='ocrx_word' id='word_1_748' title='bbox 3395 3029 3581 3082; x_wconf 86' lang='lat' dir='ltr'><strong>decla-</strong></span> 
     </span>
    </p>
   </div>
   <div class='ocr_carea' id='block_1_91' title="bbox 1983 3114 3578 3186">
    <p class='ocr_par' dir='ltr' id='par_1_91' title="bbox 1983 3114 3578 3186">
     <span class='ocr_line' id='line_1_91' title="bbox 1983 3114 3578 3186; baseline 0.007 -20"><span class='ocrx_word' id='word_1_749' title='bbox 1983 3128 2140 3176; x_wconf 91' lang='lat' dir='ltr'><strong>rans;</strong></span> <span class='ocrx_word' id='word_1_750' title='bbox 2170 3122 2224 3166; x_wconf 88' lang='lat' dir='ltr'><strong>et</strong></span> <span class='ocrx_word' id='word_1_751' title='bbox 2265 3115 2407 3182; x_wconf 92' lang='lat' dir='ltr'><strong>quod</strong></span> <span class='ocrx_word' id='word_1_752' title='bbox 2436 3129 2540 3167; x_wconf 89' lang='lat' dir='ltr'><strong>non</strong></span> <span class='ocrx_word' id='word_1_753' title='bbox 2567 3115 2758 3174; x_wconf 86' lang='lat' dir='ltr'><strong>semel.</strong></span> <span class='ocrx_word' id='word_1_754' title='bbox 2791 3125 2882 3168; x_wconf 88' lang='lat' dir='ltr'><strong>aut</strong></span> <span class='ocrx_word' id='word_1_755' title='bbox 2911 3114 3026 3176; x_wconf 89' lang='lat' dir='ltr'><strong>bis,</strong></span> <span class='ocrx_word' id='word_1_756' title='bbox 3058 3117 3149 3170; x_wconf 90' lang='lat' dir='ltr'><strong>sed</strong></span> <span class='ocrx_word' id='word_1_757' title='bbox 3184 3132 3278 3186; x_wconf 90' lang='lat' dir='ltr'><strong>per</strong></span> <span class='ocrx_word' id='word_1_758' title='bbox 3305 3129 3468 3174; x_wconf 87' lang='lat' dir='ltr'><strong>totam</strong></span> <span class='ocrx_word' id='word_1_759' title='bbox 3501 3121 3578 3176; x_wconf 65' lang='grc' dir='ltr'><strong>κί-</strong></span> 
     </span>
    </p>
   </div>
   <div class='ocr_carea' id='block_1_92' title="bbox 1985 3203 3577 3278">
    <p class='ocr_par' dir='ltr' id='par_1_92' title="bbox 1985 3203 3577 3278">
     <span class='ocr_line' id='line_1_92' title="bbox 1985 3203 3577 3278; baseline 0.006 -20"><span class='ocrx_word' id='word_1_760' title='bbox 1985 3214 2090 3259; x_wconf 89' lang='lat' dir='ltr'><strong>tam</strong></span> <span class='ocrx_word' id='word_1_761' title='bbox 2118 3206 2170 3258; x_wconf 92' lang='lat' dir='ltr'><strong>id</strong></span> <span class='ocrx_word' id='word_1_762' title='bbox 2197 3203 2498 3259; x_wconf 85' lang='lat' dir='ltr'><strong>faciendum</strong></span> <span class='ocrx_word' id='word_1_763' title='bbox 2527 3206 2612 3259; x_wconf 88' lang='lat' dir='ltr'><strong>sit.</strong></span> <span class='ocrx_word' id='word_1_764' title='bbox 2647 3205 2930 3275; x_wconf 85' lang='lat' dir='ltr'><strong>Perpetuo,</strong></span> <span class='ocrx_word' id='word_1_765' title='bbox 2958 3208 3149 3278; x_wconf 89' lang='lat' dir='ltr'><strong>inquit,</strong></span> <span class='ocrx_word' id='word_1_766' title='bbox 3178 3211 3312 3266; x_wconf 84' lang='lat' dir='ltr'><strong>hanc</strong></span> <span class='ocrx_word' id='word_1_767' title='bbox 3348 3227 3577 3269; x_wconf 87' lang='lat' dir='ltr'><strong>mortem</strong></span> 
     </span>
    </p>
   </div>
   <div class='ocr_carea' id='block_1_93' title="bbox 1982 3297 3576 3372">
    <p class='ocr_par' dir='ltr' id='par_1_93' title="bbox 1982 3297 3576 3372">
     <span class='ocr_line' id='line_1_93' title="bbox 1982 3297 3576 3372; baseline 0.008 -20"><span class='ocrx_word' id='word_1_768' title='bbox 1982 3297 2348 3362; x_wconf 81' lang='lat' dir='ltr'><strong>circumferas,</strong></span> <span class='ocrx_word' id='word_1_769' title='bbox 2395 3308 2449 3353; x_wconf 89' lang='lat' dir='ltr'><strong>et</strong></span> <span class='ocrx_word' id='word_1_770' title='bbox 2474 3298 2712 3368; x_wconf 90' lang='lat' dir='ltr'><strong>quotidie</strong></span> <span class='ocrx_word' id='word_1_771' title='bbox 2741 3300 2804 3352; x_wconf 90' lang='lat' dir='ltr'><strong>ad</strong></span> <span class='ocrx_word' id='word_1_772' title='bbox 2837 3315 3022 3355; x_wconf 89' lang='lat' dir='ltr'><strong>necem</strong></span> <span class='ocrx_word' id='word_1_773' title='bbox 3055 3313 3270 3370; x_wconf 88' lang='lat' dir='ltr'><strong>paratus</strong></span> <span class='ocrx_word' id='word_1_774' title='bbox 3314 3306 3412 3361; x_wconf 90' lang='lat' dir='ltr'><strong>sis.</strong></span> <span class='ocrx_word' id='word_1_775' title='bbox 3445 3307 3576 3372; x_wconf 88' lang='lat' dir='ltr'><strong>Quia</strong></span> 
     </span>
    </p>
   </div>
   <div class='ocr_carea' id='block_1_94' title="bbox 1981 3389 3577 3469">
    <p class='ocr_par' dir='ltr' id='par_1_94' title="bbox 1981 3389 3577 3469">
     <span class='ocr_line' id='line_1_94' title="bbox 1981 3389 3577 3469; baseline 0.006 -24"><span class='ocrx_word' id='word_1_776' title='bbox 1981 3391 2122 3445; x_wconf 89' lang='lat' dir='ltr'><strong>enim</strong></span> <span class='ocrx_word' id='word_1_777' title='bbox 2153 3389 2308 3444; x_wconf 90' lang='lat' dir='ltr'><strong>multi</strong></span> <span class='ocrx_word' id='word_1_778' title='bbox 2339 3405 2468 3459; x_wconf 90' lang='lat' dir='ltr'><strong>opes</strong></span> <span class='ocrx_word' id='word_1_779' title='bbox 2489 3399 2930 3460; x_wconf 90' lang='lat' dir='ltr'><strong>contempserunt</strong></span> <span class='ocrx_word' id='word_1_780' title='bbox 2953 3400 3009 3446; x_wconf 90' lang='lat' dir='ltr'><strong>et</strong></span> <span class='ocrx_word' id='word_1_781' title='bbox 3029 3396 3356 3462; x_wconf 84' lang='lat' dir='ltr'><strong>voluptatem</strong></span> <span class='ocrx_word' id='word_1_782' title='bbox 3380 3409 3432 3452; x_wconf 90' lang='lat' dir='ltr'><strong>et</strong></span> <span class='ocrx_word' id='word_1_783' title='bbox 3457 3403 3577 3469; x_wconf 81' lang='lat' dir='ltr'><strong>glo-</strong></span> 
     </span>
    </p>
   </div>
   <div class='ocr_carea' id='block_1_95' title="bbox 1981 3483 3574 3562">
    <p class='ocr_par' dir='ltr' id='par_1_95' title="bbox 1981 3483 3574 3562">
     <span class='ocr_line' id='line_1_95' title="bbox 1981 3483 3574 3562; baseline 0.007 -26"><span class='ocrx_word' id='word_1_784' title='bbox 1981 3483 2136 3544; x_wconf 90' lang='lat' dir='ltr'><strong>riam,</strong></span> <span class='ocrx_word' id='word_1_785' title='bbox 2160 3491 2390 3536; x_wconf 88' lang='lat' dir='ltr'><strong>mortem</strong></span> <span class='ocrx_word' id='word_1_786' title='bbox 2414 3497 2543 3536; x_wconf 89' lang='lat' dir='ltr'><strong>vero</strong></span> <span class='ocrx_word' id='word_1_787' title='bbox 2568 3497 2673 3536; x_wconf 92' lang='lat' dir='ltr'><strong>non</strong></span> <span class='ocrx_word' id='word_1_788' title='bbox 2705 3494 3052 3552; x_wconf 86' lang='lat' dir='ltr'><strong>spreverunt,</strong></span> <span class='ocrx_word' id='word_1_789' title='bbox 3080 3498 3133 3539; x_wconf 87' lang='lat' dir='ltr'><strong>at</strong></span> <span class='ocrx_word' id='word_1_790' title='bbox 3156 3490 3450 3544; x_wconf 87' lang='lat' dir='ltr'><strong>timuerunt</strong></span> <span class='ocrx_word' id='word_1_791' title='bbox 3481 3510 3574 3562; x_wconf 84' lang='lat' dir='ltr'><strong>pc-</strong></span> 
     </span>
    </p>
   </div>
   <div class='ocr_carea' id='block_1_96' title="bbox 1981 3576 3574 3646">
    <p class='ocr_par' dir='ltr' id='par_1_96' title="bbox 1981 3576 3574 3646">
     <span class='ocr_line' id='line_1_96' title="bbox 1981 3576 3574 3646; baseline 0.009 -17"><span class='ocrx_word' id='word_1_792' title='bbox 1981 3576 2146 3630; x_wconf 91' lang='lat' dir='ltr'><strong>ricula</strong></span> <span class='ocrx_word' id='word_1_793' title='bbox 2179 3593 2193 3629; x_wconf 88' lang='lat'><strong>:</strong></span> <span class='ocrx_word' id='word_1_794' title='bbox 2225 3591 2343 3646; x_wconf 86' lang='lat' dir='ltr'><strong>ego,</strong></span> <span class='ocrx_word' id='word_1_795' title='bbox 2376 3577 2564 3646; x_wconf 90' lang='lat' dir='ltr'><strong>inquit,</strong></span> <span class='ocrx_word' id='word_1_796' title='bbox 2587 3577 2844 3632; x_wconf 83' lang='lat' dir='ltr'><strong>athletam</strong></span> <span class='ocrx_word' id='word_1_797' title='bbox 2877 3593 3054 3633; x_wconf 88' lang='lat' dir='ltr'><strong>meum</strong></span> <span class='ocrx_word' id='word_1_798' title='bbox 3096 3582 3216 3634; x_wconf 91' lang='lat' dir='ltr'><strong>volo</strong></span> <span class='ocrx_word' id='word_1_799' title='bbox 3247 3583 3313 3636; x_wconf 89' lang='lat' dir='ltr'><strong>ad</strong></span> <span class='ocrx_word' id='word_1_800' title='bbox 3348 3593 3574 3643; x_wconf 90' lang='lat' dir='ltr'><strong>mortem</strong></span> 
     </span>
    </p>
   </div>
   <div class='ocr_carea' id='block_1_97' title="bbox 1983 3669 3575 3746">
    <p class='ocr_par' dir='ltr' id='par_1_97' title="bbox 1983 3669 3575 3746">
     <span class='ocr_line' id='line_1_97' title="bbox 1983 3669 3575 3746; baseline 0.007 -25"><span class='ocrx_word' id='word_1_801' title='bbox 1983 3682 2150 3736; x_wconf 90' lang='lat' dir='ltr'><strong>usque</strong></span> <span class='ocrx_word' id='word_1_802' title='bbox 2192 3683 2427 3738; x_wconf 89' lang='lat' dir='ltr'><strong>pugnare</strong></span> <span class='ocrx_word' id='word_1_803' title='bbox 2455 3709 2469 3733; x_wconf 95' lang='lat'><strong>,</strong></span> <span class='ocrx_word' id='word_1_804' title='bbox 2499 3676 2554 3722; x_wconf 90' lang='lat' dir='ltr'><strong>et</strong></span> <span class='ocrx_word' id='word_1_805' title='bbox 2578 3669 2872 3722; x_wconf 86' lang='lat' dir='ltr'><strong>certamina</strong></span> <span class='ocrx_word' id='word_1_806' title='bbox 2922 3670 2986 3723; x_wconf 91' lang='lat' dir='ltr'><strong>ad</strong></span> <span class='ocrx_word' id='word_1_807' title='bbox 3038 3674 3354 3740; x_wconf 85' lang='lat' dir='ltr'><strong>sanguinem</strong></span> <span class='ocrx_word' id='word_1_808' title='bbox 3409 3693 3575 3746; x_wconf 81' lang='lat' dir='ltr'><strong>usque</strong></span> 
     </span>
    </p>
   </div>
   <div class='ocr_carea' id='block_1_98' title="bbox 1983 3761 3574 3831">
    <p class='ocr_par' dir='ltr' id='par_1_98' title="bbox 1983 3761 3574 3831">
     <span class='ocr_line' id='line_1_98' title="bbox 1983 3761 3574 3831; baseline 0.008 -18"><span class='ocrx_word' id='word_1_809' title='bbox 1983 3761 2186 3831; x_wconf 76' lang='lat' dir='ltr'><strong>peragi.</strong></span> <span class='ocrx_word' id='word_1_810' title='bbox 2223 3761 2407 3830; x_wconf 87' lang='lat' dir='ltr'><strong>Itaque</strong></span> <span class='ocrx_word' id='word_1_811' title='bbox 2435 3761 2479 3814; x_wconf 90' lang='lat' dir='ltr'><strong>si</strong></span> <span class='ocrx_word' id='word_1_812' title='bbox 2512 3770 2737 3816; x_wconf 89' lang='lat' dir='ltr'><strong>mortem</strong></span> <span class='ocrx_word' id='word_1_813' title='bbox 2775 3761 2926 3816; x_wconf 90' lang='lat' dir='ltr'><strong>obire</strong></span> <span class='ocrx_word' id='word_1_814' title='bbox 2972 3773 3240 3831; x_wconf 91' lang='lat' dir='ltr'><strong>oporteat,</strong></span> <span class='ocrx_word' id='word_1_815' title='bbox 3268 3779 3321 3821; x_wconf 91' lang='lat' dir='ltr'><strong>et</strong></span> <span class='ocrx_word' id='word_1_816' title='bbox 3347 3781 3574 3824; x_wconf 88' lang='lat' dir='ltr'><strong>mortem</strong></span> 
     </span>
    </p>
   </div>
   <div class='ocr_carea' id='block_1_99' title="bbox 1983 3855 3575 3931">
    <p class='ocr_par' dir='ltr' id='par_1_99' title="bbox 1983 3855 3575 3931">
     <span class='ocr_line' id='line_1_99' title="bbox 1983 3855 3575 3931; baseline 0.006 -23"><span class='ocrx_word' id='word_1_817' title='bbox 1983 3855 2376 3921; x_wconf 85' lang='lat' dir='ltr'><strong>turpissimam,</strong></span> <span class='ocrx_word' id='word_1_818' title='bbox 2411 3863 2744 3922; x_wconf 89' lang='lat' dir='ltr'><strong>mortemque</strong></span> <span class='ocrx_word' id='word_1_819' title='bbox 2772 3856 3181 3924; x_wconf 78' lang='lat' dir='ltr'><strong>exsecrandam,</strong></span> <span class='ocrx_word' id='word_1_820' title='bbox 3213 3859 3443 3926; x_wconf 85' lang='lat' dir='ltr'><strong>etiamsi,</strong></span> <span class='ocrx_word' id='word_1_821' title='bbox 3480 3879 3575 3931; x_wconf 88' lang='lat' dir='ltr'><strong>pro</strong></span> 
     </span>
    </p>
   </div>
   <div class='ocr_carea' id='block_1_100' title="bbox 1982 3944 3572 4025">
    <p class='ocr_par' dir='ltr' id='par_1_100' title="bbox 1982 3944 3572 4025">
     <span class='ocr_line' id='line_1_100' title="bbox 1982 3944 3572 4025; baseline 0.008 -27"><span class='ocrx_word' id='word_1_822' title='bbox 1982 3961 2141 4014; x_wconf 88' lang='lat' dir='ltr'><strong>prava</strong></span> <span class='ocrx_word' id='word_1_823' title='bbox 2163 3944 2388 4015; x_wconf 86' lang='lat' dir='ltr'><strong>quadam</strong></span> <span class='ocrx_word' id='word_1_824' title='bbox 2413 3945 2738 4012; x_wconf 89' lang='lat' dir='ltr'><strong>suspicione,</strong></span> <span class='ocrx_word' id='word_1_825' title='bbox 2755 3947 2933 4000; x_wconf 89' lang='lat' dir='ltr'><strong>omnia</strong></span> <span class='ocrx_word' id='word_1_826' title='bbox 2957 3957 3168 4017; x_wconf 82' lang='lat' dir='ltr'><strong>oportet</strong></span> <span class='ocrx_word' id='word_1_827' title='bbox 3189 3951 3397 4007; x_wconf 88' lang='lat' dir='ltr'><strong>fortiter</strong></span> <span class='ocrx_word' id='word_1_828' title='bbox 3411 3954 3572 4025; x_wconf 83' lang='lat' dir='ltr'><strong>ferre,</strong></span> 
     </span>
    </p>
   </div>
   <div class='ocr_carea' id='block_1_101' title="bbox 1983 4036 3573 4112">
    <p class='ocr_par' dir='ltr' id='par_1_101' title="bbox 1983 4036 3573 4112">
     <span class='ocr_line' id='line_1_101' title="bbox 1983 4036 3573 4112; baseline 0.008 -22"><span class='ocrx_word' id='word_1_829' title='bbox 1983 4046 2034 4090; x_wconf 94' lang='lat' dir='ltr'><strong>et</strong></span> <span class='ocrx_word' id='word_1_830' title='bbox 2067 4037 2185 4090; x_wconf 90' lang='lat' dir='ltr'><strong>ideo</strong></span> <span class='ocrx_word' id='word_1_831' title='bbox 2212 4038 2440 4091; x_wconf 90' lang='lat' dir='ltr'><strong>maxime</strong></span> <span class='ocrx_word' id='word_1_832' title='bbox 2465 4038 2754 4092; x_wconf 87' lang='lat' dir='ltr'><strong>exsultare.</strong></span> <span class='ocrx_word' id='word_1_833' title='bbox 2789 4036 2857 4090; x_wconf 83' lang='lat' dir='ltr'><strong>Et</strong></span> <span class='ocrx_word' id='word_1_834' title='bbox 2881 4049 3118 4109; x_wconf 81' lang='lat' dir='ltr'><strong>sequatur</strong></span> <span class='ocrx_word' id='word_1_835' title='bbox 3143 4059 3247 4097; x_wconf 73' lang='lat' dir='ltr'><strong>me;</strong></span> <span class='ocrx_word' id='word_1_836' title='bbox 3271 4045 3402 4112; x_wconf 86' lang='lat' dir='ltr'><strong>Quia</strong></span> <span class='ocrx_word' id='word_1_837' title='bbox 3432 4049 3573 4102; x_wconf 88' lang='lat' dir='ltr'><strong>enim</strong></span> 
     </span>
    </p>
   </div>
   <div class='ocr_carea' id='block_1_102' title="bbox 1983 4127 3572 4204">
    <p class='ocr_par' dir='ltr' id='par_1_102' title="bbox 1983 4127 3572 4204">
     <span class='ocr_line' id='line_1_102' title="bbox 1983 4127 3572 4204; baseline 0.008 -24"><span class='ocrx_word' id='word_1_838' title='bbox 1983 4127 2096 4181; x_wconf 87' lang='lat' dir='ltr'><strong>fieri</strong></span> <span class='ocrx_word' id='word_1_839' title='bbox 2156 4136 2328 4196; x_wconf 88' lang='lat' dir='ltr'><strong>potest</strong></span> <span class='ocrx_word' id='word_1_840' title='bbox 2374 4127 2545 4196; x_wconf 90' lang='lat' dir='ltr'><strong>utqui</strong></span> <span class='ocrx_word' id='word_1_841' title='bbox 2588 4129 2787 4196; x_wconf 88' lang='lat' dir='ltr'><strong>patitur</strong></span> <span class='ocrx_word' id='word_1_842' title='bbox 2825 4145 2930 4182; x_wconf 91' lang='lat' dir='ltr'><strong>non</strong></span> <span class='ocrx_word' id='word_1_843' title='bbox 2975 4142 3230 4199; x_wconf 89' lang='lat' dir='ltr'><strong>sequatur</strong></span> <span class='ocrx_word' id='word_1_844' title='bbox 3277 4135 3572 4204; x_wconf 76' lang='lat' dir='ltr'><strong>(Ihtistum,</strong></span> 
     </span>
    </p>
   </div>
   <div class='ocr_carea' id='block_1_103' title="bbox 1980 4218 3575 4294">
    <p class='ocr_par' dir='ltr' id='par_1_103' title="bbox 1980 4218 3575 4294">
     <span class='ocr_line' id='line_1_103' title="bbox 1980 4218 3575 4294; baseline 0.008 -22"><span class='ocrx_word' id='word_1_845' title='bbox 1980 4233 2101 4272; x_wconf 91' lang='lat' dir='ltr'><strong>cum</strong></span> <span class='ocrx_word' id='word_1_846' title='bbox 2144 4232 2250 4271; x_wconf 91' lang='lat' dir='ltr'><strong>non</strong></span> <span class='ocrx_word' id='word_1_847' title='bbox 2310 4218 2504 4288; x_wconf 91' lang='lat' dir='ltr'><strong>patitur</strong></span> <span class='ocrx_word' id='word_1_848' title='bbox 2536 4228 2754 4287; x_wconf 87' lang='lat' dir='ltr'><strong>propter</strong></span> <span class='ocrx_word' id='word_1_849' title='bbox 2799 4219 2971 4288; x_wconf 90' lang='lat' dir='ltr'><strong>ipsum</strong></span> <span class='ocrx_word' id='word_1_850' title='bbox 3025 4222 3170 4294; x_wconf 91' lang='lat' dir='ltr'><strong>(nam</strong></span> <span class='ocrx_word' id='word_1_851' title='bbox 3202 4225 3457 4292; x_wconf 86' lang='lat' dir='ltr'><strong>latrones.</strong></span> <span class='ocrx_word' id='word_1_852' title='bbox 3493 4246 3575 4286; x_wconf 78' lang='lat' dir='ltr'><strong>se-</strong></span> 
     </span>
    </p>
   </div>
   <div class='ocr_carea' id='block_1_104' title="bbox 1981 4307 3575 4391">
    <p class='ocr_par' dir='ltr' id='par_1_104' title="bbox 1981 4307 3575 4391">
     <span class='ocr_line' id='line_1_104' title="bbox 1981 4307 3575 4391; baseline 0.009 -29"><span class='ocrx_word' id='word_1_853' title='bbox 1981 4313 2286 4381; x_wconf 90' lang='lat' dir='ltr'><strong>pulcrorum</strong></span> <span class='ocrx_word' id='word_1_854' title='bbox 2306 4307 2626 4379; x_wconf 79' lang='lat' dir='ltr'><strong>expilatores</strong></span> <span class='ocrx_word' id='word_1_855' title='bbox 2645 4321 2702 4365; x_wconf 88' lang='lat' dir='ltr'><strong>et</strong></span> <span class='ocrx_word' id='word_1_856' title='bbox 2727 4313 3140 4382; x_wconf 66' lang='lat' dir='ltr'><strong>pnmstigiatures</strong></span> <span class='ocrx_word' id='word_1_857' title='bbox 3162 4318 3325 4372; x_wconf 90' lang='lat' dir='ltr'><strong>multa</strong></span> <span class='ocrx_word' id='word_1_858' title='bbox 3371 4331 3428 4374; x_wconf 87' lang='lat' dir='ltr'><strong>et</strong></span> <span class='ocrx_word' id='word_1_859' title='bbox 3451 4339 3575 4391; x_wconf 79' lang='lat' dir='ltr'><strong>gra-</strong></span> 
     </span>
    </p>
   </div>
   <div class='ocr_carea' id='block_1_105' title="bbox 1979 4400 3572 4476">
    <p class='ocr_par' dir='ltr' id='par_1_105' title="bbox 1979 4400 3572 4476">
     <span class='ocr_line' id='line_1_105' title="bbox 1979 4400 3572 4476; baseline 0.008 -21"><span class='ocrx_word' id='word_1_860' title='bbox 1979 4405 2125 4456; x_wconf 86' lang='lat' dir='ltr'><strong>viora</strong></span> <span class='ocrx_word' id='word_1_861' title='bbox 2156 4400 2448 4472; x_wconf 88' lang='lat' dir='ltr'><strong>patiuntur)</strong></span> <span class='ocrx_word' id='word_1_862' title='bbox 2477 4443 2489 4466; x_wconf 94' lang='lat'><strong>,</strong></span> <span class='ocrx_word' id='word_1_863' title='bbox 2517 4417 2583 4456; x_wconf 88' lang='lat' dir='ltr'><strong>ne</strong></span> <span class='ocrx_word' id='word_1_864' title='bbox 2615 4412 2791 4471; x_wconf 90' lang='lat' dir='ltr'><strong>putes,</strong></span> <span class='ocrx_word' id='word_1_865' title='bbox 2818 4404 3065 4460; x_wconf 75' lang='lat' dir='ltr'><strong>sufﬁcere</strong></span> <span class='ocrx_word' id='word_1_866' title='bbox 3105 4406 3274 4476; x_wconf 87' lang='lat' dir='ltr'><strong>ipsam</strong></span> <span class='ocrx_word' id='word_1_867' title='bbox 3311 4414 3572 4468; x_wconf 89' lang='lat' dir='ltr'><strong>malorum</strong></span> 
     </span>
    </p>
   </div>
   <div class='ocr_carea' id='block_1_106' title="bbox 1979 4494 3574 4566">
    <p class='ocr_par' dir='ltr' id='par_1_106' title="bbox 1979 4494 3574 4566">
     <span class='ocr_line' id='line_1_106' title="bbox 1979 4494 3574 4566; baseline 0.008 -21"><span class='ocrx_word' id='word_1_868' title='bbox 1979 4503 2245 4554; x_wconf 83' lang='lat' dir='ltr'><strong>naturam,</strong></span> <span class='ocrx_word' id='word_1_869' title='bbox 2291 4506 2508 4545; x_wconf 89' lang='lat' dir='ltr'><strong>causam</strong></span> <span class='ocrx_word' id='word_1_870' title='bbox 2540 4494 2802 4548; x_wconf 88' lang='lat' dir='ltr'><strong>malorum</strong></span> <span class='ocrx_word' id='word_1_871' title='bbox 2832 4495 2996 4552; x_wconf 87' lang='lat' dir='ltr'><strong>addit.</strong></span> <span class='ocrx_word' id='word_1_872' title='bbox 3027 4498 3283 4566; x_wconf 62' lang='lat' dir='ltr'><strong>Quaenam</strong></span> <span class='ocrx_word' id='word_1_873' title='bbox 3329 4504 3416 4557; x_wconf 88' lang='lat' dir='ltr'><strong>illa</strong></span> <span class='ocrx_word' id='word_1_874' title='bbox 3456 4509 3574 4559; x_wconf 76' lang='lat' dir='ltr'><strong>est?</strong></span> 
     </span>
    </p>
   </div>
   <div class='ocr_carea' id='block_1_107' title="bbox 1982 4583 3575 4665">
    <p class='ocr_par' dir='ltr' id='par_1_107' title="bbox 1982 4583 3575 4665">
     <span class='ocr_line' id='line_1_107' title="bbox 1982 4583 3575 4665; baseline 0.008 -26"><span class='ocrx_word' id='word_1_875' title='bbox 1982 4583 2046 4639; x_wconf 87' lang='lat' dir='ltr'><strong>Ut</strong></span> <span class='ocrx_word' id='word_1_876' title='bbox 2071 4586 2185 4638; x_wconf 34' lang='lat' dir='ltr'><strong>haec</strong></span> <span class='ocrx_word' id='word_1_877' title='bbox 2213 4598 2376 4653; x_wconf 88' lang='lat' dir='ltr'><strong>agens</strong></span> <span class='ocrx_word' id='word_1_878' title='bbox 2410 4593 2466 4638; x_wconf 90' lang='lat' dir='ltr'><strong>et</strong></span> <span class='ocrx_word' id='word_1_879' title='bbox 2502 4585 2709 4653; x_wconf 90' lang='lat' dir='ltr'><strong>patiens</strong></span> <span class='ocrx_word' id='word_1_880' title='bbox 2739 4587 2910 4655; x_wconf 88' lang='lat' dir='ltr'><strong>ipsum</strong></span> <span class='ocrx_word' id='word_1_881' title='bbox 2953 4593 3230 4658; x_wconf 87' lang='lat' dir='ltr'><strong>sequaris;</strong></span> <span class='ocrx_word' id='word_1_882' title='bbox 3274 4603 3332 4646; x_wconf 91' lang='lat' dir='ltr'><strong>ut</strong></span> <span class='ocrx_word' id='word_1_883' title='bbox 3361 4609 3575 4665; x_wconf 83' lang='lat' dir='ltr'><strong>propter</strong></span> 
     </span>
    </p>
   </div>
   <div class='ocr_carea' id='block_1_108' title="bbox 1980 4678 3570 4748">
    <p class='ocr_par' dir='ltr' id='par_1_108' title="bbox 1980 4678 3570 4748">
     <span class='ocr_line' id='line_1_108' title="bbox 1980 4678 3570 4748; baseline 0.009 -19"><span class='ocrx_word' id='word_1_884' title='bbox 1980 4678 2151 4744; x_wconf 91' lang='lat' dir='ltr'><strong>ipsum</strong></span> <span class='ocrx_word' id='word_1_885' title='bbox 2177 4678 2357 4730; x_wconf 91' lang='lat' dir='ltr'><strong>omnia</strong></span> <span class='ocrx_word' id='word_1_886' title='bbox 2387 4678 2636 4744; x_wconf 88' lang='lat' dir='ltr'><strong>patiaris,</strong></span> <span class='ocrx_word' id='word_1_887' title='bbox 2681 4688 2734 4732; x_wconf 90' lang='lat' dir='ltr'><strong>et</strong></span> <span class='ocrx_word' id='word_1_888' title='bbox 2774 4680 3009 4748; x_wconf 89' lang='lat' dir='ltr'><strong>reliquas</strong></span> <span class='ocrx_word' id='word_1_889' title='bbox 3054 4681 3277 4738; x_wconf 90' lang='lat' dir='ltr'><strong>virtutes</strong></span> <span class='ocrx_word' id='word_1_890' title='bbox 3306 4686 3570 4744; x_wconf 90' lang='lat' dir='ltr'><strong>obtineas.</strong></span> 
     </span>
    </p>
   </div>
   <div class='ocr_carea' id='block_1_109' title="bbox 1978 4767 3574 4838">
    <p class='ocr_par' dir='ltr' id='par_1_109' title="bbox 1978 4767 3574 4838">
     <span class='ocr_line' id='line_1_109' title="bbox 1978 4767 3574 4838; baseline 0.008 -16"><span class='ocrx_word' id='word_1_891' title='bbox 1978 4767 2110 4822; x_wconf 84' lang='lat' dir='ltr'><strong>Nam</strong></span> <span class='ocrx_word' id='word_1_892' title='bbox 2129 4767 2183 4820; x_wconf 87' lang='lat' dir='ltr'><strong>id</strong></span> <span class='ocrx_word' id='word_1_893' title='bbox 2211 4767 2474 4838; x_wconf 80' lang='lat' dir='ltr'><strong>signiﬁcat</strong></span> <span class='ocrx_word' id='word_1_894' title='bbox 2504 4767 2654 4832; x_wconf 90' lang='lat' dir='ltr'><strong>illud,</strong></span> <span class='ocrx_word' id='word_1_895' title='bbox 2687 4768 2943 4838; x_wconf 83' lang='lat' dir='ltr'><strong>Sequatur</strong></span> <span class='ocrx_word' id='word_1_896' title='bbox 2970 4788 3079 4836; x_wconf 85' lang='lat' dir='ltr'><strong>me;</strong></span> <span class='ocrx_word' id='word_1_897' title='bbox 3114 4774 3183 4827; x_wconf 91' lang='lat' dir='ltr'><strong>ita</strong></span> <span class='ocrx_word' id='word_1_898' title='bbox 3207 4784 3260 4827; x_wconf 88' lang='lat' dir='ltr'><strong>ut</strong></span> <span class='ocrx_word' id='word_1_899' title='bbox 3282 4791 3386 4830; x_wconf 79' lang='lat' dir='ltr'><strong>nan</strong></span> <span class='ocrx_word' id='word_1_900' title='bbox 3415 4783 3574 4835; x_wconf 87' lang='lat' dir='ltr'><strong>modo</strong></span> 
     </span>
    </p>
   </div>
   <div class='ocr_carea' id='block_1_110' title="bbox 1981 4861 3576 4944">
    <p class='ocr_par' dir='ltr' id='par_1_110' title="bbox 1981 4861 3576 4944">
     <span class='ocr_line' id='line_1_110' title="bbox 1981 4861 3576 4944; baseline 0.007 -27"><span class='ocrx_word' id='word_1_901' title='bbox 1981 4863 2345 4917; x_wconf 85' lang='lat' dir='ltr'><strong>fortitudinem</strong></span> <span class='ocrx_word' id='word_1_902' title='bbox 2374 4861 2423 4915; x_wconf 92' lang='lat' dir='ltr'><strong>in</strong></span> <span class='ocrx_word' id='word_1_903' title='bbox 2455 4862 2710 4915; x_wconf 71' lang='lat' dir='ltr'><strong>aerumnis</strong></span> <span class='ocrx_word' id='word_1_904' title='bbox 2729 4903 2743 4923; x_wconf 94' lang='lat'><strong>,</strong></span> <span class='ocrx_word' id='word_1_905' title='bbox 2768 4863 2860 4917; x_wconf 87' lang='lat' dir='ltr'><strong>sed</strong></span> <span class='ocrx_word' id='word_1_906' title='bbox 2892 4875 2945 4919; x_wconf 88' lang='lat' dir='ltr'><strong>et</strong></span> <span class='ocrx_word' id='word_1_907' title='bbox 2966 4866 3350 4924; x_wconf 86' lang='lat' dir='ltr'><strong>continentiam</strong></span> <span class='ocrx_word' id='word_1_908' title='bbox 3371 4914 3386 4937; x_wconf 90' lang='lat'><strong>,</strong></span> <span class='ocrx_word' id='word_1_909' title='bbox 3410 4877 3576 4944; x_wconf 59' lang='lat' dir='ltr'><strong>a‘qui-</strong></span> 
     </span>
    </p>
   </div>
   <div class='ocr_carea' id='block_1_111' title="bbox 1983 4953 3572 5023">
    <p class='ocr_par' dir='ltr' id='par_1_111' title="bbox 1983 4953 3572 5023">
     <span class='ocr_line' id='line_1_111' title="bbox 1983 4953 3572 5023; baseline 0.011 -17"><span class='ocrx_word' id='word_1_910' title='bbox 1983 4963 2145 5007; x_wconf 82' lang='lat' dir='ltr'><strong>tatem</strong></span> <span class='ocrx_word' id='word_1_911' title='bbox 2167 4995 2183 5018; x_wconf 94' lang='lat'><strong>,</strong></span> <span class='ocrx_word' id='word_1_912' title='bbox 2203 4967 2527 5022; x_wconf 89' lang='lat' dir='ltr'><strong>omnemque</strong></span> <span class='ocrx_word' id='word_1_913' title='bbox 2547 4953 2940 5023; x_wconf 85' lang='lat' dir='ltr'><strong>philosophiam</strong></span> <span class='ocrx_word' id='word_1_914' title='bbox 2961 4959 3237 5014; x_wconf 87' lang='lat' dir='ltr'><strong>exhibeas.</strong></span> <span class='ocrx_word' id='word_1_915' title='bbox 3269 4961 3399 5018; x_wconf 86' lang='lat' dir='ltr'><strong>Illud</strong></span> <span class='ocrx_word' id='word_1_916' title='bbox 3430 4971 3572 5023; x_wconf 89' lang='lat' dir='ltr'><strong>enim</strong></span> 
     </span>
    </p>
   </div>
   <div class='ocr_carea' id='block_1_112' title="bbox 1980 5044 3575 5126">
    <p class='ocr_par' dir='ltr' id='par_1_112' title="bbox 1980 5044 3575 5126">
     <span class='ocr_line' id='line_1_112' title="bbox 1980 5044 3575 5126; baseline 0.009 -25"><span class='ocrx_word' id='word_1_917' title='bbox 1980 5055 2062 5101; x_wconf 89' lang='lat' dir='ltr'><strong>est</strong></span> <span class='ocrx_word' id='word_1_918' title='bbox 2079 5053 2134 5099; x_wconf 92' lang='lat' dir='ltr'><strong>ut</strong></span> <span class='ocrx_word' id='word_1_919' title='bbox 2148 5054 2358 5115; x_wconf 87' lang='lat' dir='ltr'><strong>oportet</strong></span> <span class='ocrx_word' id='word_1_920' title='bbox 2382 5044 2532 5113; x_wconf 86' lang='lat' dir='ltr'><strong>sequi</strong></span> <span class='ocrx_word' id='word_1_921' title='bbox 2563 5063 2578 5099; x_wconf 87' lang='lat'><strong>:</strong></span> <span class='ocrx_word' id='word_1_922' title='bbox 2601 5054 2655 5099; x_wconf 91' lang='lat' dir='ltr'><strong>et</strong></span> <span class='ocrx_word' id='word_1_923' title='bbox 2670 5047 2801 5100; x_wconf 85' lang='lat' dir='ltr'><strong>alias</strong></span> <span class='ocrx_word' id='word_1_924' title='bbox 2817 5061 3006 5102; x_wconf 89' lang='lat' dir='ltr'><strong>curare</strong></span> <span class='ocrx_word' id='word_1_925' title='bbox 3025 5051 3268 5114; x_wconf 88' lang='lat' dir='ltr'><strong>virtutes.</strong></span> <span class='ocrx_word' id='word_1_926' title='bbox 3289 5064 3342 5109; x_wconf 91' lang='lat' dir='ltr'><strong>et</strong></span> <span class='ocrx_word' id='word_1_927' title='bbox 3358 5070 3575 5126; x_wconf 88' lang='lat' dir='ltr'><strong>propter</strong></span> 
     </span>
    </p>
   </div>
   <div class='ocr_carea' id='block_1_113' title="bbox 1981 5134 3573 5217">
    <p class='ocr_par' dir='ltr' id='par_1_113' title="bbox 1981 5134 3573 5217">
     <span class='ocr_line' id='line_1_113' title="bbox 1981 5134 3573 5217; baseline 0.015 -34"><span class='ocrx_word' id='word_1_928' title='bbox 1981 5137 2153 5204; x_wconf 83' lang='lat' dir='ltr'><strong>ipsum</strong></span> <span class='ocrx_word' id='word_1_929' title='bbox 2172 5136 2348 5189; x_wconf 89' lang='lat' dir='ltr'><strong>omnia</strong></span> <span class='ocrx_word' id='word_1_930' title='bbox 2377 5135 2506 5204; x_wconf 88' lang='lat' dir='ltr'><strong>pati.</strong></span> <span class='ocrx_word' id='word_1_931' title='bbox 2529 5134 2668 5190; x_wconf 88' lang='lat' dir='ltr'><strong>Sunt</strong></span> <span class='ocrx_word' id='word_1_932' title='bbox 2695 5137 2834 5191; x_wconf 81' lang='lat' dir='ltr'><strong>enim</strong></span> <span class='ocrx_word' id='word_1_933' title='bbox 2851 5139 2939 5208; x_wconf 89' lang='lat' dir='ltr'><strong>qui</strong></span> <span class='ocrx_word' id='word_1_934' title='bbox 2965 5139 3234 5196; x_wconf 86' lang='lat' dir='ltr'><strong>diabolum</strong></span> <span class='ocrx_word' id='word_1_935' title='bbox 3257 5159 3573 5217; x_wconf 76' lang='lat' dir='ltr'><strong>sequuntur,</strong></span> 
     </span>
    </p>
   </div>
   <div class='ocr_carea' id='block_1_114' title="bbox 1981 5228 3575 5308">
    <p class='ocr_par' dir='ltr' id='par_1_114' title="bbox 1981 5228 3575 5308">
     <span class='ocr_line' id='line_1_114' title="bbox 1981 5228 3575 5308; baseline 0.008 -26"><span class='ocrx_word' id='word_1_936' title='bbox 1981 5238 2030 5282; x_wconf 89' lang='lat' dir='ltr'><strong>et</strong></span> <span class='ocrx_word' id='word_1_937' title='bbox 2063 5228 2176 5282; x_wconf 71' lang='lat' dir='ltr'><strong>haec</strong></span> <span class='ocrx_word' id='word_1_938' title='bbox 2206 5229 2476 5296; x_wconf 90' lang='lat' dir='ltr'><strong>patiuntur</strong></span> <span class='ocrx_word' id='word_1_939' title='bbox 2499 5271 2515 5294; x_wconf 94' lang='lat'><strong>,</strong></span> <span class='ocrx_word' id='word_1_940' title='bbox 2544 5237 2600 5282; x_wconf 91' lang='lat' dir='ltr'><strong>et</strong></span> <span class='ocrx_word' id='word_1_941' title='bbox 2626 5240 2845 5298; x_wconf 74' lang='lat' dir='ltr'><strong>promer</strong></span> <span class='ocrx_word' id='word_1_942' title='bbox 2888 5232 3032 5285; x_wconf 89' lang='lat' dir='ltr'><strong>illum</strong></span> <span class='ocrx_word' id='word_1_943' title='bbox 3060 5235 3267 5290; x_wconf 89' lang='lat' dir='ltr'><strong>animas</strong></span> <span class='ocrx_word' id='word_1_944' title='bbox 3296 5253 3419 5292; x_wconf 91' lang='lat' dir='ltr'><strong>suas</strong></span> <span class='ocrx_word' id='word_1_945' title='bbox 3451 5256 3575 5308; x_wconf 63' lang='lat' dir='ltr'><strong>pro.</strong></span> 
     </span>
    </p>
   </div>
   <div class='ocr_carea' id='block_1_115' title="bbox 1981 5318 3570 5396">
    <p class='ocr_par' dir='ltr' id='par_1_115' title="bbox 1981 5318 3570 5396">
     <span class='ocr_line' id='line_1_115' title="bbox 1981 5318 3570 5396; baseline 0.01 -23"><span class='ocrx_word' id='word_1_946' title='bbox 1981 5319 2150 5384; x_wconf 92' lang='lat' dir='ltr'><strong>dunt;</strong></span> <span class='ocrx_word' id='word_1_947' title='bbox 2183 5319 2278 5373; x_wconf 80' lang='lat' dir='ltr'><strong>sed</strong></span> <span class='ocrx_word' id='word_1_948' title='bbox 2319 5333 2417 5372; x_wconf 90' lang='lat' dir='ltr'><strong>nos</strong></span> <span class='ocrx_word' id='word_1_949' title='bbox 2452 5328 2668 5388; x_wconf 87' lang='lat' dir='ltr'><strong>pr0pter</strong></span> <span class='ocrx_word' id='word_1_950' title='bbox 2714 5318 3028 5388; x_wconf 87' lang='lat' dir='ltr'><strong>Christum,</strong></span> <span class='ocrx_word' id='word_1_951' title='bbox 3061 5326 3169 5381; x_wconf 89' lang='lat' dir='ltr'><strong>imo</strong></span> <span class='ocrx_word' id='word_1_952' title='bbox 3201 5339 3419 5396; x_wconf 74' lang='grc' dir='ltr'><strong>ιιι-θρίω·</strong></span> <span class='ocrx_word' id='word_1_953' title='bbox 3476 5349 3570 5390; x_wconf 90' lang='lat' dir='ltr'><strong>nos</strong></span> 
     </span>
    </p>
   </div>
   <div class='ocr_carea' id='block_1_116' title="bbox 1981 5409 3568 5485">
    <p class='ocr_par' dir='ltr' id='par_1_116' title="bbox 1981 5409 3568 5485">
     <span class='ocr_line' id='line_1_116' title="bbox 1981 5409 3568 5485; baseline 0.007 -20"><span class='ocrx_word' id='word_1_954' title='bbox 1981 5411 2146 5479; x_wconf 88' lang='lat' dir='ltr'><strong>ipsos.</strong></span> <span class='ocrx_word' id='word_1_955' title='bbox 2175 5409 2275 5474; x_wconf 90' lang='lat' dir='ltr'><strong>Illi,</strong></span> <span class='ocrx_word' id='word_1_956' title='bbox 2306 5420 2361 5464; x_wconf 92' lang='lat' dir='ltr'><strong>ut</strong></span> <span class='ocrx_word' id='word_1_957' title='bbox 2387 5411 2485 5465; x_wconf 89' lang='lat' dir='ltr'><strong>sibi</strong></span> <span class='ocrx_word' id='word_1_958' title='bbox 2512 5411 2639 5480; x_wconf 87' lang='lat' dir='ltr'><strong>ipsis</strong></span> <span class='ocrx_word' id='word_1_959' title='bbox 2667 5422 2721 5466; x_wconf 92' lang='lat' dir='ltr'><strong>et</strong></span> <span class='ocrx_word' id='word_1_960' title='bbox 2751 5411 2837 5466; x_wconf 88' lang='lat' dir='ltr'><strong>hic</strong></span> <span class='ocrx_word' id='word_1_961' title='bbox 2866 5423 2921 5469; x_wconf 91' lang='lat' dir='ltr'><strong>et</strong></span> <span class='ocrx_word' id='word_1_962' title='bbox 2946 5417 3052 5471; x_wconf 91' lang='lat' dir='ltr'><strong>illic</strong></span> <span class='ocrx_word' id='word_1_963' title='bbox 3076 5432 3339 5485; x_wconf 86' lang='lat' dir='ltr'><strong>noceant;</strong></span> <span class='ocrx_word' id='word_1_964' title='bbox 3369 5440 3486 5484; x_wconf 72' lang='lat' dir='ltr'><strong>nos,</strong></span> <span class='ocrx_word' id='word_1_965' title='bbox 3519 5438 3568 5480; x_wconf 86' lang='lat' dir='ltr'><strong>nt</strong></span> 
     </span>
    </p>
   </div>
   <div class='ocr_carea' id='block_1_117' title="bbox 1981 5505 3569 5582">
    <p class='ocr_par' dir='ltr' id='par_1_117' title="bbox 1981 5505 3569 5582">
     <span class='ocr_line' id='line_1_117' title="bbox 1981 5505 3569 5582; baseline 0.009 -24"><span class='ocrx_word' id='word_1_966' title='bbox 1981 5515 2262 5574; x_wconf 89' lang='lat' dir='ltr'><strong>utramque</strong></span> <span class='ocrx_word' id='word_1_967' title='bbox 2282 5505 2442 5558; x_wconf 87' lang='lat' dir='ltr'><strong>vitam</strong></span> <span class='ocrx_word' id='word_1_968' title='bbox 2466 5505 2755 5560; x_wconf 90' lang='lat' dir='ltr'><strong>lucremur.</strong></span> <span class='ocrx_word' id='word_1_969' title='bbox 2783 5507 3064 5575; x_wconf 87' lang='lat' dir='ltr'><strong>Quomodo</strong></span> <span class='ocrx_word' id='word_1_970' title='bbox 3081 5527 3208 5582; x_wconf 76' lang='lat' dir='ltr'><strong>ergo</strong></span> <span class='ocrx_word' id='word_1_971' title='bbox 3226 5529 3332 5568; x_wconf 90' lang='lat' dir='ltr'><strong>non</strong></span> <span class='ocrx_word' id='word_1_972' title='bbox 3349 5534 3569 5574; x_wconf 75' lang='lat' dir='ltr'><strong>summm</strong></span> 
     </span>
    </p>
   </div>
   <div class='ocr_carea' id='block_1_118' title="bbox 1981 5593 3569 5678">
    <p class='ocr_par' dir='ltr' id='par_1_118' title="bbox 1981 5593 3569 5678">
     <span class='ocr_line' id='line_1_118' title="bbox 1981 5593 3569 5678; baseline 0.011 -30"><span class='ocrx_word' id='word_1_973' title='bbox 1981 5593 2143 5649; x_wconf 86' lang='lat' dir='ltr'><strong>fuerit</strong></span> <span class='ocrx_word' id='word_1_974' title='bbox 2199 5597 2419 5665; x_wconf 76' lang='lat' dir='ltr'><strong>ignavia:</strong></span> <span class='ocrx_word' id='word_1_975' title='bbox 2466 5612 2572 5652; x_wconf 89' lang='lat' dir='ltr'><strong>non</strong></span> <span class='ocrx_word' id='word_1_976' title='bbox 2623 5608 2822 5652; x_wconf 89' lang='lat' dir='ltr'><strong>tantam</strong></span> <span class='ocrx_word' id='word_1_977' title='bbox 2869 5600 3230 5659; x_wconf 81' lang='lat' dir='ltr'><strong>fortitudinem</strong></span> <span class='ocrx_word' id='word_1_978' title='bbox 3285 5608 3569 5678; x_wconf 80' lang='lat' dir='ltr'><strong>exhibere,</strong></span> 
     </span>
    </p>
   </div>
   <div class='ocr_carea' id='block_1_119' title="bbox 1979 5691 3570 5763">
    <p class='ocr_par' dir='ltr' id='par_1_119' title="bbox 1979 5691 3570 5763">
     <span class='ocr_line' id='line_1_119' title="bbox 1979 5691 3570 5763; baseline 0.009 -21"><span class='ocrx_word' id='word_1_979' title='bbox 1979 5699 2229 5758; x_wconf 86' lang='lat' dir='ltr'><strong>quantam</strong></span> <span class='ocrx_word' id='word_1_980' title='bbox 2257 5691 2293 5745; x_wconf 90' lang='lat' dir='ltr'><strong>ii</strong></span> <span class='ocrx_word' id='word_1_981' title='bbox 2325 5693 2413 5757; x_wconf 87' lang='lat' dir='ltr'><strong>qui</strong></span> <span class='ocrx_word' id='word_1_982' title='bbox 2442 5703 2663 5761; x_wconf 88' lang='lat' dir='ltr'><strong>pereunt</strong></span> <span class='ocrx_word' id='word_1_983' title='bbox 2689 5695 2965 5760; x_wconf 85' lang='lat' dir='ltr'><strong>exhibent,</strong></span> <span class='ocrx_word' id='word_1_984' title='bbox 2988 5707 3045 5750; x_wconf 89' lang='lat' dir='ltr'><strong>et</strong></span> <span class='ocrx_word' id='word_1_985' title='bbox 3070 5697 3206 5763; x_wconf 42' lang='lat' dir='ltr'><strong>haec,</strong></span> <span class='ocrx_word' id='word_1_986' title='bbox 3235 5717 3354 5754; x_wconf 81' lang='lat' dir='ltr'><strong>cum</strong></span> <span class='ocrx_word' id='word_1_987' title='bbox 3381 5714 3457 5757; x_wconf 93' lang='lat' dir='ltr'><strong>tot</strong></span> <span class='ocrx_word' id='word_1_988' title='bbox 3477 5721 3570 5759; x_wconf 77' lang='lat' dir='ltr'><strong>co-</strong></span> 
     </span>
    </p>
   </div>
   <div class='ocr_carea' id='block_1_120' title="bbox 1982 5782 3575 5857">
    <p class='ocr_par' dir='ltr' id='par_1_120' title="bbox 1982 5782 3575 5857">
     <span class='ocr_line' id='line_1_120' title="bbox 1982 5782 3575 5857; baseline 0.01 -21"><span class='ocrx_word' id='word_1_989' title='bbox 1982 5782 2130 5836; x_wconf 88' lang='lat' dir='ltr'><strong>ronis</strong></span> <span class='ocrx_word' id='word_1_990' title='bbox 2173 5782 2360 5838; x_wconf 89' lang='lat' dir='ltr'><strong>donari</strong></span> <span class='ocrx_word' id='word_1_991' title='bbox 2395 5783 2732 5839; x_wconf 73' lang='lat' dir='ltr'><strong>debeamus?</strong></span> <span class='ocrx_word' id='word_1_992' title='bbox 2763 5787 2924 5857; x_wconf 85' lang='lat' dir='ltr'><strong>Atqui</strong></span> <span class='ocrx_word' id='word_1_993' title='bbox 2974 5791 3126 5844; x_wconf 90' lang='lat' dir='ltr'><strong>nobis</strong></span> <span class='ocrx_word' id='word_1_994' title='bbox 3154 5793 3298 5845; x_wconf 84' lang='lat' dir='ltr'><strong>adest</strong></span> <span class='ocrx_word' id='word_1_995' title='bbox 3329 5792 3575 5852; x_wconf 85' lang='lat' dir='ltr'><strong>Christus</strong></span> 
     </span>
    </p>
   </div>
   <div class='ocr_carea' id='block_1_121' title="bbox 1980 5875 3580 5953">
    <p class='ocr_par' dir='ltr' id='par_1_121' title="bbox 1980 5875 3580 5953">
     <span class='ocr_line' id='line_1_121' title="bbox 1980 5875 3580 5953; baseline 0.01 -26"><span class='ocrx_word' id='word_1_996' title='bbox 1980 5875 2290 5946; x_wconf 89' lang='lat' dir='ltr'><strong>auxiliator,</strong></span> <span class='ocrx_word' id='word_1_997' title='bbox 2334 5875 2438 5932; x_wconf 83' lang='lat' dir='ltr'><strong>illis</strong></span> <span class='ocrx_word' id='word_1_998' title='bbox 2481 5892 2660 5933; x_wconf 81' lang='lat' dir='ltr'><strong>nemo.</strong></span> <span class='ocrx_word' id='word_1_999' title='bbox 2710 5876 2824 5933; x_wconf 79' lang='lat' dir='ltr'><strong>[Ioc</strong></span> <span class='ocrx_word' id='word_1_1000' title='bbox 2863 5893 3023 5951; x_wconf 83' lang='lat' dir='ltr'><strong>porro</strong></span> <span class='ocrx_word' id='word_1_1001' title='bbox 3062 5889 3388 5953; x_wconf 60' lang='lat' dir='ltr'><strong>praeceptum</strong></span> <span class='ocrx_word' id='word_1_1002' title='bbox 3429 5902 3580 5942; x_wconf 79' lang='lat' dir='ltr'><strong>uian-</strong></span> 
     </span>
    </p>
   </div>
  </div>
