4170 6484
627 415 732 478 τιιᾶ

629 530 771 587 davlt
795 569 811 595 ,
852 542 973 585 cum
1018 526 1160 582 misit
1196 537 1291 581 eos
1319 523 1501 578 dicens
1538 540 1553 576 :
1601 519 1668 575 In
1697 507 1827 575 vium
1871 516 2089 588 gentium
2126 527 2189 566 ne

632 621 870 676 abieritis.
905 618 1053 673 Mitto
1090 607 1232 672 enim
1261 632 1348 670 eos
1369 617 1495 670 sicut
1522 629 1633 668 ms
1678 613 1806 666 inter
1832 607 1999 678 lupos.
2038 605 2099 658 Et
2123 603 2192 657 ad

634 712 866 784 prasides
907 720 954 763 et
996 724 1141 779 reges
1177 707 1426 761 ἀνιεωηὶ
1454 703 1661 777 (Matth.
1704 702 1789 757 10.
1831 702 1884 756 5.
1918 699 2005 752 16.
2056 697 2190 762 l7);

636 817 772 857 nunc
813 811 989 856 autem
1025 799 1157 854 illud
1193 798 1406 868 gravius
1435 807 1489 852 et
1535 797 1708 850 acrius
1736 792 2015 862 expressit.
2045 790 2196 845 Tunc

632 897 771 949 enim
806 903 1026 948 mortem
1057 899 1264 946 tantum
1297 890 1506 944 dicebat
1534 905 1548 946 :
1577 887 1663 942 hic
1687 900 1815 942 vero
1836 884 1995 938 etiam
2025 882 2197 936 erucis

632 985 954 1038 mentionem
985 982 1126 1046 fecit,
1155 991 1209 1035 et
1235 981 1407 1035 erucis
1429 987 1690 1049 perpetua:
1717 994 1731 1030 :
1760 990 1881 1029 nam
1904 974 2000 1038 ait,
2030 971 2197 1025 Tollat

632 1091 830 1129 crucem
855 1090 1036 1139 ruant;
1067 1072 1118 1126 id
1153 1079 1253 1136 est,
1296 1070 1452 1124 Ferat
1489 1083 1725 1137 semper,
1760 1075 1813 1120 et
1844 1072 2034 1134 portet.
2068 1059 2205 1115 Illud-

633 1179 792 1235 porro
818 1163 992 1218 facere
1016 1162 1220 1218 solebat
1240 1161 1457 1230 ubique,
1477 1173 1582 1213 non
1612 1158 1686 1210 ab
1708 1156 1858 1210 initio
1882 1163 1934 1208 et
1958 1151 2207 1216 exordio,

635 1258 726 1314 sed
767 1257 963 1312 sensim
1009 1265 1062 1310 et
1093 1255 1344 1323 paulatim
1389 1252 1585 1320 majora
1618 1257 1879 1319 praecepta
1923 1244 2196 1303 inducens,

636 1364 700 1402 ne
724 1347 991 1400 auditores
1019 1346 1093 1399 rei
1121 1347 1377 1414 gravitate
1423 1343 1781 1396 turbarentur.
1816 1336 2050 1398 Deinde,
2079 1334 2200 1402 quia

638 1441 687 1493 id
725 1439 861 1506 quod
891 1438 1086 1492 dictum
1127 1433 1298 1490 fuerat
1326 1477 1339 1500 ,
1369 1434 1554 1487 durum
1583 1445 1701 1485 esse
1744 1428 2018 1482 videbatur
2038 1466 2050 1488 ,
2085 1423 2208 1478 vide

636 1528 904 1597 quotumio
937 1529 989 1580 in
1029 1526 1372 1594 sequentibus
1409 1523 1565 1577 leniat
1595 1520 1744 1582 illud,
1777 1527 2040 1587 portatque
2069 1530 2202 1583 prm-

643 1623 743 1675 tnia
778 1620 1002 1672 sudores
1033 1616 1330 1684 superantia
1359 1631 1374 1679 ;
1400 1628 1568 1684 neque
1602 1613 1819 1681 praemia
1848 1620 2074 1670 tantum,
2107 1604 2198 1659 sed

638 1712 883 1782 nequitiae
911 1710 1168 1778 supg~iicia
1204 1725 1222 1768 εγ
1246 1708 1296 1759 in
1327 1705 1515 1776 quibus
1543 1705 1710 1774 magis
1745 1709 2008 1765 versatur,
2040 1713 2197 1767 quam

641 1806 691 1858 in
717 1804 852 1867 aliis,
893 1817 1141 1871 quoniam
1186 1814 1290 1852 non
1321 1798 1390 1851 ita
1433 1797 1690 1849 bonorum
1727 1793 1894 1856 dona,
1929 1802 1983 1844 ut
2021 1805 2206 1860 parua-

642 1913 758 1951 rum
785 1895 1240 1954 eomminationes,
1266 1891 1459 1945 multos
1488 1889 1552 1942 ad
1580 1902 1759 1942 sanam
1788 1896 2016 1940 mentem
2050 1884 2204 1938 redu-

641 2002 762 2042 cere
785 1985 978 2039 solent.
1011 1981 1387 2038 Animadverte
1418 1994 1579 2049 porro
1616 1975 1882 2046 quomodo
1924 1976 2044 2028 hinc
2077 1973 2208 2026 inei-

642 2077 750 2147 piat
774 2085 829 2131 et
859 2075 910 2129 in
946 2073 1173 2142 idipsum
1205 2072 1433 2126 desinat.
1482 2071 1570 2125 25.
1608 2069 1918 2136 Quicumque
1946 2066 2078 2119 enim
2127 2080 2211 2116 eo»

645 2169 790 2224 luerit
815 2169 1035 2221 animum
1075 2182 1220 2220 suam
1243 2165 1434 2219 salvam
1477 2157 1661 2231 facere,
1704 2161 1871 2231 perdet
1901 2174 2008 2210 eam
2045 2174 2064 2210 :
2091 2158 2205 2226 φάε

645 2275 850 2328 cumque
877 2256 1146 2328 perdiderit
1172 2257 1394 2308 animum
1439 2270 1580 2308 suam
1625 2259 1827 2321 propter
1865 2264 1958 2311 me,
2001 2247 2216 2299 inveniet

649 2369 776 2406 eam.
806 2351 894 2406 26.
933 2349 1065 2416 Quid
1088 2349 1217 2401 enim
1246 2347 1444 2415 prodest
1471 2346 1659 2398 homini
1683 2344 1724 2395 si
1755 2340 1996 2394 mundum
2019 2340 2219 2392 uniter.

650 2458 758 2496 sum
786 2442 1005 2495 lucretur
1031 2480 1046 2504 ,
1075 2428 1259 2492 animi:
1282 2453 1396 2491 vero
1421 2451 1526 2489 sua
1565 2435 1910 2487 detrimentum
1955 2429 2222 2498 patiatur?

649 2545 735 2588 aut
755 2549 902 2605 quam
931 2532 1068 2585 dabit
1093 2530 1242 2584 homo
1289 2528 1726 2582 commutationem
1765 2539 1857 2594 pro
1876 2523 2050 2575 anima
2087 2521 2222 2574 sua?

653 2625 706 2680 id
730 2632 811 2678 est
855 2641 868 2676 :
908 2621 1026 2676 Non
1061 2619 1202 2690 quod
1240 2617 1392 2673 vobis
1431 2631 1534 2672 non
1569 2630 1804 2687 parcam,
1859 2615 1965 2667 imo
1995 2615 2221 2666 maxime

653 2727 881 2783 parcens
904 2711 1018 2765 bzec
1045 2710 1317 2782 pmcipio.
1354 2707 1484 2761 Nam
1511 2708 1599 2776 qui
1630 2706 1798 2776 parcit
1818 2705 1926 2759 tilio
1954 2717 2072 2766 suo,
2105 2716 2223 2769 per-

654 2806 734 2859 dit
762 2804 1059 2872 illum;qui
1106 2817 1209 2856 non
1241 2801 1427 2870 parcit,
1465 2808 1642 2854 servat
1666 2812 1810 2852 eum.
1866 2796 2016 2863 Quod
2061 2796 2222 2848 etiam

657 2894 868 2963 sapiens
913 2890 1125 2960 quidam
1166 2891 1372 2945 dicebat
1422 2887 1523 2943 :Si
1545 2887 1846 2957 percusseris
1880 2884 2044 2953 ﬁlium
2088 2893 2227 2936 tuum

657 2987 813 3054 virga,
830 2999 934 3036 non
953 2982 1190 3036 morietur
1220 2982 1478 3035 :animam
1503 2988 1668 3032 autent
1686 2978 1796 3048 ejus
1822 2993 1854 3028 α
1871 2985 2026 3029 morte
2047 2975 2228 3040 eripies

659 3073 840 3142 (Proo.
889 3074 978 3128 23.
1031 3073 1158 3136 ll);
1214 3085 1277 3125 ac
1327 3084 1560 3134 rursum,
1613 3069 1713 3136 Qui
1759 3067 2022 3137 refrigerat
2064 3066 2236 3133 filium

660 3183 828 3230 suum,
859 3164 1030 3234 ligabit
1068 3163 1272 3215 vulnera
1321 3165 1428 3230 ejus
1466 3160 1652 3231 (Eccli.
1699 3159 1785 3215 '50.
1815 3160 1869 3228 1)
1905 3176 1917 3211 :
1950 3158 2048 3212 hoc
2071 3158 2229 3213 etiam

662 3257 713 3309 in
761 3255 996 3309 exercitu
1025 3252 1102 3307 iit.
1133 3252 1260 3306 Nam
1285 3253 1328 3306 si
1374 3251 1480 3306 dux
1539 3265 1758 3321 parcens
1788 3249 2060 3313 militibus,
2091 3249 2232 3304 intus

661 3346 838 3416 iubeat
883 3360 1094 3413 semper
1122 3358 1370 3405 manere,
1402 3354 1509 3397 tam
1553 3343 1743 3398 milites
1785 3357 1940 3412 quam
1987 3342 2118 3396 alios
2159 3342 2233 3396 si-

663 3437 772 3490 mul
815 3435 1125 3505 corrumpit.
1166 3433 1242 3488 Ne
1285 3433 1444 3503 igitur
1487 3434 1660 3504 etiam.
1688 3433 1836 3487 vobis
1867 3431 1992 3486 illud
2029 3433 2236 3486 contin-

665 3537 783 3598 gat,
830 3526 1026 3594 inquit,
1073 3532 1283 3593 Oportet
1308 3539 1403 3578 vos
1431 3533 1734 3593 perpetuam
1764 3523 1830 3578 ad
1861 3533 2084 3579 mortem
2115 3539 2235 3580 esse

668 3626 900 3687 paratos.
937 3614 1067 3669 Nam
1098 3624 1151 3669 et
1175 3629 1334 3684 grave
1381 3615 1576 3668 bellum
1625 3627 1746 3669 mox
1791 3615 2140 3670 excitabitur:
2169 3629 2236 3670 ne

666 3724 792 3778 ergo
822 3709 960 3761 intus
981 3707 1193 3773 sedeas,
1211 3707 1301 3761 sed
1323 3708 1406 3760 exi
1433 3718 1485 3762 et
1509 3717 1776 3777 pugnate;
1803 3708 1847 3762 si
1874 3707 1926 3761 in
1955 3708 2068 3762 acie
2095 3708 2237 3762 ceci-

668 3800 829 3862 deris,
887 3809 1008 3854 tunc
1036 3801 1195 3854 vitam
1226 3800 1489 3854 invenisti.
1533 3799 1662 3854 Nam
1711 3800 1753 3854 si
1796 3799 1848 3854 in
1893 3799 2040 3867 hisce
2086 3800 2238 3855 bellis

668 3889 979 3954 sensilibus,
1007 3890 1095 3960 qui
1147 3899 1420 3960 promptus
1446 3899 1498 3945 et
1540 3901 1751 3960 paratus
1777 3891 1841 3946 ad
1888 3890 2086 3946 caedem
2133 3902 2236 3958 est,

669 3982 756 4037 hic
784 3983 1070 4050 praeclarus
1096 3983 1232 4035 inter
1256 3992 1478 4037 caeteros
1503 3991 1558 4036 et
1586 3982 1813 4036 invictus
1834 3981 2058 4036 habetur
2087 4023 2102 4045 ,
2133 3982 2238 4036 ini-

670 4073 820 4128 micis
865 4071 1236 4125 formidolosus
1263 4080 1380 4136 est,
1411 4085 1729 4140 quamquam
1757 4071 1801 4124 si
1828 4071 2104 4136 moriatur,
2133 4088 2240 4126 non

672 4165 837 4234 possit
862 4180 980 4218 eum
1006 4165 1300 4233 Imperator
1326 4163 1602 4226 suscitare,
1629 4179 1723 4233 pro
1750 4178 1856 4233 quo
1881 4179 2026 4218 arma
2057 4167 2196 4236 cepit
2224 4182 2237 4218 :

673 4256 1027 4326 multomagis
1057 4257 1109 4309 in
1150 4257 1294 4309 hisce
1321 4255 1504 4321 bellis,
1556 4257 1645 4310 ubi
1691 4270 1812 4326 spes
1837 4257 2244 4313 resurrectionis

676 4348 936 4410 habetur,
991 4347 1079 4416 qui
1133 4347 1360 4399 animam
1406 4360 1553 4400 suam
1595 4347 1661 4402 ad
1713 4355 1939 4403 mortem
1991 4348 2241 4417 exponit,

674 4437 905 4492 inveniet
957 4451 1110 4490 eam:
1145 4437 1333 4505 primo,
1383 4436 1502 4504 quia
1538 4451 1642 4490 non
1683 4439 1789 4492 cito
1835 4439 2110 4503 vincetur;
2154 4453 2242 4494 se-

672 4527 877 4590 cundo,
895 4528 1016 4598 quia
1040 4526 1140 4582 etsi
1165 4526 1437 4591 ceciderit,
1467 4529 1530 4582 ad
1563 4528 1838 4584 meliorem
1865 4530 2022 4584 vitam
2052 4530 2244 4600 perdu-

682 4621 752 4674 cit
769 4633 908 4673 eam.

744 4712 797 4766 ὅ.
826 4709 1024 4765 Deinde
1045 4709 1165 4777 quia
1195 4709 1327 4763 dixit
1354 4726 1368 4765 :
1391 4709 1489 4776 Qui
1509 4709 1614 4764 vult
1633 4711 1854 4764 animum
1877 4728 2022 4765 suam
2053 4713 2246 4766 salvam

677 4807 862 4874 facere,
920 4801 1090 4872 perdet
1137 4817 1245 4854 eam
1272 4843 1284 4865 ,
1323 4810 1368 4855 et
1405 4804 1698 4870 quicumque
1729 4804 1936 4872 perdet,
1991 4804 2202 4860 salvabit
2228 4825 2248 4861 :

678 4895 764 4949 hic
791 4903 844 4948 et
873 4892 978 4948 illic
1004 4891 1230 4947 salutem
1259 4901 1324 4969 et.
1364 4891 1712 4962 perditionem
1760 4895 1974 4965 posuit,
2022 4911 2088 4951 ne
2131 4899 2248 4968 quis

677 4995 954 5056 utramque
986 4983 1070 5040 vel
1099 4983 1448 5055 perditionem
1478 4984 1560 5038 vel
1598 4977 1821 5040 salutem
1847 4987 2103 5056 atqualem
2129 5003 2250 5046 esse

676 5085 844 5146 putet,
873 5073 967 5131 sed
1014 5074 1163 5130 clare
1202 5072 1409 5140 discat,
1441 5081 1643 5129 tantum
1683 5089 1802 5131 esse
1844 5077 1990 5132 illam
2033 5074 2171 5134 inter
2197 5089 2253 5136 et

680 5167 815 5222 hanc
831 5165 1055 5221 salutem
1081 5165 1391 5230 discrimen,
1410 5173 1664 5236 quantum
1678 5167 1817 5221 inter
1829 5168 2176 5238 perditionem
2196 5180 2252 5228 et

679 5259 906 5312 salutem
935 5273 949 5321 ;
976 5265 1033 5312 et
1075 5271 1140 5311 ex
1170 5258 1455 5312 contrariis
1489 5256 1604 5313 haec
1631 5258 1701 5314 ita
1727 5263 2035 5328 comprobat
2066 5279 2079 5315 :
2115 5262 2251 5330 Quid

679 5351 809 5404 enim
852 5348 1050 5420 prodest
1079 5349 1267 5403 homini
1295 5349 1336 5403 si
1382 5347 1625 5402 mundum
1651 5351 1935 5405 uniuersum
1986 5350 2206 5409 lucretur
2232 5396 2247 5421 ,

679 5442 864 5495 anitum
905 5455 1022 5494 vero
1061 5455 1166 5495 suat
1216 5439 1563 5494 detrimentum
1594 5440 1860 5508 patiatur?
1903 5442 2086 5498 Viden‘
2115 5461 2250 5514 quo-

682 5531 843 5587 modo
879 5531 1025 5586 salus
1052 5541 1235 5587 contra
1261 5533 1348 5602 jus
1376 5531 1561 5603 fasque
1588 5543 1914 5603 comparata,
1939 5546 1994 5590 et
2022 5537 2252 5606 perditio

679 5634 780 5687 est,
803 5633 858 5678 et
880 5625 1024 5677 omni
1050 5625 1344 5692 perditione
1364 5625 1620 5692 deterior,
1651 5633 1829 5695 utpote
1868 5641 1987 5696 qua:
2012 5630 2081 5682 sit
2110 5629 2250 5682 insa-

683 5714 901 5777 nabilis,
932 5713 1070 5783 quod
1122 5714 1252 5769 nihil
1298 5716 1366 5769 sit
1391 5717 1525 5771 ultra
1550 5757 1566 5783 ,
1608 5730 1714 5786 quo
1743 5732 1803 5772 ea
1834 5717 2001 5786 possit
2028 5717 2254 5772 redimi?

678 5801 788 5861 Nec
814 5805 978 5875 dicas,
1008 5804 1210 5875 inquit,
1237 5798 1469 5863 animam
1514 5824 1665 5866 suam
1714 5823 1957 5867 servasse
2009 5809 2098 5881 qui
2129 5812 2249 5868 talia

1325 409 1378 464 S.
1417 403 1690 463 JOANMS
1709 395 2177 458 CliRYSOSTOﬂl
2216 387 2526 448 ARCHIEP.
2565 383 3089 444 CONSTANTINOP.

3763 383 3871 439 ειι

2305 505 2536 578 pericula
2563 505 2829 567 evaserit;
2864 503 2958 559 sed
2997 516 3116 558 cum
3167 501 3342 557 anima
3383 501 3497 572 ejus
3541 515 3679 571 pone
3711 501 3878 556 etiam

2300 608 2467 654 totum
2505 597 2711 651 urbem.
2739 594 2873 663 Quid
2919 595 3041 650 hinc
3083 593 3199 662 plus
3249 593 3459 648 habebit
3503 592 3603 648 illa
3627 591 3880 664 perdita?

2302 689 2395 744 Dic
2423 689 2565 743 enim
2615 687 2779 753 mihi,
2813 687 2854 740 si
2895 685 3121 739 famulos
3151 694 3268 738 tuos
3298 682 3506 738 videres
3557 684 3609 736 in
3665 681 3874 738 deliciis

2301 794 2440 846 esse,
2490 788 2650 846 teque
2682 779 2732 832 in
2764 777 3016 834 extremis
3057 776 3212 831 mulis
3233 817 3247 842 ,
3279 791 3344 830 an
3372 775 3493 846 quia
3521 773 3770 828 dominus
3796 787 3876 834 es.

2302 874 2423 926 hinc
2447 871 2713 942 quidpiam
2767 879 2819 924 te
2850 868 3039 922 lucrari
3071 877 3291 938 putares
3312 868 3347 920 t‘
3365 867 3732 936 Nequaquam.
3766 862 3878 918 Hoc

2302 965 2472 1033 ipsum
2501 963 2568 1019 de
2597 963 2775 1017 anima
2802 963 2997 1033 cogita,
3025 978 3146 1017 cum
3176 977 3339 1017 carne
3369 962 3420 1016 in
3452 961 3660 1017 deliciis
3697 969 3756 1014 et
3793 959 3882 1013 di-

2302 1056 2443 1108 vitiis
2471 1064 2677 1124 agente,
2703 1054 2788 1108 illa
2822 1053 3048 1107 futuram
3073 1053 3359 1123 perniciem
3388 1061 3684 1124 exspectat.
3717 1051 3883 1118 Quam

2303 1156 2467 1197 autem
2493 1146 2628 1198 dabit
2651 1145 2796 1198 homo
2817 1145 3251 1198 commutationem
3272 1160 3363 1213 pro
3389 1146 3559 1197 anima
3579 1159 3672 1197 sua
3692 1143 3719 1196 2
3744 1141 3886 1196 Bur-

2305 1252 2393 1289 sus
2421 1237 2614 1290 eadem
2645 1238 2695 1289 in
2720 1250 2778 1290 re
2805 1235 3029 1290 insistit.
3049 1235 3182 1288 Nutu
3215 1235 3394 1297 aliam,
3424 1236 3613 1304 inquit,
3638 1235 3873 1288 animam

2308 1327 2470 1381 habes
2499 1369 2510 1386 .
2557 1339 2713 1396 quam
2756 1327 2850 1380 des
2896 1342 2990 1395 pro
3019 1327 3192 1381 anima
3223 1327 3346 1379 tuo?
3390 1323 3646 1378 Pecunias
3672 1325 3812 1378 enim
3840 1321 3884 1376 si

2309 1432 2398 1486 per
2409 1417 2627 1479 dideris,
2643 1417 2772 1469 alios
2790 1416 3108 1486 pro-amissis
3125 1425 3273 1484 potes
3291 1415 3538 1485 supplere
3558 1431 3569 1478 ;
3589 1416 3822 1482 itemque
3843 1412 3888 1465 si

2309 1509 2539 1570 domum,
2567 1509 2610 1563 si
2627 1524 2832 1570 servos,
2849 1509 2890 1562 si
2906 1509 3142 1578 quamvis
3162 1508 3314 1561 aliam
3330 1507 3722 1575 possessionem
3742 1524 3752 1556 :
3774 1503 3891 1557 ani-

2311 1618 2450 1656 mum
2485 1617 2606 1658 vero
2635 1619 2677 1655 sn
2705 1603 3015 1666 perdideris.
3047 1603 3202 1653 alium
3231 1615 3343 1653 non
3377 1600 3577 1668 poteris
3608 1597 3737 1651 d‘ure
3777 1595 3894 1648 ani-

2313 1709 2487 1747 mum;
2518 1693 2609 1747 sed
2634 1694 2837 1748 etiamsi
2858 1705 3110 1745 mundum
3140 1692 3360 1757 habeas,
3390 1691 3594 1744 etiamsi
3626 1707 3714 1744 rer
3749 1687 3895 1740 mla-is

2313 1788 2527 1848 sis,nec
2555 1787 2597 1838 si
2625 1786 2800 1837 omnia
2828 1799 2943 1852 quae
2972 1785 3024 1837 in
3049 1791 3174 1835 urbe
3205 1791 3348 1847 sunt,
3383 1784 3489 1834 into
3513 1795 3610 1836 nec
3637 1780 3680 1834 si
3719 1782 3894 1846 ipsum

2315 1879 2498 1931 orbem
2531 1892 2777 1945 poneres,
2818 1891 3000 1945 posses
3025 1876 3106 1929 vel
3149 1875 3379 1928 animam
3411 1890 3569 1928 unam
3609 1873 3895 1926 redime-re.

2319 1967 2515 2035 Ecquid
2547 1968 2735 2021 mirum
2783 1967 2902 2020 siin
2930 1967 3105 2019 anima
3136 1967 3208 2019 ita
3237 1966 3323 2032 sit,
3361 1980 3481 2019 cum
3509 1975 3563 2018 et
3589 1966 3640 2018 in
3672 1978 3899 2033 Corpore

2319 2059 2544 2126 idipsum
2577 2057 2879 2128 perspicere
2926 2056 3124 2111 liceat?
3151 2057 3368 2111 Etiamsi
3411 2056 3553 2111 mille
3595 2054 3900 2110 diademati-

2319 2151 2420 2203 bus
2468 2149 2745 2219 insignitus
2775 2163 2945 2215 esses,
2992 2151 3034 2202 si
3084 2164 3277 2219 corpus
3324 2148 3551 2203 haberes
3597 2146 3902 2202 morbidum

2320 2252 2377 2296 et-
2420 2241 2709 2296 incurabile
2731 2283 2744 2306 ,
2775 2255 2878 2294 non
2909 2255 3093 2310 posses
3118 2283 3130 2302 ,
3165 2249 3277 2294 toto
3303 2255 3468 2310 regno
3513 2239 3565 2294 in
3594 2237 3903 2294 mercedem

2323 2335 2446 2387 dato
2473 2375 2488 2398 ,
2545 2335 2822 2387 sanitatem
2872 2335 3109 2402 corporis
3157 2333 3460 2400 restituere,
3509 2333 3716 2387 etiamsi
3757 2329 3904 2388 mille

2324 2441 2542 2494 corpora
2585 2426 2861 2494 adjiceres,
2893 2427 3052 2480 urbes
3106 2435 3263 2495 atque
3308 2426 3582 2496 pecunias.
3621 2424 3712 2480 Sic
3740 2425 3906 2482 etiam

2325 2520 2391 2570 de
2421 2519 2592 2570 anima
2645 2517 2850 2587 cogita:
2899 2517 3008 2571 imo
3047 2517 3212 2571 multo
3238 2519 3406 2587 magis
3434 2516 3505 2572 do
3544 2515 3741 2580 anima,
3785 2530 3906 2570 om-

2327 2611 2585 2694 nibusque
2628 2609 2743 2666 aliis
2788 2609 3024 2676 relictis,
3054 2624 3270 2679 operam
3303 2617 3468 2665 totam
3503 2611 3555 2664 in
3586 2609 3729 2664 illam
3775 2622 3908 2665 oon-

2330 2701 2486 2756 feras.

2399 2795 2451 2848 4.
2477 2793 2555 2845 Ad
2574 2809 2654 2846 cos
2675 2793 2761 2862 qui
2788 2791 3001 2846 sahttem
3023 2796 3209 2847 anima:
3227 2793 3502 2865 negligant.
3533 2793 3709 2849 Gloria
3727 2803 3780 2849 et
3803 2792 3918 2848 sub-

2332 2884 2514 2940 stantia
2551 2899 2650 2936 una
2679 2881 2855 2938 Patris
2901 2893 2944 2937 et
2994 2883 3135 2938 Filii.
3171 2914 3233 2924 -
3260 2884 3334 2940 Ne
3385 2887 3560 2955 itaque
3601 2885 3668 2940 de
3715 2885 3910 2940 alienis

2332 2975 2622 3040 sollicitus,
2674 2975 2897 3045 teipsum
2937 2987 2991 3030 et
3037 2989 3123 3030 tua
3177 2977 3529 3047 negligaszid
3576 2977 3716 3048 quod
3773 2991 3914 3032 nunc

2331 3081 2517 3120 omnes
2558 3065 2764 3120 faciunt
2786 3107 2801 3132 ,
2839 3066 3042 3121 similes
3074 3067 3136 3122 iis
3166 3068 3261 3136 qui
3291 3070 3341 3121 in
3373 3069 3604 3123 metallis
3632 3069 3913 3132 laborant.

2334 3157 2422 3226 qni
2455 3157 2582 3210 nihil
2609 3157 2850 3210 utilitatis
2878 3158 2958 3212 vel
2989 3157 3288 3212 divitiarum
3327 3173 3393 3212 ex
3432 3158 3534 3214 hoc
3571 3159 3752 3214 labore
3794 3174 3916 3214 car-

2336 3257 2462 3315 punt
2496 3263 2511 3310 ;
2543 3246 2635 3301 sed
2663 3247 2886 3300 multum
2914 3247 3244 3312 detrimenti,
3268 3249 3518 3318 quoniam
3548 3249 3738 3305 frustra
3773 3251 3918 3318 peri-

2337 3339 2584 3392 clitantur
2611 3348 2660 3391 et
2693 3354 2789 3407 pro
2820 3339 2939 3393 aliis
2970 3340 3352 3408 periclitantur,
3383 3341 3510 3395 nihil
3543 3357 3609 3397 ex
3635 3342 3919 3398 sudoribus

2338 3440 2391 3484 et
2415 3447 2482 3485 ex
2512 3441 2720 3496 morte,
2757 3447 2913 3501 quam
2944 3433 3254 3501 plerumque
3280 3434 3509 3496 obeunt,
3547 3434 3745 3488 fructus
3776 3436 3921 3490 refe-

2339 3535 2537 3576 rentes.
2585 3521 2690 3579 lles
2735 3523 2885 3576 multi
2933 3538 3074 3576 nunc
3120 3524 3410 3588 imitantur,
3445 3526 3532 3594 qui
3562 3525 3679 3579 aliis
3708 3526 3924 3580 divitias

2339 3622 2608 3684 quarunt;
2658 3613 2766 3667 imo
2808 3613 2890 3668 his
2918 3614 3224 3669 miseriores
3245 3625 3390 3680 sunt,
3421 3615 3560 3686 quod
3591 3625 3710 3687 post
3737 3626 3814 3671 t0t
3842 3617 3923 3670 la-

2343 3703 2497 3758 bores
2541 3706 2783 3773 gelienna
2836 3718 2932 3758 nos
2972 3713 3264 3775 exspectet.
3321 3705 3425 3761 illis
3473 3707 3615 3762 enim
3666 3704 3937 3764 sudorum

2344 3796 2501 3849 tinem
2527 3809 2674 3847 mors
2704 3794 2892 3849 atl'ert:
2923 3796 3075 3849 nobis
3107 3804 3281 3851 autem
3324 3798 3529 3852 initium
3574 3798 3720 3852 mille
3751 3798 3929 3853 malo-

2343 3901 2457 3940 rum
2489 3900 2633 3939 mors
2659 3896 2760 3939 est.
2794 3884 2944 3950 Quod
2975 3886 3020 3939 si
3049 3885 3223 3962 dicas,
3256 3895 3310 3942 te
3335 3888 3552 3943 divitem
3582 3890 3685 3944 tuis
3711 3887 3816 3944 frui
3847 3890 3923 3943 la-

2343 3977 2559 4031 boribus
2581 4016 2596 4042 ,
2626 3975 2849 4030 ostende
2879 3976 3111 4031 animam
3149 3977 3321 4032 iratam
3350 3987 3404 4034 et
3431 3979 3650 4035 hilarem
3672 4021 3686 4044 ,
3719 3989 3775 4040 et
3802 3989 3930 4038 tunc

2345 4069 2397 4123 id
2420 4069 2657 4124 credam.
2686 4069 2934 4125 Omnium
2975 4072 3166 4141 quippe
3206 4088 3324 4142 qua:
3359 4072 3411 4126 in
3454 4072 3608 4127 nobis
3633 4083 3756 4127 sunt
3779 4073 3931 4144 prin-

2345 4176 2472 4231 ceps
2501 4171 2579 4216 est
2619 4163 2794 4215 anima
2821 4180 2834 4214 :
2863 4161 3001 4231 quod
3042 4163 3086 4217 si
3113 4178 3311 4231 corpus
3350 4164 3438 4218 illa
3469 4167 3778 4221 tabescente
3810 4165 3932 4235 pin-

2347 4256 2583 4325 guescit,
2615 4254 2865 4308 nihiltibi
2899 4254 3142 4309 utilitatis
3183 4253 3342 4308 atl‘ert
3397 4254 3484 4308 illa
3537 4255 3872 4313 abundantia
3913 4272 3926 4314 :

2348 4348 2481 4400 sicut
2506 4347 2648 4415 enim
2680 4346 2870 4402 ancilla
2902 4347 3133 4413 ltelante,
3163 4346 3294 4401 nihil
3318 4346 3384 4400 ad
3411 4345 3593 4402 heram
3620 4358 3932 4414 pereuntem

2349 4437 2558 4492 ancillae
2601 4437 2926 4506 prosperitas
2969 4436 3158 4502 affert,
3189 4453 3288 4492 nec
3315 4435 3439 4507 quid
3471 4439 3677 4492 confert
3703 4440 3932 4494 vastiora

2350 4541 2565 4584 ornatus
2594 4528 2662 4582 ad
2689 4528 2864 4583 carnis
2892 4528 3289 4591 inﬁmitatem;
3323 4528 3416 4584 sed
3443 4545 3653 4584 rursum
3675 4528 3820 4585 dicet
3841 4528 3934 4584 tibi

2351 4620 2590 4675 Christus
2615 4639 2628 4675 :
2659 4619 2820 4685 Quam
2843 4620 2982 4672 dabit
3004 4620 3158 4673 homo
3171 4621 3609 4674 commutationem
3637 4615 3730 4689 pro
3759 4622 3934 4674 animo

2351 4714 2483 4764 sua?
2512 4711 2850 4780 pneipitque
2876 4710 2966 4764 tibi
2993 4713 3102 4763 sem
3114 4725 3225 4778 per,
3254 4718 3309 4764 ut
3336 4710 3399 4763 ad
3430 4709 3572 4764 illam
3617 4711 3931 4766 servandam

2353 4801 2611 4865 versaris,
2642 4801 2891 4869 illamque
2921 4814 3072 4854 cares
3099 4799 3289 4854 solam.
3325 4799 3612 4870 Postquam
3659 4801 3818 4872 igitur
3849 4797 3933 4856 his

2355 4892 2535 4947 verbis
2561 4900 2823 4946 terrorem
2850 4890 3103 4960 incussit,
3123 4890 3395 4970 bonorum
3426 4892 3782 4960 promissione
3805 4909 3935 4950 con-

2356 4985 2579 5051 solatur,
2610 4984 2692 5039 his
2718 4983 2895 5039 verbis
2919 5001 2931 5036 :
2954 4983 3042 5038 27.
3086 4981 3255 5038 Filias
3284 4985 3418 5038 enim
3447 4985 3662 5039 hominis
3697 4994 3934 5041 rentum

2356 5077 2504 5132 estin
2536 5075 2703 5146 gloria
2745 5074 2916 5131 Patris
2960 5092 3074 5130 cum
3113 5078 3301 5132 sanctis
3338 5077 3529 5147 angelis
3567 5078 3697 5143 suis,
3742 5087 3789 5130 et
3818 5085 3936 5130 tm

2355 5172 2527 5225 reddet
2553 5171 2819 5240 unicuique
2840 5169 3112 5224 secundum
3135 5186 3286 5240 opera
3306 5169 3434 5240 ejus.
3460 5167 3649 5224 Viden'
3667 5168 3934 5240 quomodo

2355 5263 2520 5333 gloria
2570 5261 2639 5315 sit
2679 5276 2780 5314 una
2814 5260 2984 5316 Patris
3025 5270 3077 5314 et
3122 5259 3283 5315 Filii?
3325 5259 3476 5326 Quod
3507 5259 3551 5314 si
3591 5259 3760 5330 gloria
3787 5275 3928 5326 una,

2357 5351 2694 5408 manifestum
2727 5361 2808 5406 cst
2831 5352 3183 5406 substantiam
3205 5365 3413 5420 quoque
3435 5364 3593 5406 unam
3625 5364 3765 5407 esse.
3799 5350 3930 5406 Nam

2356 5444 2399 5498 si
2444 5446 2492 5498 in
2525 5443 2820 5502 substantia
2868 5441 3004 5506 una,
3065 5440 3364 5496 diﬂ'erentia
3421 5449 3506 5496 est
3557 5439 3744 5510 gloriae
3797 5440 3934 5509 (Alia

2354 5537 2549 5606 quippe
2579 5545 2650 5588 est
2691 5535 2854 5605 gloria
2896 5533 3051 5597 solis,
3093 5533 3193 5586 alia
3221 5532 3385 5614 gloria
3417 5533 3580 5595 (ante,
3628 5533 3735 5585 alia
3774 5533 3933 5602 gloria

2355 5628 2613 5682 stellarum
2632 5643 2651 5681 :
2682 5625 2825 5680 stella
2867 5626 2999 5680 enim
3033 5642 3066 5694 α
3098 5625 3245 5680 stella
3268 5623 3438 5692 ditTert
3459 5626 3510 5679 in
3538 5625 3701 5699 gloria
3731 5622 3781 5698 [l
3813 5623 3930 5679 Cor.

2360 5719 2452 5774 15.
2485 5716 2594 5790 li].
2625 5726 2681 5771 et
2711 5728 2886 5770 tamen
2917 5731 3019 5770 una
3053 5727 3135 5770 est
3170 5703 3509 5787 substantia),
3542 5716 3810 5786 quomodo
3841 5731 3931 5770 eo-

2360 5827 2510 5882 rum,
2542 5824 2770 5882 quorum
2801 5808 2969 5879 gloria
2997 5823 3098 5864 una
3129 5817 3230 5878 cst,
3253 5808 3548 5864 substantia
3574 5807 3783 5864 diversa
3809 5819 3928 5863 esse
