4170 6474
343 409 436 465 5‘5

339 523 624 581 credatur?
648 525 768 582 Non
791 525 938 582 enim
977 523 1145 594 dixit,
1199 523 1257 578 ln
1297 522 1388 578 tali
1435 522 1603 592 gloria
1642 518 1814 590 qualis
1843 527 1925 574 est

345 613 515 673 Patris
543 619 715 688 gloria
736 659 753 685 ,
783 627 840 674 ut
866 617 1154 673 discrimen
1185 630 1306 671 esse
1333 615 1653 687 suspiceris;
1702 612 1797 668 sed
1840 627 1930 666 ac-

339 719 560 775 curate,
593 713 648 766 in
680 710 867 766 eadem
899 710 1042 780 ipsa,
1073 708 1281 779 inquit,
1317 707 1486 777 gloria
1515 706 1736 769 veniet,
1769 706 1840 757 ita
1873 712 1928 757 ut

339 820 442 860 una
482 805 782 873 eademque
825 817 942 858 esse
983 801 1236 871 putetur?
1262 799 1396 865 Quid
1424 798 1589 867 igitur
1620 799 1776 851 times
1796 836 1810 860 ,
1842 796 1926 850 in-

336 901 470 966 qult,
491 896 680 961 Petre,
710 895 836 949 dum
862 904 1088 949 mortem
1113 891 1304 947 audis?
1330 889 1478 944 Tunc
1501 892 1642 942 enlm
1669 904 1753 942 me
1781 886 1928 941 vide-

335 987 414 1041 bis
439 987 493 1040 in
527 987 699 1057 gloria
726 979 924 1040 Patris.
951 984 1008 1040 Si
1032 999 1134 1053 ego
1165 983 1219 1036 in
1246 982 1414 1052 gloria
1436 1019 1452 1045 ,
1477 990 1532 1034 et
1561 993 1657 1032 vos
1677 978 1729 1031 in
1756 978 1922 1048 gloria

333 1080 504 1133 eritis.
539 1078 656 1134 Non
682 1079 824 1132 enim
859 1092 945 1133 res
972 1087 1163 1131 vestrm
1189 1085 1312 1130 sunt
1335 1073 1618 1143 praesentis
1641 1072 1763 1126 vitae
1783 1063 1940 1141 limis

334 1171 474 1225 tibus
505 1170 926 1239 circumscriptae
953 1189 970 1223 :
999 1167 1092 1222 sed
1119 1167 1220 1221 alia
1249 1181 1367 1221 sors
1406 1165 1596 1219 melior
1636 1177 1734 1216 vos
1771 1163 1919 1216 esci-

331 1264 457 1333 piet.
497 1265 749 1318 Attamen
776 1272 1055 1332 postquam
1088 1261 1225 1315 bona
1250 1259 1337 1312 illa
1366 1257 1523 1322 dixit,
1557 1271 1662 1310 non
1689 1255 1777 1310 hic
1801 1253 1922 1309 sub-

328 1354 484 1415 stitit.
521 1353 620 1408 sed
648 1363 702 1408 et
728 1353 982 1408 terribilia
1014 1351 1334 1416 admiscuit,
1379 1348 1640 1418 judicium
1687 1345 1816 1422 illud
1863 1345 1917 1400 in

327 1443 566 1499 medium
604 1444 892 1504 adducens,
928 1452 980 1496 et
1013 1443 1249 1496 rationes
1279 1439 1650 1502 inevitabiles,
1694 1448 1918 1493 senten-

328 1536 450 1589 tiam
494 1535 616 1590 sine
643 1536 744 1588 ulla
774 1534 1112 1603 acceptione,
1136 1532 1396 1602 judicium
1427 1529 1567 1601 quod
1608 1530 1780 1599 decipi
1819 1544 1915 1584 ne-

323 1629 458 1697 quit.
496 1627 683 1698 Neque
709 1637 882 1682 tamen
924 1627 1128 1680 tristem
1169 1626 1293 1681 sivit
1339 1626 1561 1678 omnino
1606 1638 1912 1678 sermonem

324 1732 465 1784 esse,
495 1719 594 1774 sed
626 1718 815 1772 bonam
849 1732 999 1786 spem
1027 1715 1332 1770 admiscuit.
1361 1713 1544 1784 Neque
1571 1714 1716 1768 enim
1743 1713 1909 1780 dixit,

323 1809 473 1864 Tunc
509 1819 817 1878 peccatores
845 1811 1058 1878 puniet,
1108 1809 1240 1872 sed,
1283 1808 1480 1863 Reddet
1521 1807 1790 1876 unicuique
1828 1822 1912 1860 se-

318 1900 545 1955 cundum
571 1917 726 1972 opera
745 1917 857 1955 sua.
891 1900 1002 1955 lloc
1029 1915 1187 1970 porro
1210 1901 1346 1955 dixit
1374 1915 1478 1954 non
1509 1898 1669 1953 modo
1697 1908 1755 1952 ut
1783 1912 1910 1967 pec-

316 1994 594 2048 catoribus
639 1994 883 2062 supplicii
926 1994 1238 2047 memoriam
1286 2003 1594 2054 revocaret,
1625 1992 1718 2046 sed
1745 1992 1907 2046 etiam

315 2094 371 2137 ut
399 2085 503 2153 piis
532 2085 840 2138 braviorum
869 2093 922 2139 et
947 2099 1287 2138 coronarum.
1320 2083 1426 2138 Sed
1453 2084 1543 2138 ille
1569 2084 1817 2153 quidem,
1851 2093 1908 2138 ut

313 2174 483 2229 bonos
534 2177 678 2229 viros
726 2185 1034 2242 recrearet,
1094 2176 1208 2231 haec
1250 2175 1412 2234 dixit:
1445 2190 1547 2245 ego
1571 2186 1748 2230 autem
1777 2190 1898 2246 per-

312 2271 571 2324 horresco
595 2284 811 2338 semper
848 2269 975 2323 dum
1005 2270 1118 2322 haec
1143 2269 1302 2322 audio
1332 2287 1345 2323 :
1375 2285 1480 2323 non
1512 2283 1630 2322 sum
1661 2269 1804 2323 enim
1835 2267 1903 2322 de

310 2377 538 2416 numero
567 2362 1012 2417 coronandorum.
1063 2362 1198 2416 Puto
1225 2371 1401 2416 autem
1430 2361 1564 2415 alios
1593 2376 1713 2417 esse
1742 2360 1901 2428 hujus

309 2453 518 2506 timoris
547 2463 600 2506 et
627 2454 886 2522 angustiae
914 2453 1067 2509 nobis
1093 2463 1393 2506 consortes.
1425 2452 1592 2520 Quem
1622 2454 1766 2508 enim
1791 2468 1896 2506 non

307 2555 528 2614 possent
572 2545 688 2600 hinc
725 2547 885 2600 verba
917 2558 1119 2601 terrere
1142 2587 1156 2611 ,
1204 2547 1248 2600 si
1282 2547 1332 2599 in
1365 2545 1754 2600 conscientiam
1779 2545 1897 2614 ejus

305 2639 682 2705 immittantur,
711 2654 868 2708 quem
913 2654 1017 2693 non
1062 2640 1112 2694 in
1162 2639 1442 2693 horrorem
1495 2638 1790 2700 inducere,
1822 2638 1892 2692 ita

303 2741 359 2785 ut
403 2747 720 2801 persuasum
765 2731 978 2796 haheat,
1026 2732 1178 2786 nobis
1223 2746 1382 2786 sacco
1410 2741 1463 2786 et
1503 2732 1661 2801 longo
1685 2732 1893 2799 jejunio

300 2840 431 2892 opus
453 2839 576 2880 esse
601 2828 767 2895 magis
791 2841 947 2896 quam
972 2828 1166 2895 populo
1194 2823 1584 2877 Ninivitarum?
1608 2821 1722 2877 Non
1744 2825 1887 2877 enim

298 2915 363 2970 de
391 2917 540 2971 urbis
585 2917 863 2971 eversione
912 2927 966 2971 et
1012 2917 1080 2970 de
1121 2917 1392 2970 communi
1446 2915 1660 2969 interitu
1711 2930 1889 2969 sermo

297 3009 448 3062 nobis
478 3016 564 3062 est
584 3049 599 3071 ,
634 3009 725 3063 sed
753 3009 820 3063 de
849 3009 1109 3079 supplicio
1134 3017 1358 3072 aeterno,
1383 3005 1449 3062 de
1473 3006 1594 3077 igne
1622 3007 1711 3076 qui
1735 3022 1888 3060 nurn-

293 3118 448 3172 quam
483 3101 860 3172 exstinguitur.

360 3194 412 3249 5.
450 3193 823 3248 Monachorum
865 3195 978 3248 laus
1009 3205 1054 3248 et
1087 3195 1200 3249 vites
1227 3212 1404 3266 genus.
1433 3224 1504 3236 -—-
1529 3194 1656 3250 Ideo
1698 3209 1886 3249 mona-

291 3286 436 3347 chus,
467 3287 558 3354 qui
591 3287 800 3341 deserta
831 3296 1181 3356 occuparunt,
1213 3286 1372 3340 laudo
1399 3299 1451 3340 et
1481 3288 1738 3349 admiror,
1772 3295 1880 3338 tum

289 3377 403 3430 aliis
429 3378 499 3432 de
526 3379 726 3434 causis.
765 3387 872 3431 tum
904 3387 1122 3447 propter
1145 3378 1258 3431 haec
1285 3377 1465 3431 verba.
1497 3375 1627 3430 Nam
1661 3377 1734 3429 illi
1763 3385 1882 3445 post

288 3469 573 3535 prandium
597 3510 610 3531 ,
641 3470 749 3523 imo
780 3485 908 3524 vero
941 3479 1064 3538 post
1095 3485 1302 3524 Cinnam
1328 3509 1341 3530 ,
1374 3469 1653 3537 prandium
1683 3469 1880 3536 quippe

287 3577 389 3614 non
421 3572 657 3624 norunt;
681 3564 856 3616 sciunt
885 3563 1024 3617 enim
1055 3578 1292 3632 priesens
1319 3572 1528 3631 tempus
1558 3574 1676 3614 esse
1704 3561 1878 3615 luctus

284 3669 341 3705 ac
364 3654 556 3721 jejuuii
595 3673 606 3706 :
642 3663 756 3721 post
782 3668 992 3708 cmnam
1023 3655 1181 3724 igitur
1201 3655 1399 3724 gratias
1428 3653 1535 3707 Deo
1558 3651 1872 3716 referentes,

283 3742 417 3798 hanc
476 3755 780 3799 memorant
830 3761 1040 3800 vorem.
1106 3746 1163 3801 Si
1217 3746 1374 3800 vultis
1428 3755 1606 3799 autem
1662 3744 1873 3798 illorum

282 3834 542 3904 hymnum
593 3834 811 3899 audire,
858 3845 916 3888 ut
954 3837 1098 3889 illum
1139 3851 1236 3889 vos
1269 3835 1574 3903 frequenter
1598 3836 1833 3888 recitetis
1857 3875 1872 3899 ,

282 3935 446 3978 totum
482 3926 638 3979 vobis
663 3927 890 3980 referam
922 3928 1157 3996 ipsorum
1182 3943 1392 3981 sacrum
1415 3928 1706 3990 canticum,
1731 3927 1870 3994 quod

279 4016 352 4070 sic
397 4017 562 4070 habet
591 4035 602 4068 :
629 4015 925 4070 Benedictus
960 4017 1123 4082 Deus,
1151 4019 1233 4087 qui
1266 4019 1430 4084 pascis
1458 4034 1536 4070 me
1555 4035 1584 4069 a
1604 4019 1872 4088 juventute

277 4123 383 4159 mea
403 4110 537 4177 ’,σαὶ
569 4109 661 4160 das
684 4124 850 4164 escam
876 4112 1012 4162 omni
1034 4111 1174 4162 carni
1198 4126 1214 4162 :
1238 4110 1392 4177 imple
1413 4112 1600 4179 gaudio
1627 4120 1672 4161 et
1695 4111 1870 4162 lastitia

276 4214 358 4249 cor
385 4210 621 4252 nostrum
643 4242 654 4259 ,
688 4211 739 4252 ut
775 4218 970 4269 semper
995 4218 1190 4254 omnem
1219 4202 1562 4270 suﬂicientiam
1592 4203 1828 4254 [tabentes
1851 4244 1865 4267 ,

276 4289 592 4343 abundemus
617 4292 668 4343 in
691 4309 838 4346 omne
857 4310 984 4360 opus
1006 4293 1187 4346 bonum
1208 4294 1260 4346 in
1285 4295 1482 4346 Christo
1503 4293 1532 4345 J
1542 4310 1625 4346 esu
1649 4293 1868 4346 Domino

275 4393 444 4434 nostra
464 4424 478 4445 ,
505 4383 712 4450 quicum
735 4384 822 4434 tibi
845 4384 1030 4453 gloria,
1062 4386 1240 4450 Itonos,
1267 4386 1532 4452 imperium
1556 4402 1668 4436 cum
1691 4395 1868 4438 sancto

277 4473 472 4541 Spiritu
501 4475 556 4526 in
592 4476 800 4528 sazcula.
833 4475 1012 4528 Amen.
1051 4475 1226 4528 Glon'a
1257 4476 1343 4528 tibi
1371 4518 1383 4536 ,
1431 4475 1676 4538 Domine,
1705 4477 1868 4545 gloria

275 4567 380 4629 tibi,
413 4578 591 4621 sancte
610 4611 624 4630 ,
653 4569 819 4637 gloria
843 4569 964 4634 tibi,
990 4585 1080 4622 rex
1101 4612 1115 4632 ,
1148 4571 1265 4638 quia
1294 4570 1473 4622 dedisti
1496 4571 1635 4623 nobis
1658 4570 1790 4622 cibos
1813 4570 1867 4622 in

274 4659 524 4713 lwtitiam.
564 4659 728 4730 Imple
769 4679 860 4714 nos
903 4661 1101 4728 Spiritu
1141 4674 1348 4727 sancto,
1388 4677 1438 4714 ut
1477 4664 1865 4734 inveniamurin

273 4763 542 4817 conspectu
568 4761 653 4802 tuo
675 4752 1003 4820 acceptabiles
1025 4795 1038 4817 ,
1079 4769 1170 4806 nec
1200 4755 1392 4820 pudore
1427 4755 1724 4823 aﬂiciamur,
1753 4773 1866 4808 cum

274 4841 449 4892 reddes
473 4842 747 4908 unicuique
762 4845 1037 4896 secundum
1065 4862 1218 4912 Opera
1240 4863 1353 4897 sua.
1399 4845 1492 4898 lite
1526 4847 1756 4916 hymnus
1785 4858 1864 4902 lo-

274 4940 354 4983 tus
375 4930 722 4987 admirationi
763 4950 882 4988 esse
923 4936 1102 4998 debet,
1148 4939 1376 4991 maxime
1417 4955 1542 4992 vero
1576 4940 1694 4994 linis
1725 4942 1861 5010 ejus.

272 5025 401 5090 Quia
433 5028 582 5080 enim
617 5043 799 5081 mensa
823 5041 876 5081 et
897 5031 1046 5083 cibus
1076 5030 1274 5083 eﬂ'usos
1298 5032 1466 5085 reddit
1496 5042 1549 5086 et
1576 5044 1826 5103 δεδι-πνέει
1847 5077 1861 5100 ,

272 5115 371 5170 hoc
412 5118 620 5170 dictum
655 5121 804 5186 quasi
837 5118 1047 5174 frenum
1079 5123 1344 5190 quoddam
1378 5126 1570 5176 anima:
1601 5139 1866 5193 apposue-

269 5211 390 5254 runt
419 5202 523 5255 hoc
554 5202 757 5254 lzrtitite
790 5214 1029 5272 tempore
1052 5247 1065 5265 ,
1110 5221 1233 5260 cum
1272 5207 1459 5274 judicii
1490 5206 1632 5262 diem
1666 5210 1715 5261 iu
1748 5224 1861 5264 me-

272 5295 498 5347 moriam
527 5305 806 5348 revocant.
842 5296 1148 5351 Didicerunt
1190 5300 1330 5352 enim
1373 5299 1516 5368 quod
1561 5315 1751 5370 passus
1781 5311 1864 5357 est

272 5383 429 5437 Israel
466 5395 591 5449 post
621 5385 816 5439 lautam
853 5404 1127 5442 mensam:
1163 5391 1386 5443 Comedit
1423 5395 1562 5445 enim
1590 5436 1603 5456 ,
1654 5395 1858 5464 inquit,

271 5485 311 5523 et
334 5476 651 5527 incrussatus
672 5487 766 5540 est,
792 5490 835 5529 et
857 5480 1186 5533 recalcitratvit
1208 5484 1418 5535 dilectus
1439 5484 1612 5552 (Deut.
1635 5487 1719 5538 3‘2.
1757 5488 1859 5554 15).

273 5565 474 5620 idcirco
514 5567 651 5620 dixit
683 5568 926 5635 Moyses:
961 5568 1084 5621 Cum
1122 5574 1499 5627 manducaveris
1526 5589 1567 5627 et
1597 5578 1774 5628 biberis
1817 5589 1863 5630 et

265 5665 542 5709 saturatus
559 5657 743 5726 [uer-is,
769 5672 1010 5712 memento
1033 5659 1236 5715 Domini
1259 5663 1354 5717 Dei
1377 5677 1446 5717 tut
1475 5667 1647 5737 (Deut.
1676 5671 1725 5723 6.
1754 5670 1856 5738 ll).

335 5840 348 5871 ³
379 5836 533 5898 L‘uus,
561 5852 642 5899 qui
668 5841 824 5899 pascis
848 5855 930 5890 nos
952 5857 979 5889 α
997 5849 1240 5902 μιυεηεωε
1264 5854 1443 5898 nostra.

1373 403 1443 460 ΙΝ
1481 396 1883 459 ΜΑΠΠᾸΞΠΜ
1921 396 2160 457 ιιυυιιι.
2202 403 2314 460 ω’.
2354 406 2428 463 al.
2469 407 2598 466 LVI.

3527 419 3631 478 διο

2039 515 2168 572 Post
2211 534 2453 576 mensam
2496 523 2642 578 enim
2693 523 3026 595 iniquissima
3071 528 3188 584 ausi
3234 527 3464 586 fuerant.
3490 531 3636 589 Cave

2033 609 2199 680 igitur
2225 616 2387 668 etiam
2421 624 2476 669 tu
2507 632 2575 672 ne
2599 617 2778 673 simile
2804 619 2932 689 quid
2959 622 3200 690 patiaris.
3236 621 3459 678 Etiamsi
3488 625 3632 680 enim

2036 715 2137 756 nec
2165 703 2361 772 lapidi,
2410 721 2510 761 nec
2541 721 2674 762 auro
2719 725 2852 764 oves
2893 723 2951 765 et
2995 711 3194 767 vitulos
3239 715 3632 782 immolaveris,

2031 807 2166 847 cave
2193 811 2260 849 ne
2286 795 2380 850 irae
2413 796 2661 854 immoles
2697 801 2930 856 animam
2974 813 3142 868 tuam,
3180 820 3252 860 ne
3290 805 3631 861 fornicationi

2033 884 2283 942 immoles
2327 891 2551 944 salutem
2601 902 2743 946 tuam
2770 935 2785 956 ,
2828 911 2963 950 neve
2999 896 3122 952 aliis
3170 897 3436 953 similibus
3464 899 3629 954 animi

2033 978 2254 1034 morbis.
2292 980 2401 1037 Hac
2423 985 2564 1037 enim
2595 986 2758 1040 etiam
2788 987 2856 1041 de
2885 1002 3049 1044 causa
3078 990 3327 1044 monachi
3355 991 3468 1047 haec
3493 1007 3630 1062 prte-

2030 1068 2210 1137 cipitia
2261 1082 2591 1139 metuentes,
2661 1085 2943 1146 postquam
2998 1093 3223 1143 mensa,
3283 1081 3392 1135 imo
3451 1084 3627 1152 potius

2024 1156 2234 1226 jejunio
2297 1163 2375 1216 usi
2429 1175 2554 1218 sunt
2605 1163 2763 1235 (nam
2823 1183 3008 1222 mensa
3065 1170 3301 1238 ipsorum
3359 1170 3622 1241 jejunium

2025 1250 2173 1318 est),
2222 1254 2486 1308 tremendi
2524 1255 2707 1324 judicii
2749 1246 2960 1312 ac‘diei
3002 1257 3141 1331 illius
3187 1263 3505 1316 memoriam
3538 1279 3624 1318 re-

2027 1350 2236 1397 vocant.
2283 1343 2337 1397 Si
2377 1353 2556 1400 autem
2591 1347 2703 1412 illi,
2743 1349 2834 1418 qui
2880 1348 3512 1418 jejuniia,chameuniis,
3543 1355 3623 1409 vi-

2022 1431 2184 1501 giliis,
2217 1449 2374 1489 saceo
2404 1444 2459 1488 et
2489 1435 2784 1492 innumeris
2823 1439 2944 1494 aliis
2986 1455 3112 1495 sese
3159 1420 3472 1505 macerant,
3516 1444 3616 1499 hac

2024 1531 2202 1577 tamen
2247 1525 2619 1583 admonitione
2647 1528 2924 1598 indigent:
2954 1531 3169 1601 quando
3195 1536 3488 1608 poterimus
3519 1549 3618 1590 nos

2021 1614 2297 1670 moderate
2321 1617 2500 1672 vivere
2524 1659 2539 1684 ,
2571 1619 2660 1688 qui
2691 1633 2906 1676 mensas
2931 1624 3440 1690 apparamus'mille
3479 1642 3616 1680 nau-

2020 1702 2198 1773 fragiis
2228 1717 2451 1761 onustas
2473 1748 2488 1773 ,
2523 1725 2697 1778 neque
2723 1712 2952 1766 omnino,
2971 1729 3252 1781 precamur
3275 1716 3361 1770 vel
3388 1718 3439 1771 in
3468 1719 3615 1787 priu-

2017 1795 2157 1865 cipio
2193 1798 2276 1852 vel
2319 1800 2370 1853 in
2421 1799 2570 1856 ﬁne?
2611 1802 2816 1858 Idcirco
2845 1813 2902 1858 ut
2930 1806 3205 1878 naufragia
3237 1808 3324 1862 illa
3345 1808 3613 1865 dissolva-

2016 1902 2174 1955 mus,
2218 1889 2474 1960 hymnum
2531 1894 2678 1948 illum
2729 1896 2781 1950 in
2828 1898 3063 1952 medium
3102 1899 3463 1967 adducentes,
3514 1919 3612 1958 es-

2015 1981 2272 2050 plicemus
2309 1985 2512 2050 omnia,
2535 1995 2593 2041 ut
2631 1988 2756 2057 quid
2787 1989 2919 2044 lucri
2945 1993 3249 2047 commodet
3275 1995 3610 2050 animadver-

2013 2082 2224 2141 tentes,
2275 2077 2583 2148 frequenter
2611 2081 2762 2136 illum
2812 2082 2865 2135 in
2914 2063 3101 2138 mensa
3149 2100 3442 2152 canamus,
3477 2104 3608 2144 vcn-

2012 2165 2215 2236 trisque
2259 2167 2488 2223 insultus
2529 2171 2889 2240 reprimamus
2909 2213 2926 2238 ,
2952 2184 3113 2244 atque
3141 2191 3320 2232 mores
3350 2177 3605 2249 legesque

2006 2261 2318 2330 angelorum
2347 2262 2557 2316 illorum
2587 2265 2638 2317 in
2671 2264 2865 2320 domos
2892 2279 3108 2323 nostras
3138 2269 3473 2327 inducamus.
3493 2273 3604 2328 Par

2004 2361 2152 2406 certe
2195 2351 2416 2417 fuisset,
2449 2363 2506 2408 ut
2532 2355 2622 2410 illo
2653 2372 2748 2410 vos
2785 2359 3126 2414 conferentes
3158 2361 3298 2415 hunc
3329 2349 3616 2418 referretis-

2005 2441 2264 2498 fructum:
2286 2445 2378 2506 sed
2405 2447 2527 2516 quia
2560 2447 2608 2501 id
2637 2462 2741 2503 non
2764 2451 2947 2514 vultis,
2967 2452 3143 2506 verbis
3173 2452 3363 2507 saltem
3401 2457 3602 2511 nostris

2002 2536 2138 2593 hanc
2154 2540 2484 2607 spiritualetn
2499 2542 2785 2596 melodiam
2801 2543 3002 2609 audite,
3017 2559 3080 2599 ac
3101 2546 3294 2615 singuli
3311 2557 3426 2614 post
3443 2561 3596 2601 nien-

2000 2644 2114 2683 sam
2167 2630 2278 2685 haec
2316 2632 2475 2687 verba
2507 2632 2776 2700 referant,
2809 2635 2888 2691 sic
2916 2637 3024 2691 orsi
3053 2655 3066 2691 :
3094 2637 3400 2694 Benedictus
3430 2639 3592 2695 Deus.

2000 2721 2361 2789 Apostolicam
2387 2724 2583 2792 quippe
2602 2724 2771 2794 legem
2795 2727 2974 2780 statim
3002 2727 3335 2799 implentqua
3354 2730 3593 2798 jubetur:

1999 2808 2362 2881 Quodcumque
2392 2814 2673 2867 fecerimus
2701 2815 2752 2868 in
2786 2817 2933 2870 verba
3000 2827 3047 2872 et
3085 2836 3262 2889 opere,
3310 2822 3364 2875 in
3391 2824 3596 2876 nomine

1997 2898 2203 2954 Domini
2237 2904 2395 2956 nostri
2433 2903 2560 2956 Jesu
2601 2904 2790 2958 Christi
2835 2907 3118 2976 faciamus,
3155 2911 3348 2980 gratias
3379 2925 3586 2984 agentes

1993 2985 2103 3041 Deo
2149 3000 2194 3042 et
2243 2989 2390 3043 Patri
2436 3009 2527 3060 per
2572 2994 2740 3062 ipsum
2790 2993 3008 3064 (Coloss.
3049 2997 3103 3052 3.
3149 2999 3263 3068 Π).
3297 3001 3499 3056 Deinde
3530 3014 3588 3055 ut

1989 3081 2278 3150 gratiarum
2326 3083 2466 3136 actio
2511 3098 2616 3138 non
2669 3100 2764 3153 pro
2809 3086 2900 3141 illo
2941 3087 3060 3142 solo
3100 3087 3191 3144 die
3230 3091 3334 3156 sit,
3366 3093 3460 3146 sed
3491 3109 3589 3162 pro

1991 3182 2101 3228 tota
2129 3175 2230 3227 vita
2255 3215 2270 3240 ,
2301 3175 2495 3229 dicitur
2521 3193 2533 3227 :
2565 3175 2666 3241 Qui
2690 3178 2856 3245 pascis
2881 3194 2959 3230 me
2978 3195 3009 3230 ο
3021 3180 3285 3249 juventute
3306 3199 3436 3235 mea.
3462 3183 3587 3239 Haec

1987 3282 2202 3337 quoque
2228 3267 2469 3322 doctrina
2504 3269 2873 3351 philosophica
2903 3286 3004 3326 est.
3030 3273 3138 3328 Deo
3161 3276 3359 3344 quippe
3383 3277 3581 3343 alente,

1986 3378 2093 3417 non
2145 3364 2434 3418 sollicitum
2482 3381 2602 3420 esse
2649 3376 2884 3434 Oportet.
2935 3368 3067 3423 Nam
3098 3371 3144 3425 si
3174 3387 3298 3442 rege
3329 3373 3420 3428 tibi
3456 3390 3583 3442 pro-

1986 3456 2272 3519 mittente,
2307 3469 2364 3508 se
2408 3455 2500 3509 tibi
2545 3458 2915 3526 quotidianum
2956 3459 3132 3514 cibum
3182 3476 3246 3515 ex
3297 3479 3391 3516 sua
3438 3479 3578 3533 penu

1983 3547 2439 3615 suppeditaturum
2463 3562 2599 3612 esse,
2625 3550 2931 3604 conlideres
2953 3552 3164 3622 utique:
3190 3557 3358 3610 multo
3385 3559 3592 3625 magis;

1984 3637 2027 3690 si
2055 3637 2196 3692 Deus
2220 3648 2456 3706 prmoeat
2481 3681 2496 3704 ,
2525 3649 2578 3692 et
2605 3641 2784 3693 omnia
2816 3640 2907 3695 tibi
2936 3645 3085 3710 quasi
3117 3659 3180 3698 ex
3215 3643 3360 3700 fonte
3388 3646 3573 3712 ﬂuant,

1981 3727 2125 3782 omni
2172 3728 2538 3782 sollicitudine
2578 3745 2800 3784 vacuum
2847 3746 2969 3786 esse
3013 3744 3246 3801 oportet.
3282 3735 3406 3791 Ideo
3432 3741 3576 3792 enim

1982 3818 2095 3872 haec
2121 3817 2325 3879 dicunt,
2354 3829 2410 3872 ut
2433 3830 2487 3873 et
2515 3820 2724 3889 seipsos
2752 3831 2806 3875 et
2831 3822 3123 3892 discipulos
3149 3825 3214 3878 ad
3242 3843 3456 3882 omnem
3483 3843 3579 3882 cu-

1981 3926 2096 3966 ram
2123 3920 2179 3964 et
2212 3911 2629 3966 sollicitudinem
2674 3914 2978 3983 ponendam
3023 3917 3296 3972 inducant.
3341 3919 3572 3987 Deinde,

1980 4017 2046 4056 ne
2075 4012 2259 4071 putes,
2313 4003 2459 4071 ipsos
2504 4019 2601 4072 pro
2631 4019 2688 4059 se
2719 4015 2924 4060 tantum
2973 4007 3111 4062 hanc
3147 4011 3438 4079 gratiarum
3480 4029 3576 4067 ac-

1980 4099 2178 4148 tionem
2207 4095 2428 4160 referre,
2453 4097 2802 4167 subjungunt,
2831 4100 2931 4164 Qui
2952 4101 3038 4152 dat
3061 4119 3225 4156 escam
3250 4107 3386 4158 omni
3405 4109 3571 4173 carni,

1978 4203 2073 4256 pro
2099 4195 2209 4242 toto
2235 4188 2366 4243 orbe
2399 4189 2494 4256 ipsi
2523 4191 2720 4258 gratias
2750 4202 3004 4259 agentes;
3035 4203 3087 4248 et
3113 4196 3262 4262 quasi
3285 4199 3432 4254 orbis
3458 4202 3574 4255 uni-

1976 4280 2115 4333 versl
2145 4291 2355 4348 patres,
2388 4282 2465 4334 sic
2491 4297 2586 4349 pro
2616 4285 2867 4338 omnibus
2900 4286 3086 4341 laudes
3116 4288 3391 4356 referunt,
3420 4303 3474 4347 et
3505 4294 3572 4350 ad

1975 4389 2155 4428 veram
2184 4389 2302 4428 sese
2342 4376 2730 4430 fraternitatem
2786 4376 3027 4432 incitant.
3061 4379 3244 4449 Neque
3270 4384 3410 4437 enim
3443 4401 3572 4453 pos-

1974 4475 2098 4519 sunt
2118 4467 2237 4518 illos
2260 4468 2455 4528 odisse,
2489 4482 2582 4534 pro
2604 4467 2798 4536 quibus
2825 4469 2892 4523 de
2919 4471 3265 4538 suppeditato
3294 4475 3424 4541 ipsis
3447 4478 3570 4531 cibo

1977 4554 2086 4608 Deo
2114 4556 2312 4624 gratias
2340 4567 2522 4624 agunt.
2558 4557 2745 4610 Vidcu‘
2768 4567 2822 4612 et
2854 4560 3130 4614 caritatem
3157 4579 3250 4630 per
3275 4568 3564 4634 gratiarum

1974 4648 2235 4700 actionum
2273 4647 2578 4709 iuduetam,
2625 4665 2742 4716 quae
2789 4651 3101 4705 saecularem
3152 4653 3569 4714 sollicitudinem

1972 4739 2154 4805 ejicit,
2205 4748 2310 4791 tum
2355 4754 2417 4792 ex
2453 4740 2514 4791 iis
2541 4756 2659 4808 qua:
2705 4742 3049 4808 praecedunt,
3096 4753 3206 4796 tum
3252 4763 3319 4799 ex
3355 4747 3436 4802 his
3461 4750 3566 4816 jam

1972 4832 2165 4885 dictis?
2191 4822 2242 4886 Si
2275 4834 2415 4886 enim
2448 4834 2538 4886 dat
2564 4849 2742 4887 escam
2775 4836 2918 4887 omni
2951 4836 3098 4889 carni
3123 4879 3136 4898 ,
3188 4839 3358 4891 multo
3404 4843 3569 4910 magis

1973 4922 2036 4975 iis
2059 4926 2144 4992 qui
2175 4925 2271 4991 ipsi
2316 4925 2509 4977 addicti
2541 4935 2701 4988 sunt;
2734 4942 2856 4978 nam
2891 4927 2932 4979 si
2962 4942 3077 4991 eos,
3103 4930 3191 4996 qui
3225 4931 3571 4987 smcularibus

1972 5016 2116 5068 curis
2147 5023 2272 5067 Sunt
2306 5017 2560 5079 involuti;
2617 5017 2785 5070 multo
2826 5020 2996 5087 magis
3045 5034 3159 5083 eos,
3202 5022 3290 5089 qui
3322 5024 3385 5074 iis
3420 5026 3568 5078 vacui

1971 5116 2128 5169 Sunt,
2163 5108 2347 5159 nutrit.
2385 5107 2496 5162 Hoc
2521 5118 2574 5161 et
2600 5106 2845 5162 Christus
2877 5112 3205 5164 confirmans
3235 5113 3402 5166 dicit:
3434 5113 3568 5177 Quot

1974 5197 2259 5264 passeribus
2305 5200 2533 5250 meliores
2574 5201 2690 5253 estis
2735 5217 2819 5253 vos
2852 5199 3002 5270 (Luc.
3041 5201 3126 5254 l2.
3163 5201 3246 5271 7)?
3274 5202 3364 5255 His
3396 5207 3571 5260 verbis

1971 5291 2125 5345 docet
2158 5306 2261 5343 non
2301 5306 2419 5344 esse
2459 5290 2729 5345 ﬁdendum
2770 5292 2970 5345 divitiis
2997 5303 3050 5345 et
3077 5303 3235 5347 terra:
3266 5302 3322 5346 et
3352 5297 3572 5350 semini-

1973 5383 2089 5435 bus.
2126 5382 2238 5434 Non
2282 5387 2422 5435 enim
2472 5385 2586 5436 hcce
2618 5394 2739 5436 sunt
2769 5401 2888 5453 qua:
2921 5386 3196 5448 nutriunt,
3225 5387 3320 5439 sed
3351 5387 3568 5441 verbum

1975 5474 2086 5527 Dei.
2129 5474 2221 5526 liis
2243 5476 2402 5526 etiam
2439 5474 2765 5528 Manichznos
2796 5477 3116 5538 retrudunt,
3162 5488 3214 5531 et
3248 5477 3570 5532 Valentinia-

1973 5584 2089 5632 uos,
2124 5582 2322 5635 eosque
2353 5567 2438 5634 qui
2482 5583 2602 5619 cum
2648 5569 2753 5619 illis
2785 5570 3040 5622 sentiunt.
3079 5569 3192 5622 Non
3223 5570 3364 5622 enim
3398 5583 3570 5638 potest

1975 5658 2059 5710 hic
2090 5660 2262 5709 malus
2307 5670 2427 5709 esse
2478 5657 2650 5718 Deus,
2697 5660 2782 5725 qui
2828 5660 3112 5717 omnibus.
3163 5659 3320 5711 etiam
3363 5676 3419 5714 se
3462 5661 3568 5713 bla-

1973 5750 2401 5817 Sphemmttihus,
2436 5749 2571 5801 bona
2607 5766 2698 5802 sua
2726 5749 2955 5803 confert.
2996 5752 3194 5805 Deinde
3219 5753 3451 5818 sequitur
3477 5768 3572 5818 pe-

1974 5843 2090 5898 tilio
2116 5861 2126 5895 :
2167 5843 2320 5911 lleple
2349 5843 2536 5912 gaudio
2560 5852 2602 5894 et
2628 5845 2804 5897 lietitia
2827 5845 2984 5898 cardo
3008 5857 3199 5900 nostra.
3227 5845 3343 5915 Quo
3375 5840 3570 5910 gaudio
