4170 6508
645 445 747 507 6ιῖ

641 564 952 622 dicit-litum
977 556 1251 617 assentari?
1275 553 1457 612 Absit!
1486 568 1663 625 neque
1688 553 1831 609 enim
1852 542 1899 607 si
1929 548 2059 605 illud
2082 546 2202 605 ael—

641 655 754 713 lent
772 697 786 716 .
806 653 1086 711 cacumina
1105 650 1369 706 montium
1394 655 1448 703 et
1469 646 1680 702 deserta
1706 650 2049 711 occupassent
2071 672 2088 709 ,-
2116 656 2210 696 ue-

650 766 742 821 ]ue
762 760 918 804 sacco
938 753 1121 801 essent
1151 742 1357 807 induti;
1404 739 1499 795 sed
1538 737 1668 793 illud
1705 734 1956 807 gaudium
1988 733 2205 797 dicunt,

640 841 779 913 quod
798 852 920 893 cum
952 834 1200 906 praesenti
1231 832 1338 889 vita
1367 830 1499 885 nihil
1525 842 1807 885 commune
1840 825 2035 891 habet,
2075 839 2207 895 gaue

640 934 782 988 dium
826 930 1137 1000 angelorum
1173 934 1241 983 et
1280 938 1607 995 supernum;
1654 935 1755 977 nec
1801 918 2114 989 simpliciter
2154 916 2209 971 id

642 1022 943 1094 postulant,
988 1020 1083 1076 sed
1122 1004 1475 1075 abundantius
1499 1012 1755 1084 expetunt
1780 1030 1795 1079 ;
1822 1027 1946 1067 'non
1984 1011 2205 1077 dicunt,

643 1113 715 1169 iis
733 1158 747 1179 ,
776 1114 895 1178 sed,
924 1111 1115 1181 Rapta,
1142 1124 1243 1166 nec
1270 1109 1485 1175 dicunt,
1513 1106 1619 1162 Nos
1639 1148 1654 1172 ,
1681 1106 1797 1170 sed,
1818 1104 1985 1158 Corda
2004 1110 2208 1157 nostra:

639 1206 740 1261 hoc
786 1208 925 1260 enim
966 1205 1198 1257 maxime
1246 1198 1494 1271 gaudium
1541 1198 1769 1253 cordis:
1815 1194 2038 1249 Fructus
2061 1196 2205 1248 "enim

640 1300 892 1369 Spiritus,
936 1298 1151 1362 caritas,
1193 1290 1458 1366 gaudium,
1490 1306 1591 1359 pas:
1635 1288 1781 1361 (Gal.
1812 1288 1863 1344 5.
1907 1286 2022 1358 εει).
2070 1285 2205 1353 Quia

637 1392 778 1445 enim
820 1396 1094 1457 peccatum
1139 1384 1405 1449 tristitiam
1444 1381 1685 1445 induxit,
1723 1385 2009 1450 precantur
2030 1386 2088 1432 ut
2114 1391 2209 1446 per

638 1477 886 1548 gaudium
934 1475 1132 1547 iustitia
1166 1474 1217 1529 in
1246 1473 1374 1545 ipsis
1400 1472 1697 1527 inseratur:
1723 1483 1895 1539 neque
1924 1468 2065 1522 enim
2103 1466 2208 1521 alio

639 1568 797 1624 modo
818 1562 1062 1637 gaudium
1085 1566 1135 1621 in
1164 1564 1268 1619 illis
1297 1569 1656 1633 generaretur.
1688 1558 1756 1614 Ut
1792 1573 1986 1629 seraper
2011 1571 2209 1610 onmem

638 1657 1245 1730 wlﬁcientiam‘habmtes
1266 1652 1581 1708 abundantis
1595 1652 1649 1705 in
1663 1666 1815 1705 unus
1845 1664 1975 1717 opus
2000 1648 2204 1702 bonum.

640 1750 775 1805 \‘ide
826 1749 1189 1821 evangelicum
1237 1746 1369 1801 illud
1412 1745 1613 1800 dictum
1663 1742 1979 1813 impletum:
2013 1737 2209 1794 Panem

631 1863 865 1910 nostrum
879 1848 1242 1921 quotidianum
1258 1846 1327 1898 da
1347 1842 1494 1898 nobis
1514 1840 1664 1895 hodie
1679 1837 1832 1909 (Luc.
1848 1829 2193 1903 11.3).(iuius

633 1941 1018 2017 postulationis
1039 1936 1291 1994 effectum
1316 1942 1541 2013 propter
1558 1928 1866 2017 spiritualia
1897 1930 2189 2017 quaerunt:
2215 1972 2217 1975 ,

636 2007 705 2090 ξπ
729 2032 1071 2092 abundantis,
1096 2028 1365 2098 inquiunt,
1385 2007 1440 2077 in
1454 2036 1603 2076 omne
1625 2033 1751 2086 opus
1764 2016 1973 2069 bonum.
1992 2007 2195 2066 Necdl-

633 2134 785 2188 cunt,
806 2122 876 2178 Ut
910 2122 1175 2177 faciamus
1200 2118 1373 2172 solum
1402 2111 1545 2183 quod
1567 2111 1827 2167 debemus
1852 2124 1867 2172 ;
1903 2104 1997 2161 sed
2026 2103 2191 2156 etiam

636 2217 777 2287 plus,
794 2226 955 2284 quam
972 2216 1237 2281 praecepta
1258 2205 1571 2267 continent;
1594 2198 1648 2255 id
1674 2202 1821 2287 enim
1844 2192 2115 2287 signiﬁcat
2134 2190 2197 2244 il-

636 2283 727 2361 lud
738 2349 751 2370 ,
763 2283 822 2357 ut
833 2300 1177 2356 abundamus.
1189 2294 1255 2349 Et
1266 2292 1414 2348 abeo
1424 2290 1642 2361 quidem
1656 2283 2195 2349 sufﬁcientiamquse-

632 2388 755 2440 runt
780 2387 830 2439 in
861 2386 1177 2442 necessariis
1202 2403 1215 2440 :
1245 2382 1347 2454 ipsi
1367 2397 1496 2439 vero
1524 2383 1707 2437 nolunt
1730 2395 1852 2434 cum
1879 2375 2194 2433 sufﬁcientia

633 2484 835 2530 tantum
867 2476 1117 2542 obedire,
1167 2474 1263 2530 sed
1303 2470 1801 2543 superabundanter
1840 2470 1893 2523 in
1928 2467 2201 2522 omnibus.

636 2568 743 2622 Hoc
790 2577 869 2621 (κει
897 2568 1031 2639 frugi
1080 2582 1371 2632 servorum,
1420 2566 1518 2618 hoc
1561 2562 1998 2633 philosophorum
2030 2558 2202 2613 humi-

633 2675 756 2716 num
783 2700 797 2719 ,
832 2672 1043 2727 semper
1086 2666 1140 2710 et
1182 2656 1235 2709 in
1276 2654 1524 2708 omnibus
1565 2649 1863 2705 abundare.
1906 2646 2108 2703 Deinde
2143 2658 2205 2701 ut

631 2750 993 2809 inﬁrmitatem
1032 2764 1181 2803 suam
1208 2754 1663 2808 commemorent,
1692 2741 2065 2811 fateanturque
2088 2740 2205 2795 sine

628 2854 862 2910 superno
886 2849 1018 2893 nutu
1050 2838 1182 2893 nihil
1212 2853 1270 2892 se
1298 2849 1459 2907 posse
1480 2841 1765 2916 strenuum
1803 2832 1978 2887 facere
1998 2874 2013 2896 ,
2047 2840 2200 2901 post-

624 2946 783 3000 quam
809 2930 1091 2995 dixerunt,
1122 2926 1193 2982 Ut
1220 2925 1529 2979 abundamus
1570 2924 1621 2976 in
1660 2938 1807 2977 omne
1831 2938 1957 2990 opus
1998 2922 2200 2985 bonum,

630 3020 953 3090 subjiciunt,
1000 3018 1067 3072 In
1110 3016 1310 3073 Christo
1351 3016 1475 3070 Jesu
1526 3012 1746 3068 Domino
1783 3023 1953 3067 nostra
1999 3014 2200 3083 quicum

632 3113 719 3167 tibi
741 3113 923 3184 gloria,
955 3111 1135 3177 honor,
1173 3109 1437 3179 imper-iniu
1473 3109 1528 3162 in
1560 3106 1761 3162 mla.
1802 3106 1979 3159 Amen.
2011 3104 2198 3160 Parem

629 3204 888 3276 principio
918 3202 1077 3257 ﬁnem
1104 3217 1198 3272 per
1228 3202 1519 3271 gratiarum
1544 3199 1808 3254 actionem
1838 3206 2040 3252 texunt.

686 3296 751 3351 '6.
780 3294 967 3350 Postea
986 3308 1115 3348 vero
1143 3291 1387 3347 videntur
1426 3291 1574 3361 quasi
1599 3304 1629 3343 a
1652 3288 1911 3359 principio
1934 3287 2193 3357 incipere,

625 3398 675 3442 et
719 3386 962 3441 eumdem
992 3390 1292 3440 sermonem
1323 3384 1633 3437 contineant
1669 3389 1768 3435 :ut
1793 3390 1865 3437 .et
1909 3379 2102 3434 Paulus
2148 3382 2207 3434 in

624 3471 883 3547 principio
913 3474 1163 3545 Epistula:
1186 3474 1336 3544 quasi
1376 3473 1429 3527 in
1477 3471 1917 3543 gloriﬁcationem
1951 3469 2201 3524 desinens

623 3569 695 3622 ait
726 3567 1049 3624 :Sonntdttm
1070 3562 1374 3620 voluntatem
1400 3561 1496 3617 Dei
1539 3571 1585 3617 et
1615 3560 1807 3628 Patris,
1848 3561 1929 3615 cui
1951 3561 2114 3632 gloria
2146 3560 2201 3614 in

623 3661 826 3721 scruta,
856 3657 1000 3713 amen
1029 3656 1189 3727 (ϐαι.
1215 3657 1265 3711 ι.
1289 3656 1344 3711 4.
1373 3654 1443 3727 5)
1469 3668 1781 3727 sacramus
1798 3654 1940 3725 quod
1964 3660 2198 3709 tractau-

624 3747 748 3803 dutn
779 3748 1019 3816 suscipit,
1042 3726 1681 3816 argumentumresumit.
1728 3743 1796 3798 Et
1822 3743 1945 3798 alibi
1971 3757 2155 3799 rursus
2180 3760 2195 3797 :

622 3837 893 3892 Cotuerunt
923 3848 973 3893 et
999 3838 1268 3891 seruierunt
1314 3835 1748 3905 creatura'petitts
1775 3847 1925 3904 quam
1948 3832 2193 3899 Creatori,

622 3930 707 4000 qui
734 3937 805 3983 ost
834 3918 1119 4005 benedictus
1150 3928 1218 3982 in
1265 3928 1470 3983 secula.
1502 3925 1659 3982 Anton
1688 3916 1877 3998 (Rom.
1931 3928 1983 3980 1.
2036 3924 2147 3997 25)
2177 3944 2192 3981 :

620 4034 728 4073 non
758 4018 988 4073 absblvit
1013 4020 1335 4085 sermonem,
1368 4018 1460 4073 sed
1488 4017 1675 4088 pergit.
1707 4015 1785 4072 Ne
1804 4018 1961 4089 igitur
1980 4016 2077 4072 hos
2102 4027 2197 4072 an-

619 4111 764 4181 gelos
792 4114 1112 4193 incusoiuus,
1146 4111 1297 4182 quasi
1325 4110 1621 4165 inordinate
1644 4108 1857 4175 faciant,
1884 4110 2023 4183 quod
2044 4120 2193 4181 post-

621 4218 776 4273 quam
810 4204 864 4257 'm
894 4203 1327 4273 glurillpationem
1375 4203 1682 4268 desierunt,
1706 4215 1895 4257 rursus
1941 4202 2193 4273 hymnum

620 4307 827 4347 sacrum
856 4292 1130 4360 incipiant.
1161 4294 1489 4361 Apostolicas
1513 4292 1656 4347 enim
1699 4299 1991 4361 sequuntur
2026 4293 2190 4363 leges,

618 4396 739 4437 cum
764 4397 794 4437 a
823 4381 1206 4453 glurificatione
1246 4384 1538 4453 incipiunt,
1570 4394 1623 4439 et
1649 4384 1700 4438 in
1733 4384 1877 4438 illam
1901 4384 2150 4439 desinunt
2172 4425 2188 4451 ,

618 4482 904 4545 posteaque
946 4490 1129 4529 rursus
1169 4476 1533 4530 exordiantur.
1588 4474 1921 4544 Quapropter
1964 4474 2186 4533 dicunt:

617 4563 790 4617 Gloria
810 4566 915 4631 tibi,
947 4564 1188 4629 Domine,
1224 4550 1385 4636 gloria
1407 4566 1515 4631 tibi,
1535 4575 1724 4629 sancte,
1754 4567 1915 4636 gloria
1941 4558 2047 4627 tibi,
2075 4583 2185 4634 rex,

616 4656 735 4723 quia
759 4655 935 4708 dedisti
964 4656 1105 4710 nobis
1125 4656 1262 4710 cibos
1287 4656 1340 4709 in
1368 4656 1611 4711 (mitium.
1641 4655 1755 4711 Non
1784 4657 1927 4711 enim
1954 4672 2051 4726 pro
2075 4673 2187 4712 ma-

604 4737 733 4813 ‘guis
776 4754 1000 4813 tantum,
1030 4747 1122 4801 sed
1152 4757 1207 4801 et
1235 4762 1329 4817 pro
1359 4748 1589 4822 minimis
1616 4749 1809 4819 gratias
1851 4763 2008 4820 agere
2036 4766 2186 4820 opor-

616 4844 708 4891 tet.
763 4835 970 4893 Gratias
997 4848 1170 4892 autem
1208 4852 1307 4909 pro
1354 4840 1434 4894 his
1467 4851 1659 4910 agunt,
1688 4850 1745 4893 ut
1775 4840 2181 4897 Manichmorum

616 4925 858 4996 haeresim
887 4925 1241 4996 pudefaciant,
1278 4938 1332 4982 et
1361 4943 1546 4982 omnes
1572 4940 1828 5000 quotquot
1865 4943 2179 5001 prmsentem

610 5019 767 5071 vitam
795 5032 914 5073 es3e
949 5019 1138 5073 malam
1166 5018 1366 5074 dicunt.
1400 5017 1476 5073 Ne
1506 5030 1657 5089 putes
1681 5024 1823 5075 enim
1854 5037 1970 5089 eos,
1997 5025 2086 5093 qui
2113 5024 2179 5080 ad

608 5125 863 5164 summam
888 5108 1273 5201 philosophiam
1299 5126 1357 5166 se
1379 5123 1629 5167 exercent
1654 5122 1709 5169 et
1730 5123 1971 5169 ventrem
1999 5115 2178 5187 despi-

608 5203 770 5267 ciunt,
798 5214 948 5257 escas
991 5201 1314 5269 abominari,
1337 5212 1393 5257 ut
1423 5204 1456 5257 ii
1486 5204 1575 5273 qui
1604 5219 1661 5259 se
1692 5204 1971 5272 suﬂocant,
2002 5207 2179 5262 verbis

605 5293 924 5361 supplicibus
942 5294 1031 5347 tibi
1047 5296 1291 5359 suadent,
1311 5308 1369 5347 se
1386 5310 1489 5347 non
1512 5295 1631 5349 ideo
1649 5296 1873 5350 amultis
1889 5296 2173 5362 abstinere,

606 5384 738 5451 quod
771 5384 963 5439 multas
991 5384 1080 5439 Dei
1100 5399 1373 5441 creaturos
1396 5386 1745 5452 detestentur,
1764 5388 1859 5442 sed
1882 5370 2026 5458 quod
2058 5390 2176 5459 phi-

1414 441 1470 497 S.
1510 436 1786 497 JUANNIS
1822 431 2290 493 CHRYSOSTOMI
2331 430 2642 492 ARCHIEP.
2680 436 3214 503 CONSTANTINOP.

3783 443 3877 498 538

2314 548 2404 606 illa
2426 592 2441 615 ,
2474 559 2534 608 ut
2570 567 2681 607 non
2707 560 2878 622 potest
2905 554 3024 623 quis
3053 562 3348 610 .strenutnu
3373 559 3460 606 an:
3489 564 3745 621 mugitum
3765 551 3878 622 quid

2310 639 2505 705 facere,
2529 631 2630 700 nisi
2650 644 2849 699 Cbnisti
2877 644 3043 715 gratia
3066 644 3291 699 fruatur.
3317 643 3463 699 Sicut
3483 656 3613 713 ergo
3631 642 3878 700 dicentes.

2313 731 2381 789 Ut
2423 734 2737 790 abundantis
2770 733 2841 791 in
2864 751 3033 791 omne
3066 752 3193 806 opus
3234 735 3454 801 bonum,
3480 734 3877 805 subiunxerunt,

2310 822 2377 877 In
2424 824 2625 881 Christo
2665 826 2792 885 less
2822 846 2839 879 .-
2861 827 2936 885 ita
2969 837 3025 882 et
3077 827 3379 883 hlc'dicunt
3406 868 3423 894 ,
3457 826 3617 897 Rapta
3652 843 3756 883 nos
3770 825 3881 895 Spi-

2307 914 2411 968 ritu
2432 927 2623 977 metu.
2648 915 2755 990 ‘[au
2774 917 3087 972 inveniantur
3112 902 3459 989 inconspectu
3499 930 3587 972 tuo
3612 918 3884 989 acceptabi-

2309 1005 2401 1059 tes.
2435 1004 2617 1062 Viden’
2643 1006 2910 1077 quomodo
2932 1006 3002 1062 de
3046 1007 3206 1083 rebus
3240 1008 3305 1063 ad
3336 1009 3496 1064 vitam
3525 1006 3882 1079 spectantibus

2310 1112 2415 1153 nos
2450 1110 2738 1167 precentur
2759 1142 2773 1165 ,
2805 1101 2901 1156 sed
2936 1103 3137 1171 gratias
3162 1113 3323 1172 agant
3352 1111 3557 1158 tantum
3590 1119 3604 1157 :
3635 1102 3777 1158 circa
3805 1116 3883 1157 rrs

2307 1201 2484 1246 autem
2510 1192 2811 1261 spiritnales
2835 1203 2891 1248 et
2914 1196 3113 1264 gratias
3144 1200 3302 1260 agant
3328 1203 3384 1249 et
3408 1193 3729 1265 prouentu?
3757 1190 3881 1248 Nam

2308 1280 2383 1345 ait
2409 1297 2425 1334 :
2456 1281 2676 1348 atterite
2715 1283 2929 1351 ptimum
2964 1299 3173 1355 regnum
3200 1284 3438 1338 cistarum
3457 1321 3478 1350 ,
3501 1292 3548 1338 et
3588 1284 3698 1345 Im
3722 1283 3885 1336 omnia

2309 1373 2611 1444 adjiciantur
2653 1374 2790 1429 vobis
2815 1373 3102 1445 (uanas.
3130 1376 3254 1445 33).
3302 1374 3579 1445 Perpende
3614 1383 3793 1429 autem
3833 1382 3887 1428 et

2307 1463 2696 1522 aliain-illorum
2721 1466 3125 1537 philosophiam.
3150 1465 3222 1523 Ut
3255 1467 3588 1532 mentiamur,
3622 1465 3880 1536 inquiunt.

2307 1556 2361 1609 in
2388 1568 2653 1627 conspectu
2677 1567 2763 1613 tuo
2789 1559 3149 1629 occoptabites,
3182 1575 3270 1612 nec
3319 1558 3513 1629 pudere
3550 1552 3884 1628 aﬁciomurJ

2307 1648 2491 1719 Neque
2519 1651 2664 1705 enim
2685 1664 2959 1717 curamus,
2986 1649 3129 1721 quod
3156 1648 3301 1719 apud
3326 1648 3526 1704 multus
3562 1648 3617 1704 id
3640 1644 3885 1704 dedecori

2309 1739 2464 1796 nobis
2486 1749 2744 1808 vertatur,
2774 1740 2867 1796 sed
2886 1754 3234 1811 quaecumque
3258 1739 3489 1796 dixerint
3518 1738 3588 1794 de
3612 1737 3767 1793 nobis
3793 1737 3887 1793 lto-

2301 1830 2479 1903 suines
2496 1830 2760 1899 ridentes,
2776 1831 3186 1902 exprobrantes,
3205 1846 3273 1889 ne
3291 1828 3846 1900 advertimusquidem
3870 1844 3885 1882 :

2310 1921 2413 1978 hoc
2435 1937 2596 1976 unum
2627 1923 3019 1991 contendimus,
3050 1938 3119 1980 ne
3147 1933 3279 1979 tunc
3294 1921 3709 1978 coufundamur.
3731 1920 3888 1975 Post-

2308 2028 2467 2083 quam
2489 2024 2668 2069 autem
2702 2014 2816 2069 hate
2843 2014 3112 2078 dixerunt,
3138 2015 3275 2085 ignis
3302 2030 3515 2086 quoque
3537 2013 3754 2071 ﬂuvium
3783 2026 3890 2066 mc-

2307 2115 2535 2169 morant,
2562 2104 2775 2173 praemia
2799 2115 2853 2160 et
2881 2106 3081 2161 brevia.
3106 2105 3215 2162 Nec
3243 2105 3447 2173 dicunt,
3473 2104 3554 2161 Ne
3572 2108 3887 2177 puniamur:

2308 2197 2425 2261 sed,
2441 2197 2514 2253 Ne
2534 2197 2934 2254 contundamur.
2954 2199 3065 2254 Hoc
3083 2200 3277 2269 quippe
3296 2199 3453 2253 nobis
3474 2196 3767 2253 terribilius
3788 2203 3883 2261 est,

2302 2301 2465 2356 quam
2490 2288 2751 2357 gehenna,
2778 2289 2826 2344 si
2855 2288 3129 2345 videamur
3146 2288 3434 2345 oll‘endisse
3453 2287 3759 2345 Dominum;
3785 2284 3889 2341 Sed

2307 2381 2428 2448 quia
2464 2380 2661 2434 multos
2695 2395 2759 2435 ex
2787 2381 3137 2435 crassioribus
3168 2380 3270 2436 hoc
3309 2370 3415 2435 non
3471 2388 3670 2435 terrere
3712 2378 3887 2443 solet,

2309 2469 2567 2536 adjiciunt
2593 2486 2607 2523 :
2642 2469 2765 2525 Cum
2802 2471 3272 2542 reddesanicuiqu
3297 2469 3571 2528 uolutum
3591 2481 3750 2539 opas
3776 2481 3883 2521 sua.

2313 2560 2492 2619 Videu'
2512 2572 2764 2632 quantum
2790 2562 2945 2617 nobis
2966 2564 3172 2631 prosint
3198 2560 3412 2618 externi
3441 2560 3513 2615 illi
3533 2569 3589 2615 et
3622 2555 3889 2629 pereng

2307 2653 2605 2709 solitudinis
2622 2654 2784 2713 cives.
2803 2656 2912 2709 imo
2931 2653 3183 2708 Castorum
3202 2649 3383 2709 cives?
3400 2650 3509 2705 Nos
3533 2649 3675 2706 enim
3703 2650 3760 2705 in
3787 2664 3892 2704 cae-

2310 2743 2374 2796 lis
2393 2744 2654 2815 peregrini
2672 2758 2874 2811 sumus,
2894 2754 3048 2799 terrae
3067 2753 3248 2817 autem
3264 2743 3412 2797 cives
3432 2759 3445 2795 :
3470 2740 3543 2796 illi
3561 2754 3687 2796 vero
3710 2754 3743 2795 e
3763 2755 3891 2794 con-

2308 2843 2406 2890 tra.
2428 2836 2557 2891 Post
2577 2837 2714 2891 hunc
2740 2837 2992 2908 hymnum
3010 2835 3418 2906 conpunctione
3442 2834 3593 2897 moti,
3614 2832 3893 2904 lacrymls—

2306 2940 2409 2994 quo
2433 2926 2613 2981 multis
2639 2940 2704 2983 ac
2732 2925 2945 2980 fervidis
2973 2925 3203 2995 perfusi,
3234 2923 3301 2983 ad
3331 2938 3577 2980 somnum
3610 2922 3850 2993 Lporgunt
3868 2960 3886 2987 ,

2308 3023 2508 3069 tantum
2561 3015 2922 3083 dormientes,
2970 3027 3221 3086 quantum
3274 3016 3404 3070 satis
3438 3023 3522 3070 est
3557 3012 3626 3069 ad
3646 3076 3649 3077 ν
3656 3025 3888 3088 parvam

2304 3108 2585 3177 quamdam
2603 3110 2834 3179 quietem
2863 3106 3194 3179 capiendam.
3228 3106 3569 3176 Rursumque
3602 3112 3797 3183 noctes
3839 3103 3889 3157 in

2302 3200 2419 3256 dies
2445 3210 2656 3256 vertunt
2679 3241 2695 3267 ,
2714 3200 2768 3255 in
2785 3201 3077 3271 gratiarum
3102 3200 3311 3255 actione
3332 3199 3696 3269 etpsalmodia
3724 3198 3889 3252 vitam

2291 3302 2549 3362 agentes.
2563 3292 2673 3349 Nec
2694 3292 2851 3348 modo
2876 3292 2992 3359 viri,
3020 3291 3115 3347 sed
3140 3300 3195 3347 et
3222 3282 3475 3344 mulieres
3496 3288 3633 3343 hanc
3652 3286 3890 3358 philoso-

2305 3388 2480 3457 phiam
2506 3396 2782 3454 exercent,
2808 3403 2925 3458 quae
2952 3396 3158 3442 natura:
3190 3384 3559 3447 inﬁrmitatem
3588 3378 3748 3438 animi
3771 3398 3888 3438 ma-

2302 3476 2576 3548 gnitudine
2603 3488 2874 3548 superant.
2924 3475 3128 3531 Pudeat
3157 3475 3313 3545 igitur
3340 3489 3439 3530 nos
3470 3472 3613 3528 viros
3641 3473 3803 3531 talem
3834 3471 3886 3526 iu

2303 3569 2435 3638 ipsis
2486 3569 2841 3624 constantiam
2887 3566 3176 3632 videntes,
3204 3576 3259 3621 et
3282 3578 3556 3621 cessemus
3599 3563 3887 3636 cupiditate

2303 3660 2501 3713 moveri
2526 3674 2703 3713 rerum
2721 3658 3092 3730 praisentium,
3115 3656 3338 3722 umbra,
3352 3656 3707 3722 somniorum,
3726 3655 3883 3719 fumi.

2300 3748 2432 3807 Nam
2462 3751 2696 3804 maxima
2723 3763 2846 3820 pars
2871 3749 2993 3805 vitae
3030 3759 3227 3810 nostrae
3255 3762 3417 3804 sensu
3444 3760 3632 3817 carere
3650 3744 3881 3801 videtur.

2300 3843 2477 3898 Prima
2506 3851 2637 3897 mtas
2682 3840 2847 3897 multa
2884 3842 3039 3911 plena
3065 3850 3149 3895 est
3174 3839 3401 3895 stultitia
3426 3854 3442 3902 ;
3472 3851 3593 3911 quae
3642 3850 3774 3911 vero
3817 3838 3885 3891 ad

2297 3936 2508 3990 senium
2538 3932 2705 4002 vergit
2727 3972 2742 3996 .
2774 3947 2988 3987 sensum
3026 3932 3077 3986 in
3109 3931 3262 3986 nobis
3291 3930 3619 3997 hebetiorem
3665 3928 3883 3993 reddit;

2299 4025 2669 4081 intermedium
2699 4033 2905 4093 tempus
2928 4023 3091 4078 breve
3118 4034 3222 4088 est,
3244 4016 3540 4094 quosensu
3565 4019 3881 4076 deliciarum

2297 4117 2560 4181 fruimur;
2608 4116 2715 4169 imo
2745 4129 2810 4170 ne
2839 4124 3079 4184 tempore
3120 4113 3333 4183 quidem
3384 4113 3475 4171 illo
3520 4127 3685 4169 sensu
3733 4121 3883 4168 recte

2298 4210 2539 4275 fruimur,
2568 4223 2689 4263 cum
2716 4207 2859 4263 mille
2886 4223 3026 4262 curta
3056 4207 3368 4276 laboresque
3394 4205 3569 4261 adsint
3597 4204 3688 4275 qui
3727 4203 3880 4260 illum

2298 4302 2633 4356 labefactent.
2662 4299 2991 4370 Quapropter
3011 4338 3027 4363 ,
3058 4298 3281 4353 obsecro
3306 4338 3322 4364 ,
3353 4297 3567 4353 immota
3594 4308 3647 4356 et
3674 4304 3879 4352 atterua

2295 4408 2593 4465 quast-amns
2617 4391 2776 4457 bona,
2794 4401 2849 4446 et
2869 4374 3028 4445 vitam
3056 4406 3175 4460 qua:
3196 4389 3326 4444 nulli
3346 4390 3497 4444 senio
3518 4388 3745 4443 obnoxia
3768 4396 3875 4443 est.

2292 4486 2425 4542 Nam
2442 4495 2617 4556 potest
2636 4486 2794 4543 etiam
2822 4486 2885 4547 is.
2904 4484 2993 4555 qui
3025 4482 3307 4538 incivitate
3334 4482 3552 4545 habitat,
3582 4484 3877 4537 monacho-

2291 4595 2409 4634 ruut
2455 4578 2842 4649 philusuphiam
2874 4574 3083 4638 .itnitari
3114 4590 3129 4632 ε
3165 4582 3337 4643 putcst
3389 4572 3597 4627 etiamsi
3646 4586 3875 4628 uxorem

2290 4671 2482 4727 habent
2509 4679 2563 4725 et
2590 4669 2732 4724 domi
2786 4676 3061 4733 versetur,
3093 4666 3337 4734 precari,
3378 4663 3621 4734 jejunare
3643 4703 3661 4730 ,
3714 4677 3873 4719 eum-

2289 4762 2481 4833 pungi.‘
2512 4760 2641 4816 Nam
2671 4770 2723 4815 et
2750 4760 2837 4829 qui
2866 4759 2935 4813 ab
2962 4760 3114 4813 initio
3140 4756 3209 4812 ab
3234 4756 3488 4827 apostolis
3513 4756 3870 4811 institueban-
3902 4790 3905 4793 ν

2288 4862 2391 4919 tur,
2420 4852 2688 4907 civitatem
2710 4850 3032 4915 incolebant,
3056 4864 3237 4904 eorum
3263 4848 3349 4920 qui
3373 4848 3423 4902 iu
3446 4838 3711 4903 desertum
3735 4861 3871 4903 con-

2285 4954 2559 5001 cesserunt
2587 4945 2834 5013 pietatem
2858 4940 3201 5006 exhibebant,
3233 4955 3330 4996 nec
3372 4954 3479 4994 non
3505 4938 3594 4993 alii
3620 4937 3711 5009 qui
3736 4938 3867 4994 ofﬁ-

2283 5038 2418 5092 cinis
2448 5043 2728 5108 praterant,
2753 5044 2809 5089 ut
2834 5033 3077 5090 Priscilla
3104 5044 3157 5088 et
3182 5032 3366 5104 Aquila
3391 5032 3410 5103 (
3431 5032 3543 5087 Act.
3574 5033 3695 5104 18).
3724 5031 3866 5099 Pro-

2226 5170 2239 5175 -
2283 5129 2457 5199 pheta:
2483 5141 2693 5197 quoque
2718 5140 2925 5191 omnes,
2952 5134 3005 5178 et
3032 5139 3225 5178 uxores
3260 5135 3313 5178 et
3342 5123 3532 5179 domus
3570 5122 3863 5192 habebant,

2282 5232 2338 5275 ut
2369 5220 2549 5283 lsaias,
2586 5216 2858 5284 Ezechiel,
2906 5230 3235 5287 magnusque
3259 5215 3483 5288 Moyses,
3517 5230 3689 5285 neque
3732 5216 3865 5273 inde

2286 5313 2557 5382 quidpiam
2579 5310 2706 5381 ipsis
2728 5308 2988 5389 daniniad
3023 5309 3269 5363 virtutem
3294 5308 3645 5363 exercendam
3670 5322 3862 5363 acces-

2278 5404 2367 5458 sit.
2409 5401 2522 5457 llos
2549 5409 2603 5456 et
2635 5416 2731 5456 nos
2751 5401 3272 5471 quoqucimitantes,
3295 5413 3504 5469 semper
3527 5397 3636 5453 Deo
3652 5398 3860 5469 gratias

602 5473 892 5566 losophiam
924 5486 1223 5530 exerceant.
1268 5476 1338 5531 Et
1361 5479 1721 5533 animadverte
1767 5480 2029 5549 quomodo
2056 5489 2175 5549 post
2278 5509 2515 5566 agamus,
2539 5508 2752 5563 semper
2775 5494 2945 5564 ipsum
2968 5492 3181 5564 hymnis
3200 5491 3550 5556 celebremus,
3567 5490 3857 5547 continen-

602 5565 883 5643 gratiarum
909 5566 1169 5623 actionem
1204 5584 1299 5639 pro
1326 5570 1533 5624 collatis
1562 5569 1696 5625 cibis
1722 5570 1921 5640 majora
1970 5581 2168 5641 petant,

604 5671 701 5711 nec
728 5658 777 5709 in
804 5660 1144 5714 sarcularibus
1174 5671 1431 5730 perstent,
1458 5660 1549 5717 sed
1594 5676 1750 5733 supra
1782 5662 1943 5719 cmlos
1979 5679 2168 5720 ascen-

604 5748 746 5813 dant,
766 5748 1042 5823 dicantth
1065 5770 1078 5805 :
1108 5751 1273 5823 Imple
1292 5770 1381 5808 nos
1403 5752 1598 5823 Spiritu
1620 5766 1789 5809 sancto
1829 5754 2009 5825 Neque
2028 5759 2167 5811 enim

2336 5674 2353 5705 ι
2391 5676 2509 5721 loco
2533 5684 2700 5733 eorum
2722 5683 2833 5733 qua:
2850 5670 3044 5721 uncinis
3064 5668 3351 5720 clauduntur.
3372 5667 3447 5733 sic
3456 5665 3647 5733 legitur
3667 5664 3716 5714 in
3734 5661 3848 5733 fidl-

2272 5735 2353 5803 tis,
2369 5739 2420 5803 ut
2436 5726 3070 5803 unicuiamur'iuconspectu
3083 5740 3182 5803 "tuo
3203 5726 3538 5803 acceptabiles:
3558 5730 3849 5803 accubuere

2352 5796 2554 5845 ciamur.
2577 5794 2861 5853 interposita
2888 5785 2940 5843 et
2962 5796 3009 5841 in
3034 5794 3177 5842 editis
3197 5801 3249 5841 et
3263 5785 3437 5840 in'Mss.
3455 5802 3551 5840 non
3576 5785 3738 5851 paucis
3758 5785 3844 5838 de»

606 5847 779 5913 putest
801 5842 921 5913 quis
948 5844 1201 5916 praeclare
1220 5860 1278 5902 se
1304 5860 1513 5919 gerere,
1534 5848 1635 5906 nisi
1656 5849 1726 5905 sit
1744 5849 1978 5923 repletus
1997 5851 2161 5921 gratia
2273 5842 2571 5920 siuei-antur,
2599 5842 2807 5922 propter!
2822 5842 3101 5904 Grecorum
3122 5853 3556 5906 bomtruteleutou.
