4170 6488
689 445 783 503 {iiii

690 563 1026 631 Quapropter
1049 561 1100 607 et
1125 562 1244 605 eum
1265 586 1279 612 ,
1308 543 1400 616 qui
1437 549 1678 608 mortuus
1713 542 1866 631 erat:
1894 540 1950 631 et
1974 541 2094 587 eum
2117 565 2134 594 ,
2162 523 2252 595 qui

694 621 929 709 nonduin-
953 642 1175 705 obierat,
1208 633 1518 693 inmedium
1564 626 1794 692 adducit.
1827 621 2074 691 Quintam
2123 629 2253 709 cau-

694 707 807 798 sam
839 731 982 810 (nam
1012 741 1157 790 certe
1200 730 1380 801 quinta
1409 736 1633 780 numero
1653 720 1756 789 est)
1779 716 1940 770 aﬂert
1977 707 2250 810 evangeli~

692 843 796 887 sta.
816 799 1067 898 Quianam
1104 823 1192 878 illa
1213 799 1332 876 est?
1367 816 1436 874 Ut
1467 812 1641 870 crucis
1677 807 1895 898 gloriam
1928 799 2252 898 ostenderet,

694 888 1015 990 Petrumque
1066 930 1129 970 ac
1163 912 1396 982 reliquos
1431 906 1722 965 solaretur,
1751 896 1839 968 qui
1863 888 2274 990 passionem-tis

699 976 943 1078 urebant:
963 976 1303 1076 ipsorumque
1343 997 1548 1053 animos
1589 992 1833 1060 erigeret.
1861 984 1992 1040 Nam
2019 995 2140 1078 cum
2162 976 2256 1078 illo

699 1071 1058 1161 advenissent,
1090 1111 1196 1151 non
1218 1071 1487 1153 tacebant,
1506 1084 1598 1142 sed
1628 1079 1977 1152 loquebantur
2006 1072 2075 1128 de
2093 1071 2258 1161 gloria

701 1206 860 1264 quam
893 1186 1294 1257 hcompleturus
1320 1184 1433 1235 erat
1461 1177 1513 1232 in
1550 1164 2020 1264 JerusalemiLuc.
2050 1161 2100 1218 9.
2133 1160 2257 1228 5t);

702 1258 878 1351 idest,
905 1280 974 1336 de
1001 1277 1248 1350 passione
1271 1281 1325 1328 et
1348 1282 1542 1334 cruce;
1568 1265 1646 1321 sic
1672 1263 1814 1351 enim
1844 1258 2021 1351 ipsam-
2049 1264 2260 1351 semper

699 1341 917 1420 vocant.
946 1341 1269 1430 Nequehiuc
1299 1366 1505 1411 tantum
1527 1354 1648 1407 illos
1677 1350 1898 1410 excitat,
1931 1344 2024 1400 sed
2055 1357 2120 1395 ex
2150 1341 2268 1430 ipsa

701 1455 945 1509 virorum
967 1425 1185 1510 vir-tute,
1204 1459 1368 1517 quam
1383 1443 1498 1514 ipse
1515 1441 1570 1495 in
1586 1439 1697 1494 illis
1713 1433 1948 1491 maxime
1968 1425 2266 1502 querebat.

702 1554 831 1622 Quia
857 1550 997 1607 enim
1032 1547 1256 1610 dixerat,
1301 1542 1497 1615 Siquis
1535 1538 1642 1595 sttit
1668 1543 1781 1607 post
1816 1549 1895 1587 me
1920 1525 2265 1622 uenimtotlat

704 1614 902 1698 5mm
929 1655 1073 1694 suam
1116 1646 1164 1691 et
1207 1614 1440 1705 sequatur
1478 1644 1573 1695 me,
1602 1640 1728 1692 eos,
1767 1622 1887 1694 qui’
1902 1633 1994 1689 pro
2036 1617 2129 1671 Dei
2173 1614 2266 1668 be-

707 1734 991 1805 neplacito.
1019 1738 1072 1785 et
1092 1742 1187 1799 pro
1217 1726 1316 1782 sibi
1341 1721 1627 1779 commisso
1670 1715 1862 1788 potiulo
1897 1711 2040 1766 mille
2069 1715 2266 1805 mortes

708 1798 966 1890 obierant,
999 1821 1049 1884 in
1071 1798 1300 1874 medium
1328 1812 1561 1869 adducit.
1585 1807 1819 1877 Uterque
1867 1804 2006 1858 enim
2037 1798 2266 1854 animam

710 1914 959 1987 perdidit,
992 1921 1044 1966 et
1071 1909 1268 1963 iuvcnit
1309 1919 1446 1961 eam.
1485 1901 1718 1969 Uterque
1758 1904 1941 1951 contra
1961 1900 2266 1987 _tyraunum

707 1979 1014 2072 cunstantcr
1050 2018 1109 2056 ac
1142 2001 1307 2056 libere
1348 1994 1524 2059 stetit;
1580 1991 1668 2046 ille
1715 1995 1898 2044 contra
1939 1979 2270 2072 Egyptium,

712 2103 798 2156 hic
823 2108 1000 2158 contra
1051 2092 1348 2153 Achabum,
1381 2087 1536 2154 idque
1582 2096 1678 2152 pro
1702 2079 1918 2149 ingratis
1955 2084 2009 2131 et
2056 2071 2269 2136 inobse-

711 2190 994 2264 quentilus
1026 2166 1346 2240 hominibus.
1378 2179 1441 2234 Et
1468 2178 1536 2233 ah
1564 2177 1648 2240 iis,
1678 2185 1902 2264 quorum
1939 2165 2098 2264 saluti
2123 2162 2273 2218 advi-

714 2257 963 2354 giiabant,
993 2279 1044 2333 in
1097 2286 1390 2331 extremum
1434 2269 1537 2326 acti
1583 2257 1727 2322 sunt
1757 2257 2070 2333 periculum,
2117 2263 2276 2354 atque

717 2346 936 2442 uterque
967 2380 1024 2424 ut
1077 2369 1191 2422 illos
1240 2365 1307 2418 ab
1348 2359 1644 2418 idololatria
1678 2354 2004 2413 retraheret;
2036 2359 2091 2404 et
2121 2346 2277 2402 ambo

716 2437 900 2534 privati
925 2458 1164 2513 homines
1191 2469 1310 2510 esse
1336 2449 1648 2506 videbantur
1672 2464 1686 2499 :
1712 2444 1798 2500 ille
1821 2443 1994 2534 lingua
2023 2437 2282 2534 tardus-ct

718 2527 839 2608 exili
868 2554 1169 2610 vocet-rat;
1195 2545 1279 2600 hic
1311 2540 1535 2612 agrestis
1563 2536 1662 2592 viri
1690 2547 1841 2590 more
1864 2531 2052 2601 agebat
2080 2544 2094 2581 :
2125 2527 2280 2580 ambo

723 2704 859 2806 piam
885 2728 1207 2804 possidebat,
1233 2738 1404 2796 neque
1431 2720 1641 2784 Helias;
1673 2713 1838 2788 (quid
1866 2711 2009 2806 enim
2036 2708 2154 2778 plus
2183 2704 2283 2760 ba-

723 2800 855 2894 buit,
880 2800 1036 2895 quam
1063 2815 1370 2887 melotent)
1408 2824 1463 2871 et
1510 2812 1627 2868 hinc
1675 2809 1726 2864 in
1770 2803 1936 2862 veteri
1981 2800 2118 2895 lege,
2166 2811 2284 2895 cum

725 2889 956 2973 nonduin
1036 2920 1233 2968 tantam
1293 2908 1561 2978 signorum
1616 2898 1864 2972 'gratiam
1939 2889 2285 2961 accepissent.

729 3006 943 3065 Etiamsi
964 3004 1103 3059 enim
1130 2999 1338 3071 lioyses
1361 3009 1509 3051 mare
1533 2989 1790 3055 diviserit,
1818 2995 1873 3042 at
1900 2984 2088 3040 Petrus
2128 2994 2290 3052 super

725 3113 889 3170 aquas
911 3093 1218 3157 ambulavit,
1245 3099 1300 3146 et
1326 3094 1536 3143 montes
1564 3081 1849 3170 transferre
1872 3081 2114 3170 poterat,
2146 3085 2290 3170 mor-

727 3161 824 3246 bos
841 3189 1012 3244 omnis
1038 3182 1249 3256 generis
1275 3176 1514 3242 curabat,
1537 3174 1744 3247 feroces
1765 3169 2040 3226 dumonas
2059 3161 2290 3256 fugabat,

731 3292 1019 3351 magnaque
1044 3251 1154 3330 ‘illa
1203 3268 1439 3343 prodigia
1479 3281 1575 3336 per
1626 3262 1868 3351 umbram
1933 3251 2293 3351 corporis—sui

731 3343 949 3434 edebat;
972 3376 1246 3435 totumque
1289 3359 1474 3416 orbem
1501 3353 1787 3415 convertit.
1841 3350 1897 3407 Si
1944 3357 2121 3404 autem
2151 3343 2295 3399 Elias

734 3468 1000 3519 mortuum
1055 3452 1365 3518 suscitavit;
1410 3458 1464 3505 at
1506 3447 1581 3505 illi
1627 3452 1906 3503 sexcentos
1952 3439 2294 3500 suscitarunt,

731 3553 938 3610 etiamsi
966 3549 1197 3606 nondum
1237 3543 1495 3617 Spiritum
1520 3548 1758 3596 sanctum
1800 3535 2145 3605 accepissent.
2177 3529 2300 3584 illos

735 3649 912 3718 itaque
955 3643 1056 3699 hac
1100 3641 1169 3698 de
1215 3652 1373 3697 causa
1424 3635 1476 3692 in
1527 3633 1761 3690 medium
1803 3627 2019 3684 adduxit
2052 3642 2064 3681 :
2093 3622 2302 3678 volebat

737 3735 1187 3804 cuimdiscipulos
1217 3744 1404 3788 eorum
1437 3727 1502 3783 ad
1552 3724 1803 3798 populum
1843 3718 2143 3777 ducendum
2190 3725 2302 3770 stu-

737 3830 882 3885 dium
909 3825 1122 3889 imitari,
1153 3810 1363 3879 illorun.
1388 3818 1763 3880 constantiam,
1792 3812 2092 3868 firmitatem
2123 3819 2304 3862 :esse-

738 3935 838 3990 quc
866 3917 1038 3982 mites,
1074 3923 1131 3970 ut
1158 3913 1364 3986 Moyses
1392 3921 1522 3976 erat,
1576 3909 1690 3965 zelo
1729 3907 1916 3978 plenos
1944 3913 1999 3959 ut
2037 3903 2198 3966 Elias,
2224 3900 2302 3956 si-

741 4010 1038 4080 militerque
1076 4005 1350 4061 sotlicitos.
1389 4002 1540 4058 Alter
1569 4001 1713 4057 enim
1765 3995 2077 4054 triennalem
2109 3994 2300 4049 famem

743 4103 860 4159 tulit
887 4090 1100 4173 propter
1125 4099 1374 4175 populum
1397 4095 1671 4153 Iudaicum
1696 4111 1712 4160 ;
1743 4094 1878 4151 alter
1905 4105 2029 4146 vero
2057 4086 2301 4144 dicebat:

746 4194 804 4250 Si
826 4192 1024 4264 quidem
1054 4191 1260 4247 dimittis
1283 4190 1407 4258 ipsis
1443 4194 1718 4259 peccatum,
1746 4185 1974 4247 dimitte;
2000 4183 2079 4237 sin
2103 4182 2305 4249 minus,

747 4288 856 4340 dele
882 4296 960 4340 nte
985 4285 1045 4338 de
1066 4282 1190 4337 libro
1218 4297 1362 4351 quem
1390 4278 1634 4350 scripsisti
1665 4276 1686 4348 (
1709 4276 1873 4331 Exod.
1904 4275 1990 4331 32.
2019 4272 2090 4331 52
2115 4272 2156 4344 ).
2187 4272 2312 4328 Hec

747 4377 922 4433 omnia
950 4375 1079 4446 ipsis
1105 4388 1198 4443 per
1220 4371 1354 4426 hanc
1378 4370 1634 4433 visionem
1665 4369 1718 4424 in
1741 4376 1970 4422 mentem
2003 4363 2308 4421 revocabat.

747 4469 876 4525 Nam
907 4469 957 4522 in
987 4464 1206 4536 gloriam
1240 4462 1380 4516 illam
1410 4460 1630 4516 adduxit
1664 4462 1839 4530 ipsos;
1887 4475 1990 4513 non
2017 4466 2078 4513 ut
2106 4460 2158 4511 in
2205 4455 2312 4512 illis

748 4566 966 4624 starent,
996 4557 1088 4612 sed
1119 4567 1177 4611 ut
1205 4561 1492 4609 scatmnata
1524 4551 1866 4608 transilirent.
1894 4548 2115 4620 Quando
2144 4549 2303 4619 igitur

752 4655 1014 4715 dixerunt,
1041 4649 1282 4704 Dicamus
1317 4648 1484 4718 ignem
1509 4645 1574 4702 de
1598 4643 1722 4702 ccio
1743 4641 2058 4706 descendere,
2105 4651 2160 4698 et
2187 4642 2313 4698 Elite

757 4740 1018 4797 recordati
1041 4747 1180 4803 sunt,
1205 4739 1292 4809 qui
1326 4739 1427 4792 hoc
1452 4737 1671 4800 fecerat,
1699 4738 1774 4791 ait
1794 4735 1941 4790 illis:
1975 4733 2193 4789 Nescitis
2222 4751 2310 4789 cu~

756 4835 834 4902 ius
859 4831 1066 4899 spiritus
1089 4829 1197 4882 sitis
1227 4827 1375 4898 (Luc.
1403 4826 1456 4883 9.
1485 4828 1572 4882 5b.
1593 4828 1717 4897 55);
1744 4827 1810 4884 ad
1840 4826 2150 4897 ittjuriarum
2179 4826 2318 4881 obli«

758 4925 963 4976 vicucni
996 4920 1113 4975 iltos
1141 4919 1428 4975 adhortans
1454 4921 1521 4974 ob
1547 4904 1918 4977 charismatum
1948 4920 2317 4978 differentiam.

758 5014 832 5068 Ne
861 5022 1014 5069 outes
1044 5024 1142 5067 nos
1171 5011 1338 5066 Eliam
1389 5019 1446 5064 ιιι
1491 5011 1856 5082 imperiatum
1892 5013 2148 5072 damnare
2175 5034 2189 5069 :
2213 5030 2321 5070 non

759 5105 899 5158 enim
926 5105 1032 5158 hoc
1052 5103 1314 5168 dicimus;
1345 5102 1542 5157 ctenim
1569 5102 1854 5168 admodum
1897 5106 2161 5176 perfecta
2183 5118 2319 5161 erat.

759 5196 957 5253 Verum
981 5195 1311 5266 temporibus
1328 5194 1467 5261 suis,
1488 5212 1608 5252 cum
1637 5199 1888 5265 puerilior
1914 5208 2038 5254 tunc
2057 5213 2206 5254 mens
2235 5197 2324 5251 ho.

763 5288 962 5341 utinam
993 5296 1155 5352 esset,
1202 5285 1302 5342 hac
1326 5274 1460 5356 opus
1485 5295 1599 5342 erat
1630 5287 1958 5344 institutione
1992 5305 2150 5346 :nam
2181 5289 2327 5363 Moy.

765 5393 850 5432 si-s
875 5391 1082 5446 quoque
1106 5376 1205 5431 hac
1229 5365 1436 5433 ratione
1449 5377 1712 5446 perfectus
1731 5387 1877 5446 erat;
1904 5381 1996 5436 sed
2024 5382 2141 5452 plus
2159 5382 2317 5456 exigi-1

769 5477 853 5520 tur
877 5466 944 5521 ab
971 5459 1218 5534 apuiwlis
1251 5459 1410 5538 quam
1450 5467 1518 5522 ab
1555 5467 1665 5523 illo.
1697 5467 1815 5522 Nisi
1837 5471 1983 5536 enim.
2009 5473 2330 5528 abundaverit

756 5556 958 5624 justitia
981 5546 1272 5628 oeslra'piits
1293 5575 1442 5628 quam
1457 5559 1732 5615 scribarum
1757 5569 1802 5617 et
1821 5560 2213 5632 ΡΙιω-ὺωοηιιιι,
2231 5582 2330 5620 non

767 5646 1012 5701 putabitis
1038 5648 1092 5702 in
1119 5661 1325 5717 regnum
1345 5650 1581 5705 calorum
1609 5649 1820 5723 (Matth.
1847 5653 1900 5708 5.
1921 5653 2034 5724 20).
2059 5655 2175 5712 Non
2191 5657 2330 5713 enim

895 5805 1041 5859 sm
1055 5805 1177 5856 alios
1193 5811 1242 5855 et
1267 5805 1381 5856 sibi.
1402 5803 1664 5869 legemus:
1691 5816 1786 5870 est,
1811 5809 1872 5860 de
1894 5822 2090 5862 excessu
2111 5825 2268 5880 quem.

1425 424 1480 481 8.
1519 416 1792 476 .IOANNIS
1826 401 2296 468 CllliYSOS'l‘OMi
2334 402 2644 460 ARCIIIEP.
2684 401 3208 461 CONSTANTINOP.

3816 399 3934 457 εδει

2361 523 2413 576 lu
2440 519 2724 592 Egyptum
2758 521 2977 592 ingressi
3002 529 3141 586 sunt,
3175 517 3269 574 sed
3297 518 3347 572 in
3376 517 3559 573 orbem
3583 525 3772 582 totum,
3797 533 3952 588 gra--

2355 615 2476 670 vius
2522 621 2577 667 et
2620 612 2773 682 pejus
2823 610 3068 666 aﬂectum
3108 623 3267 684 quam
3309 606 3544 678 Egyptii
3594 615 3787 662 erant:
3819 623 3930 660 non

2358 705 2685 760 Pharaonem
2729 703 3072 773 altoquuturi.
3107 700 3201 756 sai
3231 715 3349 756 cum
3395 699 3608 754 diabolo
3649 697 3932 769 pugnaturi

2359 809 2475 865 Ipso
2499 796 2750 866 nequitiae
2778 806 3021 866 tyranno.
3053 792 3184 848 Nam
3219 801 3487 848 certamen
3534 791 3662 859 ipsis
3703 797 3838 854 erat,
3873 798 3934 842 ut

2360 883 2506 940 illutn
2528 885 2824 955 alligarent,
2855 895 2909 941 et
2929 899 3053 939 vasa
3077 884 3195 955 ejus
3237 883 3530 950 diriperent
3566 881 3777 943 omnia;
3801 877 3933 934 illud

2361 990 2487 1032 vero
2506 975 2791 1042 faciebant,
2817 991 2920 1030 non
2946 989 3093 1030 mare
3140 973 3457 1039 dividentes,
3487 973 3580 1026 sed
3608 985 3701 1041 per
3727 969 3934 1039 virgam

2360 1065 2525 1122 Jessse
2554 1065 2869 1136 profundum
2913 1064 3202 1135 impietatis
3225 1064 3575 1124 dissecautes.
3605 1061 3771 1115 multo
3803 1073 3936 1130 grao

2363 1157 2594 1212 vioribus
2614 1157 2868 1226 agitatum
2898 1156 3163 1211 ﬂuctibus.
3195 1155 3325 1210 Vide
3353 1155 3510 1223 igitur
3534 1161 3666 1222 quot
3705 1162 3938 1221 quantae

2362 1263 2467 1320 que
2507 1257 2723 1316 essent,
2753 1263 2888 1319 quae
2931 1247 3234 1303 hominibus
3287 1255 3546 1301 terrorem
3589 1245 3936 1298 incuterent:

2363 1353 2528 1400 mors,
2559 1345 2863 1408 paupertas,
2893 1335 3132 1403 infamia,
3164 1336 3309 1392 mille
3330 1334 3491 1399 mala,
3537 1335 3816 1404 magisque
3843 1329 3940 1385 illa

2363 1436 2490 1483 tunc
2517 1427 2788 1496 timebant,
2824 1442 2982 1499 quam
3019 1427 3191 1483 Judmi
3214 1427 3338 1481 olim
3369 1426 3588 1496 pelagus
3610 1423 3759 1478 illud.
3786 1425 3942 1477 Atta-

2365 1532 2487 1574 men
2512 1516 2678 1572 suasit
2704 1516 2805 1571 illis
2833 1524 2890 1570 ut
2914 1516 3027 1570 haec
3053 1517 3230 1570 omnia
3264 1515 3488 1570 ﬁdenter
3503 1512 3940 1583 aggrederentur,

2366 1617 2422 1663 et
2444 1623 2562 1663 cum
2586 1621 2773 1675 magna
2801 1606 3084 1661 securitate
3108 1607 3258 1677 quasi
3285 1620 3381 1674 per
3405 1605 3603 1661 siccum
3631 1602 3942 1658 transirent.

2369 1699 2448 1755 Ad
2480 1700 2590 1754 haec
2619 1700 2776 1770 igitur
2807 1698 2986 1752 omnia
3032 1699 3176 1768 ipsos
3213 1696 3490 1753 concitans
3509 1735 3524 1760 ,
3574 1695 3693 1749 illos
3722 1693 3949 1749 adduxit

2369 1790 2528 1860 quiin
2553 1788 2730 1844 Veteri
2763 1788 3100 1844 remiserant.
3145 1785 3283 1854 Quid
3316 1787 3475 1857 igitur
3501 1785 3690 1842 Petrus
3731 1785 3949 1840 fervens

2373 1881 2496 1936 ille?
2520 1882 2571 1935 ι.
2603 1880 2800 1934 Bonum
2823 1889 2896 1933 est
2928 1880 3134 1946 nos/hic
3165 1894 3287 1933 esse.
3334 1878 3466 1946 Quia
3504 1879 3644 1934 enim
3687 1875 3948 1940 audierat;

2374 1972 2544 2040 ipsum
2569 1969 2952 2040 Jcrosolymam
2983 1937 3267 2024 venturum
3293 1976 3350 2023 et
3382 1982 3661 2037 passurum
3708 1979 3847 2032 esse,
3883 1980 3951 2019 ea

2373 2062 2440 2118 de
2459 2077 2612 2116 causa
2636 2061 2809 2117 adhuc
2825 2061 3018 2116 timens
3045 2070 3099 2116 et
3119 2070 3374 2125 tremens,
3388 2069 3509 2130 post
3529 2058 3953 2128 increpationem

2375 2155 2524 2214 illam
2547 2171 2650 2210 non
2681 2154 2843 2209 audet
2865 2153 3076 2224 quidem
3106 2151 3364 2208 accedere
3408 2166 3471 2207 ac
3516 2151 3694 2206 dicere
3719 2165 3732 2201 :
3758 2147 3955 2213 Propi-

2378 2246 2475 2300 tius
2500 2247 2584 2298 n’bi
2607 2247 2670 2300 sit
2691 2243 2901 2317 (Matth.
2935 2243 3021 2299 16.
3038 2242 3157 2312 22),
3187 2241 3282 2298 sed
3309 2242 3498 2296 timore
3521 2240 3697 2295 adhuc
3739 2248 3952 2308 captus.

2377 2338 2561 2393 eadem
2590 2337 2723 2407 ipsa,
2747 2335 2838 2391 sed
2867 2350 2963 2405 per
2987 2334 3086 2390 alia
3119 2332 3278 2390 verba
3304 2332 3626 2389 subindicat.
3648 2329 3782 2398 Quia
3809 2329 3960 2387 enim

2382 2438 2614 2484 montem
2670 2427 2882 2483 videbat
2930 2435 2986 2483 et
3023 2436 3226 2489 vastam
3281 2424 3644 2490 solitudinem,
3691 2421 3961 2493 cogitabat

2384 2533 2627 2587 magnam
2658 2519 2727 2573 ibi
2779 2518 3117 2573 securitatem
3164 2530 3197 2571 a
3237 2514 3357 2572 loco
3393 2527 3553 2579 esse;
3604 2527 3704 2569 nec
3731 2511 3896 2568 modo
3929 2525 3964 2565 ιι

2261 2643 2278 2654 ο
2385 2607 2522 2672 loco,
2541 2608 2646 2686 sed
2673 2609 2810 2678 quod
2830 2616 3050 2678 cuperet
3076 2607 3248 2675 ipsum
3277 2620 3383 2664 non
3415 2604 3549 2660 ultra
3570 2603 3964 2675 ierosoiymam

2386 2700 2574 2755 adire:
2608 2699 2715 2758 vult
2762 2699 2905 2754 enim
2952 2713 3073 2753 eum
3114 2698 3185 2752 ibi
3232 2706 3490 2768 perpetuo
3531 2709 3746 2750 manere
3781 2711 3797 2750 :
3840 2692 3969 2748 ideo

2390 2789 2722 2846 tabernacula
2748 2796 3026 2845 memorat.
3072 2786 3131 2844 Si
3158 2789 3300 2844 enim
3331 2788 3434 2843 hoc
3482 2786 3592 2850 flat,
3620 2786 3822 2856 inquit,
3852 2799 3966 2838 non

2389 2881 2522 2936 ultra
2549 2879 2934 2950 Jerosolymam
2955 2879 3342 2944 ascendemus;
3379 2879 3424 2936 si
3464 2894 3572 2935 non
3590 2875 3966 2936 ucendamut.

2391 2973 2478 3029 ille
2502 2961 2608 3028 non
2636 2974 2911 3028 morietur.
2940 2971 3015 3028 lbi
3043 2987 3273 3042 namque
3297 2970 3508 3027 dicebat
3534 2970 3740 3027 scribas
3778 2983 3841 3024 se
3874 2983 3971 3040 ag-

2390 3077 2670 3135 gressuros
2701 3077 2840 3119 esse.
2872 3063 2976 3119 Sed
3001 3077 3105 3119 non
3131 3077 3292 3119 ausus
3311 3070 3395 3120 est
3420 3063 3491 3118 ita
3517 3061 3697 3132 loqui;
3737 3060 3851 3116 hac
3873 3074 3972 3116 au-

2393 3165 2500 3211 tem
2527 3153 2783 3225 perticam
2806 3154 3014 3219 volens,
3039 3169 3236 3218 secure
3271 3152 3485 3220 dicebat
3515 3170 3530 3207 :
3556 3152 3752 3211 Bonum
3777 3159 3850 3207 est
3877 3166 3974 3204 nos

2396 3245 2479 3300 hic
2505 3260 2630 3311 esse,
2663 3244 2754 3300 ubi
2779 3254 2831 3300 et
2853 3244 3064 3318 Moyses
3087 3253 3141 3301 et
3169 3244 3318 3301 Elius
3339 3241 3570 3299 adsunt:
3599 3243 3760 3306 Eiias,
3789 3241 3880 3312 qui
3902 3240 3976 3295 de

2397 3336 2527 3393 caelo
2555 3337 2729 3408 ignem
2749 3335 2802 3392 in
2827 3345 3060 3394 montem
3080 3335 3408 3394 descendere
3427 3335 3608 3406 jussit,
3636 3333 3974 3406 tionesque,

2381 3430 2486 3501 .qui
2517 3430 2569 3485 in
2593 3429 2870 3499 caliginem
2891 3429 3181 3500 ingressus,
3207 3443 3328 3484 cum
3360 3429 3471 3485 Deo
3499 3427 3749 3499 loquutus
3766 3436 3890 3482 est:
3918 3433 3977 3481 et

2401 3534 2559 3577 nemo
2581 3520 2713 3576 sciet
2733 3520 2948 3576 ubinam
2969 3534 3174 3576 sumus.

2470 3614 2525 3670 3.
2576 3611 2849 3669 Visdistin’
2888 3612 3177 3670 ferventem
3230 3611 3424 3668 Christi
3479 3619 3770 3668 amatorem
3816 3609 3841 3664 ἲ
3901 3608 3982 3665 Ne

2402 3719 2611 3775 quaeras
2646 3719 2803 3776 quam
2844 3704 3076 3776 prudens
3118 3712 3173 3760 et
3213 3711 3492 3759 accuratus
3535 3711 3681 3758 esset
3730 3700 3980 3757 hortandi

2402 3797 2624 3862 modus,
2676 3796 2772 3853 sed
2834 3810 2992 3866 quam
3040 3794 3286 3858 fervens,
3345 3803 3707 3864 quantumque
3759 3791 3986 3847 ardebat

2403 3902 2586 3946 amore
2617 3885 2832 3943 Christi.
2862 3885 3014 3955 Quod
3041 3886 3181 3942 enim
3203 3899 3323 3941 cum
3354 3883 3481 3940 illud
3497 3885 3717 3948 diceret,
3751 3898 3857 3939 non
3884 3897 3987 3952 pro

2406 3981 2586 4051 seipso
2614 3973 2816 4034 tlutum
2846 3986 3098 4034 tremeret
3125 3977 3238 4032 hinc
3264 3975 3512 4042 dicendo,
3537 3974 3658 4029 audi
3685 3972 3811 4045 quid
3839 3973 3990 4028 dicat

2405 4085 2528 4128 cum
2569 4068 2814 4125 Christus
2853 4076 3082 4123 mortem
3110 4081 3259 4122 suam
3301 4080 3355 4122 et
3399 4064 3620 4120 insidias
3662 4063 3761 4118 sibi
3809 4066 3987 4132 parari

2409 4159 2778 4232 pranuntiavit
2804 4176 2819 4211 :
2846 4159 3080 4212 Animam
3110 4173 3270 4212 meum
3307 4171 3398 4228 pro
3419 4166 3466 4210 te
3493 4170 3679 4225 ponam
3709 4169 3731 4209 :
3764 4155 3810 4209 si
3837 4170 3992 4223 opor-

2412 4253 2562 4308 tuerit
2586 4267 2665 4306 me
2691 4249 2821 4306 mori
2847 4259 3009 4304 tecum
3026 4290 3043 4317 ,
3073 4265 3171 4303 non
3208 4257 3254 4302 te
3279 4238 3462 4318 negabo
3489 4245 3509 4320 (
3534 4247 3700 4302 Marc.
3733 4247 3820 4304 ιι.
3849 4248 3914 4303 3i
3944 4248 3989 4317 ).

2413 4343 2547 4401 Vide
2590 4345 2748 4400 etiam
2787 4341 3058 4415 quomodo
3087 4341 3137 4396 in
3185 4341 3375 4396 mediis
3422 4341 3670 4408 periculis
3713 4340 3836 4394 vitae
3877 4353 3996 4395 sua

2412 4451 2598 4507 parum
2636 4437 2955 4490 consuleret.
2982 4433 3154 4489 Tanto
3190 4433 3331 4488 enim
3359 4433 3740 4488 circumstante
3764 4431 3997 4501 p0pulo.

2416 4544 2522 4584 non
2565 4528 2724 4583 modo
2758 4542 2866 4583 non
2893 4527 3116 4597 aufugit,
3161 4520 3252 4580 sed
3281 4524 3467 4579 stricto
3494 4523 3671 4594 gladio
3699 4523 3997 4593 amputavit

2417 4617 2707 4674 aurlculam
2755 4615 2893 4672 servi
2933 4615 3246 4678 sacerdotis.
3277 4612 3367 4668 Sic
3405 4612 3494 4668 ille.
3525 4627 3629 4667 non
3662 4611 3805 4683 quod
3835 4628 3996 4668 suum

2419 4720 2538 4768 erat
2579 4709 2932 4778 respiciebat,
2979 4707 3072 4764 sed
3123 4722 3221 4779 pro
3265 4706 3521 4778 magistro
3565 4719 3663 4760 suo
3709 4703 3996 4760 tremebat.

2427 4802 2623 4858 Deinde
2658 4801 2782 4872 quia
2827 4799 3067 4855 absolute
3109 4799 3355 4872 loquutus
3397 4792 3717 4860 fuerat,'ad
3761 4802 4002 4849 mentem

2423 4891 2596 4958 redit;
2625 4867 2918 4961 timensque
2949 4906 3014 4946 ne
3035 4867 3636 4958 rursus'increparetur,
3663 4886 3739 4941 ait
3769 4902 3784 4940 :
3813 4883 3877 4941 Si
3900 4886 4004 4950 sis,

2423 4981 2667 5053 faciamus
2696 4986 2777 5040 hic
2807 4985 2902 5038 tria
2925 4982 3266 5043 tabernacula.
3298 4981 3384 5035 tibi
3406 4997 3584 5046 unum,
3618 4977 3791 5050 Moysi
3817 4994 4002 5040 unum,

2426 5085 2471 5130 et
2505 5075 2630 5130 Elite
2656 5093 2836 5130 unum.
2863 5073 2998 5143 Quid
3042 5073 3194 5136 dicis,
3222 5071 3427 5127 Petrei
3455 5085 3634 5125 nonne
3677 5068 3833 5139 paulo
3872 5077 4005 5123 ante

2437 5188 2466 5227 a
2495 5169 2667 5223 servis
2710 5183 2830 5224 eum
2872 5166 3126 5236 separasti
3150 5164 3173 5217 τ
3200 5179 3294 5218 cur
3320 5178 3439 5219 cum
3480 5163 3651 5218 servis
3681 5161 3840 5218 modo
3865 5177 4006 5217 cou-

2432 5257 2728 5315 numeras?
2765 5257 2947 5313 Viden’
2993 5270 3148 5326 quam
3200 5254 3490 5323 imperfecti
3540 5253 3616 5308 illi
3656 5261 3840 5308 essent
3876 5263 4007 5308 ante

2431 5349 2692 5408 crucem?
2726 5348 2858 5403 Nam
2887 5348 2928 5400 si
2977 5345 3133 5401 Pater
3172 5345 3331 5401 Petro
3378 5343 3655 5409 revelavit,
3699 5352 3754 5397 at
3781 5358 3885 5398 non
3909 5343 4008 5399 diu

2435 5441 2809 5497 reveta’tionem
2840 5438 2981 5491 illam
3011 5435 3246 5495 retinuit.
3271 5436 3363 5491 sed
3397 5450 3595 5505 pavore
3619 5433 3862 5490 turbatus
3897 5443 4006 5498 est,

2434 5548 2540 5586 non
2588 5532 2758 5586 solum
2805 5542 2870 5584 eo
2907 5541 3065 5598 quem
3107 5524 3253 5593 dixi,
3283 5525 3375 5580 sed
3416 5527 3575 5579 etiam
3606 5525 3711 5579 alio
3739 5539 3900 5594 quem
3941 5539 4010 5580 es

2439 5623 2638 5678 visione
2682 5620 2774 5675 illa
2815 5624 3138 5686 susceperat.
3174 5616 3277 5672 Alii
3307 5616 3482 5683 itaque
3524 5615 3864 5686 evangelista:
3904 5611 4014 5672 hoc

2438 5713 2826 5786 significantes,
2872 5710 3066 5764 mentis
3109 5707 3512 5771 confusionem,
3559 5721 3661 5777 qua
3709 5705 3958 5762 afﬂeieba
3984 5736 4011 5750 -

2445 5814 2548 5872 tur,
2591 5818 2710 5860 cum
2748 5802 2863 5856 haec
2907 5799 3126 5867 diceret,
3155 5812 3221 5856 es
3250 5811 3443 5871 pavore
3468 5796 3562 5855 illo
3581 5805 3888 5870 susceptam
3923 5795 4014 5854 de-
