4170 6474
198 444 296 511 '53:

200 569 407 622 claram.
436 564 655 621 Marcus
679 564 893 635 quidem
929 563 1077 629 dicit,
1112 562 1232 617 Non
1260 564 1396 618 enim
1437 562 1623 617 sciebat
1657 563 1778 630 quid

199 662 473 729 loqueretur
525 674 544 712 :
585 658 837 728 perterriti
881 672 1097 725 namque
1139 656 1344 726 fuerunt
1369 655 1388 725 (
1413 654 1580 708 Marc.
1604 653 1657 708 9.
1684 653 1780 721 6).

202 748 355 804 Lucas
377 763 508 802 vero
526 755 809 816 postquam
837 744 988 810 dixit,
1017 744 1291 798 Faciamus
1318 754 1354 796 li
1367 746 1414 797 ia
1434 744 1779 809 tabernacula,

199 842 363 897 statim
394 837 693 906 subiunxit,
725 834 968 891 Nesciens
993 836 1116 906 quid
1145 837 1329 888 diceret
1367 834 1385 905 (
1412 834 1537 887 an.
1561 834 1614 888 9.
1649 833 1779 901 53).

198 933 389 988 Deinde
431 931 739 1002 signiﬁcans
781 940 833 983 et
861 931 1009 983 illum
1042 937 1097 982 et
1123 930 1256 982 alios
1286 929 1477 981 timore
1506 936 1781 995 correptos

196 1023 385 1089 fuisse,
415 1020 493 1077 ait
541 1040 553 1075 :
600 1020 807 1077 Gravati
848 1036 1023 1075 somno
1069 1030 1211 1074 erant
1250 1035 1268 1073 :
1307 1036 1421 1073 cum
1463 1019 1782 1088 evigilassent

198 1124 350 1169 autem
370 1154 383 1177 ,
418 1114 651 1168 uiderunt
680 1112 893 1183 gloriam
927 1113 1039 1181 ejus
1068 1109 1246 1184 (Ibid.
1276 1127 1322 1164 υ.
1355 1110 1423 1164 32
1447 1109 1467 1183 )
1495 1127 1508 1173 ;
1534 1124 1778 1164 somnum

192 1218 312 1260 vero
334 1206 418 1260 hic
449 1212 603 1258 vocat
629 1218 877 1274 soporem
908 1203 1056 1257 illum
1084 1203 1173 1272 qui
1212 1219 1275 1257 ex
1326 1203 1418 1256 tali
1454 1203 1661 1257 visione
1692 1218 1781 1256 ae-

190 1299 329 1354 eidit.
359 1298 493 1353 Nam
512 1299 674 1352 veluti
698 1297 835 1352 oculi
866 1312 929 1351 ex
972 1296 1139 1350 nimio
1171 1295 1377 1366 fulgore
1412 1295 1778 1351 obtenebran--

192 1401 272 1443 tur
297 1432 311 1455 ,
356 1390 436 1446 sic
476 1399 533 1445 et
578 1389 679 1443 illis
726 1389 922 1443 evenit.
959 1388 1140 1458 Neque
1179 1389 1322 1443 enim
1372 1398 1474 1442 nox
1503 1397 1640 1453 erat,
1684 1387 1776 1441 sed

190 1480 343 1536 dies:
378 1490 433 1535 et
477 1479 748 1534 radiorum
792 1478 1048 1548 splendor
1089 1472 1366 1533 oculorum
1414 1478 1776 1532 inﬁrmitatem

189 1575 451 1644 gravabat.
504 1571 640 1639 Quid
681 1572 891 1641 igitur?
933 1572 1051 1641 Ipse
1093 1571 1311 1641 quidem
1361 1570 1490 1623 nihil
1519 1570 1774 1639 loquitur,

196 1680 349 1734 neque
374 1664 585 1735 Moyses
606 1706 620 1729 ,
654 1680 824 1731 neque
850 1663 999 1718 ‘Elias
1032 1682 1045 1716 :
1074 1662 1171 1717 sed
1200 1664 1289 1733 qui
1315 1662 1565 1717 omnibus
1607 1660 1778 1731 major

192 1763 241 1809 et
283 1754 380 1809 ﬁde
421 1754 636 1824 dignior
664 1764 779 1816 est,
834 1754 990 1808 Pater
1036 1769 1221 1808 vocent
1269 1754 1465 1807 emittit
1508 1770 1573 1806 ex
1615 1754 1772 1807 nube.

188 1844 287 1901 Cur
312 1863 375 1902 ex
406 1846 548 1902 nube
572 1848 594 1899 ?
616 1846 704 1901 Sic
732 1862 946 1916 semper
970 1857 1199 1915 apparet
1228 1847 1369 1901 Deus
1400 1865 1412 1899 :
1448 1860 1570 1905 nam
1603 1844 1775 1901 Nubes

185 1950 231 1991 et
277 1939 434 2009 caligo
472 1940 525 1992 in
556 1940 769 1992 circuitu
799 1940 909 2008 ejus
956 1941 971 2008 (
1004 1938 1149 1992 Psal.
1172 1938 1257 1994 96.
1291 1939 1404 2008 2);
1444 1949 1497 1992 et
1543 1954 1727 1993 rursus
1758 1956 1769 1991 :

188 2030 283 2093 Qui
308 2031 445 2101 ponit
476 2032 629 2084 nubes
653 2048 915 2084 ascensum
942 2048 1089 2084 suum
1114 2031 1132 2099 (
1162 2027 1775 2103 Psal.l()3.75);'iterum-

190 2140 301 2189 que,
347 2118 604 2177 ‘Dominns
641 2123 773 2177 sedet
816 2124 866 2176 in
914 2122 1043 2176 nube
1080 2124 1179 2176 ‘levi
1206 2124 1224 2193 (
1252 2121 1378 2176 lsai.
1415 2123 1501 2177 i9.
1536 2124 1557 2177 1
1598 2125 1651 2191 );
1685 2133 1770 2189 et,

192 2214 349 2268 Nubes
378 2216 600 2283 suscepit
630 2230 742 2267 eum
774 2212 834 2265 ab
875 2213 1037 2267 oculis
1064 2225 1237 2267 eorum
1262 2214 1278 2281 (
1307 2214 1417 2267 Aet.
1456 2215 1503 2267 l.
1530 2213 1604 2280 9)
1636 2231 1647 2276 ;
1682 2226 1729 2266 et
1755 2256 1769 2278 ,

193 2305 334 2371 Quasi
349 2303 749 2359 Filiushominis
774 2307 973 2359 veniens
1001 2307 1053 2359 in
1091 2306 1303 2359 nubibus
1342 2306 1359 2375 (
1385 2305 1518 2358 Dan.
1547 2308 1597 2359 7.
1635 2301 1699 2361 l3
1730 2306 1766 2375 ).

186 2398 250 2454 Ut
281 2402 431 2471 igitur
456 2402 681 2457 credant
710 2402 778 2456 ab
806 2402 922 2471 ipso
973 2403 1083 2458 Deo
1117 2418 1299 2458 vocem
1332 2404 1495 2469 ferri,
1531 2406 1653 2458 inde
1683 2423 1771 2459 re-

182 2494 274 2559 ‘nit,
296 2506 345 2550 et
371 2496 542 2549 nubes
571 2495 738 2549 lucida
766 2504 881 2550 erat
912 2514 923 2547 :
960 2513 1080 2549 nam
1117 2498 1166 2550 ὅ.
1204 2496 1384 2550 Adhuc
1419 2515 1474 2551 eo
1515 2500 1763 2564 loquente,

188 2603 285 2640 ecce
305 2587 453 2641 nubes
496 2588 666 2641 lucida
700 2586 1011 2640 obumbravit
1043 2605 1143 2641 eos.
1180 2588 1242 2640 Et
1287 2606 1399 2641 ecce
1425 2606 1520 2642 vox
1551 2591 1612 2643 de
1642 2591 1771 2643 nube

186 2678 339 2733 dicens
367 2696 383 2733 :
411 2679 515 2732 Hic
546 2688 619 2733 est
646 2678 810 2732 Filius
852 2697 988 2733 meus
1020 2682 1253 2746 dilectus,
1282 2682 1333 2734 in
1368 2700 1465 2747 quo
1496 2683 1619 2733 mihi
1646 2683 1769 2735 bene

185 2772 448 2839 complacui
472 2787 490 2822 :
519 2770 688 2837 ipsum
724 2771 912 2823 audite.
945 2770 1175 2837 Quando
1214 2772 1354 2825 enim
1398 2773 1647 2834 minatur,
1684 2783 1763 2825 te-

186 2858 450 2913 nebrosam
484 2859 679 2914 nubem
710 2860 978 2925 ostendit,
1009 2862 1464 2930 quemadmodum
1508 2863 1559 2917 in
1590 2863 1715 2916 Sina
1749 2881 1761 2916 :

185 2948 384 3003 Intravit
413 2952 582 3015 enim,
626 2950 719 3007 ait.
749 2952 801 3005 in
830 2954 1008 3005 nubem
1055 2960 1101 3003 et
1146 2954 1197 3005 in
1237 2953 1505 3022 caliginem
1536 2952 1761 3023 Moyses,

184 3052 223 3093 et
267 3042 393 3094 velut
441 3057 602 3111 uapor
646 3043 717 3095 ita
769 3041 1025 3112 ferebatur
1065 3046 1236 3114 [unius
1268 3045 1459 3110 (Exod.
1486 3046 1575 3099 Eli.
1612 3047 1759 3113 18);

180 3142 226 3184 et
278 3134 531 3203 prOpbeta
576 3133 642 3187 de
691 3134 847 3189 minis
875 3135 992 3203 ejus
1018 3135 1308 3199 disserens,
1341 3134 1647 3201 Tenebrosa,
1679 3138 1761 3191 iu-

174 3222 301 3291 quit,
331 3242 461 3293 aqua
490 3225 544 3277 in
576 3226 787 3279 nubibus
818 3226 990 3297 aeris(
1020 3224 1159 3281 Psal.
1188 3227 1376 3283 17.12
1401 3228 1418 3299 )
1444 3245 1458 3293 ;
1494 3229 1579 3283 hic
1610 3244 1756 3295 vero,

179 3317 287 3382 quia
325 3333 428 3371 non
482 3326 706 3381 terrere,
744 3319 835 3372 sed
868 3318 1065 3374 docere
1109 3320 1354 3387 volebat,
1388 3322 1557 3377 nubes
1588 3323 1759 3377 lucida

179 3415 268 3461 est.
308 3407 369 3463 Et
398 3408 599 3464 Petrus
624 3409 839 3479 quidem
868 3410 1102 3475 dicebat,
1142 3410 1416 3468 Faciamus
1442 3415 1539 3468 tria
1577 3414 1759 3469 taber-

175 3498 386 3564 nacula;
428 3500 521 3555 ille
551 3515 681 3555 vero
715 3500 1119 3557 tabernaculum
1162 3504 1398 3559 ostendit
1430 3520 1533 3559 non
1569 3522 1755 3561 manu-

178 3589 375 3644 Iaetum.
403 3591 529 3647 Ideo
555 3592 623 3647 ibi
650 3592 864 3662 quidem
880 3594 1061 3649 fumus
1091 3607 1192 3660 est,
1217 3608 1271 3653 et
1298 3613 1465 3667 vapor
1493 3599 1753 3664 fornacis;

172 3679 253 3733 hic
276 3696 397 3737 vero
414 3682 511 3736 lux
541 3682 843 3747 ineﬁ‘abilis,
863 3694 917 3740 et
946 3702 1069 3740 vox.
1117 3687 1317 3743 Deinde
1350 3700 1404 3742 ut
1436 3692 1755 3747 ostendatur

174 3784 270 3825 non
314 3772 379 3828 de
422 3788 533 3827 uno
583 3775 737 3827 trimo
780 3775 1093 3845 simpliciter
1135 3778 1265 3839 dici,
1323 3781 1418 3835 sed
1446 3781 1512 3836 de
1542 3782 1756 3839 Christo

172 3872 385 3928 tantum,
427 3882 553 3921 cum
583 3882 683 3920 vox
717 3868 876 3923 allata
920 3879 1022 3935 est,
1054 3871 1125 3925 illi
1159 3883 1513 3928 recesserant.
1549 3873 1681 3929 Nam
1710 3878 1752 3932 si

168 3952 233 4007 de
252 3971 349 4009 uno
388 3972 451 4012 ex
482 3958 593 4011 illis
616 3957 816 4012 dictum
848 3958 1055 4027 fuisset,
1090 3978 1195 4016 non
1233 3964 1324 4018 ille
1356 3967 1641 4023 mansisset
1667 3984 1755 4022 so-

168 4043 277 4109 Ius,
324 4046 536 4103 duobus
583 4050 703 4104 aliis
734 4053 971 4105 remotis.
1003 4052 1079 4123 (α)
1104 4051 1251 4125 [Cur
1278 4071 1407 4125 ergo
1448 4057 1616 4113 nubes
1648 4075 1751 4115 non

167 4134 419 4193 Christum
459 4140 636 4194 solum
675 4143 903 4209 operuit,
928 4144 1020 4198 sed
1048 4160 1236 4199 omnes
1272 4148 1428 4201 simul
1458 4150 1481 4202 ἲ
1516 4149 1569 4205 Si
1602 4152 1754 4207 Chri-

166 4236 294 4281 stum
342 4230 517 4285 solum
579 4231 952 4289 obumbrasset
982 4276 994 4297 ,
1038 4246 1277 4305 putatum
1333 4239 1521 4297 fuisset
1578 4244 1750 4313 ipsum

168 4316 423 4376 Christum
476 4324 727 4380 emisisse
785 4328 1351 4400 vocem.Quapr0pter
1400 4338 1744 4407 evangelista,

166 4418 221 4461 ut
240 4408 333 4466 hoc
359 4413 531 4482 ipsum
554 4414 922 4482 conﬁrmaret,
946 4418 1021 4470 ait
1046 4434 1228 4474 vocem
1262 4439 1328 4476 ex
1351 4424 1490 4480 nube
1518 4432 1746 4495 venisse,

165 4498 216 4552 id
240 4512 347 4566 est,
377 4522 441 4560 ex
477 4506 611 4561 Deo.
638 4504 657 4577 ]
703 4507 768 4561 Et
796 4508 921 4577 quid
950 4512 1024 4562 ait
1054 4527 1151 4564 vox
1189 4513 1322 4565 illa?
1352 4514 1450 4569 Hic
1480 4530 1551 4571 est
1584 4519 1750 4576 Filius

169 4606 294 4649 meus
329 4596 563 4653 dilectus.
593 4598 653 4654 Si
691 4598 935 4664 dilectus,
968 4618 1031 4656 ne
1065 4603 1271 4669 timeas,
1312 4606 1488 4662 Petre.
1522 4611 1748 4679 Oporte-

163 4682 246 4740 bat
270 4688 404 4742 enim
432 4697 483 4744 te
511 4700 569 4745 et
596 4690 843 4746 virtutem
877 4695 1275 4766 potentiamque
1301 4698 1541 4766 ejusjam
1566 4718 1743 4770 nosse,

166 4783 213 4829 et
250 4776 313 4833 de
350 4782 754 4838 resurrectione
789 4796 907 4838 esse
952 4786 1233 4840 certiorem
1266 4804 1280 4851 ;
1314 4790 1434 4858 quia
1465 4806 1590 4846 vero
1619 4794 1745 4849 illud

164 4864 401 4938 ignoras,
443 4872 642 4928 saltem
694 4888 761 4927 ex
806 4888 938 4929 voce
988 4876 1158 4932 Patris
1207 4877 1459 4935 ﬁdentior
1507 4893 1643 4937 esto.
1689 4886 1745 4941 Si

168 4974 373 5032 namque
401 4974 597 5033 potens
623 4971 707 5019 est
734 4965 892 5029 Deus,
928 4979 984 5021 ut
1014 4983 1139 5023 vere
1166 4981 1354 5039 potens
1380 4984 1461 5027 est
1484 5015 1497 5041 ,
1527 4978 1742 5046 procul-

162 5049 310 5106 dubio
346 5065 403 5110 et
444 5055 621 5111 Filius
670 5057 938 5113 similiter.
990 5059 1069 5115 Ne
1116 5062 1303 5117 timeas
1332 5081 1463 5135 ergo
1495 5070 1651 5125 mala.
1686 5071 1742 5127 Si

167 5151 322 5200 autem
353 5146 453 5201 hoc
486 5146 730 5202 nondum
767 5149 1025 5213 admittis,
1054 5152 1181 5207 illud
1207 5154 1396 5209 saltem
1438 5161 1611 5229 cogita
1634 5203 1646 5222 .
1677 5163 1739 5215 il-

167 5229 260 5287 lum
281 5246 331 5289 et
358 5236 550 5292 Filium
580 5252 723 5303 esse,
755 5248 805 5293 et
828 5240 971 5308 diligi
1024 5240 1124 5295 Hic
1152 5256 1226 5298 est
1255 5248 1421 5325 enim,
1452 5250 1545 5316 ait,
1574 5250 1741 5307 Filius

166 5339 285 5379 meus
329 5329 561 5383 dilectus.
612 5329 669 5385 Si
713 5346 839 5385 vero
882 5332 1137 5402 diligitur,
1206 5353 1277 5395 ne
1320 5342 1525 5396 timeas.
1576 5344 1741 5401 Nemo

165 5418 289 5470 enim
314 5435 469 5487 quem
513 5420 727 5490 diligit,
759 5422 961 5491 abjicit.
993 5425 1070 5479 Ne
1103 5430 1330 5483 turleris
1360 5447 1487 5501 ergo
1524 5452 1535 5490 :
1569 5452 1738 5504 quan-

167 5509 337 5563 tumvis
364 5512 507 5565 euim
548 5512 741 5581 diligas
762 5555 774 5574 .
806 5530 910 5567 non
947 5516 1122 5586 diligis
1148 5536 1267 5572 cum
1303 5533 1357 5575 ut
1387 5526 1543 5579 later
1576 5528 1741 5597 ipsius

166 5592 329 5667 diligit.
360 5600 423 5655 In
453 5620 555 5671 quo
597 5604 721 5656 mihi
766 5604 1074 5672 complacui.
1106 5609 1217 5663 Non
1243 5614 1383 5667 enim
1412 5592 1739 5673 solum‘dili-

217 5772 287 5851 (οξ)
311 5780 391 5833 Qui
418 5782 624 5851 tmeinis
663 5780 899 5831 clauditur
939 5784 1071 5851 locus
1094 5786 1251 5851 deest
1292 5788 1339 5839 in
1363 5789 1534 5851 Editis,
1559 5800 1646 5845 sed
1674 5812 1736 5847 et
1810 5792 1817 5797 ’

166 5831 549 5950 ξῖἓῇῧυᾷἕρίὶηιιδ
593 5851 697 5891 me.
740 5831 1007 5907 excerptas
1038 5831 1740 5921 aut;eBiqiié'Eiﬁ'E'aiiciijiié

1184 440 1253 505 IN
1294 434 1701 503 MAT‘I‘IMSUM
1747 442 1977 501 IIOMIL.
2020 433 2152 498 LVI.
2198 443 2269 497 al.
2315 433 2472 498 LVII.

3381 444 3485 504 εει

1890 562 1967 633 git
2008 576 2130 617 eum
2157 602 2171 629 ,
2211 562 2332 631 quia
2369 560 2589 631 genuit,
2641 561 2733 616 sed
2783 561 2903 631 quia
2954 570 3006 616 et
3047 562 3271 633 (aqualis
3300 574 3383 620 est
3413 563 3488 619 illi

1891 655 2147 719 omnino,
2193 662 2246 708 et
2277 652 2515 723 ejusdem
2560 653 2871 707 voluntatis.
2908 654 3111 725 Duplex
3157 656 3338 726 igitur,
3382 655 3493 709 imo

1892 745 2080 813 triplex
2130 754 2211 798 est
2263 744 2564 798 dilectionis
2610 754 2986 816 argumentum
3042 763 3054 797 :
3102 748 3223 815 quia
3282 745 3490 807 Filius,

1889 835 2009 903 quia
2039 834 2286 900 dilectus,
2307 836 2425 904 quia
2458 835 2509 889 in
2530 835 2644 905 ipso
2667 836 2764 889 sibi
2784 836 3129 907 complacuit.
3158 836 3294 906 Quid
3328 853 3491 907 porro

1889 925 2155 993 signiﬁcat
2209 926 2336 981 illud
2368 969 2380 990 ,
2417 930 2481 980 In
2523 944 2621 998 quo
2650 929 2774 981 mihi
2804 930 2925 983 bene
2970 929 3259 999 complacui
3284 930 3309 983 7
3341 932 3416 984 Ae
3447 932 3490 983 si

1888 1016 2089 1072 diceret
2116 1059 2131 1084 ,
2183 1018 2238 1071 ln
2271 1034 2377 1088 quo
2404 1020 2658 1089 quiesco,
2702 1038 2809 1090 quo
2833 1021 3105 1080 oblec‘tor.
3152 1022 3240 1092 qui
3273 1025 3492 1077 omnino

1888 1110 2107 1176 tl‘qnalis
2158 1109 2283 1163 mihi
2318 1120 2433 1174 est,
2462 1119 2515 1165 et
2546 1111 2688 1181 quod
2720 1127 2881 1168 uuam
2910 1125 3030 1167 eum
3060 1112 3217 1169 I-‘atre
3245 1115 3491 1169 volunta«

1890 1208 1996 1253 tem
2042 1199 2259 1265 habent,
2308 1211 2361 1255 et
2409 1202 2550 1271 quod
2584 1202 2750 1257 Filius
2780 1218 3027 1269 manens,
3074 1217 3240 1258 unum
3272 1204 3493 1259 omnino

1886 1289 1955 1342 sit
2011 1305 2133 1344 cum
2180 1289 2455 1345 Genitore.
2494 1290 2714 1359 Ipsum,
2748 1292 2952 1361 inquit,
2987 1294 3178 1347 audite.
3217 1295 3406 1362 'Quare
3445 1294 3493 1349 si

1886 1381 2123 1450 cruciligi
2174 1382 2401 1436 voluerit
2428 1426 2442 1447 ,
2494 1398 2559 1437 ne
2590 1385 2839 1437 obsistas.
2869 1383 2922 1437 6.
2967 1381 3034 1436 Et
3070 1386 3330 1441 audientes
3359 1388 3492 1440 ceci-

1886 1471 2065 1525 derunt
2087 1475 2136 1525 in
2168 1472 2325 1543 [acies
2352 1490 2490 1537 snas,
2514 1483 2560 1527 et
2587 1475 2861 1528 timuerunt
2883 1476 3051 1530 valde.
3072 1472 3128 1529 7.
3163 1475 3227 1529 Et
3248 1478 3492 1531 accedens

1883 1562 2035 1614 Jesus
2058 1605 2070 1627 ,
2106 1565 2266 1634 tetigit
2310 1581 2414 1627 eos,
2461 1574 2507 1618 et
2545 1566 2674 1618 dixit
2715 1582 2732 1618 :
2764 1565 2992 1637 Surgite,
3037 1578 3083 1621 et
3112 1568 3267 1622 nolite
3292 1570 3490 1624 timere.

1884 1654 1936 1707 8.
1974 1654 2217 1709 Levantes
2253 1667 2423 1709 autem
2450 1659 2623 1711 oculos
2653 1676 2792 1722 suos,
2838 1661 3088 1713 neminem
3118 1650 3349 1715 uiderunt
3389 1663 3490 1717 nisi

1884 1748 2046 1800 solum
2068 1746 2267 1803 Iesum.

1956 1842 2005 1895 4.
2042 1842 2322 1907 Quomodo
2363 1842 2479 1900 htee
2520 1845 2801 1900 audientes
2844 1848 3075 1917 perculsi
3124 1850 3303 1904 sunt?
3356 1850 3483 1904 Nam

1882 1934 2108 1989 antehac
2134 1935 2334 1990 emissa
2365 1935 2460 1991 fuit
2490 1952 2592 1991 vox
2627 1938 2747 1994 talis
2792 1940 2842 1993 in
2873 1940 3107 1995 Jord.me
3136 1958 3150 2005 ;
3184 1945 3352 1998 turba:
3393 1946 3488 1999 ad-

1881 2034 2053 2091 erant,
2083 2042 2239 2080 nemo
2261 2029 2532 2097 quidpiam
2565 2031 2669 2083 tale
2700 2046 2888 2101 passus
2917 2044 2995 2086 est
3031 2051 3042 2087 :
3074 2043 3127 2088 et
3154 2045 3338 2103 postea
3367 2052 3487 2090 rur-

1881 2135 2029 2185 sum,
2057 2123 2269 2188 quando
2291 2123 2491 2178 tonitru
2518 2123 2718 2178 factum
2750 2124 2912 2179 fuisse
2944 2126 3228 2193 dicebant;
3264 2128 3356 2183 sed
3386 2146 3484 2185 nec

1883 2219 2005 2266 mue
2030 2212 2154 2281 quid
2184 2214 2359 2269 simile
2388 2224 2509 2268 sunt
2538 2216 2698 2284 passi.
2727 2215 3007 2282 Quomodo
3036 2219 3195 2287 igitur
3223 2220 3272 2273 in
3300 2230 3482 2276 monte

1874 2304 2228 2359 ceciderunt?
2273 2307 2405 2372 Quia
2438 2316 2490 2362 et
2528 2309 2761 2363 solitudo
2784 2352 2796 2375 ,
2830 2319 2884 2363 et
2928 2310 3153 2365 altitudo
3186 2315 3403 2381 montis,
3431 2324 3485 2369 ct

1879 2397 2029 2465 quies
2060 2414 2247 2467 magna
2292 2410 2441 2464 erat,
2471 2409 2527 2455 et
2575 2401 2974 2470 trausﬁguratio
3022 2402 3246 2459 horrore
3289 2406 3480 2475 plena,

1878 2500 1928 2543 et
1970 2490 2055 2543 lux
2086 2492 2364 2556 immensa,
2401 2504 2453 2547 et
2501 2494 2670 2549 nubes
2707 2504 2923 2549 extensa
2960 2515 2971 2547 τ
3006 2513 3123 2566 qua:
3152 2500 3329 2553 omnia
3361 2500 3482 2556 illos

1879 2582 1928 2633 iu
1975 2598 2225 2651 pavorem
2288 2601 2539 2655 magnum
2597 2587 2963 2656 conjeccruut.
3022 2588 3267 2660 Undique
3312 2603 3484 2646 terror

1875 2675 2180 2739 oriebatur,
2216 2686 2268 2731 et
2310 2679 2621 2733 ceciderunt
2656 2681 2824 2734 territi
2871 2682 3030 2735 simul
3068 2693 3120 2737 et
3164 2682 3475 2742 adorantes.

1876 2764 1951 2819 Ne
1996 2783 2154 2833 porro
2186 2770 2345 2821 timor
2378 2771 2465 2823 ille
2493 2768 2534 2823 si
2568 2772 2657 2825 ditt
2692 2774 3013 2839 mansisset,
3046 2790 3227 2829 rerum
3270 2794 3475 2833 mento-

1876 2857 2003 2911 riam
2052 2859 2287 2925 deleret,
2334 2863 2511 2916 statim
2557 2866 2675 2917 illos
2716 2880 2743 2918 a
2778 2876 2984 2921 terrore
3026 2868 3293 2934 liberavit,
3329 2872 3477 2927 solus

1875 2950 1985 3015 ipse
2017 2954 2346 3019 conspicitur
2372 2997 2385 3021 ,
2419 2957 2741 3026 mandatque
2768 2959 2897 3027 ipsis
2932 2970 2988 3013 ttt
3034 2962 3234 3016 nemini
3266 2964 3476 3031 dicant,

1871 3040 2041 3095 donec
2083 3061 2109 3094 ει
2161 3045 2388 3099 mortuis
2434 3058 2759 3116 resurgeret.
2817 3050 2894 3119 (α)
2940 3051 2992 3105 9.
3048 3050 3481 3111 Descendentibns

1871 3132 2011 3185 enim
2056 3133 2158 3187 illis
2186 3135 2249 3188 de
2295 3146 2493 3201 monte,
2536 3141 2775 3208 prweepit
2802 3143 2872 3195 eis
2916 3152 2969 3195 ut
3006 3144 3193 3198 nemini
3232 3146 3475 3214 dicerent,

1870 3222 2025 3276 donec
2055 3228 2162 3292 ipse
2189 3242 2219 3277 a
2266 3230 2475 3281 mortuis
2506 3241 2805 3301 resurgeret.
2862 3233 2993 3289 Nam
3026 3246 3229 3305 quanto
3272 3240 3476 3309 majora

1867 3314 1935 3367 de
1981 3315 2072 3367 illo
2116 3317 2504 3382 narrabantur,
2556 3332 2703 3376 tanto
2751 3325 2959 3379 ereditu
3004 3326 3310 3384 difﬁciliora
3351 3341 3477 3388 tunc

1868 3406 2051 3459 multis
2095 3418 2249 3462 erant
2290 3427 2303 3461 :
2349 3412 2661 3468 scandalum
2708 3425 2886 3472 autem
2931 3422 3109 3475 crucis
3135 3425 3311 3493 magis
3352 3425 3476 3481 inde

1863 3497 2165 3551 crescebat.
2193 3498 2395 3556 Idcirco
2414 3515 2590 3559 tacere
2601 3505 2775 3573 jubet,
2810 3520 2985 3579 neque
3003 3511 3344 3581 simpliciter,
3375 3518 3472 3571 sed

1869 3603 2050 3641 rursus
2102 3593 2404 3659 passionem
2454 3610 2919 3665 commemorans,
2978 3617 3039 3656 ac
3088 3602 3201 3659 fere
3256 3620 3472 3661 causam

1862 3679 2050 3733 dicens
2080 3686 2185 3737 cur'
2218 3687 2652 3755 tacerejuberet.
2704 3689 2887 3761 Neque
2933 3692 3075 3747 enim
3114 3695 3268 3764 jubet
3316 3715 3472 3753 num-

1865 3786 2024 3838 quam
2060 3772 2173 3827 Itzuc
2202 3777 2430 3846 cuipiam
2467 3778 2648 3834 dicere
2670 3823 2684 3845 ,
2717 3784 2810 3836 sed
2843 3783 3016 3839 donec
3045 3786 3157 3857 ipse
3188 3804 3216 3842 a
3245 3794 3471 3847 mortuis

1866 3874 2190 3933 resurgeret.
2223 3868 2398 3936 Atque
2436 3868 2522 3923 hic
2551 3872 2693 3940 quod
2733 3873 2926 3928 durum
2956 3889 3066 3931 erat
3102 3887 3301 3943 tacens,
3327 3886 3468 3953 quod

1857 3950 2157 4020 jucundum
2182 3967 2305 4012 erat
2343 3968 2546 4015 tantum
2578 3963 2732 4017 dixit.
2767 3967 2903 4033 Quid
2946 3985 3073 4040 ergo
3105 3984 3285 4041 postea
3316 3950 3467 4031 'lian-

1864 4062 1969 4101 non
1997 4049 2307 4104 scandalum
2341 4056 2548 4123 passuri
2590 4069 2743 4111 erant
2775 4062 2797 4113 ἶ)
2826 4059 3192 4134 Nequaquam.
3233 4068 3468 4142 Tempus

1864 4155 2077 4195 erucem
2113 4144 2425 4209 prmeedens
2464 4156 2669 4202 tantum
2714 4159 3093 4221 quaerebatur:
3127 4175 3248 4215 nam
3284 4176 3465 4231 postea

1856 4232 2061 4299 Spiritu
2085 4246 2272 4288 sancto
2302 4235 2499 4305 dignati
2529 4252 2672 4299 sunt.
2704 4256 2757 4295 et
2787 4246 3061 4313 signorum
3086 4265 3270 4307 vorem
3303 4255 3465 4311 liabe-

1864 4322 1990 4376 bant
2010 4324 2108 4377 sibi
2138 4328 2584 4397 patrocinantem,
2613 4342 2773 4403 atque
2803 4340 2981 4393 omnia
3012 4356 3131 4412 quae
3159 4354 3284 4400 tunc
3314 4348 3463 4404 dice-

1861 4414 1987 4467 bant
2015 4418 2363 4485 acceptabilia
2398 4432 2572 4488 erant,
2604 4439 2726 4479 cum
2757 4441 2842 4481 res
2890 4429 3019 4499 ipsa:
3051 4433 3270 4503 clarius,
3299 4456 3459 4509 quam

1861 4507 1983 4559 tuba
2008 4509 2279 4576 qurclibet,
2311 4511 2427 4581 ejus
2454 4518 2746 4583 potentiam
2776 4522 3152 4597 prtedicarent,
3194 4546 3292 4586 nee
3317 4507 3483 4604 quo--

1862 4598 1999 4666 piam
2035 4601 2427 4660 interveniente
2458 4607 2801 4667 ollendieulo.

1928 4689 2115 4745 Christi
2156 4694 2399 4751 adventus
2437 4703 2685 4757 secundus
2724 4722 2877 4775 quam
2916 4710 3186 4780 gloriosus.
3215 4748 3287 4759 -ο
3316 4719 3456 4776 Nihil

1857 4798 1985 4852 ergo
2011 4788 2266 4854 apostolis
2300 4789 2504 4845 beatius
2529 4835 2544 4859 ,
2576 4797 2915 4871 maximeque
2951 4805 3118 4860 tribus
3146 4809 3246 4864 illis
3274 4813 3362 4882 qui
3407 4815 3458 4868 in

1856 4874 1996 4928 nube
2024 4875 2199 4947 obtegi
2238 4896 2338 4933 una
2366 4898 2486 4937 cum
2534 4886 2759 4943 Domino
2812 4892 3010 4962 dignati
3065 4908 3211 4956 sunt.
3262 4874 3367 4959 Sed
3416 4909 3461 4962 si

1858 4964 2099 5029 velimus,
2143 4983 2240 5021 nos
2281 4986 2493 5043 quoque
2542 4976 2811 5034 Christum
2863 4984 3209 5045 videbimus:
3249 5010 3351 5049 non
3404 5009 3462 5052 ιιι

1855 5055 1927 5107 illi
1956 5067 2076 5111 tunc
2124 5060 2175 5113 in
2224 5076 2401 5120 monte
2422 5107 2436 5127 .
2479 5069 2571 5122 sed
2602 5073 2768 5126 multo
2796 5076 3251 5144 splendidiorem:
3284 5105 3459 5161 neque

1854 5152 1995 5201 enim
2028 5151 2103 5203 sic
2135 5165 2407 5221 postremo
2432 5160 2630 5215 veniet.
2666 5163 2796 5220 Nam
2832 5176 2954 5224 tunc
2977 5174 3254 5246 discipulis
3293 5151 3461 5239 seat-

1854 5248 2159 5344 temperans
2191 5255 2392 5302 tantum
2420 5252 2759 5320 splendorem
2788 5260 2994 5331 effudit,
3020 5281 3277 5336 quantum
3308 5287 3459 5345 pote.

1851 5341 1971 5385 rant
2002 5334 2075 5387 illi
2104 5335 2284 5403 ferre;
2320 5341 2369 5393 in
2400 5354 2640 5399 extremo
2667 5361 2844 5406 autem
2877 5334 3118 5426 tempore
3156 5364 3205 5417 in
3240 5334 3455 5440 propria

1855 5424 2026 5480 Patris
2053 5431 2222 5497 gloria
2250 5435 2449 5499 veniet,
2485 5454 2587 5493 non
2618 5456 2737 5497 cum
2767 5445 2947 5517 Moyse
2975 5424 3029 5506 et
3061 5456 3170 5510 Elia
3206 5424 3407 5517 ttinttim
3442 5507 3455 5525 ,

1850 5518 1944 5571 sed
1977 5534 2095 5573 cum
2128 5522 2392 5579 immenso
2414 5532 2724 5599 angelorum
2754 5542 3037 5607 exercitu,
3069 5562 3189 5602 cum
3223 5554 3445 5607 archan-

1849 5609 1983 5677 gelis
2009 5651 2019 5669 ,
2056 5627 2175 5664 Cttttt
2207 5613 2523 5673 Clierubinis
2550 5665 2563 5683 ,
2609 5641 2727 5676 tum
2762 5628 3065 5697 imjusmodj
3115 5644 3455 5700 multitudine

1852 5698 2092 5764 inﬁnita;
2119 5718 2223 5755 non
2248 5722 2365 5758 eum
2392 5710 2531 5764 nube
2554 5724 2715 5783 caput
2738 5725 3036 5791 aperiente,
3064 5730 3157 5782 sed
3179 5734 3292 5799 ipso
3318 5742 3454 5793 caelo

1851 5801 2144 5845 contracto.
2187 5794 2313 5847 Nam
2344 5798 2616 5855 sicutcum
2640 5804 2851 5871 judices
2892 5816 3103 5883 publice
3128 5826 3453 5885 sententiam

1912 5926 1981 5985 (τι)
2020 5936 2278 5989 έθῖπηὲηηε
2307 5948 2393 5991 tt!"
2424 5938 2834 5997 bottorotelenton
2862 5950 3071 6004 deerunt
3097 5962 3145 6006 tu
3170 5960 3331 6009 Morel.
