4186 6520
610 450 716 521 8ῦὸ

610 578 863 653 prolaturi
910 559 1052 641 sunt,
1096 572 1185 643 qui
1234 569 1446 626 adstant
1490 566 1708 623 remotis
1757 562 1919 649 velis,
1955 574 2033 615 sic
2062 558 2183 613 illus

612 670 857 726 omnibus
890 653 1296 735 conspiciendos
1339 658 1575 730 praebent
1610 674 1625 711 :
1653 656 1725 711 its
1751 662 1807 710 et
1848 664 1975 707 tunc
1999 661 2187 705 omnes

614 752 757 817 illum
785 755 1060 813 sedentem
1090 751 1362 815 videbunt,
1400 760 1454 805 et
1479 757 1586 804 tota
1610 745 1838 802 humana
1881 752 2066 797 natura
2108 739 2185 793 si-

610 863 800 914 stetur,
832 850 1049 921 ipseque
1088 861 1183 918 per
1224 858 1285 899 se
1329 841 1434 896 illis
1464 836 1841 908 respondebit;
1878 843 2039 902 atque
2069 828 2185 883 aliis

609 947 753 1000 dicet
788 961 803 998 :
846 941 1036 1009 Venite,
1065 934 1308 994 benedicti
1336 933 1505 988 Patris
1550 932 1647 985 mei
1686 945 1704 983 :
1741 926 1923 983 ειυήυί
1947 924 2078 979 enim
2098 962 2113 989 ,
2139 930 2186 976 et

612 1035 820 1091 dedistis
866 1032 992 1088 mihi
1028 1030 1337 1084 manducare
1377 1023 1586 1098 (Matth.
1614 1022 1706 1076 85.
1737 1020 1830 1088 54)
1863 1035 1877 1072 :
1908 1016 2027 1070 aliis
2058 1026 2186 1068 vero

610 1126 756 1184 dicet
796 1144 812 1181 :
849 1123 993 1195 Euge
1015 1163 1033 1190 ,
1056 1137 1193 1177 serve
1217 1121 1343 1174 bone
1369 1127 1415 1172 et
1435 1115 1601 1187 ﬁdelis
1624 1154 1639 1178 ,
1677 1128 1826 1183 super
1857 1123 2020 1181 pauca
2044 1104 2187 1177 fuisti

615 1216 802 1290 ﬁdelis.
829 1230 978 1285 super
1004 1212 1164 1267 inuita
1195 1220 1241 1265 te
1263 1208 1563 1269 constituam
1584 1201 1743 1275 (Ibid.
1773 1217 1822 1256 υ.
1845 1198 1963 1269 ει).
1988 1196 2185 1290 Contra

615 1288 743 1365 vero
767 1308 889 1363 aliis
916 1324 929 1361 :
959 1304 1040 1360 Ite
1060 1306 1113 1359 in
1144 1306 1312 1375 ignem
1352 1312 1593 1355 aeternum
1620 1304 1852 1367 paratum
1896 1288 2097 1344 diabolo
2139 1294 2188 1341 et

615 1399 808 1473 angelis
826 1400 937 1471 ejus
964 1394 1122 1468 (Ibid.
1153 1412 1201 1450 υ.
1236 1393 1360 1465 41);
1391 1391 1509 1446 aliis
1534 1404 1662 1443 vero
1680 1430 1696 1453 ,
1727 1386 1882 1442 Serve
1908 1396 2121 1473 nequam
2143 1387 2189 1433 et

617 1472 756 1565 me
781 1484 943 1563 (md.
978 1505 1027 1544 υ.
1052 1486 1168 1558 26).
1196 1485 1264 1540 Et
1288 1484 1423 1539 alios
1464 1479 1675 1553 quidem
1718 1472 2037 1535 dissecabit,
2083 1480 2191 1565 us-

617 1562 811 1655 iletque
841 1581 1158 1645 tortoribus;
1179 1578 1314 1633 alios
1332 1584 1460 1631 vero
1485 1573 1659 1645 ligatis
1686 1567 1930 1624 manibus
1956 1574 2012 1620 et
2038 1562 2189 1635 pedi-

623 1678 721 1730 bus
753 1672 962 1744 iubebit
998 1670 1183 1742 projici
1227 1668 1280 1724 in
1310 1665 1555 1723 tenebras
1597 1660 1907 1719 exteriores.
1961 1656 2028 1712 Et
2073 1660 2192 1725 post

622 1767 850 1823 securim
879 1766 1061 1819 fortia:
1094 1759 1347 1831 excipiet,
1378 1771 1440 1812 ac
1463 1770 1581 1825 quae
1620 1768 1650 1807 a
1679 1765 1872 1822 sagena
1902 1745 2189 1819 projiciun-~

620 1868 725 1926 tur,
756 1859 880 1914 illuc
906 1855 1118 1912 cadent.
1142 1851 1285 1907 Tune
1296 1849 1422 1923 justi
1444 1842 1701 1919 fulgebunt
1722 1844 1848 1897 sicut
1875 1838 1952 1895 so!
1977 1836 2187 1926 (Matth.

623 1924 720 2006 1‘5.
739 1928 861 2021 43);
890 1947 998 2001 imo
1019 1945 1135 2014 plus
1155 1956 1313 2013 quam
1333 1940 1431 1995 sol.
1458 1937 1511 1992 ld
1533 1950 1663 1993 vero
1683 1933 1895 1998 dicitur,
1921 1944 2025 1984 non
2046 1924 2189 1998 quod

622 2038 710 2095 lux
751 2053 936 2095 eorum
980 2036 1137 2092 solari
1182 2048 1275 2104 par
1309 2040 1511 2088 tantum
1532 2030 1636 2095 sit;
1680 2025 1778 2082 sed
1819 2023 1941 2095 quia
1990 2031 2191 2075 astrum

624 2116 822 2188 nullum
853 2128 953 2184 hoc
980 2125 1308 2197 splendidius
1333 2122 1609 2185 habemus,
1638 2120 1708 2175 ab
1748 2116 1851 2172 hoc
1897 2123 2081 2169 notum
2119 2109 2197 2165 fa-

621 2204 744 2280 cere
789 2220 954 2276 voluit
991 2218 1222 2275 futurum
1260 2225 1565 2271 sanctorum
1592 2208 1950 2280 splendorem.
1977 2203 2110 2259 Nam
2141 2202 2193 2256 in

625 2324 804 2368 monte
830 2324 1041 2383 quoque
1063 2351 1079 2374 ,
1100 2320 1221 2364 cum
1244 2307 1403 2373 dixit,
1435 2298 1763 2375 Rapienduit
1778 2309 1839 2359 ut
1870 2297 1947 2352 sol
1967 2337 1982 2358 .
2009 2293 2195 2351 eadem

625 2405 693 2459 ile
722 2417 879 2458 causa
906 2402 984 2456 sic
1009 2401 1257 2471 loquutus
1282 2404 1383 2453 est.
1410 2394 1540 2450 Nam
1558 2391 1698 2464 quod
1722 2389 1891 2460 major
1915 2388 2008 2442 lux
2030 2392 2195 2447 esset,

626 2500 785 2565 tinam
813 2509 874 2549 ea
898 2509 1015 2563 qum
1044 2493 1094 2546 in
1129 2490 1375 2560 exemplo
1398 2487 1599 2552 fertur,
1645 2482 1911 2540 testiﬁcati
1952 2488 2075 2535 sunt
2113 2476 2197 2532 di-

625 2588 815 2659 scipuli
843 2588 1114 2641 cadentes.
1154 2584 1208 2640 Si
1237 2597 1396 2654 porro
1425 2596 1530 2635 non
1571 2580 1827 2634 immensa
1857 2576 1946 2631 lux
1977 2572 2197 2636 fuisset,

625 2678 719 2734 sed
739 2679 868 2733 solis
892 2676 996 2732 luci
1021 2692 1133 2746 par,
1158 2688 1263 2729 non
1284 2673 1617 2737 cecidissent,
1642 2669 1736 2725 sed
1755 2666 1910 2723 facile
1930 2664 2195 2721 tulissent.

627 2769 761 2826 iusti
791 2770 950 2840 igitur
978 2778 1101 2824 tunc
1128 2766 1407 2836 fulgebunt
1451 2759 1725 2827 sicut'sol,
1776 2770 1833 2816 et
1876 2760 1994 2830 plus
2037 2771 2199 2827 quam

630 2862 709 2916 sol
743 2870 1091 2930 :peccatores
1118 2870 1247 2913 vero
1274 2865 1513 2911 extrema
1559 2855 1844 2924 patientur.
1890 2849 2040 2904 Tunc
2095 2859 2203 2902 non

630 2950 1025 3008 commentariis
1058 2962 1190 3017 Opus
1231 2948 1329 3003 erit
1353 2980 1371 3014 ,
1398 2962 1503 3001 non
1527 2943 1873 3013 argumentis,
1902 2956 2006 2996 non
2050 2938 2203 2995 testia-

632 3047 730 3101 bus
757 3060 773 3100 :
796 3058 916 3097 nam
948 3044 1060 3112 ipse
1086 3041 1242 3110 iudex
1271 3038 1449 3094 omnia
1473 3045 1575 3103 est,
1619 3037 1790 3100 testis.
1831 3042 2202 3106 argumentum

633 3145 687 3190 et
709 3133 892 3206 judex.
925 3131 1113 3189 Omnia
1143 3130 1336 3200 quippe
1363 3130 1506 3185 clare
1542 3128 1687 3183 novit
1711 3127 1802 3182 ille
1829 3145 1842 3182 :
1870 3139 1991 3181 nam
2020 3124 2206 3179 Omnia

634 3226 772 3287 nuda
816 3235 862 3278 et
905 3208 1078 3292 aperta
1122 3231 1241 3275 sunt
1285 3220 1443 3274 oculis
1490 3222 1597 3290 ejus
1638 3217 1821 3289 (Hebr.
1850 3217 2059 3287 4.13);
2100 3230 2205 3269 non

636 3312 783 3374 dives
802 3358 818 3384 ,
850 3330 954 3370 non
981 3326 1183 3386 pauper
1205 3353 1222 3377 ,
1254 3327 1359 3367 non
1390 3320 1576 3382 potens
1596 3349 1611 3376 ,
1642 3324 1749 3365 non
1783 3307 2056 3372 inﬁrmus,
2100 3320 2207 3359 non

636 3410 850 3480 sapiens
869 3449 883 3472 ,
915 3422 1020 3461 non
1050 3403 1337 3473 insipiens,
1365 3417 1468 3457 non
1494 3412 1702 3467 senius,
1732 3413 1838 3454 non
1865 3397 2020 3464 liber,
2053 3411 2210 3451 nemo

636 3500 746 3554 illic
782 3494 1075 3567 apparebit,
1122 3493 1216 3549 sed
1262 3492 1345 3547 his
1396 3490 1636 3563 personis
1672 3490 1947 3555 contritis,
1988 3502 2210 3558 operum

640 3600 841 3646 tantum
866 3602 1087 3644 examen
1127 3586 1247 3640 erit.
1276 3583 1406 3639 Nam
1436 3582 1480 3638 si
1507 3584 1559 3639 in
1584 3569 1830 3652 judiciis.
1862 3595 1981 3636 cum
2003 3579 2121 3649 quis
2146 3577 2214 3634 de

640 3668 933 3754 tyrannide
967 3687 1059 3733 aut
1109 3676 1176 3731 de
1228 3677 1372 3731 unde
1412 3688 1628 3731 causam
1673 3673 1844 3738 dicit,
1894 3671 2214 3741 quicumque

642 3774 824 3840 fuerit,
852 3755 964 3827 sive
994 3769 1294 3841 praefectus,
1324 3768 1438 3823 sive
1452 3766 1662 3831 consul,
1683 3765 1800 3820 sive
1824 3763 2031 3835 quidvis
2048 3760 2211 3827 aliud,

644 3867 822 3923 omnia
847 3864 1062 3920 avolant
1088 3861 1312 3932 insignia
1338 3859 1628 3931 dignitatis,
1658 3868 1712 3913 et
1738 3858 1825 3928 qui
1853 3856 2215 3925 deprehensus

645 3972 762 4028 est,
791 3938 1064 4015 extremas
1087 3957 1176 4012 dat
1202 3957 1387 4026 pinnas
1411 3970 1426 4007 :
1453 3952 1620 4009 multo
1646 3953 1816 4022 magis
1852 3949 1923 4005 ibi
1949 3963 2035 4004 res
2062 3948 2132 4003 ita
2157 3962 2217 4004 se

645 4048 877 4109 habebit.

718 4146 771 4200 5.
818 4142 985 4196 Virtus
1028 4136 1229 4211 facilis,
1255 4136 1473 4206 nequitia
1498 4148 1727 4189 onerosa.
1773 4130 1961 4186 Contra
1989 4145 2215 4184 usuram.

647 4264 718 4277 -—
746 4234 801 4288 ld
824 4247 891 4287 ne
916 4231 1028 4295 ﬁat,
1057 4241 1334 4299 ponamus,
1364 4225 1607 4285 obsecro,
1636 4221 1879 4277 sordidas
1927 4229 2104 4275 vestes
2122 4260 2137 4287 ,
2167 4228 2223 4275 et

649 4325 929 4379 induamur
973 4333 1122 4373 arma
1175 4317 1328 4381 lucis,
1384 4323 1437 4369 et
1488 4314 1655 4383 gloria
1705 4311 1796 4366 Dei
1842 4312 2055 4365 amiciet
2100 4322 2218 4364 nos.

652 4416 787 4483 Quid
813 4415 953 4469 enim
981 4427 1046 4467 ex
1072 4408 1349 4479 pr:cceptis
1376 4420 1536 4476 grave
1555 4404 1579 4456 ἲ
1598 4402 1723 4474 quid
1744 4417 1847 4456 non
1878 4400 2222 4457 facile?Audi

655 4511 812 4580 igitur
836 4505 960 4574 quid
981 4504 1118 4556 dicat
1138 4500 1423 4570 propheta,
1452 4506 1505 4551 et
1536 4508 1657 4550 tunc
1689 4494 1990 4548 facilitatem
2021 4491 2223 4547 intelli-

655 4619 785 4674 ges:
820 4598 993 4668 Neque
1028 4596 1071 4650 si
1108 4591 1440 4647 incuraaveris
1467 4632 1483 4655 ,
1512 4588 1656 4658 quasi
1705 4586 1985 4651 circulum,
2037 4585 2227 4639 collum

658 4708 818 4754 tuum,
844 4701 888 4743 et
908 4704 1108 4744 saccum
1130 4695 1177 4739 et
1205 4685 1417 4737 cinerem
1443 4679 1787 4743 substraveris,
1811 4693 1968 4749 neque
1986 4677 2057 4729 sic
2082 4691 2229 4730 voca-

658 4787 733 4841 bis
743 4782 994 4854 jejunium
1021 4776 1350 4845 acceptabile‘
1374 4790 1391 4827 :
1411 4773 1496 4826 sed
1520 4773 1654 4825 solue
1684 4786 1829 4824 omne
1853 4770 2104 4823 vinculum
2132 4770 2232 4822 ini-

660 4875 900 4946 quitatis,
945 4869 1159 4924 dissolve
1202 4866 1525 4936 obligationes
1570 4863 1900 4918 violentur-um
1942 4862 2231 4933 pactionem

661 4968 811 5038 (fsai.
846 4963 931 5021 58.
964 4962 1015 5018 5.
1052 4961 1129 5031 6).
1160 4952 1291 5013 Vide
1334 4955 1602 5027 propheta:
1630 4954 1962 5022 sapientiam.
1994 4953 2233 5008 Onerosa

664 5062 812 5133 prius
854 5054 1028 5127 posuit
1072 5062 1127 5108 et
1176 5049 1423 5114 sustulit,
1458 5058 1510 5102 et
1558 5062 1588 5101 a
1641 5046 1961 5101 facilioribus
2006 5048 2231 5101 salutem

662 5148 915 5217 consequi
941 5154 1106 5215 rogat,
1139 5141 1447 5205 ostendens,
1495 5154 1599 5192 non
1646 5137 1856 5191 labores
1906 5137 2093 5203 Deum,
2139 5136 2233 5191 sed

662 5238 1016 5296 obedientiam
1043 5246 1353 5303 exposcere.
1387 5229 1587 5284 Deinde
1617 5238 1674 5283 ut
1701 5237 2087 5284 commonstret
2133 5230 2239 5283 vir—

669 5343 834 5386 tutem
873 5327 1103 5385 facilem,
1158 5322 1445 5393 nequitiam
1495 5335 1620 5374 vero
1675 5334 1955 5374 onerosam
2011 5336 2150 5386 esse,
2206 5336 2235 5375 a

668 5421 823 5477 nudis
853 5412 1154 5472 numinibus
1194 5414 1245 5467 id
1286 5411 1528 5467 adstruit.
1556 5408 1803 5480 Nequitia
1825 5412 1964 5464 enim
1987 5450 2004 5476 ,
2038 5411 2234 5480 inquit,

668 5512 1033 5570 estvinculum
1065 5519 1117 5563 et
1146 5505 1414 5577 obligatio,
1449 5505 1615 5559 virtus
1637 5510 1811 5557 autem
1842 5504 1907 5557 ab
1939 5502 2019 5556 his
2042 5503 2237 5558 libera-

671 5611 745 5663 tio
772 5616 820 5660 et
853 5602 1063 5658 solutio.
1096 5600 1307 5653 Omnem
1334 5595 1673 5667 syngrapham
1702 5593 1940 5660 iniustam
1972 5594 2194 5661 discerpe
2221 5635 2236 5657 ,

671 5704 930 5757 {teucrum
952 5704 1004 5749 ct
1026 5706 1304 5748 usurarum
1323 5690 1573 5759 rescripta
1594 5688 1671 5743 sic
1696 5687 1985 5757 appellans.
2014 5684 2244 5740 Dissotve

739 5832 751 5864 ¹
790 5826 971 5888 lorel.,
985 5838 1135 5941 nera:
1158 5826 1228 5898 sic
1250 5822 1437 5874 vocabis
1454 5819 1746 5895 sacri/ictum
1765 5820 2071 5886 acceptabite.
2096 5828 2242 5882 Unus,

739 5898 823 5941 aue
846 5905 912 5941 sic
944 5904 1053 5941 t'oca
1152 5890 1277 5939 diem
1302 5884 1650 5941 acceptabilem.

675 5898 823 5957 mque
846 5905 912 5942 sic
944 5884 1127 5941 curabis
1152 5889 1277 5939 diem
1302 5884 1650 5948 acceptabilem.

1356 449 1413 510 S.
1454 436 1730 506 JOANNIS
1761 434 2234 501 CBRYSOSTOM
2270 432 2583 489 ARCillEP.
2627 428 3161 489 CONSTANTINOP.

2293 555 2580 624 eonfraetos
2631 553 2685 606 in
2724 546 3068 614 remissione,
3120 548 3346 603 miseros
3399 546 3664 610 videlicet.
3726 546 3881 603 Talis

2291 630 2483 716 quippe
2526 642 2737 699 debitor
2778 652 2860 698 est
2892 655 3055 697 :cum
3104 640 3293 709 viderit
3332 640 3652 695 creditorem
3678 682 3692 702 ,
3752 640 3878 708 ejus

2292 737 2499 791 animus
2527 733 2805 803 frangitur,
2854 734 3134 803 ipsumque
3177 732 3345 796 magis
3368 745 3525 802 quam
3560 731 3723 787 feram
3755 733 3869 784 for-

2293 826 2477 881 midat.
2522 824 2587 879 Et
2632 840 2875 896 pauperes
2918 834 3046 879 tecto
3094 834 3316 877 carentes
3357 824 3509 877 indue
3557 824 3612 875 in
3664 823 3877 875 domum

2294 928 2474 982 tuam;
2501 918 2545 971 si
2564 918 2746 972 cideris
2775 915 2986 980 nudum,
3017 916 3155 986 operi
3174 932 3308 980 eum,
3330 925 3377 970 et
3413 916 3646 985 proprios
3666 916 3879 970 seminis

2294 1009 2367 1062 tui
2399 1025 2499 1062 non
2524 1007 2771 1077 despicias
2794 1005 2947 1075 (Isai.
2982 1005 3070 1062 58.
3100 999 3177 1077 7).
3207 1006 3262 1059 In
3286 1005 3547 1060 concione
3581 1020 3737 1073 quam
3768 1020 3876 1058 nu-

2295 1108 2390 1168 per
2435 1098 2735 1163 habuimus,
2792 1108 2913 1152 cum
2958 1096 3026 1152 de
3054 1096 3289 1167 przentiis
3316 1110 3616 1164 ageremus.
3658 1094 3879 1149 divitias

2294 1188 2417 1243 inde
2444 1197 2623 1256 partas
2646 1181 2978 1243 ostendimus
3022 1204 3036 1240 :
3062 1176 3225 1241 nunc
3254 1198 3413 1256 porro
3440 1185 3714 1241 videamus
3740 1200 3875 1239 num

2292 1278 2418 1349 quid
2448 1293 2512 1332 ex
2544 1277 2825 1347 praeceptis
2852 1275 3069 1331 difﬁcile
3092 1276 3163 1330 sit
3183 1317 3198 1339 ,
3244 1284 3299 1331 et
3348 1286 3593 1330 naturam
3633 1285 3877 1330 nostram

2293 1376 2527 1438 superet.
2557 1368 2662 1424 Sed
2690 1366 2821 1421 nihil
2850 1366 3025 1422 simile
3055 1366 3419 1432 inveniemus;
3453 1367 3562 1421 imo
3604 1368 3881 1422 contraria

2294 1460 2493 1526 omnia,
2542 1458 2614 1514 ita
2659 1469 2718 1515 ut
2763 1475 2883 1529 quae
2921 1458 3168 1514 virtutem
3212 1467 3476 1530 spectant,
3504 1474 3747 1529 magnam
3777 1459 3883 1514 ba-

2295 1554 2455 1609 beant
2502 1553 2830 1619 facilitatem,
2884 1561 3072 1607 contra
3116 1566 3265 1618 vero,
3318 1567 3439 1622 quis
3487 1551 3553 1606 ad
3584 1552 3881 1622 nequitiam

2297 1646 2603 1714 pertinent,
2650 1643 2884 1700 sudores
2926 1644 3201 1709 maximos.
3237 1644 3373 1712 Quid
3405 1645 3545 1699 enim
3578 1653 3661 1699 est
3684 1643 3885 1701 difﬁci-

2297 1736 2414 1800 lius,
2446 1752 2604 1807 quam
2637 1735 2911 1803 foenerari,
2941 1750 3003 1791 ac
3027 1736 3093 1791 de
3116 1750 3273 1791 usura
3294 1746 3347 1791 et
3372 1737 3703 1805 pactionibus
3729 1737 3885 1791 solli-

2296 1826 2458 1881 citum
2501 1842 2642 1890 esse,
2687 1827 3007 1895 sponsiones
3052 1837 3326 1896 expetere,
3366 1843 3431 1882 ac
3470 1827 3537 1882 de
3567 1828 3884 1898 pignoribus

2297 1926 2536 1972 metuere
2578 1928 2643 1972 ac
2685 1926 2933 1981 tremere.
2974 1917 3043 1972 de
3092 1927 3257 1979 sorte,
3300 1918 3368 1973 de
3413 1918 3753 1989 syngraphis,
3807 1917 3886 1972 de

2298 2008 2614 2070 faenoribus.
2640 2008 2709 2065 de
2736 2010 3111 2080 sponsionibus
3133 2010 3184 2064 ‘?
3210 2003 3366 2065 Tales
3410 2019 3534 2066 sunt
3578 2026 3666 2065 res
3708 2024 3887 2065 mu-

2300 2100 2459 2155 lares.
2495 2100 2617 2154 llzec
2660 2116 2778 2171 qua:
2814 2100 3019 2155 videtur
3061 2101 3355 2171 excogitata
3397 2101 3656 2156 securitas
3700 2102 3888 2171 suspi-

2304 2192 2543 2247 cionibus
2573 2191 2725 2261 plena
2748 2233 2764 2257 ,
2794 2202 2848 2247 et
2872 2194 3107 2247 omnium
3136 2191 3471 2263 fragilissima
3512 2202 3623 2259 est;
3667 2193 3887 2248 miseri-

2300 2281 2534 2337 cordiam
2600 2294 2776 2338 autem
2821 2298 3071 2339 exercere
3117 2283 3272 2339 facile
3323 2294 3405 2339 est
3422 2287 3464 2351 ¹,
3514 2285 3583 2340 ab
3628 2284 3891 2354 omnique

2308 2372 2667 2427 sollicitudine
2710 2372 2918 2427 liberat.
2965 2372 3042 2428 Ne
3088 2373 3246 2444 igitur
3298 2374 3505 2430 alienas
3553 2374 3890 2431 calamitates

2306 2462 2660 2533 negoticmur,
2690 2478 2760 2519 ne
2783 2464 2834 2518 in
2859 2464 3064 2519 lucrum
3091 2472 3359 2520 vertamus
3389 2466 3475 2520 illa
3502 2482 3621 2537 quae
3661 2467 3727 2521 ad
3778 2466 3888 2520 mi-

2305 2552 2650 2608 sericordiam
2678 2563 2943 2623 spectant.
2974 2553 3100 2609 Scio
3126 2553 3377 2624 quidem,
3409 2556 3605 2610 multos
3637 2556 3751 2610 haec
3772 2570 3887 2610 non

2304 2642 2532 2699 libenter
2559 2644 2742 2698 audire
2768 2662 2781 2697 :
2809 2644 2900 2700 sed
2928 2645 3054 2715 quid
3084 2660 3148 2701 ex
3179 2645 3391 2701 silentio
3416 2646 3547 2701 lucri
3573 2647 3892 2701 accederet?

2306 2735 2362 2792 Si
2393 2747 2619 2803 taceam,
2646 2747 2702 2792 et
2726 2738 2923 2792 nemini
2954 2737 3250 2794 molestiam
3273 2739 3453 2795 verbis
3480 2738 3702 2795 inferam
3728 2778 3742 2800 .
3776 2755 3891 2795 non

2308 2839 2495 2901 potero
2547 2846 2642 2900 per
2689 2831 2961 2885 silentium
3013 2846 3106 2885 vos
3150 2848 3180 2885 a
3228 2832 3487 2901 supplicio
3525 2847 3747 2897 eruere;
3776 2832 3892 2886 imo

2310 2920 2435 2976 hinc
2461 2923 2638 2976 omnia
2680 2923 2948 2976 contraria
2975 2922 3227 2977 eveniunt
3258 2941 3270 2977 :
3301 2923 3559 2993 supplicia
3588 2931 3847 2993 augeantur
3868 2963 3889 2990 ,

2311 3023 2474 3083 atque
2500 3014 2806 3082 hujusmodi
2852 3014 3087 3080 silentii,
3120 3031 3223 3067 non
3257 3029 3351 3068 vos
3384 3023 3583 3068 tantum
3614 3055 3629 3080 ,
3663 3013 3755 3067 sed
3785 3029 3897 3084 ego

2310 3105 2469 3159 etiam
2500 3119 2683 3173 pinnas
2708 3104 2913 3158 darem.
2941 3105 3022 3158 Ad
3053 3105 3180 3173 quid
3208 3105 3367 3175 igitur
3388 3107 3673 3159 verborum
3696 3104 3895 3159 adula-

2310 3184 2407 3259 tio,
2438 3195 2651 3265 quando
2673 3195 2762 3250 illa
2786 3195 2853 3249 ad
2879 3196 3207 3264 operandum
3236 3196 3368 3250 nihil
3383 3197 3535 3266 juvat
3557 3239 3570 3261 ,
3600 3197 3707 3252 imo
3727 3198 3895 3253 etiam

2314 3286 2519 3341 uocet?
2572 3286 2713 3356 quod
2762 3285 2966 3340 lucrum
3020 3286 3185 3342 verbo
3232 3286 3467 3341 laetitiam
3502 3328 3520 3354 ,
3569 3302 3629 3343 re
3674 3287 3898 3342 dolores

2313 3372 2549 3433 aliene?
2586 3392 2744 3433 aures
2779 3378 3085 3433 demulcere
3110 3388 3166 3433 et
3199 3380 3432 3433 animam
3460 3378 3720 3449 supplicio
3742 3379 3901 3432 addi-

2314 3470 2472 3526 cere?
2514 3471 2637 3526 Ideo
2663 3486 2881 3527 necesse
2924 3481 3007 3526 est
3050 3471 3137 3527 hic
3181 3471 3383 3538 dolere,
3435 3481 3508 3528 ue
3556 3474 3664 3528 illic
3708 3488 3900 3542 pinnas

2316 3562 2521 3617 demus.
2554 3560 2686 3616 Nam
2714 3563 2913 3633 gravis,
2943 3563 3117 3632 gravis
3143 3574 3288 3618 certe
3308 3573 3365 3619 et
3383 3566 3604 3631 omnino
3629 3565 3903 3621 curandus

2318 3653 2534 3707 morbus
2579 3652 2869 3709 Eeclesiam
2914 3654 3125 3708 inrasit.
3163 3653 3261 3720 Qui
3294 3654 3659 3729 prohibentur,
3688 3656 3781 3711 'vel
3826 3672 3901 3712 ex

2314 3745 2475 3816 justis
2500 3744 2771 3800 laboribus
2801 3747 3052 3816 pecunias
3076 3749 3433 3816 accumulare,
3467 3750 3570 3803 imo
3595 3751 3682 3821 qui
3705 3750 3907 3821 jubeua

2321 3844 2407 3890 tur
2435 3850 2567 3906 opes
2592 3852 2717 3893 suas
2738 3838 2920 3908 egenis
2952 3839 3164 3910 aperire
3185 3876 3201 3908 ,
3234 3855 3301 3895 ex
3330 3841 3556 3913 aliorum
3588 3853 3909 3913 paupertate

2320 3927 2630 3995 ditescant,
2665 3931 2962 3998 speciosam
2993 3933 3232 4000 rapinam
3259 3934 3628 4003 excogitantes
3671 3944 3726 3990 et
3766 3937 3910 3991 bene

2322 4019 2611 4075 coloratam
2635 4020 2931 4074 avaritiam.
2954 4020 3031 4076 Ne
3053 4024 3181 4077 mihi
3204 4035 3452 4079 externas
3478 4024 3624 4096 leges
3648 4026 3868 4095 objicias
3890 4046 3907 4081 :

2324 4112 2638 4183 publicanus
2684 4115 2825 4168 enim
2877 4114 3043 4185 legem
3075 4114 3218 4171 illam
3249 4119 3570 4173 exteriorem
3602 4128 3819 4186 servat,
3852 4130 3914 4174 et

2328 4213 2505 4259 tamen
2549 4205 2640 4259 dat
2684 4221 2887 4275 μωηειε.
2930 4206 3081 4274 Quod
3120 4207 3279 4262 etiam
3310 4223 3410 4263 nos
3455 4190 3749 4279 patiemur,
3806 4212 3912 4266 nisi

2326 4294 2632 4351 desinamus
2664 4312 2923 4367 pauperes
2945 4309 3211 4365 atterere,
3261 4310 3315 4355 et
3346 4302 3586 4370 penuria:
3631 4306 3915 4372 egestatis-

2329 4404 2433 4459 que
2472 4390 2752 4445 occasione
2790 4400 3019 4462 sumpta,
3060 4391 3369 4463 impudente
3397 4394 3540 4449 abuti
3569 4410 3750 4450 usura.
3785 4395 3915 4452 ideo

2326 4482 2471 4561 enim
2521 4481 3012 4551 pecuniashabes,
3046 4492 3101 4537 ut
3132 4495 3496 4554 paupertatem
3541 4489 3721 4543 solvas
3745 4530 3760 4554 ,
3806 4505 3916 4545 non

2331 4582 2389 4627 ut
2412 4588 2531 4629 eam
2557 4574 2861 4643 opprimas;
2894 4584 2949 4628 tu
2980 4590 3108 4631 vero
3128 4612 3144 4645 ,
3174 4577 3323 4645 quasi
3354 4592 3509 4647 Opem
3543 4577 3721 4635 ferens
3745 4620 3761 4645 ,
3790 4597 3918 4635 ma-

2329 4669 2502 4739 jorem
2548 4665 2712 4722 infers
2755 4668 3109 4723 calamitatem
3138 4710 3152 4735 ,
3200 4679 3255 4725 et
3283 4670 3656 4727 liberalitatem
3686 4676 3917 4741 pecunia

2337 4761 2543 4816 vendis.
2582 4760 2763 4815 Vende
2784 4803 2797 4825 ,
2832 4776 2937 4816 non
2968 4772 3089 4814 veto
3115 4803 3130 4827 ,
3168 4762 3261 4817 sed
3291 4778 3386 4832 pro
3419 4778 3581 4834 regno
3607 4765 3864 4821 caelorum
3901 4785 3915 4821 :

2338 4868 2406 4909 ne
2438 4868 2653 4921 parvum
2680 4853 2907 4922 accipias
2933 4854 3111 4922 operis
3140 4852 3357 4923 hujusce
3386 4856 3618 4923 pretium
3641 4897 3657 4921 ,
3692 4873 3913 4913 usuram

2339 4944 2678 4999 centesimam
2710 4942 2817 5015 (a),
2850 4944 2942 4998 sed
2975 4944 3132 4998 vitam
3179 4945 3557 5002 immortalem.
3584 4949 3691 5003 Cur
3717 4965 3923 5019 pauper

2341 5048 2395 5095 et
2445 5054 2644 5093 etenus
2690 5040 2787 5093 es?
2839 5054 2933 5093 cur
2982 5038 3155 5107 pusilli
3183 5040 3365 5104 animi,
3416 5051 3473 5095 ut
3516 5058 3704 5113 magna
3754 5061 3921 5116 parvo

2343 5131 2515 5201 pretio
2563 5131 2766 5184 vendas
2796 5170 2809 5196 ,
2851 5138 2905 5183 et
2956 5144 3053 5199 pro
3100 5129 3315 5185 caducis
3362 5121 3602 5199 pecuniis
3630 5133 3765 5201 des,
3795 5150 3921 5192 cum

2342 5230 2616 5293 oporteret
2648 5236 2742 5291 pro
2784 5234 2948 5290 regno
2972 5219 3205 5275 vendere
3244 5234 3458 5291 semper
3488 5227 3779 5280 manente?
3826 5242 3925 5283 cur

2346 5318 2454 5373 Deo
2506 5315 2718 5381 relicto,
2764 5312 2991 5368 humana
3034 5314 3296 5369 lucraris?
3338 5331 3435 5370 cur
3479 5314 3644 5374 divite
3686 5318 3871 5376 relicto
3903 5361 3922 5389 ,

2409 5505 2425 5537 ι
2463 5504 2645 5561 uorat,
2670 5501 2731 5551 de
2754 5500 2988 5562 [cenarum
3009 5492 3353 5562 sponaionibus.

2409 5569 2429 5599 ¹
2464 5573 2607 5622 Unus,
2633 5554 2908 5625 impendere
2934 5554 3089 5625 mitem
3112 5554 3254 5616 [iteite
3277 5565 3363 5607 est.

2354 5666 2359 5671 .
2413 5629 2484 5691 (a)
2516 5618 2633 5691 Erat
2675 5618 2815 5687 porro
2832 5620 3091 5691 (centesima
3116 5630 3276 5691 usurae
3295 5631 3488 5691 genus,_
3514 5632 3611 5681 quo
3651 5618 3807 5691 quiin
3831 5619 3923 5671 fas-

2349 5681 2441 5741 nus
2461 5681 2785 5752 accipiebant,
2803 5682 3005 5745 singulis
3024 5681 3276 5729 mensibus
3304 5683 3619 5752 centesimam
3642 5688 3792 5730 sortis
3815 5692 3925 5745 par-

2349 5762 2450 5804 tem
2471 5744 2736 5805 solverent,
2766 5744 2838 5797 ita
2865 5754 2917 5794 ut
2938 5752 3135 5795 centum
3168 5744 3414 5805 n'iensilms
3446 5750 3629 5792 sortem
3648 5744 3924 5805 aquarent.

2350 5802 2428 5868 lie
2451 5817 2652 5876 reliquis
2673 5802 2961 5876 centesimae
2972 5807 3241 5876 generibus
3263 5804 3367 5852 ride
3387 5818 3528 5867 supra
3559 5806 3607 5853 in
3642 5802 3931 5867 prtrfatiuttc

2353 5882 2407 5931 ad
2428 5870 2645 5943 qUart'um
2670 5882 2881 5932 't‘omuin,
2907 5870 3005 5932 εγ.
