  <div class='ocr_page' id='page_1' title='image "/cluster/home/n/w/nwhite01/storage/ocr_20150623/58/uva.x004914844/102.png"; bbox 0 0 4186 6490; ppageno 0'>
   <div class='ocr_carea' id='block_1_1' title="bbox 265 441 374 508">
    <p class='ocr_par' dir='ltr' id='par_1_1' title="bbox 265 441 374 508">
     <span class='ocr_line' id='line_1_1' title="bbox 265 441 374 508; baseline 0 0"><span class='ocrx_word' id='word_1_1' title='bbox 265 441 374 508; x_wconf 65' lang='grc' dir='ltr'><strong>εδτ</strong></span> 
     </span>
    </p>
   </div>
   <div class='ocr_carea' id='block_1_2' title="bbox 263 555 1869 641">
    <p class='ocr_par' dir='ltr' id='par_1_2' title="bbox 263 555 1869 641">
     <span class='ocr_line' id='line_1_2' title="bbox 263 555 1869 641; baseline -0.013 -15"><span class='ocrx_word' id='word_1_2' title='bbox 263 564 490 641; x_wconf 70' lang='lat' dir='ltr'><strong>pauperi</strong></span> <span class='ocrx_word' id='word_1_3' title='bbox 518 564 820 622; x_wconf 76' lang='lat' dir='ltr'><strong>molestiam</strong></span> <span class='ocrx_word' id='word_1_4' title='bbox 844 555 1027 628; x_wconf 56' lang='lat' dir='ltr'><strong>infers;</strong></span> <span class='ocrx_word' id='word_1_5' title='bbox 1047 571 1098 616; x_wconf 88' lang='lat' dir='ltr'><strong>et</strong></span> <span class='ocrx_word' id='word_1_6' title='bbox 1121 559 1432 628; x_wconf 88' lang='lat' dir='ltr'><strong>largientem</strong></span> <span class='ocrx_word' id='word_1_7' title='bbox 1453 565 1869 627; x_wconf 73' lang='lat' dir='ltr'><strong>praetercurrens</strong></span> 
     </span>
    </p>
   </div>
   <div class='ocr_carea' id='block_1_3' title="bbox 261 645 1867 732">
    <p class='ocr_par' dir='ltr' id='par_1_3' title="bbox 261 645 1867 732">
     <span class='ocr_line' id='line_1_3' title="bbox 261 645 1867 732; baseline -0.013 -14"><span class='ocrx_word' id='word_1_8' title='bbox 261 677 402 717; x_wconf 87' lang='lat' dir='ltr'><strong>curo</strong></span> <span class='ocrx_word' id='word_1_9' title='bbox 428 663 639 732; x_wconf 81' lang='lat' dir='ltr'><strong>ingrato</strong></span> <span class='ocrx_word' id='word_1_10' title='bbox 672 668 820 727; x_wconf 79' lang='lat' dir='ltr'><strong>pacta</strong></span> <span class='ocrx_word' id='word_1_11' title='bbox 854 655 992 710; x_wconf 84' lang='lat' dir='ltr'><strong>inis?</strong></span> <span class='ocrx_word' id='word_1_12' title='bbox 1021 654 1117 709; x_wconf 93' lang='lat' dir='ltr'><strong>llle</strong></span> <span class='ocrx_word' id='word_1_13' title='bbox 1147 651 1372 707; x_wconf 86' lang='lat' dir='ltr'><strong>reddere</strong></span> <span class='ocrx_word' id='word_1_14' title='bbox 1400 647 1750 718; x_wconf 68' lang='lat' dir='ltr'><strong>concupiscit,</strong></span> <span class='ocrx_word' id='word_1_15' title='bbox 1782 645 1867 698; x_wconf 90' lang='lat' dir='ltr'><strong>hie</strong></span> 
     </span>
    </p>
   </div>
   <div class='ocr_carea' id='block_1_4' title="bbox 271 739 1871 824">
    <p class='ocr_par' dir='ltr' id='par_1_4' title="bbox 271 739 1871 824">
     <span class='ocr_line' id='line_1_4' title="bbox 271 739 1871 824; baseline -0.01 -17"><span class='ocrx_word' id='word_1_16' title='bbox 271 769 426 824; x_wconf 65' lang='lat' dir='ltr'><strong>aegre</strong></span> <span class='ocrx_word' id='word_1_17' title='bbox 456 752 652 806; x_wconf 82' lang='lat' dir='ltr'><strong>reddit.</strong></span> <span class='ocrx_word' id='word_1_18' title='bbox 689 750 784 804; x_wconf 80' lang='lat' dir='ltr'><strong>llic</strong></span> <span class='ocrx_word' id='word_1_19' title='bbox 827 751 911 804; x_wconf 55' lang='lat' dir='ltr'><strong>\‘ix</strong></span> <span class='ocrx_word' id='word_1_20' title='bbox 940 747 1288 802; x_wconf 75' lang='lat' dir='ltr'><strong>centesimum</strong></span> <span class='ocrx_word' id='word_1_21' title='bbox 1320 752 1600 806; x_wconf 84' lang='lat' dir='ltr'><strong>numerat;</strong></span> <span class='ocrx_word' id='word_1_22' title='bbox 1630 739 1718 794; x_wconf 89' lang='lat' dir='ltr'><strong>ille</strong></span> <span class='ocrx_word' id='word_1_23' title='bbox 1744 753 1871 792; x_wconf 87' lang='lat' dir='ltr'><strong>cen-</strong></span> 
     </span>
    </p>
   </div>
   <div class='ocr_carea' id='block_1_5' title="bbox 267 832 1869 915">
    <p class='ocr_par' dir='ltr' id='par_1_5' title="bbox 267 832 1869 915">
     <span class='ocr_line' id='line_1_5' title="bbox 267 832 1869 915; baseline -0.011 -15"><span class='ocrx_word' id='word_1_24' title='bbox 267 847 480 915; x_wconf 87' lang='lat' dir='ltr'><strong>tuplum</strong></span> <span class='ocrx_word' id='word_1_25' title='bbox 511 853 560 896; x_wconf 84' lang='lat' dir='ltr'><strong>et</strong></span> <span class='ocrx_word' id='word_1_26' title='bbox 610 855 832 910; x_wconf 81' lang='lat' dir='ltr'><strong>regnum</strong></span> <span class='ocrx_word' id='word_1_27' title='bbox 879 839 1152 892; x_wconf 68' lang='lat' dir='ltr'><strong>eadorum.</strong></span> <span class='ocrx_word' id='word_1_28' title='bbox 1209 835 1305 890; x_wconf 92' lang='lat' dir='ltr'><strong>llic</strong></span> <span class='ocrx_word' id='word_1_29' title='bbox 1349 849 1471 888; x_wconf 91' lang='lat' dir='ltr'><strong>cum</strong></span> <span class='ocrx_word' id='word_1_30' title='bbox 1517 832 1772 888; x_wconf 83' lang='lat' dir='ltr'><strong>conviciis</strong></span> <span class='ocrx_word' id='word_1_31' title='bbox 1815 838 1869 909; x_wconf 77' lang='lat' dir='ltr'><strong>et</strong></span> 
     </span>
    </p>
   </div>
   <div class='ocr_carea' id='block_1_6' title="bbox 265 921 1866 995">
    <p class='ocr_par' dir='ltr' id='par_1_6' title="bbox 265 921 1866 995">
     <span class='ocr_line' id='line_1_6' title="bbox 265 921 1866 995; baseline -0.011 -4"><span class='ocrx_word' id='word_1_32' title='bbox 265 933 638 995; x_wconf 85' lang='lat' dir='ltr'><strong>contumeliis.</strong></span> <span class='ocrx_word' id='word_1_33' title='bbox 690 934 780 987; x_wconf 88' lang='lat' dir='ltr'><strong>ille</strong></span> <span class='ocrx_word' id='word_1_34' title='bbox 823 947 942 985; x_wconf 82' lang='lat' dir='ltr'><strong>eum</strong></span> <span class='ocrx_word' id='word_1_35' title='bbox 983 929 1230 983; x_wconf 77' lang='lat' dir='ltr'><strong>laudibus</strong></span> <span class='ocrx_word' id='word_1_36' title='bbox 1256 937 1308 981; x_wconf 90' lang='lat' dir='ltr'><strong>et</strong></span> <span class='ocrx_word' id='word_1_37' title='bbox 1333 925 1616 981; x_wconf 88' lang='lat' dir='ltr'><strong>encomiis.</strong></span> <span class='ocrx_word' id='word_1_38' title='bbox 1651 923 1744 976; x_wconf 88' lang='lat' dir='ltr'><strong>Hic</strong></span> <span class='ocrx_word' id='word_1_39' title='bbox 1773 921 1866 975; x_wconf 90' lang='lat' dir='ltr'><strong>tibi</strong></span> 
     </span>
    </p>
   </div>
   <div class='ocr_carea' id='block_1_7' title="bbox 265 1013 1865 1091">
    <p class='ocr_par' dir='ltr' id='par_1_7' title="bbox 265 1013 1865 1091">
     <span class='ocr_line' id='line_1_7' title="bbox 265 1013 1865 1091; baseline -0.008 -12"><span class='ocrx_word' id='word_1_40' title='bbox 265 1025 530 1079; x_wconf 78' lang='lat' dir='ltr'><strong>invidiam</strong></span> <span class='ocrx_word' id='word_1_41' title='bbox 585 1024 764 1091; x_wconf 88' lang='lat' dir='ltr'><strong>parit,</strong></span> <span class='ocrx_word' id='word_1_42' title='bbox 820 1022 905 1075; x_wconf 91' lang='lat' dir='ltr'><strong>ille</strong></span> <span class='ocrx_word' id='word_1_43' title='bbox 956 1020 1047 1074; x_wconf 91' lang='lat' dir='ltr'><strong>tibi</strong></span> <span class='ocrx_word' id='word_1_44' title='bbox 1089 1032 1316 1073; x_wconf 88' lang='lat' dir='ltr'><strong>coronas</strong></span> <span class='ocrx_word' id='word_1_45' title='bbox 1364 1017 1548 1070; x_wconf 90' lang='lat' dir='ltr'><strong>nectit.</strong></span> <span class='ocrx_word' id='word_1_46' title='bbox 1581 1015 1675 1067; x_wconf 92' lang='lat' dir='ltr'><strong>llic</strong></span> <span class='ocrx_word' id='word_1_47' title='bbox 1700 1013 1786 1066; x_wconf 81' lang='lat' dir='ltr'><strong>vix</strong></span> <span class='ocrx_word' id='word_1_48' title='bbox 1815 1014 1865 1066; x_wconf 87' lang='lat' dir='ltr'><strong>in</strong></span> 
     </span>
    </p>
   </div>
   <div class='ocr_carea' id='block_1_8' title="bbox 268 1110 1867 1181">
    <p class='ocr_par' dir='ltr' id='par_1_8' title="bbox 268 1110 1867 1181">
     <span class='ocr_line' id='line_1_8' title="bbox 268 1110 1867 1181; baseline -0.009 -9"><span class='ocrx_word' id='word_1_49' title='bbox 268 1118 386 1173; x_wconf 75' lang='lat' dir='ltr'><strong>hoc</strong></span> <span class='ocrx_word' id='word_1_50' title='bbox 423 1118 655 1181; x_wconf 73' lang='lat' dir='ltr'><strong>smeulo,</strong></span> <span class='ocrx_word' id='word_1_51' title='bbox 691 1116 781 1169; x_wconf 87' lang='lat' dir='ltr'><strong>ille</strong></span> <span class='ocrx_word' id='word_1_52' title='bbox 825 1125 876 1169; x_wconf 91' lang='lat' dir='ltr'><strong>et</strong></span> <span class='ocrx_word' id='word_1_53' title='bbox 907 1114 957 1166; x_wconf 91' lang='lat' dir='ltr'><strong>in</strong></span> <span class='ocrx_word' id='word_1_54' title='bbox 986 1113 1089 1166; x_wconf 87' lang='lat' dir='ltr'><strong>hoc</strong></span> <span class='ocrx_word' id='word_1_55' title='bbox 1117 1121 1169 1165; x_wconf 90' lang='lat' dir='ltr'><strong>et</strong></span> <span class='ocrx_word' id='word_1_56' title='bbox 1199 1112 1249 1164; x_wconf 91' lang='lat' dir='ltr'><strong>in</strong></span> <span class='ocrx_word' id='word_1_57' title='bbox 1283 1110 1481 1163; x_wconf 90' lang='lat' dir='ltr'><strong>futuro.</strong></span> <span class='ocrx_word' id='word_1_58' title='bbox 1513 1110 1707 1162; x_wconf 86' lang='lat' dir='ltr'><strong>Annon</strong></span> <span class='ocrx_word' id='word_1_59' title='bbox 1736 1120 1867 1173; x_wconf 84' lang='lat' dir='ltr'><strong>ergo</strong></span> 
     </span>
    </p>
   </div>
   <div class='ocr_carea' id='block_1_9' title="bbox 263 1193 1866 1269">
    <p class='ocr_par' dir='ltr' id='par_1_9' title="bbox 263 1193 1866 1269">
     <span class='ocr_line' id='line_1_9' title="bbox 263 1193 1866 1269; baseline -0.009 -7"><span class='ocrx_word' id='word_1_60' title='bbox 263 1217 534 1262; x_wconf 68' lang='lat' dir='ltr'><strong>extremae</strong></span> <span class='ocrx_word' id='word_1_61' title='bbox 579 1203 866 1260; x_wconf 70' lang='lat' dir='ltr'><strong>dementia:</strong></span> <span class='ocrx_word' id='word_1_62' title='bbox 911 1193 1012 1268; x_wconf 86' lang='lat' dir='ltr'><strong>est,</strong></span> <span class='ocrx_word' id='word_1_63' title='bbox 1065 1218 1133 1256; x_wconf 91' lang='lat' dir='ltr'><strong>ne</strong></span> <span class='ocrx_word' id='word_1_64' title='bbox 1181 1203 1321 1255; x_wconf 87' lang='lat' dir='ltr'><strong>scire</strong></span> <span class='ocrx_word' id='word_1_65' title='bbox 1362 1199 1576 1269; x_wconf 83' lang='lat' dir='ltr'><strong>quidem</strong></span> <span class='ocrx_word' id='word_1_66' title='bbox 1620 1195 1866 1250; x_wconf 72' lang='lat' dir='ltr'><strong>lucrari?</strong></span> 
     </span>
    </p>
   </div>
   <div class='ocr_carea' id='block_1_10' title="bbox 175 1289 1869 1366">
    <p class='ocr_par' dir='ltr' id='par_1_10' title="bbox 175 1289 1869 1366">
     <span class='ocr_line' id='line_1_10' title="bbox 175 1289 1869 1366; baseline -0.008 -12"><span class='ocrx_word' id='word_1_67' title='bbox 175 1293 182 1298; x_wconf 66' lang='grc'><em>’</em></span> <span class='ocrx_word' id='word_1_68' title='bbox 264 1301 424 1366; x_wconf 71' lang='lat' dir='ltr'><strong>Quot</strong></span> <span class='ocrx_word' id='word_1_69' title='bbox 466 1297 692 1353; x_wconf 71' lang='lat' dir='ltr'><strong>{tenoris</strong></span> <span class='ocrx_word' id='word_1_70' title='bbox 734 1311 892 1350; x_wconf 82' lang='lat' dir='ltr'><strong>causa</strong></span> <span class='ocrx_word' id='word_1_71' title='bbox 942 1303 1140 1347; x_wconf 87' lang='lat' dir='ltr'><strong>sortem</strong></span> <span class='ocrx_word' id='word_1_72' title='bbox 1178 1294 1338 1346; x_wconf 89' lang='lat' dir='ltr'><strong>etiam</strong></span> <span class='ocrx_word' id='word_1_73' title='bbox 1380 1289 1711 1344; x_wconf 83' lang='lat' dir='ltr'><strong>amiserunt?</strong></span> <span class='ocrx_word' id='word_1_74' title='bbox 1737 1296 1869 1358; x_wconf 90' lang='lat' dir='ltr'><strong>quot</strong></span> 
     </span>
    </p>
   </div>
   <div class='ocr_carea' id='block_1_11' title="bbox 266 1385 1869 1462">
    <p class='ocr_par' dir='ltr' id='par_1_11' title="bbox 266 1385 1869 1462">
     <span class='ocr_line' id='line_1_11' title="bbox 266 1385 1869 1462; baseline -0.008 -15"><span class='ocrx_word' id='word_1_75' title='bbox 266 1401 502 1462; x_wconf 83' lang='lat' dir='ltr'><strong>propter</strong></span> <span class='ocrx_word' id='word_1_76' title='bbox 525 1403 715 1445; x_wconf 85' lang='lat' dir='ltr'><strong>usuras</strong></span> <span class='ocrx_word' id='word_1_77' title='bbox 742 1390 793 1441; x_wconf 92' lang='lat' dir='ltr'><strong>iu</strong></span> <span class='ocrx_word' id='word_1_78' title='bbox 824 1388 1055 1457; x_wconf 87' lang='lat' dir='ltr'><strong>pericula</strong></span> <span class='ocrx_word' id='word_1_79' title='bbox 1085 1385 1415 1441; x_wconf 78' lang='lat' dir='ltr'><strong>inciderunt?</strong></span> <span class='ocrx_word' id='word_1_80' title='bbox 1441 1395 1570 1452; x_wconf 87' lang='lat' dir='ltr'><strong>quot</strong></span> <span class='ocrx_word' id='word_1_81' title='bbox 1613 1391 1668 1438; x_wconf 87' lang='lat' dir='ltr'><strong>et</strong></span> <span class='ocrx_word' id='word_1_82' title='bbox 1710 1396 1768 1435; x_wconf 89' lang='lat' dir='ltr'><strong>se</strong></span> <span class='ocrx_word' id='word_1_83' title='bbox 1814 1390 1869 1435; x_wconf 88' lang='lat' dir='ltr'><strong>et</strong></span> 
     </span>
    </p>
   </div>
   <div class='ocr_carea' id='block_1_12' title="bbox 265 1472 1864 1547">
    <p class='ocr_par' dir='ltr' id='par_1_12' title="bbox 265 1472 1864 1547">
     <span class='ocr_line' id='line_1_12' title="bbox 265 1472 1864 1547; baseline -0.007 -9"><span class='ocrx_word' id='word_1_84' title='bbox 265 1484 414 1538; x_wconf 80' lang='lat' dir='ltr'><strong>alios</strong></span> <span class='ocrx_word' id='word_1_85' title='bbox 440 1482 491 1536; x_wconf 89' lang='lat' dir='ltr'><strong>in</strong></span> <span class='ocrx_word' id='word_1_86' title='bbox 520 1489 813 1535; x_wconf 82' lang='lat' dir='ltr'><strong>extremam</strong></span> <span class='ocrx_word' id='word_1_87' title='bbox 848 1485 1210 1547; x_wconf 85' lang='lat' dir='ltr'><strong>paupertatem</strong></span> <span class='ocrx_word' id='word_1_88' title='bbox 1242 1475 1555 1544; x_wconf 75' lang='lat' dir='ltr'><strong>deiecerunt</strong></span> <span class='ocrx_word' id='word_1_89' title='bbox 1585 1472 1652 1528; x_wconf 89' lang='lat' dir='ltr'><strong>ob</strong></span> <span class='ocrx_word' id='word_1_90' title='bbox 1682 1473 1864 1527; x_wconf 85' lang='lat' dir='ltr'><strong>incre-</strong></span> 
     </span>
    </p>
   </div>
   <div class='ocr_carea' id='block_1_13' title="bbox 264 1572 841 1630">
    <p class='ocr_par' dir='ltr' id='par_1_13' title="bbox 264 1572 841 1630">
     <span class='ocr_line' id='line_1_13' title="bbox 264 1572 841 1630; baseline -0.012 0"><span class='ocrx_word' id='word_1_91' title='bbox 264 1573 494 1630; x_wconf 63' lang='lat' dir='ltr'><strong>dibilem</strong></span> <span class='ocrx_word' id='word_1_92' title='bbox 523 1572 841 1626; x_wconf 79' lang='lat' dir='ltr'><strong>avaritiam?</strong></span> 
     </span>
    </p>
   </div>
   <div class='ocr_carea' id='block_1_14' title="bbox 353 1660 1862 1728">
    <p class='ocr_par' dir='ltr' id='par_1_14' title="bbox 353 1660 1862 1728">
     <span class='ocr_line' id='line_1_14' title="bbox 353 1660 1862 1728; baseline -0.006 -6"><span class='ocrx_word' id='word_1_93' title='bbox 353 1667 404 1723; x_wconf 82' lang='lat'><strong>6.</strong></span> <span class='ocrx_word' id='word_1_94' title='bbox 431 1667 508 1721; x_wconf 77' lang='lat' dir='ltr'><strong>Ne</strong></span> <span class='ocrx_word' id='word_1_95' title='bbox 536 1666 664 1720; x_wconf 90' lang='lat' dir='ltr'><strong>mihi</strong></span> <span class='ocrx_word' id='word_1_96' title='bbox 695 1664 896 1719; x_wconf 76' lang='lat' dir='ltr'><strong>dixeris</strong></span> <span class='ocrx_word' id='word_1_97' title='bbox 920 1706 933 1728; x_wconf 96' lang='lat'><strong>,</strong></span> <span class='ocrx_word' id='word_1_98' title='bbox 967 1663 1112 1716; x_wconf 88' lang='lat' dir='ltr'><strong>illum</strong></span> <span class='ocrx_word' id='word_1_99' title='bbox 1143 1663 1300 1715; x_wconf 89' lang='lat' dir='ltr'><strong>talem</strong></span> <span class='ocrx_word' id='word_1_100' title='bbox 1329 1661 1556 1715; x_wconf 88' lang='lat' dir='ltr'><strong>libenter</strong></span> <span class='ocrx_word' id='word_1_101' title='bbox 1579 1660 1822 1728; x_wconf 87' lang='lat' dir='ltr'><strong>accipere</strong></span> <span class='ocrx_word' id='word_1_102' title='bbox 1847 1700 1862 1724; x_wconf 97' lang='lat'><strong>,</strong></span> 
     </span>
    </p>
   </div>
   <div class='ocr_carea' id='block_1_15' title="bbox 266 1745 1865 1825">
    <p class='ocr_par' dir='ltr' id='par_1_15' title="bbox 266 1745 1865 1825">
     <span class='ocr_line' id='line_1_15' title="bbox 266 1745 1865 1825; baseline -0.008 -11"><span class='ocrx_word' id='word_1_103' title='bbox 266 1769 335 1814; x_wconf 80' lang='lat' dir='ltr'><strong>et.</strong></span> <span class='ocrx_word' id='word_1_104' title='bbox 376 1759 443 1813; x_wconf 88' lang='lat' dir='ltr'><strong>de</strong></span> <span class='ocrx_word' id='word_1_105' title='bbox 487 1757 690 1811; x_wconf 69' lang='lat' dir='ltr'><strong>faenore</strong></span> <span class='ocrx_word' id='word_1_106' title='bbox 745 1755 969 1825; x_wconf 76' lang='lat' dir='ltr'><strong>gratiam</strong></span> <span class='ocrx_word' id='word_1_107' title='bbox 1016 1754 1231 1807; x_wconf 86' lang='lat' dir='ltr'><strong>habere.</strong></span> <span class='ocrx_word' id='word_1_108' title='bbox 1276 1751 1400 1805; x_wconf 93' lang='lat' dir='ltr'><strong>Illud</strong></span> <span class='ocrx_word' id='word_1_109' title='bbox 1445 1754 1588 1805; x_wconf 85' lang='lat' dir='ltr'><strong>enim</strong></span> <span class='ocrx_word' id='word_1_110' title='bbox 1636 1745 1731 1817; x_wconf 78' lang='lat' dir='ltr'><strong>per</strong></span> <span class='ocrx_word' id='word_1_111' title='bbox 1781 1750 1865 1803; x_wconf 89' lang='lat' dir='ltr'><strong>in-</strong></span> 
     </span>
    </p>
   </div>
   <div class='ocr_carea' id='block_1_16' title="bbox 265 1845 1865 1908">
    <p class='ocr_par' dir='ltr' id='par_1_16' title="bbox 265 1845 1865 1908">
     <span class='ocr_line' id='line_1_16' title="bbox 265 1845 1865 1908; baseline -0.006 0"><span class='ocrx_word' id='word_1_112' title='bbox 265 1851 660 1908; x_wconf 84' lang='lat' dir='ltr'><strong>bumanitatem</strong></span> <span class='ocrx_word' id='word_1_113' title='bbox 707 1858 850 1903; x_wconf 84' lang='lat' dir='ltr'><strong>tuam</strong></span> <span class='ocrx_word' id='word_1_114' title='bbox 911 1847 1104 1902; x_wconf 82' lang='lat' dir='ltr'><strong>evenit.</strong></span> <span class='ocrx_word' id='word_1_115' title='bbox 1151 1845 1281 1900; x_wconf 81' lang='lat' dir='ltr'><strong>Nam</strong></span> <span class='ocrx_word' id='word_1_116' title='bbox 1329 1857 1380 1900; x_wconf 89' lang='lat' dir='ltr'><strong>et</strong></span> <span class='ocrx_word' id='word_1_117' title='bbox 1429 1845 1696 1900; x_wconf 80' lang='lat' dir='ltr'><strong>Abraham</strong></span> <span class='ocrx_word' id='word_1_118' title='bbox 1743 1858 1865 1898; x_wconf 89' lang='lat' dir='ltr'><strong>cum</strong></span> 
     </span>
    </p>
   </div>
   <div class='ocr_carea' id='block_1_17' title="bbox 264 1938 1866 2005">
    <p class='ocr_par' dir='ltr' id='par_1_17' title="bbox 264 1938 1866 2005">
     <span class='ocr_line' id='line_1_17' title="bbox 264 1938 1866 2005; baseline -0.007 -5"><span class='ocrx_word' id='word_1_119' title='bbox 264 1960 497 2000; x_wconf 78' lang='lat' dir='ltr'><strong>uxorem</strong></span> <span class='ocrx_word' id='word_1_120' title='bbox 547 1943 788 1997; x_wconf 83' lang='lat' dir='ltr'><strong>barbaris</strong></span> <span class='ocrx_word' id='word_1_121' title='bbox 837 1940 1073 2004; x_wconf 78' lang='lat' dir='ltr'><strong>tradidit,</strong></span> <span class='ocrx_word' id='word_1_122' title='bbox 1128 1939 1346 1992; x_wconf 82' lang='lat' dir='ltr'><strong>insidias</strong></span> <span class='ocrx_word' id='word_1_123' title='bbox 1396 1938 1511 1992; x_wconf 88' lang='lat' dir='ltr'><strong>illas</strong></span> <span class='ocrx_word' id='word_1_124' title='bbox 1540 1938 1640 1991; x_wconf 83' lang='lat' dir='ltr'><strong>sibi</strong></span> <span class='ocrx_word' id='word_1_125' title='bbox 1685 1945 1866 2005; x_wconf 85' lang='lat' dir='ltr'><strong>gratas</strong></span> 
     </span>
    </p>
   </div>
   <div class='ocr_carea' id='block_1_18' title="bbox 261 2030 1864 2106">
    <p class='ocr_par' dir='ltr' id='par_1_18' title="bbox 261 2030 1864 2106">
     <span class='ocr_line' id='line_1_18' title="bbox 261 2030 1864 2106; baseline -0.006 -14"><span class='ocrx_word' id='word_1_126' title='bbox 261 2038 505 2094; x_wconf 76' lang='lat' dir='ltr'><strong>reddidit</strong></span> <span class='ocrx_word' id='word_1_127' title='bbox 531 2035 697 2106; x_wconf 84' lang='lat' dir='ltr'><strong>(Gen.</strong></span> <span class='ocrx_word' id='word_1_128' title='bbox 730 2033 813 2087; x_wconf 74' lang='lat'><strong>12.</strong></span> <span class='ocrx_word' id='word_1_129' title='bbox 846 2033 979 2103; x_wconf 80' lang='lat'><strong>15);</strong></span> <span class='ocrx_word' id='word_1_130' title='bbox 1011 2048 1114 2086; x_wconf 77' lang='lat' dir='ltr'><strong>nun</strong></span> <span class='ocrx_word' id='word_1_131' title='bbox 1145 2033 1372 2085; x_wconf 70' lang='lat' dir='ltr'><strong>libi-nter</strong></span> <span class='ocrx_word' id='word_1_132' title='bbox 1393 2075 1407 2095; x_wconf 93' lang='lat'><strong>,</strong></span> <span class='ocrx_word' id='word_1_133' title='bbox 1441 2030 1534 2085; x_wconf 84' lang='lat' dir='ltr'><strong>sed</strong></span> <span class='ocrx_word' id='word_1_134' title='bbox 1566 2031 1634 2084; x_wconf 90' lang='lat' dir='ltr'><strong>ob</strong></span> <span class='ocrx_word' id='word_1_135' title='bbox 1664 2041 1864 2084; x_wconf 84' lang='lat' dir='ltr'><strong>metum</strong></span> 
     </span>
    </p>
   </div>
   <div class='ocr_carea' id='block_1_19' title="bbox 266 2124 1864 2194">
    <p class='ocr_par' dir='ltr' id='par_1_19' title="bbox 266 2124 1864 2194">
     <span class='ocr_line' id='line_1_19' title="bbox 266 2124 1864 2194; baseline -0.006 -9"><span class='ocrx_word' id='word_1_136' title='bbox 266 2129 590 2186; x_wconf 79' lang='lat' dir='ltr'><strong>Pharaonis.</strong></span> <span class='ocrx_word' id='word_1_137' title='bbox 622 2128 708 2182; x_wconf 89' lang='lat' dir='ltr'><strong>Sic</strong></span> <span class='ocrx_word' id='word_1_138' title='bbox 734 2126 893 2180; x_wconf 85' lang='lat' dir='ltr'><strong>etiam</strong></span> <span class='ocrx_word' id='word_1_139' title='bbox 939 2141 1137 2193; x_wconf 87' lang='lat' dir='ltr'><strong>pauper</strong></span> <span class='ocrx_word' id='word_1_140' title='bbox 1163 2166 1176 2189; x_wconf 96' lang='lat'><strong>,</strong></span> <span class='ocrx_word' id='word_1_141' title='bbox 1209 2126 1328 2193; x_wconf 88' lang='lat' dir='ltr'><strong>quia</strong></span> <span class='ocrx_word' id='word_1_142' title='bbox 1379 2140 1436 2178; x_wconf 85' lang='lat' dir='ltr'><strong>re</strong></span> <span class='ocrx_word' id='word_1_143' title='bbox 1479 2125 1642 2194; x_wconf 80' lang='lat' dir='ltr'><strong>gratis</strong></span> <span class='ocrx_word' id='word_1_144' title='bbox 1686 2124 1864 2176; x_wconf 86' lang='lat' dir='ltr'><strong>oblata</strong></span> 
     </span>
    </p>
   </div>
   <div class='ocr_carea' id='block_1_20' title="bbox 270 2216 1866 2290">
    <p class='ocr_par' dir='ltr' id='par_1_20' title="bbox 270 2216 1866 2290">
     <span class='ocr_line' id='line_1_20' title="bbox 270 2216 1866 2290; baseline -0.004 -14"><span class='ocrx_word' id='word_1_145' title='bbox 270 2224 494 2290; x_wconf 88' lang='lat' dir='ltr'><strong>dignum</strong></span> <span class='ocrx_word' id='word_1_146' title='bbox 543 2219 688 2273; x_wconf 91' lang='lat' dir='ltr'><strong>illum</strong></span> <span class='ocrx_word' id='word_1_147' title='bbox 755 2233 859 2269; x_wconf 87' lang='lat' dir='ltr'><strong>non</strong></span> <span class='ocrx_word' id='word_1_148' title='bbox 919 2231 1148 2279; x_wconf 87' lang='lat' dir='ltr'><strong>censes,</strong></span> <span class='ocrx_word' id='word_1_149' title='bbox 1200 2216 1267 2271; x_wconf 91' lang='lat' dir='ltr'><strong>de</strong></span> <span class='ocrx_word' id='word_1_150' title='bbox 1314 2216 1628 2269; x_wconf 64' lang='lat' dir='ltr'><strong>crudelitate</strong></span> <span class='ocrx_word' id='word_1_151' title='bbox 1667 2217 1866 2285; x_wconf 78' lang='lat' dir='ltr'><strong>gratias</strong></span> 
     </span>
    </p>
   </div>
   <div class='ocr_carea' id='block_1_21' title="bbox 263 2308 1864 2385">
    <p class='ocr_par' dir='ltr' id='par_1_21' title="bbox 263 2308 1864 2385">
     <span class='ocr_line' id='line_1_21' title="bbox 263 2308 1864 2385; baseline -0.006 -15"><span class='ocrx_word' id='word_1_152' title='bbox 263 2330 435 2385; x_wconf 70' lang='lat' dir='ltr'><strong>agere</strong></span> <span class='ocrx_word' id='word_1_153' title='bbox 479 2314 708 2382; x_wconf 74' lang='lat' dir='ltr'><strong>cogitur.</strong></span> <span class='ocrx_word' id='word_1_154' title='bbox 753 2310 833 2364; x_wconf 84' lang='lat' dir='ltr'><strong>Tu</strong></span> <span class='ocrx_word' id='word_1_155' title='bbox 866 2321 1042 2363; x_wconf 82' lang='lat' dir='ltr'><strong>autem</strong></span> <span class='ocrx_word' id='word_1_156' title='bbox 1075 2308 1204 2362; x_wconf 88' lang='lat' dir='ltr'><strong>mihi</strong></span> <span class='ocrx_word' id='word_1_157' title='bbox 1252 2308 1465 2371; x_wconf 82' lang='lat' dir='ltr'><strong>videris,</strong></span> <span class='ocrx_word' id='word_1_158' title='bbox 1499 2309 1593 2360; x_wconf 90' lang='lat' dir='ltr'><strong>sia</strong></span> <span class='ocrx_word' id='word_1_159' title='bbox 1624 2309 1864 2378; x_wconf 71' lang='lat' dir='ltr'><strong>periculo</strong></span> 
     </span>
    </p>
   </div>
   <div class='ocr_carea' id='block_1_22' title="bbox 267 2400 1865 2476">
    <p class='ocr_par' dir='ltr' id='par_1_22' title="bbox 267 2400 1865 2476">
     <span class='ocr_line' id='line_1_22' title="bbox 267 2400 1865 2476; baseline -0.004 -16"><span class='ocrx_word' id='word_1_160' title='bbox 267 2407 580 2476; x_wconf 82' lang='lat' dir='ltr'><strong>quempiam</strong></span> <span class='ocrx_word' id='word_1_161' title='bbox 611 2403 931 2463; x_wconf 71' lang='lat' dir='ltr'><strong>vindicares,</strong></span> <span class='ocrx_word' id='word_1_162' title='bbox 964 2401 1266 2455; x_wconf 87' lang='lat' dir='ltr'><strong>mercedem</strong></span> <span class='ocrx_word' id='word_1_163' title='bbox 1300 2411 1349 2455; x_wconf 90' lang='lat' dir='ltr'><strong>te</strong></span> <span class='ocrx_word' id='word_1_164' title='bbox 1383 2401 1479 2453; x_wconf 90' lang='lat' dir='ltr'><strong>hac</strong></span> <span class='ocrx_word' id='word_1_165' title='bbox 1505 2400 1572 2454; x_wconf 89' lang='lat' dir='ltr'><strong>de</strong></span> <span class='ocrx_word' id='word_1_166' title='bbox 1603 2416 1763 2454; x_wconf 76' lang='lat' dir='ltr'><strong>causa</strong></span> <span class='ocrx_word' id='word_1_167' title='bbox 1796 2401 1865 2455; x_wconf 90' lang='lat' dir='ltr'><strong>ab</strong></span> 
     </span>
    </p>
   </div>
   <div class='ocr_carea' id='block_1_23' title="bbox 267 2491 1864 2565">
    <p class='ocr_par' dir='ltr' id='par_1_23' title="bbox 267 2491 1864 2565">
     <span class='ocr_line' id='line_1_23' title="bbox 267 2491 1864 2565; baseline -0.004 -15"><span class='ocrx_word' id='word_1_168' title='bbox 267 2497 370 2551; x_wconf 86' lang='lat' dir='ltr'><strong>illo</strong></span> <span class='ocrx_word' id='word_1_169' title='bbox 409 2496 769 2565; x_wconf 82' lang='lat' dir='ltr'><strong>ﬂagitatorum</strong></span> <span class='ocrx_word' id='word_1_170' title='bbox 818 2506 961 2547; x_wconf 89' lang='lat' dir='ltr'><strong>esse.</strong></span> <span class='ocrx_word' id='word_1_171' title='bbox 1007 2492 1193 2555; x_wconf 85' lang='lat' dir='ltr'><strong>Absit,</strong></span> <span class='ocrx_word' id='word_1_172' title='bbox 1225 2491 1450 2561; x_wconf 87' lang='lat' dir='ltr'><strong>inquies.</strong></span> <span class='ocrx_word' id='word_1_173' title='bbox 1499 2491 1635 2559; x_wconf 85' lang='lat' dir='ltr'><strong>Quid</strong></span> <span class='ocrx_word' id='word_1_174' title='bbox 1686 2491 1864 2547; x_wconf 86' lang='lat' dir='ltr'><strong>dicis?</strong></span> 
     </span>
    </p>
   </div>
   <div class='ocr_carea' id='block_1_24' title="bbox 267 2583 1856 2656">
    <p class='ocr_par' dir='ltr' id='par_1_24' title="bbox 267 2583 1856 2656">
     <span class='ocr_line' id='line_1_24' title="bbox 267 2583 1856 2656; baseline -0.003 -14"><span class='ocrx_word' id='word_1_175' title='bbox 267 2589 405 2642; x_wconf 84' lang='lat' dir='ltr'><strong>Cum</strong></span> <span class='ocrx_word' id='word_1_176' title='bbox 429 2603 455 2640; x_wconf 87' lang='lat' dir='ltr'><strong>a</strong></span> <span class='ocrx_word' id='word_1_177' title='bbox 480 2586 664 2656; x_wconf 84' lang='lat' dir='ltr'><strong>majori</strong></span> <span class='ocrx_word' id='word_1_178' title='bbox 687 2585 825 2637; x_wconf 86' lang='lat' dir='ltr'><strong>malo</strong></span> <span class='ocrx_word' id='word_1_179' title='bbox 852 2584 1068 2646; x_wconf 88' lang='lat' dir='ltr'><strong>liberas,</strong></span> <span class='ocrx_word' id='word_1_180' title='bbox 1091 2598 1193 2636; x_wconf 91' lang='lat' dir='ltr'><strong>non</strong></span> <span class='ocrx_word' id='word_1_181' title='bbox 1219 2583 1296 2638; x_wconf 90' lang='lat' dir='ltr'><strong>vis</strong></span> <span class='ocrx_word' id='word_1_182' title='bbox 1320 2585 1574 2652; x_wconf 84' lang='lat' dir='ltr'><strong>pecunias</strong></span> <span class='ocrx_word' id='word_1_183' title='bbox 1598 2585 1813 2653; x_wconf 78' lang='lat' dir='ltr'><strong>exigere</strong></span> <span class='ocrx_word' id='word_1_184' title='bbox 1841 2600 1856 2637; x_wconf 84' lang='lat'><strong>:</strong></span> 
     </span>
    </p>
   </div>
   <div class='ocr_carea' id='block_1_25' title="bbox 261 2677 1863 2753">
    <p class='ocr_par' dir='ltr' id='par_1_25' title="bbox 261 2677 1863 2753">
     <span class='ocr_line' id='line_1_25' title="bbox 261 2677 1863 2753; baseline -0.004 -14"><span class='ocrx_word' id='word_1_185' title='bbox 261 2680 400 2739; x_wconf 75' lang='lat' dir='ltr'><strong>dum</strong></span> <span class='ocrx_word' id='word_1_186' title='bbox 432 2699 528 2753; x_wconf 90' lang='lat' dir='ltr'><strong>pro</strong></span> <span class='ocrx_word' id='word_1_187' title='bbox 573 2697 630 2737; x_wconf 90' lang='lat' dir='ltr'><strong>re</strong></span> <span class='ocrx_word' id='word_1_188' title='bbox 657 2682 866 2735; x_wconf 90' lang='lat' dir='ltr'><strong>minore</strong></span> <span class='ocrx_word' id='word_1_189' title='bbox 899 2688 1097 2732; x_wconf 80' lang='lat' dir='ltr'><strong>tantam</strong></span> <span class='ocrx_word' id='word_1_190' title='bbox 1130 2677 1350 2732; x_wconf 81' lang='lat' dir='ltr'><strong>exhibes</strong></span> <span class='ocrx_word' id='word_1_191' title='bbox 1375 2677 1863 2733; x_wconf 87' lang='lat' dir='ltr'><strong>inhumanitatem?</strong></span> 
     </span>
    </p>
   </div>
   <div class='ocr_carea' id='block_1_26' title="bbox 266 2760 1860 2841">
    <p class='ocr_par' dir='ltr' id='par_1_26' title="bbox 266 2760 1860 2841">
     <span class='ocr_line' id='line_1_26' title="bbox 266 2760 1860 2841; baseline -0.006 -10"><span class='ocrx_word' id='word_1_192' title='bbox 266 2777 389 2831; x_wconf 80' lang='lat' dir='ltr'><strong>Non</strong></span> <span class='ocrx_word' id='word_1_193' title='bbox 435 2773 582 2827; x_wconf 87' lang='lat' dir='ltr'><strong>vides</strong></span> <span class='ocrx_word' id='word_1_194' title='bbox 628 2780 885 2841; x_wconf 91' lang='lat' dir='ltr'><strong>quantum</strong></span> <span class='ocrx_word' id='word_1_195' title='bbox 931 2770 1055 2823; x_wconf 87' lang='lat' dir='ltr'><strong>huic</strong></span> <span class='ocrx_word' id='word_1_196' title='bbox 1098 2769 1175 2823; x_wconf 88' lang='lat' dir='ltr'><strong>rei</strong></span> <span class='ocrx_word' id='word_1_197' title='bbox 1222 2769 1466 2823; x_wconf 89' lang='lat' dir='ltr'><strong>imminet</strong></span> <span class='ocrx_word' id='word_1_198' title='bbox 1491 2760 1860 2837; x_wconf 86' lang='lat' dir='ltr'><strong>supplicium?</strong></span> 
     </span>
    </p>
   </div>
   <div class='ocr_carea' id='block_1_27' title="bbox 267 2859 1859 2929">
    <p class='ocr_par' dir='ltr' id='par_1_27' title="bbox 267 2859 1859 2929">
     <span class='ocr_line' id='line_1_27' title="bbox 267 2859 1859 2929; baseline -0.004 -10"><span class='ocrx_word' id='word_1_199' title='bbox 267 2882 382 2919; x_wconf 85' lang='lat' dir='ltr'><strong>non</strong></span> <span class='ocrx_word' id='word_1_200' title='bbox 428 2862 582 2917; x_wconf 83' lang='lat' dir='ltr'><strong>audis</strong></span> <span class='ocrx_word' id='word_1_201' title='bbox 627 2860 750 2914; x_wconf 90' lang='lat' dir='ltr'><strong>illud</strong></span> <span class='ocrx_word' id='word_1_202' title='bbox 802 2861 852 2914; x_wconf 93' lang='lat' dir='ltr'><strong>in</strong></span> <span class='ocrx_word' id='word_1_203' title='bbox 886 2860 1063 2914; x_wconf 80' lang='lat' dir='ltr'><strong>Veteri</strong></span> <span class='ocrx_word' id='word_1_204' title='bbox 1105 2860 1264 2913; x_wconf 90' lang='lat' dir='ltr'><strong>etiam</strong></span> <span class='ocrx_word' id='word_1_205' title='bbox 1295 2859 1642 2913; x_wconf 88' lang='lat' dir='ltr'><strong>Testamento</strong></span> <span class='ocrx_word' id='word_1_206' title='bbox 1675 2860 1859 2929; x_wconf 83' lang='lat' dir='ltr'><strong>prohi-</strong></span> 
     </span>
    </p>
   </div>
   <div class='ocr_carea' id='block_1_28' title="bbox 266 2952 1858 3026">
    <p class='ocr_par' dir='ltr' id='par_1_28' title="bbox 266 2952 1858 3026">
     <span class='ocr_line' id='line_1_28' title="bbox 266 2952 1858 3026; baseline -0.005 -11"><span class='ocrx_word' id='word_1_207' title='bbox 266 2958 388 3014; x_wconf 83' lang='lat' dir='ltr'><strong>beri</strong></span> <span class='ocrx_word' id='word_1_208' title='bbox 418 2955 592 3026; x_wconf 84' lang='lat' dir='ltr'><strong>(Deut.</strong></span> <span class='ocrx_word' id='word_1_209' title='bbox 620 2954 751 3026; x_wconf 69' lang='lat'><strong>15)?</strong></span> <span class='ocrx_word' id='word_1_210' title='bbox 781 2953 885 3009; x_wconf 89' lang='lat' dir='ltr'><strong>Sed</strong></span> <span class='ocrx_word' id='word_1_211' title='bbox 911 2953 1035 3022; x_wconf 87' lang='lat' dir='ltr'><strong>quid</strong></span> <span class='ocrx_word' id='word_1_212' title='bbox 1070 2952 1222 3006; x_wconf 90' lang='lat' dir='ltr'><strong>multi</strong></span> <span class='ocrx_word' id='word_1_213' title='bbox 1269 2953 1690 3007; x_wconf 78' lang='lat' dir='ltr'><strong>causificantur?</strong></span> <span class='ocrx_word' id='word_1_214' title='bbox 1724 2953 1858 3008; x_wconf 89' lang='lat' dir='ltr'><strong>Dum</strong></span> 
     </span>
    </p>
   </div>
   <div class='ocr_carea' id='block_1_29' title="bbox 266 3042 1856 3114">
    <p class='ocr_par' dir='ltr' id='par_1_29' title="bbox 266 3042 1856 3114">
     <span class='ocr_line' id='line_1_29' title="bbox 266 3042 1856 3114; baseline -0.003 -12"><span class='ocrx_word' id='word_1_215' title='bbox 266 3051 448 3104; x_wconf 70' lang='lat' dir='ltr'><strong>[mnus</strong></span> <span class='ocrx_word' id='word_1_216' title='bbox 481 3046 706 3114; x_wconf 87' lang='lat' dir='ltr'><strong>accipio,</strong></span> <span class='ocrx_word' id='word_1_217' title='bbox 755 3043 825 3097; x_wconf 91' lang='lat' dir='ltr'><strong>do</strong></span> <span class='ocrx_word' id='word_1_218' title='bbox 871 3043 1112 3112; x_wconf 86' lang='lat' dir='ltr'><strong>pauperi.</strong></span> <span class='ocrx_word' id='word_1_219' title='bbox 1162 3042 1309 3098; x_wconf 90' lang='lat' dir='ltr'><strong>Bona</strong></span> <span class='ocrx_word' id='word_1_220' title='bbox 1338 3043 1522 3108; x_wconf 91' lang='lat' dir='ltr'><strong>verba,</strong></span> <span class='ocrx_word' id='word_1_221' title='bbox 1553 3043 1623 3097; x_wconf 91' lang='lat' dir='ltr'><strong>mi</strong></span> <span class='ocrx_word' id='word_1_222' title='bbox 1657 3043 1856 3110; x_wconf 85' lang='lat' dir='ltr'><strong>homo;</strong></span> 
     </span>
    </p>
   </div>
   <div class='ocr_carea' id='block_1_30' title="bbox 266 3135 1857 3208">
    <p class='ocr_par' dir='ltr' id='par_1_30' title="bbox 266 3135 1857 3208">
     <span class='ocr_line' id='line_1_30' title="bbox 266 3135 1857 3208; baseline -0.003 -14"><span class='ocrx_word' id='word_1_223' title='bbox 266 3137 578 3208; x_wconf 73' lang='lat' dir='ltr'><strong>huiusmodi</strong></span> <span class='ocrx_word' id='word_1_224' title='bbox 630 3135 887 3191; x_wconf 79' lang='lat' dir='ltr'><strong>sacriﬁcia</strong></span> <span class='ocrx_word' id='word_1_225' title='bbox 937 3151 1042 3189; x_wconf 88' lang='lat' dir='ltr'><strong>non</strong></span> <span class='ocrx_word' id='word_1_226' title='bbox 1090 3135 1204 3189; x_wconf 89' lang='lat' dir='ltr'><strong>vult</strong></span> <span class='ocrx_word' id='word_1_227' title='bbox 1254 3136 1412 3190; x_wconf 88' lang='lat' dir='ltr'><strong>Deus.</strong></span> <span class='ocrx_word' id='word_1_228' title='bbox 1461 3135 1540 3190; x_wconf 85' lang='lat' dir='ltr'><strong>Ne</strong></span> <span class='ocrx_word' id='word_1_229' title='bbox 1585 3136 1755 3205; x_wconf 82' lang='lat' dir='ltr'><strong>legem</strong></span> <span class='ocrx_word' id='word_1_230' title='bbox 1789 3137 1857 3190; x_wconf 92' lang='lat' dir='ltr'><strong>ita</strong></span> 
     </span>
    </p>
   </div>
   <div class='ocr_carea' id='block_1_31' title="bbox 262 3226 1855 3297">
    <p class='ocr_par' dir='ltr' id='par_1_31' title="bbox 262 3226 1855 3297">
     <span class='ocr_line' id='line_1_31' title="bbox 262 3226 1855 3297; baseline -0.003 -12"><span class='ocrx_word' id='word_1_231' title='bbox 262 3231 465 3286; x_wconf 87' lang='lat' dir='ltr'><strong>callide</strong></span> <span class='ocrx_word' id='word_1_232' title='bbox 504 3226 708 3282; x_wconf 87' lang='lat' dir='ltr'><strong>eludas.</strong></span> <span class='ocrx_word' id='word_1_233' title='bbox 761 3226 950 3280; x_wconf 82' lang='lat' dir='ltr'><strong>Melius</strong></span> <span class='ocrx_word' id='word_1_234' title='bbox 996 3235 1078 3280; x_wconf 87' lang='lat' dir='ltr'><strong>est</strong></span> <span class='ocrx_word' id='word_1_235' title='bbox 1125 3227 1340 3295; x_wconf 85' lang='lat' dir='ltr'><strong>pauperi</strong></span> <span class='ocrx_word' id='word_1_236' title='bbox 1371 3243 1473 3282; x_wconf 91' lang='lat' dir='ltr'><strong>non</strong></span> <span class='ocrx_word' id='word_1_237' title='bbox 1501 3226 1632 3282; x_wconf 89' lang='lat' dir='ltr'><strong>dare</strong></span> <span class='ocrx_word' id='word_1_238' title='bbox 1656 3269 1668 3289; x_wconf 93' lang='lat'><strong>,</strong></span> <span class='ocrx_word' id='word_1_239' title='bbox 1698 3243 1855 3297; x_wconf 88' lang='lat' dir='ltr'><strong>quam</strong></span> 
     </span>
    </p>
   </div>
   <div class='ocr_carea' id='block_1_32' title="bbox 264 3317 1855 3391">
    <p class='ocr_par' dir='ltr' id='par_1_32' title="bbox 264 3317 1855 3391">
     <span class='ocr_line' id='line_1_32' title="bbox 264 3317 1855 3391; baseline -0.003 -13"><span class='ocrx_word' id='word_1_240' title='bbox 264 3322 395 3378; x_wconf 89' lang='lat' dir='ltr'><strong>inde</strong></span> <span class='ocrx_word' id='word_1_241' title='bbox 440 3330 708 3391; x_wconf 81' lang='lat' dir='ltr'><strong>sumptura</strong></span> <span class='ocrx_word' id='word_1_242' title='bbox 736 3317 863 3372; x_wconf 89' lang='lat' dir='ltr'><strong>dare</strong></span> <span class='ocrx_word' id='word_1_243' title='bbox 906 3336 919 3371; x_wconf 91' lang='lat'>:</span> <span class='ocrx_word' id='word_1_244' title='bbox 962 3321 1082 3387; x_wconf 88' lang='lat' dir='ltr'><strong>quia</strong></span> <span class='ocrx_word' id='word_1_245' title='bbox 1121 3320 1406 3388; x_wconf 90' lang='lat' dir='ltr'><strong>pecuniam</strong></span> <span class='ocrx_word' id='word_1_246' title='bbox 1446 3319 1607 3385; x_wconf 90' lang='lat' dir='ltr'><strong>justis</strong></span> <span class='ocrx_word' id='word_1_247' title='bbox 1650 3330 1855 3389; x_wconf 90' lang='lat' dir='ltr'><strong>partam</strong></span> 
     </span>
    </p>
   </div>
   <div class='ocr_carea' id='block_1_33' title="bbox 262 3409 1852 3481">
    <p class='ocr_par' dir='ltr' id='par_1_33' title="bbox 262 3409 1852 3481">
     <span class='ocr_line' id='line_1_33' title="bbox 262 3409 1852 3481; baseline -0.001 -12"><span class='ocrx_word' id='word_1_248' title='bbox 262 3413 536 3470; x_wconf 83' lang='lat' dir='ltr'><strong>laboribus</strong></span> <span class='ocrx_word' id='word_1_249' title='bbox 559 3426 702 3481; x_wconf 62' lang='lat' dir='ltr'><strong>saepe</strong></span> <span class='ocrx_word' id='word_1_250' title='bbox 723 3409 903 3464; x_wconf 89' lang='lat' dir='ltr'><strong>reddis</strong></span> <span class='ocrx_word' id='word_1_251' title='bbox 931 3409 1164 3479; x_wconf 87' lang='lat' dir='ltr'><strong>iniquam</strong></span> <span class='ocrx_word' id='word_1_252' title='bbox 1192 3410 1260 3464; x_wconf 90' lang='lat' dir='ltr'><strong>ob</strong></span> <span class='ocrx_word' id='word_1_253' title='bbox 1291 3410 1503 3480; x_wconf 87' lang='lat' dir='ltr'><strong>iniquos</strong></span> <span class='ocrx_word' id='word_1_254' title='bbox 1531 3409 1692 3478; x_wconf 79' lang='lat' dir='ltr'><strong>fetus,</strong></span> <span class='ocrx_word' id='word_1_255' title='bbox 1722 3425 1785 3466; x_wconf 88' lang='lat' dir='ltr'><strong>ac</strong></span> <span class='ocrx_word' id='word_1_256' title='bbox 1806 3413 1852 3467; x_wconf 92' lang='lat' dir='ltr'><strong>si</strong></span> 
     </span>
    </p>
   </div>
   <div class='ocr_carea' id='block_1_34' title="bbox 262 3503 1852 3579">
    <p class='ocr_par' dir='ltr' id='par_1_34' title="bbox 262 3503 1852 3579">
     <span class='ocr_line' id='line_1_34' title="bbox 262 3503 1852 3579; baseline -0.001 -18"><span class='ocrx_word' id='word_1_257' title='bbox 262 3508 387 3579; x_wconf 83' lang='lat' dir='ltr'><strong>quis</strong></span> <span class='ocrx_word' id='word_1_258' title='bbox 413 3504 693 3562; x_wconf 76' lang='lat' dir='ltr'><strong>fecundum</strong></span> <span class='ocrx_word' id='word_1_259' title='bbox 723 3513 934 3559; x_wconf 88' lang='lat' dir='ltr'><strong>uterum</strong></span> <span class='ocrx_word' id='word_1_260' title='bbox 970 3514 1126 3574; x_wconf 83' lang='lat' dir='ltr'><strong>cogat</strong></span> <span class='ocrx_word' id='word_1_261' title='bbox 1149 3503 1462 3574; x_wconf 84' lang='lat' dir='ltr'><strong>scorpiones</strong></span> <span class='ocrx_word' id='word_1_262' title='bbox 1489 3519 1701 3573; x_wconf 89' lang='lat' dir='ltr'><strong>parere.</strong></span> <span class='ocrx_word' id='word_1_263' title='bbox 1745 3505 1852 3560; x_wconf 85' lang='lat' dir='ltr'><strong>Ec-</strong></span> 
     </span>
    </p>
   </div>
   <div class='ocr_carea' id='block_1_35' title="bbox 260 3595 1852 3668">
    <p class='ocr_par' dir='ltr' id='par_1_35' title="bbox 260 3595 1852 3668">
     <span class='ocr_line' id='line_1_35' title="bbox 260 3595 1852 3668; baseline -0.001 -15"><span class='ocrx_word' id='word_1_264' title='bbox 260 3599 392 3668; x_wconf 88' lang='lat' dir='ltr'><strong>quid</strong></span> <span class='ocrx_word' id='word_1_265' title='bbox 419 3598 590 3667; x_wconf 84' lang='lat' dir='ltr'><strong>legem</strong></span> <span class='ocrx_word' id='word_1_266' title='bbox 623 3597 715 3650; x_wconf 88' lang='lat' dir='ltr'><strong>Dei</strong></span> <span class='ocrx_word' id='word_1_267' title='bbox 747 3596 1020 3651; x_wconf 86' lang='lat' dir='ltr'><strong>memoro?</strong></span> <span class='ocrx_word' id='word_1_268' title='bbox 1047 3598 1234 3650; x_wconf 87' lang='lat' dir='ltr'><strong>Annon</strong></span> <span class='ocrx_word' id='word_1_269' title='bbox 1267 3610 1363 3652; x_wconf 88' lang='lat' dir='ltr'><strong>vos</strong></span> <span class='ocrx_word' id='word_1_270' title='bbox 1390 3595 1489 3666; x_wconf 90' lang='lat' dir='ltr'><strong>ipsi</strong></span> <span class='ocrx_word' id='word_1_271' title='bbox 1512 3595 1701 3651; x_wconf 83' lang='lat' dir='ltr'><strong>sordes</strong></span> <span class='ocrx_word' id='word_1_272' title='bbox 1725 3597 1852 3652; x_wconf 87' lang='lat' dir='ltr'><strong>illud</strong></span> 
     </span>
    </p>
   </div>
   <div class='ocr_carea' id='block_1_36' title="bbox 262 3687 1852 3757">
    <p class='ocr_par' dir='ltr' id='par_1_36' title="bbox 262 3687 1852 3757">
     <span class='ocr_line' id='line_1_36' title="bbox 262 3687 1852 3757; baseline -0.002 -11"><span class='ocrx_word' id='word_1_273' title='bbox 262 3705 388 3746; x_wconf 85' lang='lat' dir='ltr'><strong>esse</strong></span> <span class='ocrx_word' id='word_1_274' title='bbox 428 3687 640 3744; x_wconf 77' lang='lat' dir='ltr'><strong>dicitis?</strong></span> <span class='ocrx_word' id='word_1_275' title='bbox 669 3688 724 3742; x_wconf 90' lang='lat' dir='ltr'><strong>Si</strong></span> <span class='ocrx_word' id='word_1_276' title='bbox 752 3698 929 3743; x_wconf 90' lang='lat' dir='ltr'><strong>autem</strong></span> <span class='ocrx_word' id='word_1_277' title='bbox 971 3703 1066 3743; x_wconf 83' lang='lat' dir='ltr'><strong>vos</strong></span> <span class='ocrx_word' id='word_1_278' title='bbox 1113 3688 1201 3757; x_wconf 88' lang='lat' dir='ltr'><strong>qui</strong></span> <span class='ocrx_word' id='word_1_279' title='bbox 1240 3688 1446 3742; x_wconf 89' lang='lat' dir='ltr'><strong>lucrum</strong></span> <span class='ocrx_word' id='word_1_280' title='bbox 1496 3687 1742 3750; x_wconf 80' lang='lat' dir='ltr'><strong>refertis,</strong></span> <span class='ocrx_word' id='word_1_281' title='bbox 1782 3690 1852 3743; x_wconf 91' lang='lat' dir='ltr'><strong>ita</strong></span> 
     </span>
    </p>
   </div>
   <div class='ocr_carea' id='block_1_37' title="bbox 262 3779 1853 3850">
    <p class='ocr_par' dir='ltr' id='par_1_37' title="bbox 262 3779 1853 3850">
     <span class='ocr_line' id='line_1_37' title="bbox 262 3779 1853 3850; baseline -0.002 -12"><span class='ocrx_word' id='word_1_282' title='bbox 262 3783 530 3846; x_wconf 72' lang='lat' dir='ltr'><strong>Statuitis;</strong></span> <span class='ocrx_word' id='word_1_283' title='bbox 573 3780 744 3850; x_wconf 88' lang='lat' dir='ltr'><strong>cogita</strong></span> <span class='ocrx_word' id='word_1_284' title='bbox 786 3791 944 3848; x_wconf 80' lang='lat' dir='ltr'><strong>quam</strong></span> <span class='ocrx_word' id='word_1_285' title='bbox 995 3780 1132 3833; x_wconf 85' lang='lat' dir='ltr'><strong>Deus</strong></span> <span class='ocrx_word' id='word_1_286' title='bbox 1171 3779 1239 3834; x_wconf 88' lang='lat' dir='ltr'><strong>de</strong></span> <span class='ocrx_word' id='word_1_287' title='bbox 1281 3780 1431 3834; x_wconf 85' lang='lat' dir='ltr'><strong>vobis</strong></span> <span class='ocrx_word' id='word_1_288' title='bbox 1459 3779 1595 3834; x_wconf 79' lang='lat' dir='ltr'><strong>feret</strong></span> <span class='ocrx_word' id='word_1_289' title='bbox 1637 3790 1853 3836; x_wconf 87' lang='lat' dir='ltr'><strong>senten-</strong></span> 
     </span>
    </p>
   </div>
   <div class='ocr_carea' id='block_1_38' title="bbox 264 3872 1846 3942">
    <p class='ocr_par' dir='ltr' id='par_1_38' title="bbox 264 3872 1846 3942">
     <span class='ocr_line' id='line_1_38' title="bbox 264 3872 1846 3942; baseline -0.002 -13"><span class='ocrx_word' id='word_1_290' title='bbox 264 3876 415 3929; x_wconf 86' lang='lat' dir='ltr'><strong>tiam.</strong></span> <span class='ocrx_word' id='word_1_291' title='bbox 443 3873 594 3938; x_wconf 86' lang='lat' dir='ltr'><strong>Quod</strong></span> <span class='ocrx_word' id='word_1_292' title='bbox 625 3874 669 3926; x_wconf 91' lang='lat' dir='ltr'><strong>si</strong></span> <span class='ocrx_word' id='word_1_293' title='bbox 697 3872 828 3926; x_wconf 87' lang='lat' dir='ltr'><strong>velis</strong></span> <span class='ocrx_word' id='word_1_294' title='bbox 853 3879 1105 3927; x_wconf 79' lang='lat' dir='ltr'><strong>externos</strong></span> <span class='ocrx_word' id='word_1_295' title='bbox 1132 3873 1463 3942; x_wconf 83' lang='lat' dir='ltr'><strong>legislatures</strong></span> <span class='ocrx_word' id='word_1_296' title='bbox 1493 3872 1846 3942; x_wconf 77' lang='lat' dir='ltr'><strong>interrogare,</strong></span> 
     </span>
    </p>
   </div>
   <div class='ocr_carea' id='block_1_39' title="bbox 259 3962 1845 4032">
    <p class='ocr_par' dir='ltr' id='par_1_39' title="bbox 259 3962 1845 4032">
     <span class='ocr_line' id='line_1_39' title="bbox 259 3962 1845 4032; baseline -0.001 -12"><span class='ocrx_word' id='word_1_297' title='bbox 259 3964 446 4020; x_wconf 89' lang='lat' dir='ltr'><strong>audies</strong></span> <span class='ocrx_word' id='word_1_298' title='bbox 498 3964 621 4018; x_wconf 89' lang='lat' dir='ltr'><strong>illos</strong></span> <span class='ocrx_word' id='word_1_299' title='bbox 675 3962 724 4017; x_wconf 91' lang='lat' dir='ltr'><strong>id</strong></span> <span class='ocrx_word' id='word_1_300' title='bbox 781 3972 1037 4018; x_wconf 75' lang='lat' dir='ltr'><strong>extrema:</strong></span> <span class='ocrx_word' id='word_1_301' title='bbox 1089 3963 1433 4032; x_wconf 67' lang='lat' dir='ltr'><strong>impudentiae</strong></span> <span class='ocrx_word' id='word_1_302' title='bbox 1481 3977 1602 4018; x_wconf 88' lang='lat' dir='ltr'><strong>esse</strong></span> <span class='ocrx_word' id='word_1_303' title='bbox 1639 3972 1845 4032; x_wconf 89' lang='lat' dir='ltr'><strong>putare.</strong></span> 
     </span>
    </p>
   </div>
   <div class='ocr_carea' id='block_1_40' title="bbox 257 4054 1848 4126">
    <p class='ocr_par' dir='ltr' id='par_1_40' title="bbox 257 4054 1848 4126">
     <span class='ocr_line' id='line_1_40' title="bbox 257 4054 1848 4126; baseline 0.002 -19"><span class='ocrx_word' id='word_1_304' title='bbox 257 4057 419 4110; x_wconf 77' lang='lat' dir='ltr'><strong>Certe</strong></span> <span class='ocrx_word' id='word_1_305' title='bbox 450 4056 516 4111; x_wconf 86' lang='lat' dir='ltr'><strong>iis</strong></span> <span class='ocrx_word' id='word_1_306' title='bbox 556 4055 645 4125; x_wconf 91' lang='lat' dir='ltr'><strong>qui</strong></span> <span class='ocrx_word' id='word_1_307' title='bbox 695 4054 979 4124; x_wconf 90' lang='lat' dir='ltr'><strong>dignitates</strong></span> <span class='ocrx_word' id='word_1_308' title='bbox 1026 4065 1318 4124; x_wconf 87' lang='lat' dir='ltr'><strong>occupant,</strong></span> <span class='ocrx_word' id='word_1_309' title='bbox 1356 4055 1551 4126; x_wconf 89' lang='lat' dir='ltr'><strong>quique</strong></span> <span class='ocrx_word' id='word_1_310' title='bbox 1591 4055 1848 4111; x_wconf 90' lang='lat' dir='ltr'><strong>Senatum</strong></span> 
     </span>
    </p>
   </div>
   <div class='ocr_carea' id='block_1_41' title="bbox 258 4147 1847 4220">
    <p class='ocr_par' dir='ltr' id='par_1_41' title="bbox 258 4147 1847 4220">
     <span class='ocr_line' id='line_1_41' title="bbox 258 4147 1847 4220; baseline -0.001 -16"><span class='ocrx_word' id='word_1_311' title='bbox 258 4163 510 4220; x_wconf 86' lang='lat' dir='ltr'><strong>magnum</strong></span> <span class='ocrx_word' id='word_1_312' title='bbox 539 4147 891 4217; x_wconf 86' lang='lat' dir='ltr'><strong>constituunt,</strong></span> <span class='ocrx_word' id='word_1_313' title='bbox 920 4163 1024 4200; x_wconf 92' lang='lat' dir='ltr'><strong>non</strong></span> <span class='ocrx_word' id='word_1_314' title='bbox 1054 4147 1181 4201; x_wconf 91' lang='lat' dir='ltr'><strong>licet</strong></span> <span class='ocrx_word' id='word_1_315' title='bbox 1209 4147 1509 4216; x_wconf 81' lang='lat' dir='ltr'><strong>hujusmodi</strong></span> <span class='ocrx_word' id='word_1_316' title='bbox 1554 4148 1705 4203; x_wconf 89' lang='lat' dir='ltr'><strong>lucro</strong></span> <span class='ocrx_word' id='word_1_317' title='bbox 1753 4147 1847 4202; x_wconf 85' lang='lat' dir='ltr'><strong>de-</strong></span> 
     </span>
    </p>
   </div>
   <div class='ocr_carea' id='block_1_42' title="bbox 259 4239 1843 4311">
    <p class='ocr_par' dir='ltr' id='par_1_42' title="bbox 259 4239 1843 4311">
     <span class='ocr_line' id='line_1_42' title="bbox 259 4239 1843 4311; baseline 0 -15"><span class='ocrx_word' id='word_1_318' title='bbox 259 4241 570 4300; x_wconf 81' lang='lat' dir='ltr'><strong>honestari:</strong></span> <span class='ocrx_word' id='word_1_319' title='bbox 600 4239 695 4293; x_wconf 87' lang='lat' dir='ltr'><strong>sed</strong></span> <span class='ocrx_word' id='word_1_320' title='bbox 729 4239 811 4293; x_wconf 82' lang='lat' dir='ltr'><strong>lex</strong></span> <span class='ocrx_word' id='word_1_321' title='bbox 839 4239 976 4308; x_wconf 90' lang='lat' dir='ltr'><strong>apud</strong></span> <span class='ocrx_word' id='word_1_322' title='bbox 1008 4239 1126 4293; x_wconf 83' lang='lat' dir='ltr'><strong>illos</strong></span> <span class='ocrx_word' id='word_1_323' title='bbox 1155 4248 1271 4305; x_wconf 90' lang='lat' dir='ltr'><strong>est,</strong></span> <span class='ocrx_word' id='word_1_324' title='bbox 1320 4255 1438 4308; x_wconf 68' lang='lat' dir='ltr'><strong>quae</strong></span> <span class='ocrx_word' id='word_1_325' title='bbox 1480 4241 1528 4295; x_wconf 90' lang='lat' dir='ltr'><strong>id</strong></span> <span class='ocrx_word' id='word_1_326' title='bbox 1578 4241 1843 4311; x_wconf 85' lang='lat' dir='ltr'><strong>prohibet.</strong></span> 
     </span>
    </p>
   </div>
   <div class='ocr_carea' id='block_1_43' title="bbox 256 4329 1846 4404">
    <p class='ocr_par' dir='ltr' id='par_1_43' title="bbox 256 4329 1846 4404">
     <span class='ocr_line' id='line_1_43' title="bbox 256 4329 1846 4404; baseline 0.005 -22"><span class='ocrx_word' id='word_1_327' title='bbox 256 4330 540 4401; x_wconf 81' lang='lat' dir='ltr'><strong>Quomodo</strong></span> <span class='ocrx_word' id='word_1_328' title='bbox 571 4331 730 4400; x_wconf 82' lang='lat' dir='ltr'><strong>igitur</strong></span> <span class='ocrx_word' id='word_1_329' title='bbox 750 4345 854 4384; x_wconf 90' lang='lat' dir='ltr'><strong>non</strong></span> <span class='ocrx_word' id='word_1_330' title='bbox 888 4329 1211 4384; x_wconf 87' lang='lat' dir='ltr'><strong>horrendum</strong></span> <span class='ocrx_word' id='word_1_331' title='bbox 1241 4330 1398 4385; x_wconf 79' lang='lat' dir='ltr'><strong>fuerit</strong></span> <span class='ocrx_word' id='word_1_332' title='bbox 1417 4375 1431 4398; x_wconf 94' lang='lat'><strong>,</strong></span> <span class='ocrx_word' id='word_1_333' title='bbox 1454 4333 1498 4386; x_wconf 89' lang='lat' dir='ltr'><strong>si</strong></span> <span class='ocrx_word' id='word_1_334' title='bbox 1529 4349 1632 4388; x_wconf 92' lang='lat' dir='ltr'><strong>non</strong></span> <span class='ocrx_word' id='word_1_335' title='bbox 1661 4348 1846 4404; x_wconf 87' lang='lat' dir='ltr'><strong>parem</strong></span> 
     </span>
    </p>
   </div>
   <div class='ocr_carea' id='block_1_44' title="bbox 1277 421 2596 496">
    <p class='ocr_par' dir='ltr' id='par_1_44' title="bbox 1277 421 2596 496">
     <span class='ocr_line' id='line_1_44' title="bbox 1277 421 2596 496; baseline -0.003 0"><span class='ocrx_word' id='word_1_336' title='bbox 1277 432 1342 496; x_wconf 69' lang='lat' dir='ltr'><strong>tu</strong></span> <span class='ocrx_word' id='word_1_337' title='bbox 1380 426 1789 496; x_wconf 61' lang='lat' dir='ltr'><strong>animum</strong></span> <span class='ocrx_word' id='word_1_338' title='bbox 1823 428 2061 489; x_wconf 65' lang='lat' dir='ltr'><strong>nonne.</strong></span> <span class='ocrx_word' id='word_1_339' title='bbox 2104 430 2260 487; x_wconf 84' lang='lat' dir='ltr'><strong>t.vtt.</strong></span> <span class='ocrx_word' id='word_1_340' title='bbox 2301 433 2371 487; x_wconf 88' lang='lat' dir='ltr'><strong>al.</strong></span> <span class='ocrx_word' id='word_1_341' title='bbox 2413 421 2596 492; x_wconf 66' lang='lat' dir='ltr'><strong>svnt.</strong></span> 
     </span>
    </p>
   </div>
   <div class='ocr_carea' id='block_1_45' title="bbox 3473 436 3578 493">
    <p class='ocr_par' dir='ltr' id='par_1_45' title="bbox 3473 436 3578 493">
     <span class='ocr_line' id='line_1_45' title="bbox 3473 436 3578 493; baseline 0.038 -4"><span class='ocrx_word' id='word_1_342' title='bbox 3473 436 3578 493; x_wconf 79' lang='lat'><strong>558</strong></span> 
     </span>
    </p>
   </div>
   <div class='ocr_carea' id='block_1_46' title="bbox 1975 542 3578 626">
    <p class='ocr_par' dir='ltr' id='par_1_46' title="bbox 1975 542 3578 626">
     <span class='ocr_line' id='line_1_46' title="bbox 1975 542 3578 626; baseline 0.005 -24"><span class='ocrx_word' id='word_1_343' title='bbox 1975 549 2177 604; x_wconf 78' lang='lat' dir='ltr'><strong>caelesti</strong></span> <span class='ocrx_word' id='word_1_344' title='bbox 2207 549 2404 605; x_wconf 73' lang='lat' dir='ltr'><strong>civitati</strong></span> <span class='ocrx_word' id='word_1_345' title='bbox 2428 542 2690 608; x_wconf 80' lang='lat' dir='ltr'><strong>honorem</strong></span> <span class='ocrx_word' id='word_1_346' title='bbox 2719 545 2924 608; x_wconf 85' lang='lat' dir='ltr'><strong>tribuas</strong></span> <span class='ocrx_word' id='word_1_347' title='bbox 2948 593 2962 617; x_wconf 93' lang='lat'><strong>,</strong></span> <span class='ocrx_word' id='word_1_348' title='bbox 2998 547 3214 623; x_wconf 87' lang='lat' dir='ltr'><strong>qualem</strong></span> <span class='ocrx_word' id='word_1_349' title='bbox 3241 547 3578 626; x_wconf 81' lang='lat' dir='ltr'><strong>legislatares</strong></span> 
     </span>
    </p>
   </div>
   <div class='ocr_carea' id='block_1_47' title="bbox 1971 634 3578 710">
    <p class='ocr_par' dir='ltr' id='par_1_47' title="bbox 1971 634 3578 710">
     <span class='ocr_line' id='line_1_47' title="bbox 1971 634 3578 710; baseline -0.001 -10"><span class='ocrx_word' id='word_1_350' title='bbox 1971 637 2334 706; x_wconf 73' lang='lat' dir='ltr'><strong>Romanorum</strong></span> <span class='ocrx_word' id='word_1_351' title='bbox 2374 645 2582 700; x_wconf 89' lang='lat' dir='ltr'><strong>senatui</strong></span> <span class='ocrx_word' id='word_1_352' title='bbox 2612 644 2884 710; x_wconf 90' lang='lat' dir='ltr'><strong>tribuunt,</strong></span> <span class='ocrx_word' id='word_1_353' title='bbox 2912 645 3008 700; x_wconf 86' lang='lat' dir='ltr'><strong>sed</strong></span> <span class='ocrx_word' id='word_1_354' title='bbox 3033 634 3296 708; x_wconf 84' lang='lat' dir='ltr'><strong>minorem</strong></span> <span class='ocrx_word' id='word_1_355' title='bbox 3326 645 3459 701; x_wconf 65' lang='lat' dir='ltr'><strong>caelo</strong></span> <span class='ocrx_word' id='word_1_356' title='bbox 3486 663 3578 701; x_wconf 82' lang='lat' dir='ltr'><strong>re-</strong></span> 
     </span>
    </p>
   </div>
   <div class='ocr_carea' id='block_1_48' title="bbox 1972 736 3578 810">
    <p class='ocr_par' dir='ltr' id='par_1_48' title="bbox 1972 736 3578 810">
     <span class='ocr_line' id='line_1_48' title="bbox 1972 736 3578 810; baseline 0 -18"><span class='ocrx_word' id='word_1_357' title='bbox 1972 738 2114 794; x_wconf 73' lang='lat' dir='ltr'><strong>feras</strong></span> <span class='ocrx_word' id='word_1_358' title='bbox 2159 755 2318 810; x_wconf 90' lang='lat' dir='ltr'><strong>quam</strong></span> <span class='ocrx_word' id='word_1_359' title='bbox 2353 749 2509 793; x_wconf 69' lang='lat' dir='ltr'><strong>terrae</strong></span> <span class='ocrx_word' id='word_1_360' title='bbox 2529 780 2544 801; x_wconf 94' lang='lat'><strong>,</strong></span> <span class='ocrx_word' id='word_1_361' title='bbox 2587 749 2761 808; x_wconf 89' lang='lat' dir='ltr'><strong>neque</strong></span> <span class='ocrx_word' id='word_1_362' title='bbox 2788 747 2840 794; x_wconf 86' lang='lat' dir='ltr'><strong>te</strong></span> <span class='ocrx_word' id='word_1_363' title='bbox 2873 736 3068 806; x_wconf 86' lang='lat' dir='ltr'><strong>pudeat</strong></span> <span class='ocrx_word' id='word_1_364' title='bbox 3097 748 3258 792; x_wconf 73' lang='lat' dir='ltr'><strong>tanta:</strong></span> <span class='ocrx_word' id='word_1_365' title='bbox 3290 736 3578 808; x_wconf 79' lang='lat' dir='ltr'><strong>turpitudi-</strong></span> 
     </span>
    </p>
   </div>
   <div class='ocr_carea' id='block_1_49' title="bbox 1973 826 3576 906">
    <p class='ocr_par' dir='ltr' id='par_1_49' title="bbox 1973 826 3576 906">
     <span class='ocr_line' id='line_1_49' title="bbox 1973 826 3576 906; baseline 0.004 -23"><span class='ocrx_word' id='word_1_366' title='bbox 1973 831 2098 886; x_wconf 82' lang='lat' dir='ltr'><strong>nis?</strong></span> <span class='ocrx_word' id='word_1_367' title='bbox 2141 830 2277 898; x_wconf 89' lang='lat' dir='ltr'><strong>Quid</strong></span> <span class='ocrx_word' id='word_1_368' title='bbox 2309 831 2453 885; x_wconf 91' lang='lat' dir='ltr'><strong>enim</strong></span> <span class='ocrx_word' id='word_1_369' title='bbox 2496 831 2735 886; x_wconf 74' lang='lat' dir='ltr'><strong>insanius</strong></span> <span class='ocrx_word' id='word_1_370' title='bbox 2763 826 2958 906; x_wconf 75' lang='lat' dir='ltr'><strong>fuerit,</strong></span> <span class='ocrx_word' id='word_1_371' title='bbox 3005 847 3165 899; x_wconf 90' lang='lat' dir='ltr'><strong>quam</strong></span> <span class='ocrx_word' id='word_1_372' title='bbox 3207 833 3251 887; x_wconf 89' lang='lat' dir='ltr'><strong>si</strong></span> <span class='ocrx_word' id='word_1_373' title='bbox 3295 834 3413 902; x_wconf 88' lang='lat' dir='ltr'><strong>quis</strong></span> <span class='ocrx_word' id='word_1_374' title='bbox 3458 835 3576 889; x_wconf 87' lang='lat' dir='ltr'><strong>sine</strong></span> 
     </span>
    </p>
   </div>
   <div class='ocr_carea' id='block_1_50' title="bbox 1974 913 3574 991">
    <p class='ocr_par' dir='ltr' id='par_1_50' title="bbox 1974 913 3574 991">
     <span class='ocr_line' id='line_1_50' title="bbox 1974 913 3574 991; baseline 0.003 -15"><span class='ocrx_word' id='word_1_375' title='bbox 1974 933 2138 985; x_wconf 80' lang='lat' dir='ltr'><strong>terra,</strong></span> <span class='ocrx_word' id='word_1_376' title='bbox 2172 923 2286 976; x_wconf 90' lang='lat' dir='ltr'><strong>sine</strong></span> <span class='ocrx_word' id='word_1_377' title='bbox 2311 922 2507 991; x_wconf 89' lang='lat' dir='ltr'><strong>pluvia,</strong></span> <span class='ocrx_word' id='word_1_378' title='bbox 2533 923 2650 976; x_wconf 90' lang='lat' dir='ltr'><strong>sine</strong></span> <span class='ocrx_word' id='word_1_379' title='bbox 2672 931 2856 976; x_wconf 85' lang='lat' dir='ltr'><strong>aratro</strong></span> <span class='ocrx_word' id='word_1_380' title='bbox 2876 913 3145 977; x_wconf 81' lang='lat' dir='ltr'><strong>seminare</strong></span> <span class='ocrx_word' id='word_1_381' title='bbox 3171 915 3440 978; x_wconf 73' lang='lat' dir='ltr'><strong>voluerit?</strong></span> <span class='ocrx_word' id='word_1_382' title='bbox 3463 924 3574 981; x_wconf 84' lang='lat' dir='ltr'><strong>Hac</strong></span> 
     </span>
    </p>
   </div>
   <div class='ocr_carea' id='block_1_51' title="bbox 1971 1006 3571 1088">
    <p class='ocr_par' dir='ltr' id='par_1_51' title="bbox 1971 1006 3571 1088">
     <span class='ocr_line' id='line_1_51' title="bbox 1971 1006 3571 1088; baseline 0.001 -21"><span class='ocrx_word' id='word_1_383' title='bbox 1971 1013 2038 1068; x_wconf 85' lang='lat' dir='ltr'><strong>de</strong></span> <span class='ocrx_word' id='word_1_384' title='bbox 2068 1028 2226 1068; x_wconf 79' lang='lat' dir='ltr'><strong>eausa</strong></span> <span class='ocrx_word' id='word_1_385' title='bbox 2259 1014 2458 1067; x_wconf 86' lang='lat' dir='ltr'><strong>zizania</strong></span> <span class='ocrx_word' id='word_1_386' title='bbox 2480 1054 2494 1079; x_wconf 88' lang='lat'><strong>,</strong></span> <span class='ocrx_word' id='word_1_387' title='bbox 2528 1030 2647 1083; x_wconf 69' lang='lat' dir='ltr'><strong>qua:</strong></span> <span class='ocrx_word' id='word_1_388' title='bbox 2691 1013 2797 1083; x_wconf 88' lang='lat' dir='ltr'><strong>igni</strong></span> <span class='ocrx_word' id='word_1_389' title='bbox 2827 1006 3086 1088; x_wconf 61' lang='lat' dir='ltr'><strong>tradenda</strong></span> <span class='ocrx_word' id='word_1_390' title='bbox 3113 1013 3239 1070; x_wconf 85' lang='lat' dir='ltr'><strong>sunt</strong></span> <span class='ocrx_word' id='word_1_391' title='bbox 3268 1056 3283 1081; x_wconf 90' lang='lat'><strong>,</strong></span> <span class='ocrx_word' id='word_1_392' title='bbox 3326 1024 3571 1084; x_wconf 87' lang='lat' dir='ltr'><strong>metunt,</strong></span> 
     </span>
    </p>
   </div>
   <div class='ocr_carea' id='block_1_52' title="bbox 1971 1095 3456 1177">
    <p class='ocr_par' dir='ltr' id='par_1_52' title="bbox 1971 1095 3456 1177">
     <span class='ocr_line' id='line_1_52' title="bbox 1971 1095 3456 1177; baseline 0.004 -22"><span class='ocrx_word' id='word_1_393' title='bbox 1971 1104 2060 1175; x_wconf 88' lang='lat' dir='ltr'><strong>qui</strong></span> <span class='ocrx_word' id='word_1_394' title='bbox 2091 1095 2285 1159; x_wconf 88' lang='lat' dir='ltr'><strong>malam</strong></span> <span class='ocrx_word' id='word_1_395' title='bbox 2317 1103 2618 1174; x_wconf 88' lang='lat' dir='ltr'><strong>hujusmodi</strong></span> <span class='ocrx_word' id='word_1_396' title='bbox 2647 1105 3027 1174; x_wconf 81' lang='lat' dir='ltr'><strong>agriculturam</strong></span> <span class='ocrx_word' id='word_1_397' title='bbox 3059 1095 3456 1177; x_wconf 78' lang='lat' dir='ltr'><strong>excogitarunt.</strong></span> 
     </span>
    </p>
   </div>
   <div class='ocr_carea' id='block_1_53' title="bbox 2049 1186 3568 1270">
    <p class='ocr_par' dir='ltr' id='par_1_53' title="bbox 2049 1186 3568 1270">
     <span class='ocr_line' id='line_1_53' title="bbox 2049 1186 3568 1270; baseline 0.004 -20"><span class='ocrx_word' id='word_1_398' title='bbox 2049 1195 2326 1250; x_wconf 66' lang='lat' dir='ltr'><strong>Faunorum</strong></span> <span class='ocrx_word' id='word_1_399' title='bbox 2356 1196 2563 1250; x_wconf 86' lang='lat' dir='ltr'><strong>damna.</strong></span> <span class='ocrx_word' id='word_1_400' title='bbox 2595 1227 2667 1241; x_wconf 88' lang='lat'><strong>——</strong></span> <span class='ocrx_word' id='word_1_401' title='bbox 2697 1198 2891 1252; x_wconf 85' lang='lat' dir='ltr'><strong>Annon</strong></span> <span class='ocrx_word' id='word_1_402' title='bbox 2923 1190 3107 1252; x_wconf 69' lang='lat' dir='ltr'><strong>multa:</strong></span> <span class='ocrx_word' id='word_1_403' title='bbox 3136 1209 3260 1253; x_wconf 88' lang='lat' dir='ltr'><strong>sunt</strong></span> <span class='ocrx_word' id='word_1_404' title='bbox 3284 1186 3444 1270; x_wconf 68' lang='lat' dir='ltr'><strong>iusta:</strong></span> <span class='ocrx_word' id='word_1_405' title='bbox 3474 1216 3568 1256; x_wconf 84' lang='lat' dir='ltr'><strong>ne-</strong></span> 
     </span>
    </p>
   </div>
   <div class='ocr_carea' id='block_1_54' title="bbox 1969 1287 3574 1358">
    <p class='ocr_par' dir='ltr' id='par_1_54' title="bbox 1969 1287 3574 1358">
     <span class='ocr_line' id='line_1_54' title="bbox 1969 1287 3574 1358; baseline 0.005 -20"><span class='ocrx_word' id='word_1_406' title='bbox 1969 1287 2288 1356; x_wconf 85' lang='lat' dir='ltr'><strong>gotiatiOnes</strong></span> <span class='ocrx_word' id='word_1_407' title='bbox 2311 1287 2333 1339; x_wconf 84' lang='lat'><strong>?</strong></span> <span class='ocrx_word' id='word_1_408' title='bbox 2363 1303 2634 1358; x_wconf 80' lang='lat' dir='ltr'><strong>agrorum,</strong></span> <span class='ocrx_word' id='word_1_409' title='bbox 2662 1303 2904 1358; x_wconf 78' lang='lat' dir='ltr'><strong>gregum,</strong></span> <span class='ocrx_word' id='word_1_410' title='bbox 2929 1298 3316 1351; x_wconf 80' lang='lat' dir='ltr'><strong>armentorum.</strong></span> <span class='ocrx_word' id='word_1_411' title='bbox 3352 1297 3574 1346; x_wconf 85' lang='lat' dir='ltr'><strong>manua-</strong></span> 
     </span>
    </p>
   </div>
   <div class='ocr_carea' id='block_1_55' title="bbox 1970 1379 3570 1452">
    <p class='ocr_par' dir='ltr' id='par_1_55' title="bbox 1970 1379 3570 1452">
     <span class='ocr_line' id='line_1_55' title="bbox 1970 1379 3570 1452; baseline 0.005 -20"><span class='ocrx_word' id='word_1_412' title='bbox 1970 1379 2098 1434; x_wconf 89' lang='lat' dir='ltr'><strong>limn</strong></span> <span class='ocrx_word' id='word_1_413' title='bbox 2149 1379 2427 1445; x_wconf 87' lang='lat' dir='ltr'><strong>laborum,</strong></span> <span class='ocrx_word' id='word_1_414' title='bbox 2477 1381 2757 1450; x_wconf 81' lang='lat' dir='ltr'><strong>solersque</strong></span> <span class='ocrx_word' id='word_1_415' title='bbox 2804 1381 2880 1434; x_wconf 81' lang='lat' dir='ltr'><strong>rei</strong></span> <span class='ocrx_word' id='word_1_416' title='bbox 2914 1382 3194 1437; x_wconf 80' lang='lat' dir='ltr'><strong>familiaris</strong></span> <span class='ocrx_word' id='word_1_417' title='bbox 3231 1385 3570 1452; x_wconf 68' lang='lat' dir='ltr'><strong>curaiQuid</strong></span> 
     </span>
    </p>
   </div>
   <div class='ocr_carea' id='block_1_56' title="bbox 1971 1469 3568 1543">
    <p class='ocr_par' dir='ltr' id='par_1_56' title="bbox 1971 1469 3568 1543">
     <span class='ocr_line' id='line_1_56' title="bbox 1971 1469 3568 1543; baseline 0.003 -19"><span class='ocrx_word' id='word_1_418' title='bbox 1971 1469 2172 1524; x_wconf 85' lang='lat' dir='ltr'><strong>insanis</strong></span> <span class='ocrx_word' id='word_1_419' title='bbox 2202 1478 2256 1522; x_wconf 91' lang='lat' dir='ltr'><strong>ut</strong></span> <span class='ocrx_word' id='word_1_420' title='bbox 2277 1470 2459 1538; x_wconf 88' lang='lat' dir='ltr'><strong>spinas</strong></span> <span class='ocrx_word' id='word_1_421' title='bbox 2500 1471 2693 1524; x_wconf 90' lang='lat' dir='ltr'><strong>frustra</strong></span> <span class='ocrx_word' id='word_1_422' title='bbox 2723 1470 3001 1524; x_wconf 86' lang='lat' dir='ltr'><strong>demetas?</strong></span> <span class='ocrx_word' id='word_1_423' title='bbox 3039 1473 3105 1526; x_wconf 85' lang='lat' dir='ltr'><strong>At</strong></span> <span class='ocrx_word' id='word_1_424' title='bbox 3138 1471 3342 1528; x_wconf 79' lang='lat' dir='ltr'><strong>fruetus</strong></span> <span class='ocrx_word' id='word_1_425' title='bbox 3372 1485 3531 1529; x_wconf 75' lang='lat' dir='ltr'><strong>terra:</strong></span> <span class='ocrx_word' id='word_1_426' title='bbox 3551 1517 3568 1543; x_wconf 92' lang='lat'><strong>,</strong></span> 
     </span>
    </p>
   </div>
   <div class='ocr_carea' id='block_1_57' title="bbox 1969 1559 3568 1635">
    <p class='ocr_par' dir='ltr' id='par_1_57' title="bbox 1969 1559 3568 1635">
     <span class='ocr_line' id='line_1_57' title="bbox 1969 1559 3568 1635; baseline 0.004 -20"><span class='ocrx_word' id='word_1_427' title='bbox 1969 1559 2180 1630; x_wconf 88' lang='lat' dir='ltr'><strong>inquies</strong></span> <span class='ocrx_word' id='word_1_428' title='bbox 2200 1602 2213 1623; x_wconf 91' lang='lat'><strong>,</strong></span> <span class='ocrx_word' id='word_1_429' title='bbox 2239 1562 2420 1615; x_wconf 88' lang='lat' dir='ltr'><strong>multis</strong></span> <span class='ocrx_word' id='word_1_430' title='bbox 2442 1571 2566 1616; x_wconf 90' lang='lat' dir='ltr'><strong>sunt</strong></span> <span class='ocrx_word' id='word_1_431' title='bbox 2584 1563 2797 1616; x_wconf 89' lang='lat' dir='ltr'><strong>casibus</strong></span> <span class='ocrx_word' id='word_1_432' title='bbox 2831 1563 3086 1630; x_wconf 82' lang='lat' dir='ltr'><strong>obnoxii,</strong></span> <span class='ocrx_word' id='word_1_433' title='bbox 3110 1567 3354 1635; x_wconf 86' lang='lat' dir='ltr'><strong>grandini</strong></span> <span class='ocrx_word' id='word_1_434' title='bbox 3373 1609 3389 1630; x_wconf 88' lang='lat'><strong>,</strong></span> <span class='ocrx_word' id='word_1_435' title='bbox 3416 1570 3568 1624; x_wconf 85' lang='lat' dir='ltr'><strong>rubi-</strong></span> 
     </span>
    </p>
   </div>
   <div class='ocr_carea' id='block_1_58' title="bbox 1968 1643 3569 1728">
    <p class='ocr_par' dir='ltr' id='par_1_58' title="bbox 1968 1643 3569 1728">
     <span class='ocr_line' id='line_1_58' title="bbox 1968 1643 3569 1728; baseline 0.006 -23"><span class='ocrx_word' id='word_1_436' title='bbox 1968 1652 2108 1722; x_wconf 80' lang='lat' dir='ltr'><strong>gini,</strong></span> <span class='ocrx_word' id='word_1_437' title='bbox 2137 1643 2393 1707; x_wconf 85' lang='lat' dir='ltr'><strong>imbribus</strong></span> <span class='ocrx_word' id='word_1_438' title='bbox 2424 1644 2641 1708; x_wconf 75' lang='lat' dir='ltr'><strong>nimiis?</strong></span> <span class='ocrx_word' id='word_1_439' title='bbox 2665 1653 2767 1708; x_wconf 89' lang='lat' dir='ltr'><strong>Sed</strong></span> <span class='ocrx_word' id='word_1_440' title='bbox 2801 1670 2907 1709; x_wconf 91' lang='lat' dir='ltr'><strong>non</strong></span> <span class='ocrx_word' id='word_1_441' title='bbox 2939 1664 3018 1710; x_wconf 89' lang='lat' dir='ltr'><strong>tot</strong></span> <span class='ocrx_word' id='word_1_442' title='bbox 3044 1657 3285 1722; x_wconf 86' lang='lat' dir='ltr'><strong>casibus,</strong></span> <span class='ocrx_word' id='word_1_443' title='bbox 3314 1671 3444 1728; x_wconf 90' lang='lat' dir='ltr'><strong>quot</strong></span> <span class='ocrx_word' id='word_1_444' title='bbox 3470 1663 3569 1715; x_wconf 67' lang='lat' dir='ltr'><strong>foe-</strong></span> 
     </span>
    </p>
   </div>
   <div class='ocr_carea' id='block_1_59' title="bbox 1969 1734 3569 1815">
    <p class='ocr_par' dir='ltr' id='par_1_59' title="bbox 1969 1734 3569 1815">
     <span class='ocr_line' id='line_1_59' title="bbox 1969 1734 3569 1815; baseline 0.005 -15"><span class='ocrx_word' id='word_1_445' title='bbox 1969 1761 2090 1800; x_wconf 89' lang='lat' dir='ltr'><strong>nus.</strong></span> <span class='ocrx_word' id='word_1_446' title='bbox 2120 1744 2250 1799; x_wconf 87' lang='lat' dir='ltr'><strong>Nam</strong></span> <span class='ocrx_word' id='word_1_447' title='bbox 2281 1745 2535 1815; x_wconf 88' lang='lat' dir='ltr'><strong>quidquid</strong></span> <span class='ocrx_word' id='word_1_448' title='bbox 2566 1746 2634 1800; x_wconf 89' lang='lat' dir='ltr'><strong>ibi</strong></span> <span class='ocrx_word' id='word_1_449' title='bbox 2664 1734 2938 1813; x_wconf 85' lang='lat' dir='ltr'><strong>acciderit,</strong></span> <span class='ocrx_word' id='word_1_450' title='bbox 2968 1748 3198 1803; x_wconf 91' lang='lat' dir='ltr'><strong>reditum</strong></span> <span class='ocrx_word' id='word_1_451' title='bbox 3231 1753 3569 1808; x_wconf 88' lang='lat' dir='ltr'><strong>solummodo</strong></span> 
     </span>
    </p>
   </div>
   <div class='ocr_carea' id='block_1_60' title="bbox 1969 1821 3570 1907">
    <p class='ocr_par' dir='ltr' id='par_1_60' title="bbox 1969 1821 3570 1907">
     <span class='ocr_line' id='line_1_60' title="bbox 1969 1821 3570 1907; baseline 0.006 -17"><span class='ocrx_word' id='word_1_452' title='bbox 1969 1835 2146 1900; x_wconf 64' lang='lat' dir='ltr'><strong>laedit,</strong></span> <span class='ocrx_word' id='word_1_453' title='bbox 2174 1846 2317 1891; x_wconf 88' lang='lat' dir='ltr'><strong>sorte</strong></span> <span class='ocrx_word' id='word_1_454' title='bbox 2345 1838 2590 1903; x_wconf 89' lang='lat' dir='ltr'><strong>interim,</strong></span> <span class='ocrx_word' id='word_1_455' title='bbox 2623 1837 2744 1893; x_wconf 83' lang='lat' dir='ltr'><strong>sive</strong></span> <span class='ocrx_word' id='word_1_456' title='bbox 2783 1854 2912 1907; x_wconf 85' lang='lat' dir='ltr'><strong>agro</strong></span> <span class='ocrx_word' id='word_1_457' title='bbox 2958 1821 3209 1895; x_wconf 77' lang='lat' dir='ltr'><strong>manente</strong></span> <span class='ocrx_word' id='word_1_458' title='bbox 3252 1842 3438 1897; x_wconf 71' lang='lat' dir='ltr'><strong>illaesa.</strong></span> <span class='ocrx_word' id='word_1_459' title='bbox 3472 1831 3570 1899; x_wconf 82' lang='lat' dir='ltr'><strong>Hic</strong></span> 
     </span>
    </p>
   </div>
   <div class='ocr_carea' id='block_1_61' title="bbox 1969 1930 3565 2003">
    <p class='ocr_par' dir='ltr' id='par_1_61' title="bbox 1969 1930 3565 2003">
     <span class='ocr_line' id='line_1_61' title="bbox 1969 1930 3565 2003; baseline 0.005 -21"><span class='ocrx_word' id='word_1_460' title='bbox 1969 1944 2098 1984; x_wconf 89' lang='lat' dir='ltr'><strong>vero</strong></span> <span class='ocrx_word' id='word_1_461' title='bbox 2129 1930 2278 1984; x_wconf 89' lang='lat' dir='ltr'><strong>multi</strong></span> <span class='ocrx_word' id='word_1_462' title='bbox 2309 1946 2453 2001; x_wconf 71' lang='lat' dir='ltr'><strong>smpe</strong></span> <span class='ocrx_word' id='word_1_463' title='bbox 2484 1933 2534 1984; x_wconf 88' lang='lat' dir='ltr'><strong>in</strong></span> <span class='ocrx_word' id='word_1_464' title='bbox 2567 1931 2678 2000; x_wconf 88' lang='lat' dir='ltr'><strong>ipsa</strong></span> <span class='ocrx_word' id='word_1_465' title='bbox 2699 1940 2846 2003; x_wconf 82' lang='lat' dir='ltr'><strong>sorte</strong></span> <span class='ocrx_word' id='word_1_466' title='bbox 2868 1933 3198 2003; x_wconf 77' lang='lat' dir='ltr'><strong>naufragium</strong></span> <span class='ocrx_word' id='word_1_467' title='bbox 3234 1936 3374 2003; x_wconf 87' lang='lat' dir='ltr'><strong>passi</strong></span> <span class='ocrx_word' id='word_1_468' title='bbox 3406 1949 3565 1990; x_wconf 89' lang='lat' dir='ltr'><strong>sunt:</strong></span> 
     </span>
    </p>
   </div>
   <div class='ocr_carea' id='block_1_62' title="bbox 1967 2002 3568 2092">
    <p class='ocr_par' dir='ltr' id='par_1_62' title="bbox 1967 2002 3568 2092">
     <span class='ocr_line' id='line_1_62' title="bbox 1967 2002 3568 2092; baseline 0.005 -17"><span class='ocrx_word' id='word_1_469' title='bbox 1967 2030 2022 2075; x_wconf 87' lang='lat' dir='ltr'><strong>et</strong></span> <span class='ocrx_word' id='word_1_470' title='bbox 2047 2031 2333 2090; x_wconf 76' lang='lat' dir='ltr'><strong>antequam</strong></span> <span class='ocrx_word' id='word_1_471' title='bbox 2367 2021 2622 2076; x_wconf 90' lang='lat' dir='ltr'><strong>damnum</strong></span> <span class='ocrx_word' id='word_1_472' title='bbox 2667 2002 2909 2086; x_wconf 82' lang='lat' dir='ltr'><strong>accidat,</strong></span> <span class='ocrx_word' id='word_1_473' title='bbox 2942 2023 2993 2077; x_wconf 89' lang='lat' dir='ltr'><strong>in</strong></span> <span class='ocrx_word' id='word_1_474' title='bbox 3023 2002 3279 2092; x_wconf 87' lang='lat' dir='ltr'><strong>perpetua</strong></span> <span class='ocrx_word' id='word_1_475' title='bbox 3309 2016 3568 2082; x_wconf 82' lang='lat' dir='ltr'><strong>sollicitu-</strong></span> 
     </span>
    </p>
   </div>
   <div class='ocr_carea' id='block_1_63' title="bbox 1967 2108 3566 2185">
    <p class='ocr_par' dir='ltr' id='par_1_63' title="bbox 1967 2108 3566 2185">
     <span class='ocr_line' id='line_1_63' title="bbox 1967 2108 3566 2185; baseline 0.006 -20"><span class='ocrx_word' id='word_1_476' title='bbox 1967 2109 2092 2165; x_wconf 87' lang='lat' dir='ltr'><strong>dine</strong></span> <span class='ocrx_word' id='word_1_477' title='bbox 2147 2124 2443 2166; x_wconf 67' lang='lat' dir='ltr'><strong>versantur.</strong></span> <span class='ocrx_word' id='word_1_478' title='bbox 2487 2112 2619 2165; x_wconf 76' lang='lat' dir='ltr'><strong>Nam</strong></span> <span class='ocrx_word' id='word_1_479' title='bbox 2667 2114 2963 2168; x_wconf 66' lang='lat' dir='ltr'><strong>faenerator</strong></span> <span class='ocrx_word' id='word_1_480' title='bbox 3016 2108 3305 2185; x_wconf 87' lang='lat' dir='ltr'><strong>numquam</strong></span> <span class='ocrx_word' id='word_1_481' title='bbox 3362 2133 3420 2172; x_wconf 91' lang='lat' dir='ltr'><strong>re</strong></span> <span class='ocrx_word' id='word_1_482' title='bbox 3471 2133 3566 2174; x_wconf 89' lang='lat' dir='ltr'><strong>sua</strong></span> 
     </span>
    </p>
   </div>
   <div class='ocr_carea' id='block_1_64' title="bbox 1969 2205 3566 2283">
    <p class='ocr_par' dir='ltr' id='par_1_64' title="bbox 1969 2205 3566 2283">
     <span class='ocr_line' id='line_1_64' title="bbox 1969 2205 3566 2283; baseline 0.008 -27"><span class='ocrx_word' id='word_1_483' title='bbox 1969 2205 2177 2267; x_wconf 78' lang='lat' dir='ltr'><strong>fruitur,</strong></span> <span class='ocrx_word' id='word_1_484' title='bbox 2207 2207 2300 2260; x_wconf 86' lang='lat' dir='ltr'><strong>sed</strong></span> <span class='ocrx_word' id='word_1_485' title='bbox 2329 2207 2488 2260; x_wconf 89' lang='lat' dir='ltr'><strong>etiam</strong></span> <span class='ocrx_word' id='word_1_486' title='bbox 2521 2207 2732 2276; x_wconf 86' lang='lat' dir='ltr'><strong>quando</strong></span> <span class='ocrx_word' id='word_1_487' title='bbox 2762 2206 2937 2261; x_wconf 75' lang='lat' dir='ltr'><strong>fmnus</strong></span> <span class='ocrx_word' id='word_1_488' title='bbox 2960 2207 3199 2274; x_wconf 69' lang='lat' dir='ltr'><strong>affertur,</strong></span> <span class='ocrx_word' id='word_1_489' title='bbox 3220 2226 3325 2264; x_wconf 92' lang='lat' dir='ltr'><strong>non</strong></span> <span class='ocrx_word' id='word_1_490' title='bbox 3347 2213 3566 2283; x_wconf 84' lang='lat' dir='ltr'><strong>gaudet,</strong></span> 
     </span>
    </p>
   </div>
   <div class='ocr_carea' id='block_1_65' title="bbox 1967 2299 3566 2372">
    <p class='ocr_par' dir='ltr' id='par_1_65' title="bbox 1967 2299 3566 2372">
     <span class='ocr_line' id='line_1_65' title="bbox 1967 2299 3566 2372; baseline 0.007 -22"><span class='ocrx_word' id='word_1_491' title='bbox 1967 2299 2108 2367; x_wconf 91' lang='lat' dir='ltr'><strong>quod</strong></span> <span class='ocrx_word' id='word_1_492' title='bbox 2149 2310 2434 2366; x_wconf 79' lang='lat' dir='ltr'><strong>proventus</strong></span> <span class='ocrx_word' id='word_1_493' title='bbox 2475 2299 2723 2364; x_wconf 85' lang='lat' dir='ltr'><strong>accedat,</strong></span> <span class='ocrx_word' id='word_1_494' title='bbox 2769 2300 2864 2354; x_wconf 89' lang='lat' dir='ltr'><strong>sed</strong></span> <span class='ocrx_word' id='word_1_495' title='bbox 2906 2300 3093 2364; x_wconf 90' lang='lat' dir='ltr'><strong>dolet,</strong></span> <span class='ocrx_word' id='word_1_496' title='bbox 3140 2303 3283 2372; x_wconf 88' lang='lat' dir='ltr'><strong>quod</strong></span> <span class='ocrx_word' id='word_1_497' title='bbox 3329 2309 3566 2361; x_wconf 91' lang='lat' dir='ltr'><strong>nondum</strong></span> 
     </span>
    </p>
   </div>
   <div class='ocr_carea' id='block_1_66' title="bbox 1967 2392 3568 2464">
    <p class='ocr_par' dir='ltr' id='par_1_66' title="bbox 1967 2392 3568 2464">
     <span class='ocr_line' id='line_1_66' title="bbox 1967 2392 3568 2464; baseline 0.006 -19"><span class='ocrx_word' id='word_1_498' title='bbox 1967 2400 2166 2445; x_wconf 88' lang='lat' dir='ltr'><strong>sortem</strong></span> <span class='ocrx_word' id='word_1_499' title='bbox 2197 2400 2449 2461; x_wconf 68' lang='lat' dir='ltr'><strong>exaequet</strong></span> <span class='ocrx_word' id='word_1_500' title='bbox 2477 2407 2632 2446; x_wconf 87' lang='lat' dir='ltr'><strong>usura</strong></span> <span class='ocrx_word' id='word_1_501' title='bbox 2653 2433 2669 2458; x_wconf 94' lang='lat'><strong>,</strong></span> <span class='ocrx_word' id='word_1_502' title='bbox 2697 2406 2760 2446; x_wconf 90' lang='lat' dir='ltr'><strong>ac</strong></span> <span class='ocrx_word' id='word_1_503' title='bbox 2798 2392 3106 2464; x_wconf 88' lang='lat' dir='ltr'><strong>priusquam</strong></span> <span class='ocrx_word' id='word_1_504' title='bbox 3146 2394 3232 2449; x_wconf 89' lang='lat' dir='ltr'><strong>hic</strong></span> <span class='ocrx_word' id='word_1_505' title='bbox 3262 2393 3401 2452; x_wconf 78' lang='lat' dir='ltr'><strong>fetus</strong></span> <span class='ocrx_word' id='word_1_506' title='bbox 3426 2408 3568 2455; x_wconf 89' lang='lat' dir='ltr'><strong>totus</strong></span> 
     </span>
    </p>
   </div>
   <div class='ocr_carea' id='block_1_67' title="bbox 1969 2482 3563 2552">
    <p class='ocr_par' dir='ltr' id='par_1_67' title="bbox 1969 2482 3563 2552">
     <span class='ocr_line' id='line_1_67' title="bbox 1969 2482 3563 2552; baseline 0.006 -17"><span class='ocrx_word' id='word_1_507' title='bbox 1969 2482 2225 2552; x_wconf 87' lang='lat' dir='ltr'><strong>prodeat,</strong></span> <span class='ocrx_word' id='word_1_508' title='bbox 2256 2483 2403 2540; x_wconf 90' lang='lat' dir='ltr'><strong>illum</strong></span> <span class='ocrx_word' id='word_1_509' title='bbox 2431 2492 2599 2536; x_wconf 90' lang='lat' dir='ltr'><strong>totum</strong></span> <span class='ocrx_word' id='word_1_510' title='bbox 2641 2497 2834 2551; x_wconf 88' lang='lat' dir='ltr'><strong>parere</strong></span> <span class='ocrx_word' id='word_1_511' title='bbox 2872 2483 3057 2538; x_wconf 89' lang='lat' dir='ltr'><strong>nititur</strong></span> <span class='ocrx_word' id='word_1_512' title='bbox 3077 2526 3092 2548; x_wconf 91' lang='lat'><strong>,</strong></span> <span class='ocrx_word' id='word_1_513' title='bbox 3125 2486 3326 2541; x_wconf 74' lang='lat' dir='ltr'><strong>[tenera</strong></span> <span class='ocrx_word' id='word_1_514' title='bbox 3360 2486 3412 2542; x_wconf 89' lang='lat' dir='ltr'><strong>in</strong></span> <span class='ocrx_word' id='word_1_515' title='bbox 3444 2504 3563 2544; x_wconf 88' lang='lat' dir='ltr'><strong>sor-</strong></span> 
     </span>
    </p>
   </div>
   <div class='ocr_carea' id='block_1_68' title="bbox 1966 2577 3566 2652">
    <p class='ocr_par' dir='ltr' id='par_1_68' title="bbox 1966 2577 3566 2652">
     <span class='ocr_line' id='line_1_68' title="bbox 1966 2577 3566 2652; baseline 0.006 -23"><span class='ocrx_word' id='word_1_516' title='bbox 1966 2583 2074 2630; x_wconf 85' lang='lat' dir='ltr'><strong>tem</strong></span> <span class='ocrx_word' id='word_1_517' title='bbox 2100 2588 2460 2641; x_wconf 77' lang='lat' dir='ltr'><strong>convertens,</strong></span> <span class='ocrx_word' id='word_1_518' title='bbox 2492 2587 2544 2632; x_wconf 92' lang='lat' dir='ltr'><strong>et</strong></span> <span class='ocrx_word' id='word_1_519' title='bbox 2575 2578 2680 2629; x_wconf 73' lang='lat' dir='ltr'><strong>vim</strong></span> <span class='ocrx_word' id='word_1_520' title='bbox 2713 2577 2950 2632; x_wconf 77' lang='lat' dir='ltr'><strong>inferens</strong></span> <span class='ocrx_word' id='word_1_521' title='bbox 2983 2586 3037 2632; x_wconf 93' lang='lat' dir='ltr'><strong>ut</strong></span> <span class='ocrx_word' id='word_1_522' title='bbox 3069 2578 3340 2635; x_wconf 85' lang='lat' dir='ltr'><strong>abortivos</strong></span> <span class='ocrx_word' id='word_1_523' title='bbox 3366 2582 3566 2652; x_wconf 81' lang='lat' dir='ltr'><strong>vipera:</strong></span> 
     </span>
    </p>
   </div>
   <div class='ocr_carea' id='block_1_69' title="bbox 1965 2667 3564 2741">
    <p class='ocr_par' dir='ltr' id='par_1_69' title="bbox 1965 2667 3564 2741">
     <span class='ocr_line' id='line_1_69' title="bbox 1965 2667 3564 2741; baseline 0.006 -22"><span class='ocrx_word' id='word_1_524' title='bbox 1965 2678 2149 2738; x_wconf 88' lang='lat' dir='ltr'><strong>partus</strong></span> <span class='ocrx_word' id='word_1_525' title='bbox 2174 2668 2317 2722; x_wconf 83' lang='lat' dir='ltr'><strong>edat.</strong></span> <span class='ocrx_word' id='word_1_526' title='bbox 2349 2667 2497 2722; x_wconf 87' lang='lat' dir='ltr'><strong>Talia</strong></span> <span class='ocrx_word' id='word_1_527' title='bbox 2543 2677 2689 2722; x_wconf 86' lang='lat' dir='ltr'><strong>certe</strong></span> <span class='ocrx_word' id='word_1_528' title='bbox 2735 2677 2860 2722; x_wconf 85' lang='lat' dir='ltr'><strong>sunt</strong></span> <span class='ocrx_word' id='word_1_529' title='bbox 2903 2667 3146 2736; x_wconf 69' lang='lat' dir='ltr'><strong>fmaora,</strong></span> <span class='ocrx_word' id='word_1_530' title='bbox 3191 2687 3311 2741; x_wconf 74' lang='lat' dir='ltr'><strong>qua:</strong></span> <span class='ocrx_word' id='word_1_531' title='bbox 3357 2689 3564 2729; x_wconf 84' lang='lat' dir='ltr'><strong>an..nas</strong></span> 
     </span>
    </p>
   </div>
   <div class='ocr_carea' id='block_1_70' title="bbox 1965 2759 3563 2834">
    <p class='ocr_par' dir='ltr' id='par_1_70' title="bbox 1965 2759 3563 2834">
     <span class='ocr_line' id='line_1_70' title="bbox 1965 2759 3563 2834; baseline 0.003 -21"><span class='ocrx_word' id='word_1_532' title='bbox 1965 2760 2212 2814; x_wconf 86' lang='lat' dir='ltr'><strong>miserius</strong></span> <span class='ocrx_word' id='word_1_533' title='bbox 2238 2761 2430 2813; x_wconf 89' lang='lat' dir='ltr'><strong>rodunt</strong></span> <span class='ocrx_word' id='word_1_534' title='bbox 2459 2769 2512 2814; x_wconf 89' lang='lat' dir='ltr'><strong>et</strong></span> <span class='ocrx_word' id='word_1_535' title='bbox 2544 2759 2778 2813; x_wconf 83' lang='lat' dir='ltr'><strong>lacerant</strong></span> <span class='ocrx_word' id='word_1_536' title='bbox 2803 2799 2816 2822; x_wconf 89' lang='lat'><strong>,</strong></span> <span class='ocrx_word' id='word_1_537' title='bbox 2845 2774 3004 2828; x_wconf 89' lang='lat' dir='ltr'><strong>quam</strong></span> <span class='ocrx_word' id='word_1_538' title='bbox 3035 2761 3253 2830; x_wconf 76' lang='lat' dir='ltr'><strong>viperae.</strong></span> <span class='ocrx_word' id='word_1_539' title='bbox 3281 2760 3394 2817; x_wconf 87' lang='lat' dir='ltr'><strong>lloc</strong></span> <span class='ocrx_word' id='word_1_540' title='bbox 3423 2765 3563 2834; x_wconf 83' lang='lat' dir='ltr'><strong>inju-</strong></span> 
     </span>
    </p>
   </div>
   <div class='ocr_carea' id='block_1_71' title="bbox 1962 2851 3565 2929">
    <p class='ocr_par' dir='ltr' id='par_1_71' title="bbox 1962 2851 3565 2929">
     <span class='ocr_line' id='line_1_71' title="bbox 1962 2851 3565 2929; baseline 0.004 -23"><span class='ocrx_word' id='word_1_541' title='bbox 1962 2853 2122 2906; x_wconf 74' lang='lat' dir='ltr'><strong>stitia:</strong></span> <span class='ocrx_word' id='word_1_542' title='bbox 2152 2851 2422 2929; x_wconf 78' lang='lat' dir='ltr'><strong>vinculum</strong></span> <span class='ocrx_word' id='word_1_543' title='bbox 2454 2861 2537 2906; x_wconf 89' lang='lat' dir='ltr'><strong>est</strong></span> <span class='ocrx_word' id='word_1_544' title='bbox 2570 2867 2581 2904; x_wconf 93' lang='lat'><strong>:</strong></span> <span class='ocrx_word' id='word_1_545' title='bbox 2614 2851 2729 2906; x_wconf 84' lang='lat' dir='ltr'><strong>haec</strong></span> <span class='ocrx_word' id='word_1_546' title='bbox 2767 2851 3020 2922; x_wconf 85' lang='lat' dir='ltr'><strong>obligatio</strong></span> <span class='ocrx_word' id='word_1_547' title='bbox 3068 2854 3424 2910; x_wconf 87' lang='lat' dir='ltr'><strong>violentarttm</strong></span> <span class='ocrx_word' id='word_1_548' title='bbox 3470 2874 3565 2927; x_wconf 83' lang='lat' dir='ltr'><strong>pa-</strong></span> 
     </span>
    </p>
   </div>
   <div class='ocr_carea' id='block_1_72' title="bbox 1974 2936 3569 3014">
    <p class='ocr_par' dir='ltr' id='par_1_72' title="bbox 1974 2936 3569 3014">
     <span class='ocr_line' id='line_1_72' title="bbox 1974 2936 3569 3014; baseline 0.004 -22"><span class='ocrx_word' id='word_1_549' title='bbox 1974 2936 2241 2992; x_wconf 84' lang='lat' dir='ltr'><strong>ctionum.</strong></span> <span class='ocrx_word' id='word_1_550' title='bbox 2263 2937 2364 3001; x_wconf 92' lang='lat' dir='ltr'><strong>Do,</strong></span> <span class='ocrx_word' id='word_1_551' title='bbox 2385 2939 2585 3008; x_wconf 84' lang='lat' dir='ltr'><strong>inquit,</strong></span> <span class='ocrx_word' id='word_1_552' title='bbox 2611 2955 2716 2993; x_wconf 91' lang='lat' dir='ltr'><strong>non</strong></span> <span class='ocrx_word' id='word_1_553' title='bbox 2738 2950 2798 2994; x_wconf 91' lang='lat' dir='ltr'><strong>ut</strong></span> <span class='ocrx_word' id='word_1_554' title='bbox 2815 2943 3073 3010; x_wconf 88' lang='lat' dir='ltr'><strong>accipias.</strong></span> <span class='ocrx_word' id='word_1_555' title='bbox 3096 2942 3189 2996; x_wconf 87' lang='lat' dir='ltr'><strong>sed</strong></span> <span class='ocrx_word' id='word_1_556' title='bbox 3209 2953 3265 2996; x_wconf 91' lang='lat' dir='ltr'><strong>ut</strong></span> <span class='ocrx_word' id='word_1_557' title='bbox 3280 2947 3436 3014; x_wconf 88' lang='lat' dir='ltr'><strong>plura</strong></span> <span class='ocrx_word' id='word_1_558' title='bbox 3453 2944 3569 2998; x_wconf 87' lang='lat' dir='ltr'><strong>red-</strong></span> 
     </span>
    </p>
   </div>
   <div class='ocr_carea' id='block_1_73' title="bbox 1973 3030 3564 3105">
    <p class='ocr_par' dir='ltr' id='par_1_73' title="bbox 1973 3030 3564 3105">
     <span class='ocr_line' id='line_1_73' title="bbox 1973 3030 3564 3105; baseline 0.005 -20"><span class='ocrx_word' id='word_1_559' title='bbox 1973 3030 2092 3086; x_wconf 83' lang='lat' dir='ltr'><strong>das.</strong></span> <span class='ocrx_word' id='word_1_560' title='bbox 2112 3030 2178 3085; x_wconf 87' lang='lat' dir='ltr'><strong>At</strong></span> <span class='ocrx_word' id='word_1_561' title='bbox 2199 3030 2340 3086; x_wconf 86' lang='lat' dir='ltr'><strong>Deus</strong></span> <span class='ocrx_word' id='word_1_562' title='bbox 2361 3042 2505 3085; x_wconf 86' lang='lat' dir='ltr'><strong>vetat</strong></span> <span class='ocrx_word' id='word_1_563' title='bbox 2533 3033 2583 3085; x_wconf 86' lang='lat' dir='ltr'><strong>id</strong></span> <span class='ocrx_word' id='word_1_564' title='bbox 2609 3036 2859 3103; x_wconf 82' lang='lat' dir='ltr'><strong>accipere</strong></span> <span class='ocrx_word' id='word_1_565' title='bbox 2886 3037 3033 3105; x_wconf 91' lang='lat' dir='ltr'><strong>quod</strong></span> <span class='ocrx_word' id='word_1_566' title='bbox 3064 3038 3262 3091; x_wconf 91' lang='lat' dir='ltr'><strong>datur:</strong></span> <span class='ocrx_word' id='word_1_567' title='bbox 3285 3037 3442 3105; x_wconf 87' lang='lat' dir='ltr'><strong>Date,</strong></span> <span class='ocrx_word' id='word_1_568' title='bbox 3478 3039 3564 3094; x_wconf 87' lang='lat' dir='ltr'><strong>in-</strong></span> 
     </span>
    </p>
   </div>
   <div class='ocr_carea' id='block_1_74' title="bbox 1972 3113 3562 3197">
    <p class='ocr_par' dir='ltr' id='par_1_74' title="bbox 1972 3113 3562 3197">
     <span class='ocr_line' id='line_1_74' title="bbox 1972 3113 3562 3197; baseline 0.004 -20"><span class='ocrx_word' id='word_1_569' title='bbox 1972 3125 2109 3192; x_wconf 87' lang='lat' dir='ltr'><strong>quit,</strong></span> <span class='ocrx_word' id='word_1_570' title='bbox 2132 3125 2310 3186; x_wconf 81' lang='lat' dir='ltr'><strong>illis,a</strong></span> <span class='ocrx_word' id='word_1_571' title='bbox 2328 3124 2516 3193; x_wconf 79' lang='lat' dir='ltr'><strong>quibus</strong></span> <span class='ocrx_word' id='word_1_572' title='bbox 2534 3113 2669 3178; x_wconf 76' lang='lat' dir='ltr'><strong>nihil</strong></span> <span class='ocrx_word' id='word_1_573' title='bbox 2693 3131 2930 3195; x_wconf 82' lang='lat' dir='ltr'><strong>accipere</strong></span> <span class='ocrx_word' id='word_1_574' title='bbox 2955 3129 3178 3195; x_wconf 80' lang='lat' dir='ltr'><strong>speratis</strong></span> <span class='ocrx_word' id='word_1_575' title='bbox 3196 3128 3346 3196; x_wconf 76' lang='lat' dir='ltr'><strong>(Luc.</strong></span> <span class='ocrx_word' id='word_1_576' title='bbox 3374 3129 3562 3197; x_wconf 75' lang='lat'><strong>6.35);</strong></span> 
     </span>
    </p>
   </div>
   <div class='ocr_carea' id='block_1_75' title="bbox 1972 3211 3563 3289">
    <p class='ocr_par' dir='ltr' id='par_1_75' title="bbox 1972 3211 3563 3289">
     <span class='ocr_line' id='line_1_75' title="bbox 1972 3211 3563 3289; baseline 0.003 -20"><span class='ocrx_word' id='word_1_577' title='bbox 1972 3223 2028 3269; x_wconf 89' lang='lat' dir='ltr'><strong>tu</strong></span> <span class='ocrx_word' id='word_1_578' title='bbox 2049 3230 2178 3268; x_wconf 89' lang='lat' dir='ltr'><strong>vero</strong></span> <span class='ocrx_word' id='word_1_579' title='bbox 2198 3215 2319 3284; x_wconf 91' lang='lat' dir='ltr'><strong>plus</strong></span> <span class='ocrx_word' id='word_1_580' title='bbox 2341 3231 2504 3284; x_wconf 90' lang='lat' dir='ltr'><strong>quam</strong></span> <span class='ocrx_word' id='word_1_581' title='bbox 2524 3215 2746 3270; x_wconf 86' lang='lat' dir='ltr'><strong>dederis</strong></span> <span class='ocrx_word' id='word_1_582' title='bbox 2763 3218 2936 3287; x_wconf 81' lang='lat' dir='ltr'><strong>exigis</strong></span> <span class='ocrx_word' id='word_1_583' title='bbox 2963 3237 2975 3271; x_wconf 94' lang='lat'>:</span> <span class='ocrx_word' id='word_1_584' title='bbox 3006 3230 3060 3272; x_wconf 86' lang='lat' dir='ltr'><strong>et</strong></span> <span class='ocrx_word' id='word_1_585' title='bbox 3090 3220 3235 3289; x_wconf 91' lang='lat' dir='ltr'><strong>quod</strong></span> <span class='ocrx_word' id='word_1_586' title='bbox 3270 3227 3378 3273; x_wconf 88' lang='lat' dir='ltr'><strong>non</strong></span> <span class='ocrx_word' id='word_1_587' title='bbox 3410 3211 3563 3276; x_wconf 82' lang='lat' dir='ltr'><strong>dedi-</strong></span> 
     </span>
    </p>
   </div>
   <div class='ocr_carea' id='block_1_76' title="bbox 1971 3307 3560 3380">
    <p class='ocr_par' dir='ltr' id='par_1_76' title="bbox 1971 3307 3560 3380">
     <span class='ocr_line' id='line_1_76' title="bbox 1971 3307 3560 3380; baseline 0.005 -19"><span class='ocrx_word' id='word_1_588' title='bbox 1971 3307 2066 3372; x_wconf 78' lang='lat' dir='ltr'><strong>sti,</strong></span> <span class='ocrx_word' id='word_1_589' title='bbox 2096 3317 2152 3360; x_wconf 92' lang='lat' dir='ltr'><strong>ut</strong></span> <span class='ocrx_word' id='word_1_590' title='bbox 2172 3307 2416 3361; x_wconf 89' lang='lat' dir='ltr'><strong>debitum</strong></span> <span class='ocrx_word' id='word_1_591' title='bbox 2439 3307 2536 3362; x_wconf 87' lang='lat' dir='ltr'><strong>tibi</strong></span> <span class='ocrx_word' id='word_1_592' title='bbox 2561 3307 2711 3377; x_wconf 85' lang='lat' dir='ltr'><strong>cegis</strong></span> <span class='ocrx_word' id='word_1_593' title='bbox 2735 3324 3026 3364; x_wconf 83' lang='lat' dir='ltr'><strong>numerare</strong></span> <span class='ocrx_word' id='word_1_594' title='bbox 3045 3313 3281 3380; x_wconf 86' lang='lat' dir='ltr'><strong>eumqui</strong></span> <span class='ocrx_word' id='word_1_595' title='bbox 3308 3326 3560 3369; x_wconf 90' lang='lat' dir='ltr'><strong>mutuum</strong></span> 
     </span>
    </p>
   </div>
   <div class='ocr_carea' id='block_1_77' title="bbox 1959 3389 3564 3473">
    <p class='ocr_par' dir='ltr' id='par_1_77' title="bbox 1959 3389 3564 3473">
     <span class='ocr_line' id='line_1_77' title="bbox 1959 3389 3564 3473; baseline -0.002 -15"><span class='ocrx_word' id='word_1_596' title='bbox 1959 3403 2184 3473; x_wconf 86' lang='lat' dir='ltr'><strong>accepit.</strong></span> <span class='ocrx_word' id='word_1_597' title='bbox 2220 3403 2282 3456; x_wconf 83' lang='lat' dir='ltr'><strong>Et</strong></span> <span class='ocrx_word' id='word_1_598' title='bbox 2313 3411 2469 3471; x_wconf 88' lang='lat' dir='ltr'><strong>putas</strong></span> <span class='ocrx_word' id='word_1_599' title='bbox 2500 3389 2626 3454; x_wconf 75' lang='lat' dir='ltr'><strong>hinc</strong></span> <span class='ocrx_word' id='word_1_600' title='bbox 2653 3398 2745 3453; x_wconf 83' lang='lat' dir='ltr'><strong>tibi</strong></span> <span class='ocrx_word' id='word_1_601' title='bbox 2768 3406 2900 3468; x_wconf 85' lang='lat' dir='ltr'><strong>‘opes</strong></span> <span class='ocrx_word' id='word_1_602' title='bbox 2923 3398 3128 3468; x_wconf 87' lang='lat' dir='ltr'><strong>augeri,</strong></span> <span class='ocrx_word' id='word_1_603' title='bbox 3159 3407 3222 3454; x_wconf 82' lang='lat' dir='ltr'><strong>ac</strong></span> <span class='ocrx_word' id='word_1_604' title='bbox 3253 3411 3350 3469; x_wconf 85' lang='lat' dir='ltr'><strong>pro</strong></span> <span class='ocrx_word' id='word_1_605' title='bbox 3370 3402 3564 3470; x_wconf 87' lang='lat' dir='ltr'><strong>opibus</strong></span> 
     </span>
    </p>
   </div>
   <div class='ocr_carea' id='block_1_78' title="bbox 1959 3481 3560 3568">
    <p class='ocr_par' dir='ltr' id='par_1_78' title="bbox 1959 3481 3560 3568">
     <span class='ocr_line' id='line_1_78' title="bbox 1959 3481 3560 3568; baseline -0.001 -17"><span class='ocrx_word' id='word_1_606' title='bbox 1959 3498 2137 3568; x_wconf 73' lang='lat' dir='ltr'><strong>ignem</strong></span> <span class='ocrx_word' id='word_1_607' title='bbox 2185 3495 2275 3548; x_wconf 90' lang='lat' dir='ltr'><strong>tibi</strong></span> <span class='ocrx_word' id='word_1_608' title='bbox 2320 3481 2572 3548; x_wconf 81' lang='lat' dir='ltr'><strong>accendis</strong></span> <span class='ocrx_word' id='word_1_609' title='bbox 2617 3491 3129 3562; x_wconf 84' lang='lat' dir='ltr'><strong>inexstinguibilem.</strong></span> <span class='ocrx_word' id='word_1_610' title='bbox 3161 3491 3315 3559; x_wconf 90' lang='lat' dir='ltr'><strong>Quod</strong></span> <span class='ocrx_word' id='word_1_611' title='bbox 3349 3509 3416 3549; x_wconf 91' lang='lat' dir='ltr'><strong>ne</strong></span> <span class='ocrx_word' id='word_1_612' title='bbox 3447 3495 3560 3560; x_wconf 88' lang='lat' dir='ltr'><strong>fiat,</strong></span> 
     </span>
    </p>
   </div>
   <div class='ocr_carea' id='block_1_79' title="bbox 1958 3585 3565 3658">
    <p class='ocr_par' dir='ltr' id='par_1_79' title="bbox 1958 3585 3565 3658">
     <span class='ocr_line' id='line_1_79' title="bbox 1958 3585 3565 3658; baseline -0.001 -13"><span class='ocrx_word' id='word_1_613' title='bbox 1958 3590 2057 3645; x_wconf 86' lang='lat' dir='ltr'><strong>hos</strong></span> <span class='ocrx_word' id='word_1_614' title='bbox 2084 3590 2347 3645; x_wconf 80' lang='lat' dir='ltr'><strong>feenorum</strong></span> <span class='ocrx_word' id='word_1_615' title='bbox 2371 3585 2552 3658; x_wconf 83' lang='lat' dir='ltr'><strong>par&#39;tus</strong></span> <span class='ocrx_word' id='word_1_616' title='bbox 2577 3587 2745 3640; x_wconf 89' lang='lat' dir='ltr'><strong>malos</strong></span> <span class='ocrx_word' id='word_1_617' title='bbox 2762 3595 2816 3642; x_wconf 90' lang='lat' dir='ltr'><strong>et</strong></span> <span class='ocrx_word' id='word_1_618' title='bbox 2836 3587 3046 3657; x_wconf 91' lang='lat' dir='ltr'><strong>iniquos</strong></span> <span class='ocrx_word' id='word_1_619' title='bbox 3067 3588 3465 3654; x_wconf 82' lang='lat' dir='ltr'><strong>exscindam&#39;us,</strong></span> <span class='ocrx_word' id='word_1_620' title='bbox 3481 3605 3565 3644; x_wconf 81' lang='lat' dir='ltr'><strong>ex-</strong></span> 
     </span>
    </p>
   </div>
   <div class='ocr_carea' id='block_1_80' title="bbox 1957 3677 3563 3751">
    <p class='ocr_par' dir='ltr' id='par_1_80' title="bbox 1957 3677 3563 3751">
     <span class='ocr_line' id='line_1_80' title="bbox 1957 3677 3563 3751; baseline -0.002 -14"><span class='ocrx_word' id='word_1_621' title='bbox 1957 3683 2221 3737; x_wconf 88' lang='lat' dir='ltr'><strong>siccemus</strong></span> <span class='ocrx_word' id='word_1_622' title='bbox 2251 3679 2395 3733; x_wconf 87' lang='lat' dir='ltr'><strong>hunc</strong></span> <span class='ocrx_word' id='word_1_623' title='bbox 2434 3677 2792 3747; x_wconf 87' lang='lat' dir='ltr'><strong>perniciosum</strong></span> <span class='ocrx_word' id='word_1_624' title='bbox 2820 3689 3032 3733; x_wconf 89' lang='lat' dir='ltr'><strong>uterum</strong></span> <span class='ocrx_word' id='word_1_625' title='bbox 3055 3720 3069 3745; x_wconf 96' lang='lat'><strong>,</strong></span> <span class='ocrx_word' id='word_1_626' title='bbox 3093 3693 3157 3735; x_wconf 85' lang='lat' dir='ltr'><strong>ac</strong></span> <span class='ocrx_word' id='word_1_627' title='bbox 3183 3693 3309 3734; x_wconf 86' lang='lat' dir='ltr'><strong>vera</strong></span> <span class='ocrx_word' id='word_1_628' title='bbox 3337 3695 3563 3751; x_wconf 83' lang='lat' dir='ltr'><strong>magna-</strong></span> 
     </span>
    </p>
   </div>
   <div class='ocr_carea' id='block_1_81' title="bbox 1956 3771 3566 3847">
    <p class='ocr_par' dir='ltr' id='par_1_81' title="bbox 1956 3771 3566 3847">
     <span class='ocr_line' id='line_1_81' title="bbox 1956 3771 3566 3847; baseline -0.001 -18"><span class='ocrx_word' id='word_1_629' title='bbox 1956 3792 2060 3847; x_wconf 84' lang='lat' dir='ltr'><strong>que</strong></span> <span class='ocrx_word' id='word_1_630' title='bbox 2100 3779 2243 3829; x_wconf 90' lang='lat' dir='ltr'><strong>lucra</strong></span> <span class='ocrx_word' id='word_1_631' title='bbox 2286 3783 2490 3827; x_wconf 89' lang='lat' dir='ltr'><strong>tantum</strong></span> <span class='ocrx_word' id='word_1_632' title='bbox 2525 3783 2930 3842; x_wconf 86' lang='lat' dir='ltr'><strong>persequamur.</strong></span> <span class='ocrx_word' id='word_1_633' title='bbox 2951 3771 3208 3839; x_wconf 64' lang='lat' dir='ltr'><strong>Quaenam</strong></span> <span class='ocrx_word' id='word_1_634' title='bbox 3249 3772 3366 3832; x_wconf 83' lang='lat' dir='ltr'><strong>haec</strong></span> <span class='ocrx_word' id='word_1_635' title='bbox 3395 3776 3566 3830; x_wconf 89' lang='lat' dir='ltr'><strong>sunt?</strong></span> 
     </span>
    </p>
   </div>
   <div class='ocr_carea' id='block_1_82' title="bbox 1956 3863 3565 3936">
    <p class='ocr_par' dir='ltr' id='par_1_82' title="bbox 1956 3863 3565 3936">
     <span class='ocr_line' id='line_1_82' title="bbox 1956 3863 3565 3936; baseline 0.001 -13"><span class='ocrx_word' id='word_1_636' title='bbox 1956 3867 2250 3923; x_wconf 85' lang='lat' dir='ltr'><strong>Audiamus</strong></span> <span class='ocrx_word' id='word_1_637' title='bbox 2276 3864 2498 3919; x_wconf 89' lang='lat' dir='ltr'><strong>Paulum</strong></span> <span class='ocrx_word' id='word_1_638' title='bbox 2519 3864 2805 3926; x_wconf 87' lang='lat' dir='ltr'><strong>dicentem,</strong></span> <span class='ocrx_word' id='word_1_639' title='bbox 2830 3863 3051 3933; x_wconf 76' lang='lat' dir='ltr'><strong>Magnus</strong></span> <span class='ocrx_word' id='word_1_640' title='bbox 3072 3874 3144 3919; x_wconf 87' lang='lat' dir='ltr'><strong>est</strong></span> <span class='ocrx_word' id='word_1_641' title='bbox 3164 3879 3384 3935; x_wconf 80' lang='lat' dir='ltr'><strong>qutestus</strong></span> <span class='ocrx_word' id='word_1_642' title='bbox 3406 3868 3565 3936; x_wconf 82' lang='lat' dir='ltr'><strong>pietas</strong></span> 
     </span>
    </p>
   </div>
   <div class='ocr_carea' id='block_1_83' title="bbox 1955 3949 3564 4030">
    <p class='ocr_par' dir='ltr' id='par_1_83' title="bbox 1955 3949 3564 4030">
     <span class='ocr_line' id='line_1_83' title="bbox 1955 3949 3564 4030; baseline 0 -15"><span class='ocrx_word' id='word_1_643' title='bbox 1955 3977 2067 4015; x_wconf 85' lang='lat' dir='ltr'><strong>cum</strong></span> <span class='ocrx_word' id='word_1_644' title='bbox 2094 3958 2387 4030; x_wconf 72' lang='lat' dir='ltr'><strong>sufﬁcientia</strong></span> <span class='ocrx_word' id='word_1_645' title='bbox 2404 3957 2421 4027; x_wconf 95' lang='lat'><strong>(</strong></span> <span class='ocrx_word' id='word_1_646' title='bbox 2435 3959 2450 4011; x_wconf 96' lang='lat' dir='ltr'><strong>l</strong></span> <span class='ocrx_word' id='word_1_647' title='bbox 2467 3956 2690 4012; x_wconf 84' lang='lat' dir='ltr'><strong>.Tim.6.</strong></span> <span class='ocrx_word' id='word_1_648' title='bbox 2708 3957 2785 4025; x_wconf 88' lang='lat'><strong>6).</strong></span> <span class='ocrx_word' id='word_1_649' title='bbox 2808 3949 2898 4012; x_wconf 79' lang='lat' dir='ltr'><strong>llis</strong></span> <span class='ocrx_word' id='word_1_650' title='bbox 2919 3959 3078 4028; x_wconf 89' lang='lat' dir='ltr'><strong>igitur</strong></span> <span class='ocrx_word' id='word_1_651' title='bbox 3104 3968 3312 4014; x_wconf 85' lang='lat' dir='ltr'><strong>tantum</strong></span> <span class='ocrx_word' id='word_1_652' title='bbox 3329 3959 3564 4016; x_wconf 89' lang='lat' dir='ltr'><strong>ditemur</strong></span> 
     </span>
    </p>
   </div>
   <div class='ocr_carea' id='block_1_84' title="bbox 1954 4048 3563 4120">
    <p class='ocr_par' dir='ltr' id='par_1_84' title="bbox 1954 4048 3563 4120">
     <span class='ocr_line' id='line_1_84' title="bbox 1954 4048 3563 4120; baseline -0.001 -13"><span class='ocrx_word' id='word_1_653' title='bbox 1954 4053 2176 4119; x_wconf 88' lang='lat' dir='ltr'><strong>divitiis,</strong></span> <span class='ocrx_word' id='word_1_654' title='bbox 2201 4059 2258 4104; x_wconf 91' lang='lat' dir='ltr'><strong>ut</strong></span> <span class='ocrx_word' id='word_1_655' title='bbox 2284 4060 2337 4104; x_wconf 89' lang='lat' dir='ltr'><strong>et</strong></span> <span class='ocrx_word' id='word_1_656' title='bbox 2367 4050 2452 4104; x_wconf 89' lang='lat' dir='ltr'><strong>hic</strong></span> <span class='ocrx_word' id='word_1_657' title='bbox 2482 4049 2870 4120; x_wconf 88' lang='lat' dir='ltr'><strong>tranquillitate</strong></span> <span class='ocrx_word' id='word_1_658' title='bbox 2892 4048 3152 4114; x_wconf 90' lang='lat' dir='ltr'><strong>fruamur,</strong></span> <span class='ocrx_word' id='word_1_659' title='bbox 3173 4059 3228 4105; x_wconf 90' lang='lat' dir='ltr'><strong>et</strong></span> <span class='ocrx_word' id='word_1_660' title='bbox 3246 4050 3417 4106; x_wconf 79' lang='lat' dir='ltr'><strong>futura</strong></span> <span class='ocrx_word' id='word_1_661' title='bbox 3434 4067 3563 4106; x_wconf 84' lang='lat' dir='ltr'><strong>con-</strong></span> 
     </span>
    </p>
   </div>
   <div class='ocr_carea' id='block_1_85' title="bbox 1953 4142 3562 4216">
    <p class='ocr_par' dir='ltr' id='par_1_85' title="bbox 1953 4142 3562 4216">
     <span class='ocr_line' id='line_1_85' title="bbox 1953 4142 3562 4216; baseline -0.001 -13"><span class='ocrx_word' id='word_1_662' title='bbox 1953 4161 2241 4216; x_wconf 87' lang='lat' dir='ltr'><strong>sequamur</strong></span> <span class='ocrx_word' id='word_1_663' title='bbox 2256 4144 2413 4205; x_wconf 89' lang='lat' dir='ltr'><strong>bona,</strong></span> <span class='ocrx_word' id='word_1_664' title='bbox 2435 4142 2601 4212; x_wconf 90' lang='lat' dir='ltr'><strong>gratia</strong></span> <span class='ocrx_word' id='word_1_665' title='bbox 2614 4142 3004 4211; x_wconf 85' lang='lat' dir='ltr'><strong>etbenignitate</strong></span> <span class='ocrx_word' id='word_1_666' title='bbox 3022 4142 3232 4196; x_wconf 92' lang='lat' dir='ltr'><strong>Domini</strong></span> <span class='ocrx_word' id='word_1_667' title='bbox 3248 4145 3415 4198; x_wconf 90' lang='lat' dir='ltr'><strong>nostri</strong></span> <span class='ocrx_word' id='word_1_668' title='bbox 3435 4143 3562 4200; x_wconf 83' lang='lat' dir='ltr'><strong>Jesu</strong></span> 
     </span>
    </p>
   </div>
   <div class='ocr_carea' id='block_1_86' title="bbox 1954 4225 3561 4307">
    <p class='ocr_par' dir='ltr' id='par_1_86' title="bbox 1954 4225 3561 4307">
     <span class='ocr_line' id='line_1_86' title="bbox 1954 4225 3561 4307; baseline -0.001 -13"><span class='ocrx_word' id='word_1_669' title='bbox 1954 4239 2175 4304; x_wconf 84' lang='lat' dir='ltr'><strong>Christi,</strong></span> <span class='ocrx_word' id='word_1_670' title='bbox 2197 4237 2280 4292; x_wconf 92' lang='lat' dir='ltr'><strong>cui</strong></span> <span class='ocrx_word' id='word_1_671' title='bbox 2311 4237 2476 4306; x_wconf 84' lang='lat' dir='ltr'><strong>gloria</strong></span> <span class='ocrx_word' id='word_1_672' title='bbox 2501 4245 2552 4289; x_wconf 91' lang='lat' dir='ltr'><strong>et</strong></span> <span class='ocrx_word' id='word_1_673' title='bbox 2582 4234 2864 4306; x_wconf 89' lang='lat' dir='ltr'><strong>imperium</strong></span> <span class='ocrx_word' id='word_1_674' title='bbox 2907 4249 3029 4288; x_wconf 89' lang='lat' dir='ltr'><strong>cum</strong></span> <span class='ocrx_word' id='word_1_675' title='bbox 3068 4225 3229 4291; x_wconf 81' lang='lat' dir='ltr'><strong>Patre</strong></span> <span class='ocrx_word' id='word_1_676' title='bbox 3272 4245 3326 4289; x_wconf 87' lang='lat' dir='ltr'><strong>et</strong></span> <span class='ocrx_word' id='word_1_677' title='bbox 3360 4234 3561 4307; x_wconf 88' lang='lat' dir='ltr'><strong>Spiritu</strong></span> 
     </span>
    </p>
   </div>
   <div class='ocr_carea' id='block_1_87' title="bbox 1953 4325 3559 4397">
    <p class='ocr_par' dir='ltr' id='par_1_87' title="bbox 1953 4325 3559 4397">
     <span class='ocr_line' id='line_1_87' title="bbox 1953 4325 3559 4397; baseline -0.001 -11"><span class='ocrx_word' id='word_1_678' title='bbox 1953 4339 2159 4396; x_wconf 88' lang='lat' dir='ltr'><strong>sancto,</strong></span> <span class='ocrx_word' id='word_1_679' title='bbox 2180 4345 2318 4383; x_wconf 90' lang='lat' dir='ltr'><strong>nunc</strong></span> <span class='ocrx_word' id='word_1_680' title='bbox 2330 4339 2627 4397; x_wconf 87' lang='lat' dir='ltr'><strong>etsemper,</strong></span> <span class='ocrx_word' id='word_1_681' title='bbox 2650 4336 2704 4380; x_wconf 91' lang='lat' dir='ltr'><strong>et</strong></span> <span class='ocrx_word' id='word_1_682' title='bbox 2725 4325 2776 4379; x_wconf 89' lang='lat' dir='ltr'><strong>in</strong></span> <span class='ocrx_word' id='word_1_683' title='bbox 2795 4325 2988 4380; x_wconf 71' lang='lat' dir='ltr'><strong>saecula</strong></span> <span class='ocrx_word' id='word_1_684' title='bbox 3007 4325 3350 4381; x_wconf 61' lang='lat' dir='ltr'><strong>saculorum.</strong></span> <span class='ocrx_word' id='word_1_685' title='bbox 3367 4329 3559 4384; x_wconf 86' lang='lat' dir='ltr'><strong>Amen.</strong></span> 
     </span>
    </p>
   </div>
   <div class='ocr_carea' id='block_1_88' title="bbox 2197 4461 2400 4475">
    <p class='ocr_par' dir='ltr' id='par_1_88' title="bbox 2197 4461 2400 4475">
     <span class='ocr_line' id='line_1_88' title="bbox 2197 4461 2400 4475; baseline -0.005 0"><span class='ocrx_word' id='word_1_686' title='bbox 2197 4461 2400 4475; x_wconf 61' lang='grc' dir='ltr'><strong>..ι-..⁸.</strong></span> 
     </span>
    </p>
   </div>
   <div class='ocr_carea' id='block_1_89' title="bbox 2414 4463 2677 4472">
    <p class='ocr_par' dir='ltr' id='par_1_89' title="bbox 2414 4463 2677 4472">
     <span class='ocr_line' id='line_1_89' title="bbox 2414 4463 2677 4472; baseline -0.004 0"><span class='ocrx_word' id='word_1_687' title='bbox 2414 4463 2677 4472; x_wconf 69' lang='lat'><strong>————-———.</strong></span> 
     </span>
    </p>
   </div>
   <div class='ocr_carea' id='block_1_90' title="bbox 1401 4540 2391 4604">
    <p class='ocr_par' dir='ltr' id='par_1_90' title="bbox 1401 4540 2391 4604">
     <span class='ocr_line' id='line_1_90' title="bbox 1401 4540 2391 4604; baseline -0.001 -4"><span class='ocrx_word' id='word_1_688' title='bbox 1401 4540 1747 4603; x_wconf 82' lang='lat' dir='ltr'><strong>HOMILIA</strong></span> <span class='ocrx_word' id='word_1_689' title='bbox 1802 4543 1992 4604; x_wconf 75' lang='lat' dir='ltr'><strong>LVII.</strong></span> <span class='ocrx_word' id='word_1_690' title='bbox 2037 4541 2122 4603; x_wconf 85' lang='lat' dir='ltr'><strong>al.</strong></span> <span class='ocrx_word' id='word_1_691' title='bbox 2170 4540 2391 4602; x_wconf 85' lang='lat' dir='ltr'><strong>LVIII.</strong></span> 
     </span>
    </p>
   </div>
   <div class='ocr_carea' id='block_1_91' title="bbox 249 4681 1850 4756">
    <p class='ocr_par' dir='ltr' id='par_1_91' title="bbox 249 4681 1850 4756">
     <span class='ocr_line' id='line_1_91' title="bbox 249 4681 1850 4756; baseline 0.002 -18"><span class='ocrx_word' id='word_1_692' title='bbox 249 4683 383 4738; x_wconf 64' lang='lat' dir='ltr'><strong>Car.</strong></span> <span class='ocrx_word' id='word_1_693' title='bbox 416 4683 505 4737; x_wconf 75' lang='lat' dir='ltr'><strong>i7.</strong></span> <span class='ocrx_word' id='word_1_694' title='bbox 530 4697 583 4734; x_wconf 80' lang='grc' dir='ltr'><strong>ν.</strong></span> <span class='ocrx_word' id='word_1_695' title='bbox 609 4681 695 4736; x_wconf 85' lang='lat' dir='ltr'><strong>l0.</strong></span> <span class='ocrx_word' id='word_1_696' title='bbox 734 4681 800 4734; x_wconf 80' lang='lat' dir='ltr'><strong>Et</strong></span> <span class='ocrx_word' id='word_1_697' title='bbox 842 4683 1272 4752; x_wconf 83' lang='lat' dir='ltr'><strong>interrogaverunt</strong></span> <span class='ocrx_word' id='word_1_698' title='bbox 1322 4699 1434 4737; x_wconf 87' lang='lat' dir='ltr'><strong>eum</strong></span> <span class='ocrx_word' id='word_1_699' title='bbox 1479 4684 1715 4753; x_wconf 80' lang='lat' dir='ltr'><strong>discipuli</strong></span> <span class='ocrx_word' id='word_1_700' title='bbox 1741 4687 1850 4756; x_wconf 81' lang='lat' dir='ltr'><strong>ejus</strong></span> 
     </span>
    </p>
   </div>
   <div class='ocr_carea' id='block_1_92' title="bbox 325 4769 1846 4841">
    <p class='ocr_par' dir='ltr' id='par_1_92' title="bbox 325 4769 1846 4841">
     <span class='ocr_line' id='line_1_92' title="bbox 325 4769 1846 4841; baseline 0.004 -17"><span class='ocrx_word' id='word_1_701' title='bbox 325 4773 546 4826; x_wconf 77' lang='lat' dir='ltr'><strong>dicentes</strong></span> <span class='ocrx_word' id='word_1_702' title='bbox 587 4785 607 4824; x_wconf 90' lang='lat'><strong><em>:</em></strong></span> <span class='ocrx_word' id='word_1_703' title='bbox 656 4769 792 4836; x_wconf 82' lang='lat' dir='ltr'><strong>Quid</strong></span> <span class='ocrx_word' id='word_1_704' title='bbox 833 4773 987 4841; x_wconf 83' lang='lat' dir='ltr'><strong>igitur</strong></span> <span class='ocrx_word' id='word_1_705' title='bbox 1025 4772 1198 4826; x_wconf 78' lang='lat' dir='ltr'><strong>dicunt</strong></span> <span class='ocrx_word' id='word_1_706' title='bbox 1233 4773 1447 4841; x_wconf 67' lang='lat' dir='ltr'><strong>scribae,</strong></span> <span class='ocrx_word' id='word_1_707' title='bbox 1496 4775 1630 4841; x_wconf 84' lang='lat' dir='ltr'><strong>quod</strong></span> <span class='ocrx_word' id='word_1_708' title='bbox 1676 4776 1846 4831; x_wconf 73' lang='lat' dir='ltr'><strong>Etiam</strong></span> 
     </span>
    </p>
   </div>
   <div class='ocr_carea' id='block_1_93' title="bbox 326 4863 1038 4932">
    <p class='ocr_par' dir='ltr' id='par_1_93' title="bbox 326 4863 1038 4932">
     <span class='ocr_line' id='line_1_93' title="bbox 326 4863 1038 4932; baseline 0 -15"><span class='ocrx_word' id='word_1_709' title='bbox 326 4872 555 4932; x_wconf 85' lang='lat' dir='ltr'><strong>oporteat</strong></span> <span class='ocrx_word' id='word_1_710' title='bbox 587 4863 802 4931; x_wconf 84' lang='lat' dir='ltr'><strong>primum</strong></span> <span class='ocrx_word' id='word_1_711' title='bbox 829 4865 996 4918; x_wconf 85' lang='lat' dir='ltr'><strong>venire</strong></span> <span class='ocrx_word' id='word_1_712' title='bbox 1012 4865 1038 4917; x_wconf 75' lang='lat'><strong><em>?</em></strong></span> 
     </span>
    </p>
   </div>
   <div class='ocr_carea' id='block_1_94' title="bbox 331 4944 1844 5024">
    <p class='ocr_par' dir='ltr' id='par_1_94' title="bbox 331 4944 1844 5024">
     <span class='ocr_line' id='line_1_94' title="bbox 331 4944 1844 5024; baseline 0.007 -17"><span class='ocrx_word' id='word_1_713' title='bbox 331 4955 379 5008; x_wconf 79' lang='grc'><strong>1.</strong></span> <span class='ocrx_word' id='word_1_714' title='bbox 408 4952 525 5008; x_wconf 80' lang='lat' dir='ltr'><strong>Non</strong></span> <span class='ocrx_word' id='word_1_715' title='bbox 570 4968 700 5023; x_wconf 90' lang='lat' dir='ltr'><strong>ergo</strong></span> <span class='ocrx_word' id='word_1_716' title='bbox 734 4969 762 5007; x_wconf 91' lang='lat' dir='ltr'><strong>a</strong></span> <span class='ocrx_word' id='word_1_717' title='bbox 785 4952 1073 5024; x_wconf 85' lang='lat' dir='ltr'><strong>Seripturis</strong></span> <span class='ocrx_word' id='word_1_718' title='bbox 1099 4954 1149 5010; x_wconf 93' lang='lat' dir='ltr'><strong>id</strong></span> <span class='ocrx_word' id='word_1_719' title='bbox 1169 4944 1428 5022; x_wconf 88' lang='lat' dir='ltr'><strong>sciebant,</strong></span> <span class='ocrx_word' id='word_1_720' title='bbox 1457 4959 1550 5014; x_wconf 90' lang='lat' dir='ltr'><strong>sed</strong></span> <span class='ocrx_word' id='word_1_721' title='bbox 1578 4961 1765 5017; x_wconf 82' lang='lat' dir='ltr'><strong>scribae</strong></span> <span class='ocrx_word' id='word_1_722' title='bbox 1795 4961 1844 5017; x_wconf 91' lang='lat' dir='ltr'><strong>id</strong></span> 
     </span>
    </p>
   </div>
   <div class='ocr_carea' id='block_1_95' title="bbox 254 5043 1848 5117">
    <p class='ocr_par' dir='ltr' id='par_1_95' title="bbox 254 5043 1848 5117">
     <span class='ocr_line' id='line_1_95' title="bbox 254 5043 1848 5117; baseline 0.004 -18"><span class='ocrx_word' id='word_1_723' title='bbox 254 5045 362 5100; x_wconf 83' lang='lat' dir='ltr'><strong>illis</strong></span> <span class='ocrx_word' id='word_1_724' title='bbox 401 5043 710 5107; x_wconf 86' lang='lat' dir='ltr'><strong>narrabant,</strong></span> <span class='ocrx_word' id='word_1_725' title='bbox 738 5052 789 5099; x_wconf 91' lang='lat' dir='ltr'><strong>et</strong></span> <span class='ocrx_word' id='word_1_726' title='bbox 825 5044 939 5097; x_wconf 68' lang='lat' dir='ltr'><strong>haec</strong></span> <span class='ocrx_word' id='word_1_727' title='bbox 977 5044 1156 5114; x_wconf 89' lang='lat' dir='ltr'><strong>opinio</strong></span> <span class='ocrx_word' id='word_1_728' title='bbox 1195 5045 1247 5099; x_wconf 92' lang='lat' dir='ltr'><strong>in</strong></span> <span class='ocrx_word' id='word_1_729' title='bbox 1294 5047 1480 5117; x_wconf 87' lang='lat' dir='ltr'><strong>vulgus</strong></span> <span class='ocrx_word' id='word_1_730' title='bbox 1506 5049 1848 5105; x_wconf 81' lang='lat' dir='ltr'><strong>circumfere-</strong></span> 
     </span>
    </p>
   </div>
   <div class='ocr_carea' id='block_1_96' title="bbox 251 5135 1842 5200">
    <p class='ocr_par' dir='ltr' id='par_1_96' title="bbox 251 5135 1842 5200">
     <span class='ocr_line' id='line_1_96' title="bbox 251 5135 1842 5200; baseline 0.003 -10"><span class='ocrx_word' id='word_1_731' title='bbox 251 5137 443 5200; x_wconf 85' lang='lat' dir='ltr'><strong>batur,</strong></span> <span class='ocrx_word' id='word_1_732' title='bbox 481 5136 619 5189; x_wconf 89' lang='lat' dir='ltr'><strong>sicut</strong></span> <span class='ocrx_word' id='word_1_733' title='bbox 645 5147 700 5190; x_wconf 88' lang='lat' dir='ltr'><strong>et</strong></span> <span class='ocrx_word' id='word_1_734' title='bbox 728 5136 796 5191; x_wconf 91' lang='lat' dir='ltr'><strong>de</strong></span> <span class='ocrx_word' id='word_1_735' title='bbox 824 5135 1055 5191; x_wconf 88' lang='lat' dir='ltr'><strong>Christo.</strong></span> <span class='ocrx_word' id='word_1_736' title='bbox 1090 5137 1212 5191; x_wconf 90' lang='lat' dir='ltr'><strong>Ideo</strong></span> <span class='ocrx_word' id='word_1_737' title='bbox 1239 5137 1571 5193; x_wconf 84' lang='lat' dir='ltr'><strong>Samaritana</strong></span> <span class='ocrx_word' id='word_1_738' title='bbox 1596 5140 1806 5195; x_wconf 89' lang='lat' dir='ltr'><strong>dicebat</strong></span> <span class='ocrx_word' id='word_1_739' title='bbox 1830 5161 1842 5196; x_wconf 89' lang='lat'>:</span> 
     </span>
    </p>
   </div>
   <div class='ocr_carea' id='block_1_97' title="bbox 251 5224 1845 5294">
    <p class='ocr_par' dir='ltr' id='par_1_97' title="bbox 251 5224 1845 5294">
     <span class='ocr_line' id='line_1_97' title="bbox 251 5224 1845 5294; baseline 0.004 -14"><span class='ocrx_word' id='word_1_740' title='bbox 251 5224 468 5280; x_wconf 71' lang='lat' dir='ltr'><strong>Messias</strong></span> <span class='ocrx_word' id='word_1_741' title='bbox 511 5227 660 5288; x_wconf 82' lang='lat' dir='ltr'><strong>venit,</strong></span> <span class='ocrx_word' id='word_1_742' title='bbox 697 5237 743 5278; x_wconf 87' lang='lat' dir='ltr'><strong>et</strong></span> <span class='ocrx_word' id='word_1_743' title='bbox 781 5244 894 5279; x_wconf 87' lang='lat' dir='ltr'><strong>cum</strong></span> <span class='ocrx_word' id='word_1_744' title='bbox 947 5228 1166 5294; x_wconf 78' lang='lat' dir='ltr'><strong>venerit,</strong></span> <span class='ocrx_word' id='word_1_745' title='bbox 1212 5229 1298 5282; x_wconf 83' lang='lat' dir='ltr'><strong>ille</strong></span> <span class='ocrx_word' id='word_1_746' title='bbox 1344 5231 1661 5284; x_wconf 83' lang='lat' dir='ltr'><strong>annantiabit</strong></span> <span class='ocrx_word' id='word_1_747' title='bbox 1707 5233 1845 5286; x_wconf 86' lang='lat' dir='ltr'><strong>nobis</strong></span> 
     </span>
    </p>
   </div>
   <div class='ocr_carea' id='block_1_98' title="bbox 249 5313 1840 5388">
    <p class='ocr_par' dir='ltr' id='par_1_98' title="bbox 249 5313 1840 5388">
     <span class='ocr_line' id='line_1_98' title="bbox 249 5313 1840 5388; baseline 0.006 -21"><span class='ocrx_word' id='word_1_748' title='bbox 249 5317 460 5381; x_wconf 78' lang='lat' dir='ltr'><strong>omnia(</strong></span> <span class='ocrx_word' id='word_1_749' title='bbox 488 5313 643 5367; x_wconf 82' lang='lat' dir='ltr'><strong>Joan.</strong></span> <span class='ocrx_word' id='word_1_750' title='bbox 670 5314 721 5368; x_wconf 66' lang='grc' dir='ltr'><strong>τι.</strong></span> <span class='ocrx_word' id='word_1_751' title='bbox 747 5315 817 5384; x_wconf 75' lang='lat'><strong>5)</strong></span> <span class='ocrx_word' id='word_1_752' title='bbox 850 5335 860 5368; x_wconf 94' lang='lat'>:</span> <span class='ocrx_word' id='word_1_753' title='bbox 893 5330 961 5388; x_wconf 53' lang='lat' dir='ltr'><strong>ﬁt</strong></span> <span class='ocrx_word' id='word_1_754' title='bbox 993 5318 1063 5370; x_wconf 88' lang='lat' dir='ltr'><strong>illi</strong></span> <span class='ocrx_word' id='word_1_755' title='bbox 1097 5320 1494 5388; x_wconf 83' lang='lat' dir='ltr'><strong>interrogabant</strong></span> <span class='ocrx_word' id='word_1_756' title='bbox 1542 5321 1800 5376; x_wconf 80' lang='lat' dir='ltr'><strong>Joannem</strong></span> <span class='ocrx_word' id='word_1_757' title='bbox 1829 5365 1840 5383; x_wconf 83' lang='lat'><strong>,</strong></span> 
     </span>
    </p>
   </div>
   <div class='ocr_carea' id='block_1_99' title="bbox 249 5379 1842 5477">
    <p class='ocr_par' dir='ltr' id='par_1_99' title="bbox 249 5379 1842 5477">
     <span class='ocr_line' id='line_1_99' title="bbox 249 5379 1842 5477; baseline 0.004 -19"><span class='ocrx_word' id='word_1_758' title='bbox 249 5393 393 5458; x_wconf 63' lang='lat' dir='ltr'><strong>Elius</strong></span> <span class='ocrx_word' id='word_1_759' title='bbox 424 5379 470 5457; x_wconf 76' lang='lat' dir='ltr'><strong>e.</strong></span> <span class='ocrx_word' id='word_1_760' title='bbox 518 5415 591 5454; x_wconf 76' lang='lat' dir='ltr'><strong>tu.</strong></span> <span class='ocrx_word' id='word_1_761' title='bbox 638 5417 702 5455; x_wconf 62' lang='lat' dir='ltr'><strong>at</strong></span> <span class='ocrx_word' id='word_1_762' title='bbox 739 5379 980 5472; x_wconf 45' lang='lat' dir='ltr'><strong>prop/beta</strong></span> <span class='ocrx_word' id='word_1_763' title='bbox 1008 5379 1419 5475; x_wconf 57' lang='lat' dir='ltr'><strong>(Joart.1.él)?</strong></span> <span class='ocrx_word' id='word_1_764' title='bbox 1447 5411 1598 5473; x_wconf 78' lang='lat' dir='ltr'><strong>Nam,</strong></span> <span class='ocrx_word' id='word_1_765' title='bbox 1630 5424 1682 5465; x_wconf 90' lang='lat' dir='ltr'><strong>ttt</strong></span> <span class='ocrx_word' id='word_1_766' title='bbox 1712 5379 1842 5477; x_wconf 74' lang='lat' dir='ltr'><strong>dixi,</strong></span> 
     </span>
    </p>
   </div>
   <div class='ocr_carea' id='block_1_100' title="bbox 249 5497 1846 5574">
    <p class='ocr_par' dir='ltr' id='par_1_100' title="bbox 249 5497 1846 5574">
     <span class='ocr_line' id='line_1_100' title="bbox 249 5497 1846 5574; baseline 0.008 -27"><span class='ocrx_word' id='word_1_767' title='bbox 249 5498 363 5550; x_wconf 68' lang='lat' dir='ltr'><strong>lace</strong></span> <span class='ocrx_word' id='word_1_768' title='bbox 390 5499 575 5564; x_wconf 78' lang='lat' dir='ltr'><strong>opi..io</strong></span> <span class='ocrx_word' id='word_1_769' title='bbox 606 5497 896 5550; x_wconf 71' lang='lat' dir='ltr'><strong>invaluerat</strong></span> <span class='ocrx_word' id='word_1_770' title='bbox 924 5507 975 5550; x_wconf 90' lang='lat' dir='ltr'><strong>et</strong></span> <span class='ocrx_word' id='word_1_771' title='bbox 997 5499 1063 5552; x_wconf 86' lang='lat' dir='ltr'><strong>tle</strong></span> <span class='ocrx_word' id='word_1_772' title='bbox 1085 5499 1297 5554; x_wconf 85' lang='lat' dir='ltr'><strong>Christo</strong></span> <span class='ocrx_word' id='word_1_773' title='bbox 1325 5513 1372 5556; x_wconf 91' lang='lat' dir='ltr'><strong>et</strong></span> <span class='ocrx_word' id='word_1_774' title='bbox 1403 5501 1470 5557; x_wconf 88' lang='lat' dir='ltr'><strong>de</strong></span> <span class='ocrx_word' id='word_1_775' title='bbox 1495 5504 1642 5570; x_wconf 82' lang='lat' dir='ltr'><strong>Elia;</strong></span> <span class='ocrx_word' id='word_1_776' title='bbox 1674 5521 1846 5574; x_wconf 88' lang='lat' dir='ltr'><strong>neque</strong></span> 
     </span>
    </p>
   </div>
   <div class='ocr_carea' id='block_1_101' title="bbox 249 5588 1842 5666">
    <p class='ocr_par' dir='ltr' id='par_1_101' title="bbox 249 5588 1842 5666">
     <span class='ocr_line' id='line_1_101' title="bbox 249 5588 1842 5666; baseline 0.006 -26"><span class='ocrx_word' id='word_1_777' title='bbox 249 5589 321 5643; x_wconf 86' lang='lat' dir='ltr'><strong>illi</strong></span> <span class='ocrx_word' id='word_1_778' title='bbox 377 5597 527 5644; x_wconf 84' lang='lat' dir='ltr'><strong>recte</strong></span> <span class='ocrx_word' id='word_1_779' title='bbox 583 5588 696 5641; x_wconf 54' lang='lat' dir='ltr'><strong>haec</strong></span> <span class='ocrx_word' id='word_1_780' title='bbox 748 5589 1250 5658; x_wconf 82' lang='lat' dir='ltr'><strong>interpretabantur.</strong></span> <span class='ocrx_word' id='word_1_781' title='bbox 1309 5593 1598 5664; x_wconf 76' lang='lat' dir='ltr'><strong>Scriptura:</strong></span> <span class='ocrx_word' id='word_1_782' title='bbox 1645 5597 1842 5666; x_wconf 88' lang='lat' dir='ltr'><strong>quippe</strong></span> 
     </span>
    </p>
   </div>
   <div class='ocr_carea' id='block_1_102' title="bbox 243 5679 1846 5754">
    <p class='ocr_par' dir='ltr' id='par_1_102' title="bbox 243 5679 1846 5754">
     <span class='ocr_line' id='line_1_102' title="bbox 243 5679 1846 5754; baseline 0.004 -19"><span class='ocrx_word' id='word_1_783' title='bbox 243 5679 376 5737; x_wconf 72' lang='lat' dir='ltr'><strong>aluos</strong></span> <span class='ocrx_word' id='word_1_784' title='bbox 403 5689 627 5737; x_wconf 83' lang='lat' dir='ltr'><strong>narrant</strong></span> <span class='ocrx_word' id='word_1_785' title='bbox 652 5679 849 5733; x_wconf 84' lang='lat' dir='ltr'><strong>Christi</strong></span> <span class='ocrx_word' id='word_1_786' title='bbox 889 5683 1183 5745; x_wconf 86' lang='lat' dir='ltr'><strong>adventus;</strong></span> <span class='ocrx_word' id='word_1_787' title='bbox 1216 5681 1355 5738; x_wconf 88' lang='lat' dir='ltr'><strong>hunc</strong></span> <span class='ocrx_word' id='word_1_788' title='bbox 1384 5686 1472 5752; x_wconf 85' lang='lat' dir='ltr'><strong>qui</strong></span> <span class='ocrx_word' id='word_1_789' title='bbox 1501 5686 1607 5754; x_wconf 86' lang='lat' dir='ltr'><strong>jam</strong></span> <span class='ocrx_word' id='word_1_790' title='bbox 1647 5688 1761 5749; x_wconf 83' lang='lat' dir='ltr'><strong>iuit,</strong></span> <span class='ocrx_word' id='word_1_791' title='bbox 1793 5699 1846 5742; x_wconf 88' lang='lat' dir='ltr'><strong>et</strong></span> 
     </span>
    </p>
   </div>
   <div class='ocr_carea' id='block_1_103' title="bbox 239 5772 1844 5848">
    <p class='ocr_par' dir='ltr' id='par_1_103' title="bbox 239 5772 1844 5848">
     <span class='ocr_line' id='line_1_103' title="bbox 239 5772 1844 5848; baseline 0.005 -24"><span class='ocrx_word' id='word_1_792' title='bbox 239 5773 517 5829; x_wconf 84' lang='lat' dir='ltr'><strong>futurum:</strong></span> <span class='ocrx_word' id='word_1_793' title='bbox 558 5785 693 5839; x_wconf 89' lang='lat' dir='ltr'><strong>quos</strong></span> <span class='ocrx_word' id='word_1_794' title='bbox 736 5772 1042 5840; x_wconf 79' lang='lat' dir='ltr'><strong>significans</strong></span> <span class='ocrx_word' id='word_1_795' title='bbox 1085 5772 1278 5826; x_wconf 85' lang='lat' dir='ltr'><strong>Paulus</strong></span> <span class='ocrx_word' id='word_1_796' title='bbox 1314 5776 1560 5830; x_wconf 84' lang='lat' dir='ltr'><strong>dicebat:</strong></span> <span class='ocrx_word' id='word_1_797' title='bbox 1595 5778 1844 5848; x_wconf 77' lang='lat' dir='ltr'><strong>Apparuit</strong></span> 
     </span>
    </p>
   </div>
   <div class='ocr_carea' id='block_1_104' title="bbox 231 5861 1837 5936">
    <p class='ocr_par' dir='ltr' id='par_1_104' title="bbox 231 5861 1837 5936">
     <span class='ocr_line' id='line_1_104' title="bbox 231 5861 1837 5936; baseline 0.004 -16"><span class='ocrx_word' id='word_1_798' title='bbox 231 5863 405 5936; x_wconf 64' lang='lat' dir='ltr'><strong>gratio</strong></span> <span class='ocrx_word' id='word_1_799' title='bbox 433 5861 534 5916; x_wconf 70' lang='lat' dir='ltr'><strong>Dei</strong></span> <span class='ocrx_word' id='word_1_800' title='bbox 580 5864 821 5916; x_wconf 77' lang='lat' dir='ltr'><strong>salutaris</strong></span> <span class='ocrx_word' id='word_1_801' title='bbox 864 5863 1090 5917; x_wconf 80' lang='lat' dir='ltr'><strong>omnibus</strong></span> <span class='ocrx_word' id='word_1_802' title='bbox 1131 5863 1435 5935; x_wconf 82' lang='lat' dir='ltr'><strong>hominibus,</strong></span> <span class='ocrx_word' id='word_1_803' title='bbox 1469 5871 1698 5924; x_wconf 83' lang='lat' dir='ltr'><strong>erudiens</strong></span> <span class='ocrx_word' id='word_1_804' title='bbox 1731 5888 1837 5935; x_wconf 82' lang='lat' dir='ltr'><strong>nos,</strong></span> 
     </span>
    </p>
   </div>
   <div class='ocr_carea' id='block_1_105' title="bbox 1961 4688 3562 4760">
    <p class='ocr_par' dir='ltr' id='par_1_105' title="bbox 1961 4688 3562 4760">
     <span class='ocr_line' id='line_1_105' title="bbox 1961 4688 3562 4760; baseline -0.001 -18"><span class='ocrx_word' id='word_1_805' title='bbox 1961 4699 2017 4742; x_wconf 85' lang='lat' dir='ltr'><strong>ut</strong></span> <span class='ocrx_word' id='word_1_806' title='bbox 2045 4689 2347 4760; x_wconf 78' lang='lat' dir='ltr'><strong>abnegantes</strong></span> <span class='ocrx_word' id='word_1_807' title='bbox 2375 4689 2678 4754; x_wconf 77' lang='lat' dir='ltr'><strong>impietatem</strong></span> <span class='ocrx_word' id='word_1_808' title='bbox 2708 4698 2753 4741; x_wconf 80' lang='lat' dir='ltr'><strong>et</strong></span> <span class='ocrx_word' id='word_1_809' title='bbox 2779 4689 3046 4742; x_wconf 74' lang='lat' dir='ltr'><strong>swcularia</strong></span> <span class='ocrx_word' id='word_1_810' title='bbox 3080 4688 3331 4741; x_wconf 84' lang='lat' dir='ltr'><strong>desideria</strong></span> <span class='ocrx_word' id='word_1_811' title='bbox 3355 4729 3366 4751; x_wconf 96' lang='lat'><strong>,</strong></span> <span class='ocrx_word' id='word_1_812' title='bbox 3398 4688 3562 4742; x_wconf 83' lang='lat' dir='ltr'><strong>sobrie</strong></span> 
     </span>
    </p>
   </div>
   <div class='ocr_carea' id='block_1_106' title="bbox 1955 4778 3559 4849">
    <p class='ocr_par' dir='ltr' id='par_1_106' title="bbox 1955 4778 3559 4849">
     <span class='ocr_line' id='line_1_106' title="bbox 1955 4778 3559 4849; baseline 0 -16"><span class='ocrx_word' id='word_1_813' title='bbox 1955 4789 2002 4834; x_wconf 86' lang='lat' dir='ltr'><strong>et</strong></span> <span class='ocrx_word' id='word_1_814' title='bbox 2030 4786 2170 4849; x_wconf 84' lang='lat' dir='ltr'><strong>juste</strong></span> <span class='ocrx_word' id='word_1_815' title='bbox 2209 4790 2254 4832; x_wconf 90' lang='lat' dir='ltr'><strong>et</strong></span> <span class='ocrx_word' id='word_1_816' title='bbox 2295 4781 2375 4847; x_wconf 85' lang='lat' dir='ltr'><strong>pie</strong></span> <span class='ocrx_word' id='word_1_817' title='bbox 2403 4779 2624 4832; x_wconf 71' lang='lat' dir='ltr'><strong>vivamus</strong></span> <span class='ocrx_word' id='word_1_818' title='bbox 2670 4778 2807 4846; x_wconf 84' lang='lat' dir='ltr'><strong>(Tit.</strong></span> <span class='ocrx_word' id='word_1_819' title='bbox 2845 4779 2898 4833; x_wconf 76' lang='grc'><strong>2.</strong></span> <span class='ocrx_word' id='word_1_820' title='bbox 2935 4780 3020 4833; x_wconf 82' lang='grc' dir='ltr'><strong>Η.</strong></span> <span class='ocrx_word' id='word_1_821' title='bbox 3054 4778 3174 4847; x_wconf 73' lang='lat'><strong>12).</strong></span> <span class='ocrx_word' id='word_1_822' title='bbox 3205 4778 3345 4832; x_wconf 81' lang='lat' dir='ltr'><strong>Ecce</strong></span> <span class='ocrx_word' id='word_1_823' title='bbox 3395 4794 3559 4833; x_wconf 89' lang='lat' dir='ltr'><strong>unum</strong></span> 
     </span>
    </p>
   </div>
   <div class='ocr_carea' id='block_1_107' title="bbox 1954 4869 3558 4940">
    <p class='ocr_par' dir='ltr' id='par_1_107' title="bbox 1954 4869 3558 4940">
     <span class='ocr_line' id='line_1_107' title="bbox 1954 4869 3558 4940; baseline -0.001 -15"><span class='ocrx_word' id='word_1_824' title='bbox 1954 4871 2264 4926; x_wconf 86' lang='lat' dir='ltr'><strong>adventum.</strong></span> <span class='ocrx_word' id='word_1_825' title='bbox 2292 4871 2426 4925; x_wconf 80' lang='lat' dir='ltr'><strong>Audi</strong></span> <span class='ocrx_word' id='word_1_826' title='bbox 2449 4871 2719 4940; x_wconf 87' lang='lat' dir='ltr'><strong>quomodo</strong></span> <span class='ocrx_word' id='word_1_827' title='bbox 2744 4879 2798 4924; x_wconf 90' lang='lat' dir='ltr'><strong>et</strong></span> <span class='ocrx_word' id='word_1_828' title='bbox 2818 4871 3044 4925; x_wconf 90' lang='lat' dir='ltr'><strong>alterum</strong></span> <span class='ocrx_word' id='word_1_829' title='bbox 3069 4878 3251 4939; x_wconf 88' lang='lat' dir='ltr'><strong>postea</strong></span> <span class='ocrx_word' id='word_1_830' title='bbox 3280 4869 3518 4925; x_wconf 89' lang='lat' dir='ltr'><strong>declaret</strong></span> <span class='ocrx_word' id='word_1_831' title='bbox 3543 4887 3558 4924; x_wconf 87' lang='lat'><strong>:</strong></span> 
     </span>
    </p>
   </div>
   <div class='ocr_carea' id='block_1_108' title="bbox 1958 4964 3561 5033">
    <p class='ocr_par' dir='ltr' id='par_1_108' title="bbox 1958 4964 3561 5033">
     <span class='ocr_line' id='line_1_108' title="bbox 1958 4964 3561 5033; baseline -0.001 -15"><span class='ocrx_word' id='word_1_832' title='bbox 1958 4964 2322 5032; x_wconf 69' lang='lat' dir='ltr'><strong>Exspectantes</strong></span> <span class='ocrx_word' id='word_1_833' title='bbox 2348 4965 2543 5016; x_wconf 81' lang='lat' dir='ltr'><strong>beatam</strong></span> <span class='ocrx_word' id='word_1_834' title='bbox 2572 4979 2748 5032; x_wconf 84' lang='lat' dir='ltr'><strong>spent,</strong></span> <span class='ocrx_word' id='word_1_835' title='bbox 2773 4971 2817 5016; x_wconf 85' lang='lat' dir='ltr'><strong>et</strong></span> <span class='ocrx_word' id='word_1_836' title='bbox 2851 4964 3120 5016; x_wconf 82' lang='lat' dir='ltr'><strong>adventant</strong></span> <span class='ocrx_word' id='word_1_837' title='bbox 3143 4965 3316 5033; x_wconf 85' lang='lat' dir='ltr'><strong>magni</strong></span> <span class='ocrx_word' id='word_1_838' title='bbox 3348 4964 3438 5017; x_wconf 81' lang='lat' dir='ltr'><strong>Dei</strong></span> <span class='ocrx_word' id='word_1_839' title='bbox 3470 4967 3484 4994; x_wconf 82' lang='lat'><strong><em>‘</em></strong></span> <span class='ocrx_word' id='word_1_840' title='bbox 3515 4965 3561 5017; x_wconf 84' lang='lat' dir='ltr'><strong>et</strong></span> 
     </span>
    </p>
   </div>
   <div class='ocr_carea' id='block_1_109' title="bbox 1957 5051 3559 5126">
    <p class='ocr_par' dir='ltr' id='par_1_109' title="bbox 1957 5051 3559 5126">
     <span class='ocr_line' id='line_1_109' title="bbox 1957 5051 3559 5126; baseline -0.002 -15"><span class='ocrx_word' id='word_1_841' title='bbox 1957 5055 2246 5111; x_wconf 72' lang='lat' dir='ltr'><strong>Saluatoris</strong></span> <span class='ocrx_word' id='word_1_842' title='bbox 2275 5056 2437 5108; x_wconf 83' lang='lat' dir='ltr'><strong>nostri</strong></span> <span class='ocrx_word' id='word_1_843' title='bbox 2469 5053 2594 5107; x_wconf 84' lang='lat' dir='ltr'><strong>Jesu</strong></span> <span class='ocrx_word' id='word_1_844' title='bbox 2623 5052 2810 5107; x_wconf 80' lang='lat' dir='ltr'><strong>Citriin</strong></span> <span class='ocrx_word' id='word_1_845' title='bbox 2841 5051 3012 5120; x_wconf 88' lang='lat' dir='ltr'><strong>(Ibid.</strong></span> <span class='ocrx_word' id='word_1_846' title='bbox 3046 5071 3094 5107; x_wconf 81' lang='grc' dir='ltr'><strong>υ.</strong></span> <span class='ocrx_word' id='word_1_847' title='bbox 3128 5055 3240 5126; x_wconf 74' lang='grc'><strong>1⁸5).</strong></span> <span class='ocrx_word' id='word_1_848' title='bbox 3278 5054 3559 5124; x_wconf 69' lang='lat' dir='ltr'><strong>Propheta:</strong></span> 
     </span>
    </p>
   </div>
   <div class='ocr_carea' id='block_1_110' title="bbox 1954 5145 3557 5219">
    <p class='ocr_par' dir='ltr' id='par_1_110' title="bbox 1954 5145 3557 5219">
     <span class='ocr_line' id='line_1_110' title="bbox 1954 5145 3557 5219; baseline -0.001 -20"><span class='ocrx_word' id='word_1_849' title='bbox 1954 5164 2166 5219; x_wconf 86' lang='lat' dir='ltr'><strong>quoque</strong></span> <span class='ocrx_word' id='word_1_850' title='bbox 2203 5158 2487 5216; x_wconf 89' lang='lat' dir='ltr'><strong>utrumque</strong></span> <span class='ocrx_word' id='word_1_851' title='bbox 2513 5145 2797 5198; x_wconf 79' lang='lat' dir='ltr'><strong>adventum</strong></span> <span class='ocrx_word' id='word_1_852' title='bbox 2823 5155 3156 5200; x_wconf 86' lang='lat' dir='ltr'><strong>memorant:</strong></span> <span class='ocrx_word' id='word_1_853' title='bbox 3190 5156 3351 5216; x_wconf 83' lang='lat' dir='ltr'><strong>atque</strong></span> <span class='ocrx_word' id='word_1_854' title='bbox 3381 5147 3557 5212; x_wconf 74' lang='lat' dir='ltr'><strong>unius,</strong></span> 
     </span>
    </p>
   </div>
   <div class='ocr_carea' id='block_1_111' title="bbox 1955 5237 3558 5307">
    <p class='ocr_par' dir='ltr' id='par_1_111' title="bbox 1955 5237 3558 5307">
     <span class='ocr_line' id='line_1_111' title="bbox 1955 5237 3558 5307; baseline 0 -16"><span class='ocrx_word' id='word_1_855' title='bbox 1955 5241 2044 5307; x_wconf 90' lang='lat' dir='ltr'><strong>qui</strong></span> <span class='ocrx_word' id='word_1_856' title='bbox 2076 5239 2344 5294; x_wconf 89' lang='lat' dir='ltr'><strong>secundus</strong></span> <span class='ocrx_word' id='word_1_857' title='bbox 2387 5247 2490 5303; x_wconf 89' lang='lat' dir='ltr'><strong>est,</strong></span> <span class='ocrx_word' id='word_1_858' title='bbox 2526 5253 2913 5307; x_wconf 66' lang='lat' dir='ltr'><strong>praeeursorem</strong></span> <span class='ocrx_word' id='word_1_859' title='bbox 2944 5237 3124 5293; x_wconf 88' lang='lat' dir='ltr'><strong>dicunt</strong></span> <span class='ocrx_word' id='word_1_860' title='bbox 3174 5237 3408 5292; x_wconf 86' lang='lat' dir='ltr'><strong>futurum</strong></span> <span class='ocrx_word' id='word_1_861' title='bbox 3439 5247 3558 5291; x_wconf 72' lang='lat' dir='ltr'><strong>e—Sse</strong></span> 
     </span>
    </p>
   </div>
   <div class='ocr_carea' id='block_1_112' title="bbox 1955 5328 3557 5397">
    <p class='ocr_par' dir='ltr' id='par_1_112' title="bbox 1955 5328 3557 5397">
     <span class='ocr_line' id='line_1_112' title="bbox 1955 5328 3557 5397; baseline -0.001 -14"><span class='ocrx_word' id='word_1_862' title='bbox 1955 5329 2144 5383; x_wconf 77' lang='lat' dir='ltr'><strong>Eliam.</strong></span> <span class='ocrx_word' id='word_1_863' title='bbox 2169 5330 2370 5383; x_wconf 77' lang='lat' dir='ltr'><strong>Prioris</strong></span> <span class='ocrx_word' id='word_1_864' title='bbox 2396 5344 2527 5384; x_wconf 85' lang='lat' dir='ltr'><strong>vero</strong></span> <span class='ocrx_word' id='word_1_865' title='bbox 2550 5328 2914 5393; x_wconf 83' lang='lat' dir='ltr'><strong>fuitJoanncs,</strong></span> <span class='ocrx_word' id='word_1_866' title='bbox 2938 5328 3357 5397; x_wconf 79' lang='lat' dir='ltr'><strong>quemChristus</strong></span> <span class='ocrx_word' id='word_1_867' title='bbox 3387 5329 3557 5384; x_wconf 66' lang='lat' dir='ltr'><strong>Elian:</strong></span> 
     </span>
    </p>
   </div>
   <div class='ocr_carea' id='block_1_113' title="bbox 1956 5419 3560 5492">
    <p class='ocr_par' dir='ltr' id='par_1_113' title="bbox 1956 5419 3560 5492">
     <span class='ocr_line' id='line_1_113' title="bbox 1956 5419 3560 5492; baseline 0.002 -20"><span class='ocrx_word' id='word_1_868' title='bbox 1956 5423 2175 5477; x_wconf 69' lang='lat' dir='ltr'><strong>vocabat</strong></span> <span class='ocrx_word' id='word_1_869' title='bbox 2209 5442 2220 5474; x_wconf 90' lang='lat'>:</span> <span class='ocrx_word' id='word_1_870' title='bbox 2267 5439 2371 5475; x_wconf 91' lang='lat' dir='ltr'><strong>non</strong></span> <span class='ocrx_word' id='word_1_871' title='bbox 2417 5423 2555 5491; x_wconf 88' lang='lat' dir='ltr'><strong>quod</strong></span> <span class='ocrx_word' id='word_1_872' title='bbox 2590 5419 2736 5476; x_wconf 85' lang='lat' dir='ltr'><strong>Elias</strong></span> <span class='ocrx_word' id='word_1_873' title='bbox 2769 5430 2933 5481; x_wconf 85' lang='lat' dir='ltr'><strong>esset,</strong></span> <span class='ocrx_word' id='word_1_874' title='bbox 2965 5421 3055 5476; x_wconf 85' lang='lat' dir='ltr'><strong>sed</strong></span> <span class='ocrx_word' id='word_1_875' title='bbox 3085 5423 3226 5492; x_wconf 88' lang='lat' dir='ltr'><strong>quod</strong></span> <span class='ocrx_word' id='word_1_876' title='bbox 3258 5422 3376 5491; x_wconf 79' lang='lat' dir='ltr'><strong>ejus</strong></span> <span class='ocrx_word' id='word_1_877' title='bbox 3406 5426 3560 5476; x_wconf 82' lang='lat' dir='ltr'><strong>mint-</strong></span> 
     </span>
    </p>
   </div>
   <div class='ocr_carea' id='block_1_114' title="bbox 1954 5515 3559 5585">
    <p class='ocr_par' dir='ltr' id='par_1_114' title="bbox 1954 5515 3559 5585">
     <span class='ocr_line' id='line_1_114' title="bbox 1954 5515 3559 5585; baseline 0.001 -17"><span class='ocrx_word' id='word_1_878' title='bbox 1954 5517 2172 5568; x_wconf 78' lang='lat' dir='ltr'><strong>Sterium</strong></span> <span class='ocrx_word' id='word_1_879' title='bbox 2224 5517 2490 5585; x_wconf 81' lang='lat' dir='ltr'><strong>impleret.</strong></span> <span class='ocrx_word' id='word_1_880' title='bbox 2519 5515 2666 5570; x_wconf 88' lang='lat' dir='ltr'><strong>Sicut</strong></span> <span class='ocrx_word' id='word_1_881' title='bbox 2698 5516 2839 5570; x_wconf 85' lang='lat' dir='ltr'><strong>enim</strong></span> <span class='ocrx_word' id='word_1_882' title='bbox 2875 5516 2963 5568; x_wconf 89' lang='lat' dir='ltr'><strong>ille</strong></span> <span class='ocrx_word' id='word_1_883' title='bbox 3006 5531 3304 5583; x_wconf 73' lang='lat' dir='ltr'><strong>prtecursor</strong></span> <span class='ocrx_word' id='word_1_884' title='bbox 3344 5517 3446 5570; x_wconf 80' lang='lat' dir='ltr'><strong>erit</strong></span> <span class='ocrx_word' id='word_1_885' title='bbox 3477 5533 3559 5570; x_wconf 82' lang='lat' dir='ltr'><strong>se.—</strong></span> 
     </span>
    </p>
   </div>
   <div class='ocr_carea' id='block_1_115' title="bbox 1955 5606 3557 5676">
    <p class='ocr_par' dir='ltr' id='par_1_115' title="bbox 1955 5606 3557 5676">
     <span class='ocr_line' id='line_1_115' title="bbox 1955 5606 3557 5676; baseline -0.002 -15"><span class='ocrx_word' id='word_1_886' title='bbox 1955 5608 2109 5661; x_wconf 81' lang='lat' dir='ltr'><strong>cuntli</strong></span> <span class='ocrx_word' id='word_1_887' title='bbox 2140 5606 2418 5665; x_wconf 80' lang='lat' dir='ltr'><strong>adventus.</strong></span> <span class='ocrx_word' id='word_1_888' title='bbox 2446 5608 2513 5659; x_wconf 86' lang='lat' dir='ltr'><strong>ita</strong></span> <span class='ocrx_word' id='word_1_889' title='bbox 2544 5618 2596 5660; x_wconf 87' lang='lat' dir='ltr'><strong>et</strong></span> <span class='ocrx_word' id='word_1_890' title='bbox 2624 5607 2708 5660; x_wconf 86' lang='lat' dir='ltr'><strong>hic</strong></span> <span class='ocrx_word' id='word_1_891' title='bbox 2736 5608 2930 5676; x_wconf 76' lang='lat' dir='ltr'><strong>prioris</strong></span> <span class='ocrx_word' id='word_1_892' title='bbox 2960 5607 3078 5660; x_wconf 82' lang='lat' dir='ltr'><strong>fuit.</strong></span> <span class='ocrx_word' id='word_1_893' title='bbox 3103 5607 3205 5662; x_wconf 88' lang='lat' dir='ltr'><strong>Sed</strong></span> <span class='ocrx_word' id='word_1_894' title='bbox 3239 5609 3429 5661; x_wconf 70' lang='lat' dir='ltr'><strong>scribo;</strong></span> <span class='ocrx_word' id='word_1_895' title='bbox 3462 5608 3496 5659; x_wconf 79' lang='lat' dir='ltr'><strong>is</strong></span> <span class='ocrx_word' id='word_1_896' title='bbox 3533 5621 3557 5658; x_wconf 67' lang='grc' dir='ltr'>ε</span> 
     </span>
    </p>
   </div>
   <div class='ocr_carea' id='block_1_116' title="bbox 1952 5699 3558 5768">
    <p class='ocr_par' dir='ltr' id='par_1_116' title="bbox 1952 5699 3558 5768">
     <span class='ocr_line' id='line_1_116' title="bbox 1952 5699 3558 5768; baseline -0.002 -14"><span class='ocrx_word' id='word_1_897' title='bbox 1952 5699 2356 5756; x_wconf 82' lang='lat' dir='ltr'><strong>confundentes.</strong></span> <span class='ocrx_word' id='word_1_898' title='bbox 2380 5700 2738 5768; x_wconf 79' lang='lat' dir='ltr'><strong>populumque</strong></span> <span class='ocrx_word' id='word_1_899' title='bbox 2766 5710 3153 5768; x_wconf 70' lang='lat' dir='ltr'><strong>pervertentcs,</strong></span> <span class='ocrx_word' id='word_1_900' title='bbox 3176 5701 3314 5754; x_wconf 65' lang='lat' dir='ltr'><strong>illius</strong></span> <span class='ocrx_word' id='word_1_901' title='bbox 3335 5713 3558 5768; x_wconf 72' lang='lat' dir='ltr'><strong>tantum,</strong></span> 
     </span>
    </p>
   </div>
   <div class='ocr_carea' id='block_1_117' title="bbox 2020 5876 3191 5945">
    <p class='ocr_par' dir='ltr' id='par_1_117' title="bbox 2020 5876 3191 5945">
     <span class='ocr_line' id='line_1_117' title="bbox 2020 5876 3191 5945; baseline 0.001 -17"><span class='ocrx_word' id='word_1_902' title='bbox 2020 5881 2033 5912; x_wconf 82' lang='grc'>⁸</span> <span class='ocrx_word' id='word_1_903' title='bbox 2073 5877 2181 5928; x_wconf 86' lang='lat' dir='ltr'><strong>Duo</strong></span> <span class='ocrx_word' id='word_1_904' title='bbox 2207 5885 2333 5934; x_wconf 64' lang='grc' dir='ltr'><strong>διες..</strong></span> <span class='ocrx_word' id='word_1_905' title='bbox 2360 5886 2405 5928; x_wconf 78' lang='lat' dir='ltr'><strong>et</strong></span> <span class='ocrx_word' id='word_1_906' title='bbox 2430 5876 2689 5928; x_wconf 75' lang='lat' dir='ltr'><strong>ademtam</strong></span> <span class='ocrx_word' id='word_1_907' title='bbox 2714 5880 2882 5943; x_wconf 60' lang='grc' dir='ltr'><strong>ρων-ειν</strong></span> <span class='ocrx_word' id='word_1_908' title='bbox 2902 5879 3064 5945; x_wconf 69' lang='lat' dir='ltr'><strong>magni</strong></span> <span class='ocrx_word' id='word_1_909' title='bbox 3095 5880 3191 5930; x_wconf 72' lang='lat' dir='ltr'><strong>Dei.</strong></span> 
     </span>
    </p>
   </div>
  </div>
