4186 6490
321 427 414 486 {ibi

319 542 427 594 duo
464 538 838 607 evangelista;
890 532 1099 587 Marcus
1136 528 1353 600 quidem
1382 528 1552 583 dicit:
1592 524 1906 597 Ignorabant

319 631 543 695 verbum,
576 644 667 681 nec
694 626 806 680 ausi
830 633 944 678 sunt
970 621 1119 677 illum
1142 623 1451 689 interrogare
1480 618 1675 689 (Marc.
1704 616 1756 672 9.
1791 614 1906 679 δεμ

322 723 490 779 Lucas
533 735 664 776 Vero
710 737 721 772 :
756 716 883 771 Erat
919 714 1267 770 absconditum
1309 715 1372 767 ab
1402 714 1473 766 eis
1501 751 1515 774 ,
1566 728 1628 764 ne
1671 710 1909 762 sentirent

322 816 467 869 illud.
498 829 589 865 nec
617 811 729 863 ausi
749 820 865 864 sunt
886 824 999 861 eum
1027 808 1343 876 interrogare
1367 808 1501 857 circa
1530 804 1727 857 verbum
1756 800 1904 865 (Luc.

321 905 372 960 9.
400 902 521 970 45).
566 901 654 956 14.
704 900 827 955 Cum
857 899 1101 951 venissent
1139 906 1305 951 autem
1335 896 1403 949 ad
1444 895 1673 960 turbant,
1704 892 1909 945 accessit

322 992 387 1044 ad
424 1008 539 1045 eum
566 991 715 1045 homo
739 1007 869 1060 genu
899 990 1103 1056 ﬂectens
1149 998 1265 1041 ante
1290 1003 1403 1040 eum
1426 1027 1440 1052 ,
1481 995 1526 1038 et
1547 986 1718 1037 dicens
1750 998 1769 1035 :
1807 981 1909 1035 Do-

311 1085 473 1147 mine,
497 1083 729 1138 miserere
751 1081 859 1147 ﬁlio
882 1095 1013 1143 meoIl
1045 1079 1283 1145 quoniam
1319 1078 1568 1131 lunaticus
1589 1085 1680 1140 est,
1708 1083 1755 1127 et
1779 1074 1911 1126 male

319 1183 535 1243 patitur.
566 1171 718 1241 δέρρει
744 1172 875 1223 enim
901 1170 1038 1223 cadit
1072 1171 1123 1223 in
1152 1170 1340 1239 ignem,
1374 1179 1420 1222 et
1445 1184 1579 1236 ηερε
1603 1168 1656 1220 in
1682 1182 1866 1235 aquam
1891 1181 1909 1217 :

326 1265 417 1319 15.
452 1272 500 1315 et
529 1262 687 1315 obtuli
715 1279 825 1314 eum
853 1260 1116 1333 discipulis
1142 1263 1239 1314 tuis
1257 1301 1273 1327 ,
1302 1270 1349 1314 et
1382 1276 1481 1313 non
1505 1268 1907 1329 potueruntnon

318 1338 520 1410 εἶιναι-ε.
546 1354 699 1408 Hunc
726 1354 995 1410 hominem
1027 1353 1182 1407 valde
1214 1353 1264 1406 in
1295 1351 1397 1407 ﬁde
1426 1352 1695 1405 inﬁrmum
1723 1358 1906 1403 osten-

318 1448 394 1502 dit
424 1446 699 1518 Scriptura
736 1465 749 1499 :
792 1446 841 1499 id
882 1445 1022 1515 quod
1066 1461 1128 1500 ex
1175 1445 1355 1505 multis
1384 1444 1557 1514 palam
1602 1453 1683 1497 est
1733 1463 1745 1497 :
1797 1452 1905 1495 tum

318 1537 461 1607 quod
502 1536 749 1596 Christus
787 1536 967 1600 dicat,
1015 1533 1202 1591 Omnia
1246 1536 1504 1604 possibilia
1532 1544 1648 1588 sunt
1688 1534 1908 1589 credenti

322 1626 520 1697 (Marc.
551 1627 604 1682 9.
628 1625 725 1680 Ἡ.
747 1627 839 1694 ‘25)
872 1644 887 1689 ;
914 1636 1021 1679 tum
1049 1626 1192 1695 quod
1225 1627 1269 1680 is
1300 1628 1385 1695 qui
1413 1626 1673 1690 accessit,
1724 1624 1866 1678 dicat
1892 1664 1907 1685 ,

326 1719 533 1787 Adjuva
563 1718 963 1772 incredulitatem
994 1735 1152 1771 meam
1180 1734 1199 1782 ;
1243 1718 1349 1771 imo
1377 1718 1534 1771 etiam
1566 1732 1629 1772 ex
1672 1732 1737 1771 eo
1766 1715 1909 1785 quod

321 1812 569 1867 Christus
594 1812 822 1866 dzemoni
870 1811 1183 1881 praecipiat,
1226 1826 1293 1866 ne
1323 1811 1457 1864 ultra
1484 1814 1645 1865 intret
1674 1812 1727 1864 in
1749 1824 1906 1872 eum;

321 1921 384 1959 ac
414 1920 628 1959 rursum
656 1946 671 1970 ,
717 1905 859 1975 quod
889 1907 1048 1958 homo
1080 1904 1167 1958 ille
1192 1902 1405 1957 Christo
1435 1904 1574 1957 dicat
1601 1945 1613 1966 ,
1658 1901 1718 1955 Si
1747 1910 1905 1972 potes.

324 1999 400 2051 Ac
426 1995 635 2062 inquies
660 2037 673 2057 ,
700 1996 744 2051 si
776 1996 919 2049 illius
950 1995 1292 2049 incredulitas
1320 1996 1371 2047 in
1398 2009 1556 2049 causa
1595 1993 1720 2056 fuit,
1768 1991 1908 2064 quod

321 2086 535 2140 daemon
562 2101 668 2140 non
693 2085 905 2150 exierit,
930 2100 1026 2139 cur
1045 2095 1261 2142 accusat
1286 2085 1618 2155 discipulos?
1641 2084 1706 2140 Ut
1732 2094 1912 2145 osten-

324 2176 411 2230 dat
441 2191 535 2235 eos
562 2190 717 2244 posse
749 2218 764 2241 ,
816 2176 1025 2230 etiamsi
1072 2190 1231 2231 nemo
1317 2191 1444 2233 cum
1486 2176 1591 2232 (ide
1629 2177 1900 2246 adducat,

325 2281 499 2335 a-gros
524 2280 733 2319 curare.
770 2264 836 2324 Ut
880 2265 1023 2319 enim
1067 2280 1210 2333 saape
1250 2264 1557 2319 accedentis
1600 2264 1733 2319 ﬁdes
1779 2264 1911 2320 satis

339 2359 430 2410 fuit
465 2358 530 2417 ad
577 2358 838 2428 postulata
863 2358 948 2414 vel
978 2374 1007 2411 a
1036 2357 1330 2411 minoribus
1360 2356 1688 2426 impetranda
1713 2396 1729 2422 ,
1761 2357 1837 2411 sic
1860 2366 1913 2409 et

328 2450 600 2517 operantis
623 2464 766 2517 saepe
789 2450 956 2505 virtus
983 2448 1079 2501 fuit
1100 2447 1250 2511 satis,
1274 2447 1767 2503 sineaccedentium
1787 2446 1909 2509 ﬁde,

329 2541 394 2593 ad
422 2540 673 2596 miracula
722 2540 996 2610 patranda.
1032 2540 1157 2593 l|:cc
1182 2540 1340 2593 ambo
1393 2539 1443 2591 in
1487 2537 1776 2607 Scripturis
1820 2548 1913 2591 uc-

332 2641 696 2685 monstrautur
724 2650 737 2687 :
767 2630 1045 2685 Cornelius
1074 2631 1215 2685 enim
1256 2630 1369 2689 sola
1402 2629 1504 2686 ﬁde
1535 2630 1757 2700 gratiam
1789 2629 1912 2699 Spi-

333 2720 467 2781 ritus
486 2722 707 2776 attraxit
729 2720 866 2785 (Act.
891 2722 980 2790 10)
1016 2741 1029 2776 ;
1063 2724 1130 2776 ab
1151 2720 1367 2786 Elisaao,
1394 2722 1609 2775 nomine
1640 2720 1912 2781 credente,
1942 2743 1963 2769 ο

334 2821 587 2867 mortuus
621 2815 918 2869 suscitatus
940 2828 1021 2869 est
1040 2815 1113 2882 (4.
1138 2813 1261 2884 Reg.
1280 2815 1361 2867 15.
1383 2812 1496 2873 9.1).
1517 2812 1648 2865 Nam
1674 2815 1764 2881 qui
1789 2829 1914 2879 pro-

326 2898 560 2968 jeci'rant
586 2941 602 2965 ,
655 2917 757 2954 non
786 2918 846 2954 ex
880 2902 1010 2966 title,
1040 2903 1132 2957 sed
1165 2904 1233 2955 ob
1261 2914 1459 2959 mentm
1493 2914 1693 2960 temere
1736 2906 1913 2974 proje-

336 3001 524 3045 cerunt
547 3034 561 3056 ,
589 3003 643 3047 et
672 2992 961 3061 periculum
1008 3002 1307 3049 metuentes
1353 2995 1596 3065 fugerunt
1630 3014 1643 3049 :
1687 2997 1731 3051 is
1762 2999 1872 3067 ipse
1896 3040 1911 3062 ,

330 3083 416 3153 qui
451 3084 717 3153 projectus
744 3085 840 3139 fuit
868 3128 882 3150 ,
914 3095 1155 3144 mortuus
1178 3097 1293 3144 erat
1318 3130 1331 3153 ,
1371 3106 1542 3159 exque
1572 3091 1684 3144 sola
1719 3092 1913 3148 virtute

333 3177 467 3228 sacri
496 3178 759 3243 corporis,
793 3189 1031 3232 mortuus
1062 3182 1375 3235 resurrexit.
1407 3180 1557 3237 Unde
1584 3184 1757 3249 palam
1790 3194 1909 3250 est,

330 3265 616 3334 discipulos
645 3268 936 3321 imbecillos
958 3268 1160 3333 fuisse;
1194 3280 1244 3325 at
1283 3286 1387 3327 non
1414 3287 1636 3327 omnes:
1670 3289 1790 3328 nam
1822 3290 1908 3329 co-

331 3356 523 3414 lumna:
551 3358 656 3413 illa:
686 3376 789 3413 nou
820 3359 1059 3414 aderant.

412 3527 463 3581 5.
503 3528 606 3583 Sed
643 3529 855 3585 aliunde
886 3534 1005 3586 vide
1044 3528 1274 3590 hominis
1332 3538 1755 3611 impudentiam,
1785 3557 1919 3610 quo-

342 3620 505 3675 modo
547 3622 597 3675 in
638 3636 927 3693 conspectu
971 3628 1138 3680 turba:
1183 3628 1364 3682 Jesnm
1418 3641 1689 3697 precetur,
1738 3644 1920 3686 contra

341 3714 633 3784 discipulos
671 3717 890 3785 loquens
922 3737 935 3773 :
974 3734 1095 3772 nam
1143 3721 1259 3774 ait:
1303 3722 1464 3775 Attuli
1504 3740 1617 3775 eum
1662 3726 1924 3791 discipulis

341 3807 457 3865 tuis.
491 3817 537 3859 et
566 3824 664 3861 non
698 3819 961 3874 potuerunt
986 3826 1099 3862 eum
1127 3827 1322 3865 curare.
1356 3811 1459 3867 Sed
1486 3812 1728 3869 Christus
1758 3816 1921 3870 disci-

342 3898 495 3965 pulos
522 3913 645 3951 suos
678 3898 849 3967 palam
879 3914 1139 3955 excusans
1161 3943 1173 3965 ,
1202 3902 1458 3970 majorem
1486 3906 1560 3959 illi
1585 3908 1794 3976 culpam
1828 3910 1917 3961 tri-

340 3987 449 4040 buit
470 4027 484 4050 ,
517 3987 698 4042 dicens
726 4007 738 4041 :
771 3988 857 4043 lli.
894 3988 936 4042 0
979 3992 1232 4059 generatio
1272 3994 1533 4049 incredula
1573 4008 1617 4051 et
1649 4015 1877 4067 perversa
1903 4044 1917 4065 ,

338 4094 590 4146 usquequo
619 4078 870 4133 vobiscum
890 4097 974 4134 ero
991 4082 1015 4134 .9
1031 4098 1133 4137 non
1165 4082 1306 4139 hunc
1331 4086 1503 4145 solum
1525 4087 1827 4156 alloquitur,
1857 4106 1922 4145 ne

338 4168 575 4223 turbaret
602 4185 743 4231 eum,
768 4170 860 4223 sed
890 4181 942 4225 et
972 4186 1158 4226 omnes
1186 4173 1419 4229 ludasos.
1450 4176 1640 4230 Multos
1670 4180 1811 4233 enim
1844 4182 1917 4232 ol-

336 4258 516 4311 fensos
541 4260 700 4314 luisse
725 4262 1010 4317 verisimile
1031 4272 1144 4327 est,
1178 4264 1418 4334 tnaleque
1441 4265 1507 4320 de
1528 4266 1801 4335 discipulis
1832 4287 1921 4323 su-

336 4349 567 4416 spicatos
607 4364 745 4405 esse.
786 4351 919 4405 Cum
950 4363 1126 4407 autem
1157 4354 1321 4420 dicit,
1358 4355 1626 4427 Usquequo
1670 4360 1919 4414 vobiscum

336 4457 419 4493 ero
443 4441 469 4493 .’
499 4441 731 4495 ostendit
758 4452 1010 4510 quantum
1043 4457 1269 4501 mortem
1306 4457 1535 4517 optaret,
1566 4459 1618 4504 et
1646 4451 1919 4507 desidera—

336 4541 415 4584 ret
442 4532 562 4585 hinc
584 4534 809 4603 migrare
835 4552 847 4594 :
873 4536 1076 4607 sibique
1106 4555 1210 4592 non
1238 4540 1490 4611 cruciﬁgi,
1520 4542 1613 4596 sed
1636 4560 1756 4599 cum
1791 4546 1917 4614 ipsis

333 4624 532 4676 versari
566 4626 844 4679 molestum
875 4644 1014 4683 esse.
1046 4629 1153 4684 Nec
1176 4640 1457 4687 contentus
1488 4635 1779 4699 incusasse.
1804 4640 1875 4691 ait
1901 4657 1911 4690 :

336 4712 523 4781 A/ferte
548 4717 648 4768 huc
672 4717 835 4783 ipsum
857 4721 922 4770 ad
949 4737 1025 4773 me
1044 4736 1061 4784 ;
1092 4721 1485 4792 interrogatque
1516 4724 1685 4789 illum,
1716 4739 1915 4796 quanto

334 4811 574 4874 tetupore
602 4806 849 4861 detentus
878 4821 1041 4875 esset,
1070 4819 1119 4863 et
1148 4809 1435 4881 discipulos
1459 4831 1738 4881 excusans,
1770 4830 1820 4872 et
1855 4820 1918 4873 il-

332 4896 438 4949 lum
471 4898 523 4950 in
548 4912 697 4966 spem
726 4898 916 4954 bonum
947 4915 1128 4970 agens,
1164 4911 1221 4955 ut
1247 4902 1507 4966 crederet,
1537 4921 1596 4959 se
1623 4922 1652 4960 a
1682 4908 1821 4962 malo
1850 4910 1913 4963 li-

331 4984 648 5041 berandum.
676 4989 849 5057 ipsum
878 5006 1006 5045 vero
1036 4992 1262 5061 discerpi
1295 4995 1421 5049 sinit
1446 5038 1459 5059 ,
1493 5013 1601 5052 non
1631 5000 1695 5053 ad
1728 5012 1911 5056 osten-

331 5071 581 5131 tationem
603 5078 745 5148 (quia
763 5082 901 5135 enim
920 5084 1069 5137 turba
1088 5084 1406 5152 conﬂuebat,
1427 5087 1635 5157 increpa
1649 5092 1722 5145 vit
1741 5094 1910 5165 eunt),

328 5164 422 5220 sed
450 5179 666 5237 propter
696 5169 866 5239 ipsum
894 5182 1131 5241 patrem,
1160 5185 1212 5227 ut
1243 5192 1362 5231 cum
1391 5178 1594 5233 videret
1616 5164 1910 5239 daemonem

330 5258 527 5313 turbari
554 5274 620 5313 eo
640 5261 779 5329 quod
810 5261 955 5316 illum
988 5276 1227 5321 vocasset
1254 5309 1266 5329 ,
1295 5269 1371 5322 sic
1396 5268 1582 5323 saltem
1616 5270 1775 5328 futuri
1809 5276 1909 5328 mi-

330 5350 489 5403 raculi
532 5349 689 5405 iidem
726 5353 1044 5423 susciperet.
1083 5356 1345 5423 Quoniam
1386 5375 1511 5415 vero
1544 5360 1679 5416 dixit
1718 5363 1805 5417 ille
1830 5404 1844 5427 ,
1879 5380 1908 5418 a

327 5454 490 5508 puero
514 5452 757 5495 vexatum
780 5457 918 5510 esse,
950 5456 1022 5507 et,
1048 5446 1108 5501 Si
1132 5457 1289 5518 potes,
1313 5449 1498 5519 adjuva
1518 5469 1613 5513 me,
1638 5454 1769 5507 dixit
1795 5454 1906 5521 ille,

328 5529 510 5583 Omnia
535 5531 799 5600 possibilia
825 5545 939 5588 sunt
966 5538 1185 5591 credenti
1212 5538 1401 5606 (Marc.
1432 5540 1485 5595 9.
1512 5541 1722 5613 20-22)
1744 5585 1757 5606 ,
1789 5561 1910 5599 rur-

322 5634 436 5674 sum
479 5622 629 5675 illum
673 5623 979 5694 obiurgans.
1026 5628 1089 5680 Et
1121 5630 1331 5697 quando
1374 5631 1617 5700 leprosus
1645 5634 1811 5701 dixit,
1846 5625 1911 5691 Si

320 5714 409 5776 vis,
440 5722 585 5781 potes
614 5728 694 5765 me
722 5714 967 5767 mundare
995 5714 1143 5785 (Luc.
1174 5717 1227 5773 5.
1262 5718 1347 5772 12.
1380 5719 1499 5792 15),
1528 5722 1643 5792 ejus
1674 5731 1905 5791 potesta-

318 5818 419 5861 tem
454 5807 775 5863 testiﬁcatus
798 5850 812 5873 ,
847 5809 991 5863 illum
1035 5811 1252 5865 laudans
1288 5822 1342 5867 et
1370 5814 1565 5869 dictum
1612 5816 1739 5869 illud
1770 5832 1903 5879 con-

316 5896 538 5954 ﬁrmans
562 5897 719 5965 dixit,
750 5898 896 5966 Volo,
921 5902 1183 5960 mundare.
1209 5904 1429 5971 Quando
1455 5914 1630 5962 autem
1660 5909 1742 5962 hic
1772 5909 1900 5963 nihil

1322 414 1384 469 IN
1425 408 1833 467 MATTHEUM
1873 405 2102 461 llOMIL.
2146 406 2299 459 LVII.
2342 405 2412 458 al.
2459 400 2635 458 LVI".

3508 403 3614 457 582

2018 520 2181 589 ipsius
2212 526 2472 589 potestate
2492 516 2711 586 dignum
2738 514 2964 584 loquens
2985 513 3216 581 dixit,Si
3243 523 3403 584 potes,
3428 516 3617 585 adjuvit

2016 629 2114 677 me,
2140 611 2257 666 vide
2287 609 2553 679 quomodo
2582 608 2731 662 illum
2759 606 3011 677 corrigat,
3046 615 3104 661 ιιι
3124 608 3214 677 qui
3244 618 3429 662 contra
3454 624 3615 679 quam

2019 718 2113 773 par
2142 711 2257 757 erat
2285 702 2611 770 loqueretur.
2646 698 2784 766 Quid
2814 698 2955 752 enim
2984 699 3099 751 ait?
3131 697 3193 753 Si
3223 710 3364 768 poles
3389 700 3612 767 credere,

2017 798 2186 850 omnia
2212 796 2472 866 possibilia
2502 803 2619 847 sunt
2647 792 2910 856 credenti;
2942 790 2991 845 id
3021 800 3135 853 est,
3162 791 3328 845 Tanta
3362 808 3480 848 mea
3510 797 3616 847 vlr-

2019 899 2101 940 tus
2131 897 2250 950 est,
2282 898 2336 940 ut
2365 897 2417 941 et
2447 886 2537 941 alii
2568 900 2689 939 meo
2729 884 2945 938 nomine
2974 883 3180 953 possint
3227 884 3481 937 miracula
3515 900 3613 953 pa-

2016 989 2181 1033 tiare.
2226 979 2409 1047 Itaque
2457 978 2499 1031 si
2550 985 2603 1029 tu
2645 975 2833 1030 credas
2865 984 2921 1029 ut
2965 984 3179 1043 oportet
3207 976 3429 1030 credere
3454 1018 3470 1039 ,
3501 980 3615 1047 ipse

2016 1087 2227 1142 quoque
2257 1086 2445 1126 curare
2475 1080 2627 1139 potes
2655 1080 2705 1123 et
2736 1067 2877 1122 hunc
2901 1079 2956 1123 et
2980 1068 3115 1122 alios
3146 1067 3361 1124 nmltos.
3396 1068 3462 1123 Et
3494 1083 3613 1123 cum

2016 1164 2130 1217 hcce
2156 1163 2395 1226 dixisset,
2426 1161 2813 1215 daemoniacum
2840 1160 3104 1214 liberavit.
3126 1159 3203 1213 Tu
3235 1175 3362 1213 vero
3396 1176 3462 1213 ne
3491 1159 3614 1216 inde

2017 1263 2218 1306 tantum
2236 1252 2352 1320 ejus
2374 1250 2763 1322 providentiam
2780 1260 2834 1304 et
2854 1249 3258 1304 beneﬁcentiam
3278 1248 3612 1315 consideres,

2014 1342 2106 1397 sed
2137 1344 2295 1397 etiam
2326 1358 2388 1396 ex
2413 1342 2505 1395 illo
2538 1351 2779 1411 tempore
2804 1356 2912 1410 quo
2935 1341 3202 1395 concessit
3228 1342 3369 1394 intus
3393 1356 3615 1396 manere

2012 1434 2334 1489 daemonem.
2366 1432 2475 1486 Nisi
2496 1432 2639 1486 enim
2668 1446 2857 1500 magna
2880 1440 3006 1484 tunc
3030 1430 3361 1499 providentia
3388 1430 3477 1485 ille
3499 1444 3616 1486 ser-

2015 1535 2167 1578 vatus
2191 1523 2396 1589 fuisset,
2423 1522 2629 1591 jamdiu
2653 1522 2919 1591 periisset.
2953 1520 3085 1575 Nam
3110 1532 3163 1575 et
3186 1522 3236 1574 in
3267 1522 3439 1590 ignem
3464 1522 3633 1576 illum-

2014 1616 2351 1684 conjiciebat,
2384 1615 2575 1685 inquit,
2606 1624 2660 1669 et
2686 1614 2737 1668 in
2766 1628 2977 1683 aquam.
3006 1613 3105 1680 Qui
3129 1629 3252 1668 vero
3283 1615 3330 1668 id
3358 1614 3617 1682 audebat.

2014 1708 2296 1763 occidisset
2326 1708 2507 1776 utique
2540 1706 2640 1759 nisi
2670 1706 2725 1759 in
2753 1714 2899 1759 tanto
2929 1707 3106 1759 lurore
3134 1704 3343 1759 frenum
3373 1706 3446 1759 illi
3469 1705 3615 1761 Deus

2016 1800 2311 1868 injecisset:
2335 1797 2476 1867 quod
2504 1808 2558 1852 et
2583 1797 2659 1851 illi
2688 1797 2830 1867 passi
2860 1796 3101 1859 fuissent,
3124 1796 3219 1866 ,qui
3249 1797 3373 1849 nudi
3408 1812 3500 1864 per
3521 1796 3615 1851 de-

2015 1900 2155 1943 serta
2178 1887 2488 1952 currebant,
2515 1897 2566 1941 et
2593 1886 2857 1957 lapidibus
2878 1901 2998 1941 sese
3020 1886 3369 1955 impetebant.
3395 1887 3547 1952 Quod
3568 1888 3611 1942 si

2014 1981 2303 2036 lunaticum
2325 1990 2497 2044 vocet,
2522 1996 2589 2035 ne
2617 1979 2847 2034 turberis
2866 1996 2877 2031 :
2899 1994 3021 2032 nam
3046 1979 3125 2033 sic
3148 1987 3301 2033 vocat
3323 1978 3488 2035 lilium
3506 1980 3619 2035 dte-

2016 2074 2245 2127 moniaci
2275 2081 2444 2143 pater.

2086 2164 2323 2217 Lunatici
2348 2180 2439 2215 cur
2464 2162 2535 2215 sic
2564 2160 2707 2218 dicti.
2743 2160 2963 2228 Quidam
2984 2161 3147 2215 sancti
3178 2172 3369 2215 montes
3388 2171 3615 2215 transtu-

2018 2255 2202 2311 lerunt.
2225 2284 2297 2294 —
2319 2252 2427 2309 Cur
2454 2268 2585 2322 ergo
2609 2252 2740 2307 dicit
2761 2252 3109 2322 evangelista,
3141 2252 3319 2319 ipsum
3350 2253 3612 2307 lunaticos

2017 2347 2213 2401 multos
2257 2345 2577 2399 curavisse?
2623 2344 2699 2398 Ex
2746 2344 2889 2413 vulgi
2934 2344 3188 2412 opinione
3227 2344 3306 2399 sic
3352 2343 3611 2413 loquitur.

2019 2439 2235 2492 Dmmon
2262 2439 2456 2507 quippe
2479 2446 2535 2490 ιιι
2559 2437 2658 2491 hoc
2682 2438 3004 2491 elementqu
3023 2436 3400 2499 calumnietur,
3423 2452 3616 2491 secuna

2017 2528 2141 2582 dum
2177 2529 2315 2583 luna:
2340 2543 2556 2584 cursum
2590 2526 2789 2580 invadit
2822 2526 3086 2589 homines,
3120 2535 3175 2581 et
3202 2524 3424 2580 dimittit
3454 2542 3469 2579 :
3502 2542 3613 2583 non

2018 2618 2157 2687 quod
2188 2619 2271 2673 illa
2314 2618 2363 2672 id
2401 2627 2671 2686 operetur,
2700 2617 2838 2671 absit
2867 2634 2881 2679 ;
2915 2616 3007 2671 sed
3041 2616 3090 2670 id
3124 2617 3291 2671 eilicit
3320 2632 3415 2686 per
3441 2615 3608 2671 vafri-

2019 2710 2143 2777 tiem
2181 2708 2390 2763 dannon
2415 2751 2430 2774 ,
2459 2718 2516 2763 ut
2556 2709 2605 2763 id
2643 2709 2911 2763 elemento
2957 2709 3201 2778 imputet.
3236 2709 3467 2779 Ideoque
3500 2711 3616 2766 haec

2020 2802 2146 2855 falsa
2177 2803 2357 2872 opinio
2388 2802 2526 2869 apud
2572 2802 2886 2872 insipientes
2918 2802 3172 2865 invaluit,
3207 2807 3391 2871 sicque
3417 2802 3611 2867 delusi,

2021 2891 2120 2946 hoc
2150 2894 2365 2946 nomine
2390 2892 2665 2947 dwmonas
2708 2892 3010 2959 hujnsmodi
3042 2892 3315 2962 appellant
3346 2912 3358 2948 :
3389 2893 3439 2947 id
3471 2892 3613 2962 quod

2019 2983 2236 3036 minime
2277 2997 2463 3036 verum
2501 2990 2604 3036 est.
2646 2982 2728 3036 l8.
2770 2980 2915 3034 Tunc
2941 2991 3255 3035 accesserunt
3280 2984 3517 3054 discipuli
3545 2986 3615 3043 ad

2017 3090 2127 3124 eum
2154 3083 2362 3138 secreto,
2387 3084 2431 3126 et
2452 3074 2885 3143 interrogaverunt
2913 3088 3048 3137 eum,
3079 3089 3170 3126 cur
3199 3090 3299 3127 non
3332 3076 3614 3143 patuissent

2018 3163 2115 3231 ipsi
2140 3164 2417 3217 dazinonem
2439 3164 2636 3227 ejicere.
2664 3162 2930 3218 Timuisse
2956 3162 3083 3216 mihi
3106 3163 3374 3230 videntur,
3400 3179 3465 3219 uc
3486 3181 3615 3220 cou-

2018 3271 2223 3310 cesSam
2250 3257 2346 3309 sibi
2370 3256 2593 3325 gratiam
2616 3255 2912 3309 amiserint.
2942 3254 3265 3309 PoteSIatcm
3290 3256 3431 3310 enim
3454 3271 3611 3313 πως

2021 3358 2205 3417 perant
2245 3359 2429 3402 contra
2472 3349 2710 3416 impuros
2737 3347 3035 3408 dzemonas.
3086 3346 3210 3403 Ideo
3239 3348 3611 3419 interrogant,

2026 3456 2274 3493 seorsum
2311 3441 2633 3493 accedentes
2656 3481 2670 3505 ,
2704 3454 2811 3492 non
2854 3439 2999 3507 quod
3030 3438 3422 3493 erubescerent
3452 3440 3622 3507 (eum

2023 3531 2192 3597 enim,
2224 3531 2341 3601 ipso
2370 3543 2516 3595 actu,
2543 3530 2928 3603 [impotentia-1
2951 3531 3184 3585 convicti
3216 3530 3472 3596 fuissent,
3507 3547 3622 3593 nou

2024 3634 2142 3676 erat
2165 3624 2277 3691 jam
2304 3640 2401 3678 cur
2432 3624 2481 3677 id
2511 3621 2824 3678 confitendo
2857 3623 3293 3691 erubescerent),
3342 3624 3438 3677 sed
3469 3624 3616 3692 quod

2024 3712 2090 3769 de
2124 3728 2323 3767 arcana
2358 3724 2413 3769 et
2444 3730 2636 3782 magna
2674 3730 2731 3767 re
2768 3714 2919 3766 illum
2966 3721 3153 3767 essent
3200 3712 3612 3782 interrogaturi.

2024 3802 2165 3869 Quid
2209 3805 2376 3875 igitur
2422 3806 2723 3861 Christus?
2774 3804 2867 3860 20.
2921 3804 3151 3874 Propter
3183 3805 3615 3858 incredulitatem

2024 3908 2289 3964 vestram,
2342 3901 2439 3953 ait.
2498 3899 2559 3953 Si
2606 3900 2747 3953 enim
2790 3897 3085 3953 habueritis
3124 3898 3284 3967 ﬁdem
3318 3898 3455 3951 sicut
3492 3914 3619 3968 gra-

2025 4004 2148 4040 num
2203 3991 2404 4059 sinapis
2430 4031 2444 4054 ,
2489 3990 2679 4043 dicetis
2734 3990 2903 4043 monti
2942 3990 3094 4054 huic,
3137 3988 3329 4043 Transi
3360 3990 3514 4054 hinc,
3563 3996 3623 4041 et-

2026 4082 2292 4143 transibit,
2327 4094 2375 4135 et
2409 4082 2541 4134 nihil
2576 4081 2904 4150 impossibile
2941 4081 3084 4135 vobis
3109 4082 3231 4135 erit.
3266 4080 3421 4147 Quod
3458 4080 3501 4135 si
3530 4080 3617 4134 di-

2024 4171 2203 4235 xeris,
2248 4171 2477 4229 Ubinam
2522 4180 2758 4226 montem
2806 4172 3243 4227 transtulerunt?
3281 4172 3455 4228 dicam
3499 4176 3627 4233 illos.

2026 4263 2193 4315 multo
2222 4263 2419 4332 majora
2451 4262 2661 4323 fecisse,
2692 4277 2813 4317 cum
2842 4263 2991 4318 mille
3022 4272 3264 4318 mortuos
3285 4264 3617 4321 suscitarint.

2023 4354 2205 4423 Neque
2244 4355 2383 4421 paris
2429 4354 2704 4423 potestatis
2747 4363 2865 4413 est.
2902 4366 3139 4410 montem
3182 4356 3507 4421 transferre,
3555 4373 3620 4410 ac

2024 4456 2249 4499 morth
2282 4460 2309 4498 a
2343 4461 2566 4514 corpore
2594 4444 2814 4514 pellere.
2847 4444 3075 4500 Narrant
3104 4455 3222 4516 post
3252 4448 3373 4501 illos
3400 4461 3616 4502 sanctos

2022 4535 2278 4603 quosdam
2311 4536 2413 4591 illis
2442 4535 2696 4601 minores,
2730 4544 2939 4589 montes
2970 4538 3288 4591 necessitate
3310 4537 3616 4606 postulante

2025 4627 2379 4686 transtulisse.
2424 4626 2577 4682 Unde
2618 4627 2814 4696 liqueat
2850 4626 2968 4680 illos
3006 4643 3215 4697 quoque
3265 4630 3615 4684 translaturos

2021 4715 2204 4776 fuisse,
2223 4717 2264 4770 si
2291 4716 2338 4769 id
2363 4716 2650 4770 necessitas
2673 4716 3011 4783 postulasset.
3036 4717 3092 4771 Si
3118 4728 3295 4771 autem
3326 4735 3616 4789 numquam

2022 4823 2243 4862 necesse
2286 4808 2463 4871 fuerit,
2504 4822 2571 4861 ne
2614 4822 2806 4877 arguas
2838 4807 2977 4863 illos.
3022 4809 3271 4880 Alioquin
3298 4819 3477 4865 autem
3508 4827 3617 4868 non

2020 4898 2153 4952 dixit
2184 4898 2318 4968 ipse,
2349 4898 2577 4951 Omnino
2605 4898 2969 4961 transferetis,
3006 4899 3098 4953 sed
3129 4943 3138 4955 .
3174 4900 3226 4953 Id
3262 4902 3525 4969 poteritis.
3559 4904 3617 4969 Si,

2020 5007 2180 5060 porro
2225 5007 2329 5050 non
2371 4991 2797 5053 transtulerunt,
2845 5007 2951 5045 non
2996 4992 3136 5062 quod
3187 5004 3301 5047 non‘
3343 5005 3563 5062 possent
3598 5038 3612 5058 ,

2019 5082 2332 5153 (quomodo
2358 5082 2499 5135 enim
2531 5082 2619 5152 qui
2651 5082 2849 5151 majora
2880 5084 3184 5152 possent?)
3216 5084 3311 5139 sed
3337 5085 3479 5155 quod
3512 5102 3615 5139 no-

2017 5176 2212 5231 luerint
2240 5176 2439 5245 absque
2471 5177 2805 5231 necessitate.
2842 5176 3020 5232 Potuit
3043 5178 3205 5233 etiam
3234 5178 3284 5233 id
3310 5180 3568 5236 accidisse
3599 5224 3613 5245 ,

2016 5268 2113 5320 etsi
2157 5268 2413 5338 scriptum
2455 5284 2558 5321 non
2588 5268 2745 5322 fuerit
2770 5284 2784 5333 ;
2818 5285 2989 5339 neque
3013 5272 3155 5327 enim
3180 5272 3359 5327 omnia
3385 5290 3505 5343 qua:
3533 5275 3612 5331 illi

2016 5360 2235 5415 edidere
2262 5360 2513 5415 miracula
2544 5362 2739 5430 scripta
2767 5372 2910 5415 sunt.
2941 5363 3090 5419 Tunc
3120 5379 3280 5433 porro
3308 5366 3474 5421 multo
3512 5367 3611 5422 im-

2016 5450 2363 5520 pertectiores
2396 5461 2569 5507 erant.
2613 5452 2749 5519 Quid
2798 5453 2998 5523 igitur?
3026 5470 3094 5509 an
3136 5456 3371 5513 nondum
3405 5466 3609 5513 tantam

2017 5543 2174 5599 fidem
2214 5542 2516 5598 habebant?
2552 5543 2666 5598 Non
2697 5545 2880 5614 utique
2908 5544 3212 5610 habebant,
3242 5564 3415 5619 neque
3444 5549 3607 5605 iidem

2015 5636 2115 5706 ipsi
2157 5651 2369 5693 semper
2409 5637 2555 5690 fuere
2584 5656 2595 5689 :
2630 5637 3059 5706 quandoquidem
3093 5639 3281 5694 Petrus
3311 5656 3453 5697 nunc
3483 5642 3606 5697 bea-

2014 5736 2098 5782 tus
2128 5728 2466 5798 praedicatur,
2507 5745 2647 5783 nunc
2688 5730 3027 5798 increpatur;
3060 5731 3255 5802 reliqui
3296 5748 3425 5787 vero
3453 5735 3604 5801 quasi

2013 5820 2324 5889 insipientes
2360 5831 2656 5880 arguuntur
2701 5820 2769 5877 ab
2815 5822 2970 5891 ipso,
3015 5823 3155 5891 quod
3202 5824 3508 5893 parabolae!
3536 5823 3607 5878 de

2015 5909 2277 5967 fermento
2305 5927 2412 5971 non
2446 5912 2855 5969 intellexissent.
2903 5913 3138 5987 Contigit
3177 5927 3355 5973 autem
3392 5924 3449 5976 ut
3477 5925 3603 5985 tunc
