4186 6490
319 447 429 503 565

318 560 687 633 cupisteatias
713 572 770 619 et
814 574 1040 617 nauscas
1080 559 1363 615 abstinete.
1422 559 1613 615 Vinum
1658 561 1802 615 enim
1850 560 1919 614 ad

318 654 568 709 Ιωιὶιίιιιι
599 654 781 708 datum
812 663 926 719 est;
970 651 1147 707 Vinum
1168 652 1311 706 enim
1342 650 1567 720 furtiﬁcat
1588 666 1675 704 tor
1702 650 1919 705 beluinis

316 747 497 814 (Paul.
526 747 651 802 I05.
685 746 800 816 15),
828 761 991 816 quam
1013 744 1131 815 cius
1168 745 1417 798 virtutem
1446 757 1541 797 vos
1567 742 1916 798 labefactatus.

310 842 451 905 Quae
478 838 623 891 enim
668 835 851 891 laetitia
874 836 1009 906 eius.
1037 835 1126 905 qui
1161 851 1267 889 non
1295 844 1377 889 est
1404 834 1455 888 in
1491 836 1689 904 seipse.
1719 844 1767 887 et
1792 847 1918 887 sex-

310 928 495 983 centis
531 927 802 982 cruciatur
820 927 1124 991 doloribus.
1150 925 1330 982 omnia
1357 924 1558 980 circum
1587 924 1716 980 ferri
1744 924 1914 989 ridet,

308 1017 656 1086 caligineque
695 1024 1008 1086 occupatur,
1037 1017 1129 1087 qui
1159 1025 1333 1087 egeat,
1367 1015 1590 1085 perinde
1627 1024 1791 1086 atque
1832 1012 1915 1069 fe-

310 1109 652 1175 bricitantes,
693 1117 753 1163 ut
796 1116 957 1179 caput
984 1108 1152 1177 ipsius
1193 1107 1317 1163 oleo
1355 1104 1740 1177 perfundatur?
1789 1103 1917 1160 Haec

309 1214 425 1253 non
469 1199 722 1254 omnibus
763 1198 906 1255 dicta
944 1214 1067 1254 esse
1112 1198 1306 1265 velim,
1330 1199 1439 1253 imo
1482 1196 1731 1252 omnibus
1761 1213 1776 1251 :
1806 1212 1913 1252 non

306 1290 461 1359 quod
506 1304 705 1346 omnes.
745 1291 1080 1347 inebrientur
1106 1307 1123 1345 :
1150 1291 1326 1355 absit;
1356 1290 1451 1346 sed
1485 1290 1607 1361 quia
1635 1289 1911 1345 ebriormn

307 1381 375 1442 ii.
401 1381 493 1456 qui
519 1381 655 1437 ebrii
682 1396 790 1437 non
810 1390 959 1443 sunt.
980 1397 1166 1436 curam
1196 1396 1302 1436 non
1329 1381 1549 1436 habent.
1579 1378 1786 1435 Idcirco
1810 1393 1909 1435 vos

308 1474 495 1541 potius
539 1473 803 1556 alloquor,
852 1474 943 1544 qui
972 1473 1339 1556 sobrii/estis:
1374 1487 1495 1526 nam
1539 1482 1595 1527 et
1640 1471 1906 1538 medicus,

308 1538 532 1635 mgrotis
558 1538 798 1630 omissis,
825 1538 946 1623 illos
970 1566 1063 1637 qui
1089 1538 1307 1635 aegrotis
1328 1565 1567 1622 assident
1595 1564 1905 1634 αιιςκιιιίωτ.

311 1657 427 1711 Vos
469 1657 647 1727 itaque
667 1672 857 1733 precor
879 1668 937 1713 et
958 1672 1077 1722 oro,
1104 1673 1172 1713 ne
1192 1672 1444 1728 umquam
1474 1655 1576 1711 hoc
1599 1656 1788 1711 morbo
1812 1671 1906 1711 ca-

307 1750 558 1820 piamini,
582 1764 785 1821 eosque
804 1736 898 1821 qui
929 1749 1019 1805 illo
1034 1749 1267 1821 con-epti
1293 1757 1440 1814 sunt,
1466 1748 1696 1803 sollicite
1714 1762 1908 1803 eruere

303 1842 531 1909 curetis,
546 1856 615 1897 ne
625 1841 795 1896 brutis
805 1840 1021 1913 pejores
1033 1840 1335 1895 rideantur.
1360 1839 1448 1894 Ilia
1464 1839 1609 1893 enim
1634 1837 1762 1892 nihil
1788 1839 1907 1907 plus

298 1948 475 2001 quam
494 1914 635 2003 opus
659 1942 745 1990 est
760 1941 1045 2004 quaerunt;
1072 1932 1127 1987 bl
1154 1946 1284 1987 vero
1301 1932 1404 1986 illis
1425 1931 1905 1986 irrationabiliores

300 2033 455 2089 Stant,
486 2026 575 2096 qui
615 2024 999 2099 moderationis
1050 2026 1309 2081 terminos
1361 2024 1647 2079 excedunt.
1691 2023 1904 2092 Quanto

298 2115 451 2171 enim
478 2116 667 2173 melior
690 2118 875 2173 asinus
900 2117 1114 2173 ebrioso
1161 2116 1287 2173 est?
1328 2125 1530 2188 quanto
1557 2117 1763 2169 melior
1802 2129 1898 2170 ca-

299 2208 425 2261 nis?
452 2206 580 2263 Nam
609 2207 723 2263 lucc
744 2208 1016 2272 animalia,
1043 2219 1344 2279 caeteraque
1368 2206 1547 2263 omnia
1568 2247 1584 2273 ,
1612 2221 1706 2261 seu
1750 2222 1901 2260 eum-

294 2298 488 2363 edant,
512 2314 607 2355 seu
632 2299 834 2366 bibant,
858 2302 1142 2356 terminum
1162 2310 1378 2368 norunt,
1396 2314 1570 2369 neque
1587 2299 1722 2354 ultra
1739 2308 1899 2369 quam

294 2391 435 2443 satis
460 2399 544 2446 est
587 2391 879 2461 procedunt
914 2390 1163 2447 :etiamsi
1195 2393 1337 2445 enim
1384 2390 1623 2445 sexcenti
1658 2388 1901 2445 homines

289 2491 577 2550 urgerent,
620 2496 727 2536 non
756 2482 1027 2538 excedent
1072 2498 1345 2552 umquam.
1400 2481 1511 2536 llac
1556 2496 1684 2549 ergo
1739 2480 1790 2534 in
1840 2470 1900 2535 re

298 2572 479 2628 brutis
528 2573 827 2631 deteriores
880 2574 1045 2639 estis;
1073 2591 1179 2630 non
1229 2574 1367 2645 apud
1396 2574 1593 2629 mentis
1619 2583 1899 2645 compotes

289 2661 508 2729 solum;
538 2663 633 2721 sed
684 2664 845 2720 etiam
890 2664 1033 2736 apud
1089 2679 1186 2721 vos
1235 2666 1400 2735 ipsos.
1446 2664 1599 2733 Quod
1630 2664 1775 2719 enim
1803 2678 1898 2719 vos

291 2754 523 2810 canibus
546 2764 600 2811 et
624 2755 792 2812 asinis
817 2755 1118 2814 deteriores
1142 2757 1398 2827 iudicetis
1424 2756 1549 2811 hinc
1579 2756 1754 2827 palam
1786 2768 1891 2824 est,

287 2844 443 2916 quod
488 2846 737 2903 animalia
776 2846 923 2903 isttec
966 2856 1255 2918 numquam
1295 2862 1459 2917 cogas
1494 2847 1628 2903 ultra
1678 2846 1893 2902 modum

285 2936 476 2992 cibum
506 2951 718 2993 sumere
743 2954 760 3004 ;
782 2946 838 2995 et
866 2938 912 2994 si
933 2938 1055 3011 quis
1091 2939 1185 2994 tibi
1223 2938 1446 3007 dixerit,
1468 2938 1581 2995 Cur
1621 2938 1769 2995 hoc?
1816 2938 1895 2995 Ne

286 3025 486 3081 lautam
516 3027 604 3083 illa
632 3067 647 3091 ,
677 3028 888 3100 inquies
919 3046 935 3085 :
965 3029 1059 3085 tibi
1084 3043 1215 3086 vero
1244 3043 1351 3084 non
1382 3027 1496 3099 pari
1526 3028 1735 3083 ratione
1771 3043 1895 3099 pro-

289 3116 471 3174 vides.
519 3117 610 3175 Sic
659 3127 715 3175 te
760 3119 868 3176 illis
912 3120 1154 3177 viliorem
1180 3134 1304 3176 esse
1347 3129 1523 3190 putas.
1558 3128 1715 3189 teque
1742 3119 1892 3175 hisee

285 3208 546 3266 ﬂuctibus
570 3211 827 3283 agitatum
857 3213 1099 3284 negligis.
1150 3211 1285 3268 Nam
1331 3226 1437 3267 non
1479 3210 1640 3265 modo
1669 3224 1771 3281 qua
1803 3210 1891 3266 die

283 3300 476 3355 ebrius
501 3317 581 3369 es,
611 3302 811 3360 damno
860 3304 1109 3368 afﬁceris,
1138 3302 1233 3359 sed
1286 3303 1588 3374 insequenti
1638 3317 1886 3374 quoque;

283 3404 360 3444 ac
378 3390 510 3446 sicut
529 3402 774 3450 cessante
798 3392 965 3460 febre,
994 3404 1176 3450 manet
1198 3402 1375 3450 tamen
1406 3394 1650 3463 quaedam
1668 3408 1733 3449 ex
1754 3393 1888 3450 febri

284 3482 555 3551 :I-gritudo
596 3500 611 3537 :
660 3485 740 3539 sic
776 3499 1000 3543 excussa
1046 3484 1328 3551 ebrietate,
1374 3485 1647 3541 fluctuatio
1706 3495 1885 3540 tamen

285 3572 538 3642 (laedam
579 3582 745 3631 restat
774 3584 830 3632 et
854 3578 907 3631 in
937 3578 1119 3634 animo
1156 3585 1214 3633 et
1242 3577 1295 3633 in
1346 3591 1607 3647 corpore;
1630 3578 1885 3633 miserum

1296 443 1801 519 INMATTHEL’M
1843 444 2070 503 IIOMIL.
2114 446 2292 505 ωήι.
2334 453 2404 510 al.
2447 453 2579 513 [ΛΚ.

3528 460 3631 516 566

2028 575 2223 632 corpus
2247 561 2390 632 iacet
2428 566 2751 635 resolutum,
2783 575 2839 623 ut
2884 578 3004 638 post
3052 567 3395 639 nauli-«gina:
3424 574 3575 627 navis
3611 590 3627 626 :

2026 666 2257 715 corpore
2283 655 2530 712 miserior
2549 660 2748 722 anima,
2773 660 2959 724 etiam,
2987 660 3226 714 "soluto
3268 661 3382 728 illo,
3414 669 3625 734 tempe-

2026 756 2220 801 statem
2251 748 2470 815 excitat,
2499 758 2557 805 et
2577 751 2924 822 cupiditatem
2949 752 3216 819 incendit;
3243 769 3308 809 ac
3327 767 3450 810 cum
3472 756 3623 811 video

2028 847 2121 893 tur
2140 852 2354 907 sapere,
2379 848 2507 894 tunc
2533 842 2764 904 maxime
2786 843 3003 909 insanit,
3038 844 3245 912 vinum,
3274 846 3440 914 dolia,
3471 847 3624 919 phia-

2019 925 2120 994 las,
2147 931 2467 989 craterasjn
2492 930 2871 1002 imaginatione
2915 949 3138 990 versans
3181 954 3196 992 :
3227 947 3283 993 et
3314 940 3457 995 sicut
3508 952 3625 1009 post

2019 1027 2392 1089 tempestatem
2437 1033 2618 1079 manet
2647 1023 2822 1094 ipsum
2855 1026 3193 1095 tempestatis
3214 1028 3472 1085 damnum
3505 1050 3519 1085 :
3552 1034 3624 1088 ita

2018 1120 2073 1165 et
2117 1120 2240 1182 post
2287 1112 2606 1170 ebrietatem
2637 1131 2653 1169 :
2681 1129 2747 1172 ac
2784 1116 3243 1187 quemadmodum
3276 1120 3385 1176 illic
3414 1138 3624 1179 merces

2011 1201 2402 1272 iactantur,sic
2454 1205 2506 1261 in
2564 1206 2829 1264 ebrietate
2856 1208 3069 1280 jactura
3113 1211 3174 1267 fit
3198 1214 3439 1271 omnium
3486 1231 3626 1287 penu

2014 1293 2298 1351 bonorum.
2328 1296 2385 1352 Si
2407 1299 2790 1356 continentiam
2816 1302 3102 1369 invenerit,
3118 1304 3164 1359 si
3186 1305 3469 1376 pudorem,
3490 1323 3621 1377 prn-

2011 1384 2272 1453 dentiam,
2302 1389 2633 1459 :cquitatem,
2658 1389 3013 1448 humilitatem
3035 1434 3052 1461 ,
3077 1392 3259 1449 omnia
3291 1395 3346 1453 in
3399 1396 3622 1470 pelagus

2013 1482 2308 1555 iniquitatis
2325 1486 2533 1557 proiicit
2549 1488 2806 1545 ebrietas.
2832 1490 3031 1547 Verum
3054 1508 3143 1559 ea,
3160 1511 3283 1564 qua:
3297 1509 3620 1568 sequuntur,

2010 1588 2115 1629 non
2146 1583 2271 1630 sunt
2300 1576 2516 1632 similia.
2552 1577 2624 1633 lbi
2653 1579 2799 1635 enim
2827 1590 2951 1650 post
2964 1582 3139 1653 eiecta
3158 1599 3326 1642 onera
3354 1587 3506 1644 navis
3537 1590 3617 1645 lu—

2008 1666 2126 1718 vior
2147 1675 2201 1721 et
2225 1667 2471 1736 expedita
2494 1668 2769 1737 redditur;
2805 1670 2895 1728 bic
2916 1687 3047 1729 vero
3080 1676 3250 1747 magis
3273 1688 3614 1750 aggravatur.

2008 1755 2139 1811 Nam
2172 1758 2290 1814 loco
2317 1758 2624 1815 divitiarum
2652 1777 2871 1818 arenam
2888 1764 3150 1835 recipitet
3175 1782 3371 1839 aquam
3392 1768 3614 1835 salsam,

2007 1856 2282 1921 totamque
2300 1851 2583 1908 ebrietatis
2604 1853 2917 1923 colluviem,
2946 1871 3065 1927 quae
3086 1858 3266 1914 navim
3287 1874 3411 1916 cum
3426 1871 3615 1920 vecto-

2005 1943 2158 2009 ribus
2184 1952 2239 1999 et
2262 1944 2625 2016 gubernatore
2653 1949 2765 2004 cito
2791 1949 3131 2022 demergunt.
3190 1951 3269 2009 Ne
3317 1954 3480 2027 igitur
3531 1957 3621 2013 his

2006 2036 2159 2090 malis
2205 2034 2561 2105 involvamur.
2611 2039 2712 2097 liae
2763 2055 2863 2098 nos
2918 2050 3237 2115 tempestate
3284 2045 3601 2104 liberemur.

2006 2124 2266 2185 Ebriosus
2302 2145 2591 2202 numquam
2625 2142 2802 2203 potest
2834 2149 3060 2206 regutun
3105 2137 3366 2195 ctelorum
3395 2139 3605 2198 videre.

2007 2216 2185 2273 Nolite
2210 2236 2402 2285 errare,
2425 2213 2599 2293 inquit
2614 2222 2941 2295 Apostolus;
2970 2242 3061 2280 nec
3088 2228 3291 2293 ebriosi,
3312 2246 3404 2285 nec
3430 2233 3602 2287 conri-

2001 2312 2218 2367 ciatores
2254 2329 2466 2384 regnum
2512 2314 2754 2369 crciatum
2801 2317 3286 2393 hereditatium“.
3316 2323 3435 2379 Cor.
3468 2325 3522 2380 6.
3551 2327 3608 2380 ςι.

2006 2400 2117 2473 10).
2144 2401 2213 2457 Et
2238 2403 2365 2472 quid
2391 2404 2534 2471 dico,
2574 2420 2797 2477 regnum
2817 2410 3075 2465 actorum
3092 2411 3116 2465 ἲ
3136 2410 3263 2467 Post
3286 2413 3606 2471 ebrietatem

2002 2495 2147 2548 enim
2179 2510 2247 2550 ue
2269 2497 2556 2565 praesentia
2578 2498 2798 2568 quidem
2822 2500 3009 2556 videre
3038 2505 3612 2572 possumuszebrietas

2001 2586 2199 2656 quippe
2227 2586 2382 2641 nobis
2410 2586 2528 2643 dies
2573 2590 2625 2644 in
2673 2599 2861 2647 noctes
2886 2594 3067 2657 vertit,
3092 2604 3148 2651 et
3175 2595 3349 2654 lucem
3380 2596 3433 2653 in
3452 2606 3578 2655 tene

2002 2675 2168 2744 bras;
2194 2678 2395 2749 apertis
2441 2679 2614 2735 oculis
2644 2680 2779 2737 ebrii
2830 2697 2898 2738 ne
2924 2684 3011 2739 illa
3034 2701 3154 2757 quae
3190 2685 3257 2742 ad
3287 2687 3455 2759 pedes
3483 2702 3611 2747 sunt

1999 2783 2224 2827 cernere
2248 2779 2495 2841 possunt.
2526 2771 2714 2846 Neque
2736 2774 2788 2830 id
2816 2776 2989 2832 solum
3018 2778 3144 2834 mali
3164 2781 3308 2851 parit
3331 2781 3602 2848 ebrietas;

1999 2860 2097 2917 sed
2128 2871 2311 2932 postea
2360 2861 2437 2918 illi
2478 2864 2754 2934 graviores
2784 2866 2937 2923 luunt
2966 2883 3177 2937 pinnas,
3206 2886 3473 2930 maerores
3517 2890 3607 2931 ra-

2000 2954 2146 3010 tione
2166 2968 2385 3019 vacuos,
2419 2954 2680 3023 furorem,
2709 2960 3106 3031 :rgritudinem,
3136 2961 3458 3037 ridiculique
3482 2982 3611 3022 era-

1998 3044 2135 3101 dunt
2160 3046 2466 3118 opprobriis
2504 3063 2724 3120 semper
2773 3053 3028 3123 expositi.
3086 3053 3219 3122 Qua:
3262 3057 3418 3113 venia
3445 3059 3608 3129 igitur

1998 3137 2089 3202 iis,
2117 3138 2213 3210 qui
2237 3139 2539 3197 tantissese
2563 3142 2718 3197 malis
2740 3142 3021 3201 obruunt?
3050 3143 3205 3201 Nulla
3235 3146 3416 3217 plane.
3446 3149 3603 3207 llunc

1996 3244 2125 3302 ergo
2150 3230 2397 3286 morbum
2420 3231 2707 3304 fugiamus,
2728 3243 2787 3290 ut
2805 3245 2860 3291 et
2881 3238 3166 3307 praesentia
3187 3248 3244 3296 et
3258 3239 3434 3297 futura
3463 3244 3604 3301 bona

1995 3337 2416 3396 consequamur,
2462 3327 2635 3397 gratia
2675 3338 2731 3384 et
2782 3328 3111 3401 benignitate
3167 3332 3380 3389 Domini
3430 3338 3604 3393 nostri

1994 3416 2121 3473 Jesu
2166 3416 2388 3481 Christi.
2414 3419 2502 3474 cui
2540 3419 2712 3490 gloria
2738 3430 2795 3477 et
2840 3422 3124 3494 imperium
3180 3432 3305 3482 cum
3350 3427 3509 3486 Patre
3550 3442 3605 3488 et

1993 3508 2195 3579 Spiritu
2220 3518 2409 3567 sancto
2438 3510 2491 3566 in
2518 3511 2728 3569 saecula
2743 3515 3088 3571 stcculorum.
3118 3515 3312 3574 Amen.

287 3718 3583 3749 Μ

1448 3785 1795 3849 HOMILIA
1840 3784 2051 3847 LVIII.
2085 3786 2173 3849 al.
2234 3787 2398 3849 LIX.

276 3929 420 3985 Car.
452 3930 537 3986 l7.
569 3944 624 3986 ν.
658 3929 751 3986 21.
791 3928 1116 3986 Versantibua
1149 3930 1251 3985 illis
1276 3930 1330 3985 iu
1364 3928 1602 3996 Galiltea,
1638 3929 1769 3984 dixit
1811 3930 1883 3984 eis

360 4020 509 4094 Iesus
539 4039 557 4077 :
592 4021 891 4078 Tradeudus
931 4032 1005 4077 est
1052 4021 1217 4076 Filius
1244 4022 1463 4076 hominis
1500 4022 1553 4075 in
1580 4038 1763 4075 atauus
1788 4022 1883 4076 Ito-

362 4116 577 4180 uu'uum,
600 4113 692 4168 ‘22.
719 4124 766 4168 et
803 4114 1031 4169 occident
1068 4129 1207 4182 eum,
1238 4125 1287 4168 et
1318 4114 1464 4171 tertia
1508 4112 1590 4167 die
1632 4121 1877 4184 resurget.

362 4203 431 4258 Et
454 4206 734 4260 contristati
760 4216 877 4260 sunt
904 4206 1074 4261 valde.

364 4298 415 4351 Ι.
458 4296 532 4352 Nc
555 4296 791 4353 dicereut
819 4340 835 4366 ,
862 4298 969 4353 Cur
997 4308 1147 4354 tanto
1178 4308 1421 4370 tempore
1452 4300 1537 4357 hic
1565 4301 1881 4356 vereamur?

280 4402 477 4443 rursus
513 4389 580 4444 de
606 4390 852 4460 passione
883 4391 1013 4460 ipsis
1060 4391 1293 4461 loquitur
1321 4408 1335 4444 :
1371 4393 1565 4461 quibus
1592 4393 1788 4448 auditis
1815 4409 1883 4448 ne

279 4479 467 4537 videre
490 4480 706 4550 quidem
731 4480 1063 4554 Jerosolyma
1110 4484 1375 4540 volebant.
1412 4484 1543 4540 Vide
1590 4500 1719 4556 ergo
1744 4501 1879 4555 quo-

279 4575 468 4637 modo,
498 4584 779 4645 postquam
810 4576 997 4630 Petrus
1028 4576 1334 4646 increpatus
1374 4578 1567 4640 fuerat,
1595 4590 1879 4647 postquam

281 4669 493 4739 Moyses
536 4678 589 4722 et
617 4668 794 4732 Elius,
837 4668 903 4723 de
926 4670 1013 4724 illa
1045 4686 1102 4724 re
1129 4672 1439 4739 colloquuti,
1469 4671 1692 4740 gloriam
1735 4671 1878 4724 illam

278 4759 702 4830 appellaverant,
726 4769 1001 4831 pestquam
1036 4762 1190 4815 Pater
1216 4778 1445 4831 superne
1473 4778 1659 4817 vocem
1687 4762 1881 4817 emise-

278 4868 341 4905 ra
374 4892 388 4916 ,
417 4858 602 4920 totque
625 4850 775 4921 signa
806 4849 943 4906 facta
983 4852 1214 4913 fuerant,
1246 4868 1367 4906 cum
1409 4853 1517 4919 iam
1556 4854 1880 4907 resurrectio

279 4958 313 4999 e
368 4943 541 4998 vicino
586 4951 733 4999 esset
776 4945 906 5011 (non
949 4946 1091 5001 enim
1146 4956 1387 5001 mortuus
1431 4947 1589 5016 longo
1639 4956 1880 5015 tempore

278 5049 589 5102 mansurus,
618 5036 711 5091 sed
745 5046 863 5106 post
892 5037 1124 5091 triduum
1152 5047 1555 5092 resurrecturus
1577 5038 1749 5105 erat),
1781 5053 1877 5092 ne-

275 5142 383 5198 que
411 5127 489 5183 sic
532 5127 662 5183 illud
702 5126 843 5183 ferre
888 5138 1208 5198 potuerunt,
1241 5129 1335 5184 sed
1390 5129 1685 5184 Coutristati
1724 5140 1878 5194 sunt;

275 5239 387 5277 non
417 5223 635 5293 quidem
676 5223 1040 5287 mediocriter,
1080 5224 1188 5278 imo
1225 5223 1386 5278 Valde
1412 5225 1709 5280 contristati
1737 5244 1749 5279 :
1784 5225 1879 5279 id-

273 5331 381 5383 qne
401 5317 525 5383 quia
556 5314 823 5368 dictorum
860 5314 966 5368 vim
996 5314 1330 5383 ignorabant.
1366 5315 1419 5370 id
1442 5331 1569 5369 vero
1591 5315 1796 5370 Marcus
1823 5324 1878 5371 ct

276 5407 449 5461 Lucas
506 5405 879 5465 subindicant;
924 5405 1013 5459 ille
1065 5420 1185 5459 cum
1226 5407 1321 5467 ait,
1352 5406 1496 5473 ipsos
1528 5405 1628 5460 hoc
1658 5406 1873 5460 verbum

275 5498 571 5566 ignorasse,
598 5510 772 5563 neque
793 5509 953 5549 ausos
970 5494 1135 5549 fuisse
1153 5494 1299 5548 illum
1322 5494 1653 5563 interrogare
1684 5495 1872 5564 (Marc.

270 5598 327 5651 9.
361 5597 490 5667 3t);
521 5596 609 5649 hic
637 5608 765 5648 vero
794 5593 999 5658 dicens,
1032 5593 1081 5648 id
1108 5593 1478 5649 absconditum
1502 5594 1569 5648 ab
1593 5593 1671 5647 eis
1690 5591 1873 5658 fuisse,

269 5704 337 5745 ne
364 5690 634 5746 sentirent
656 5685 803 5753 (Luc.
832 5687 887 5738 ε’τ.
914 5686 1043 5754 45);
1079 5701 1178 5739 nec
1207 5701 1367 5740 ausos
1387 5700 1507 5741 esse
1529 5686 1679 5739 illum
1706 5686 1875 5739 inter-

266 5798 456 5854 rogare
505 5783 655 5836 circa
712 5780 814 5833 hoc
868 5778 1109 5832 verbum.
1158 5779 1316 5848 Atqui
1346 5779 1389 5834 si
1420 5778 1873 5849 iguorubanl.cur

264 5871 767 5945 toutrislabanmr?
796 5870 926 5936 Quir.
945 5885 1050 5925 non
1067 5871 1243 5925 Cllilllll
1264 5871 1604 5939 ignorabant,
1628 5869 1868 5925 sciebant

602 5982 885 6041 Parnm"
944 5992 1057 6041 tua.
1114 5985 1327 6050 LVIII.

1990 3931 2134 3987 enim
2166 3930 2341 4002 ipsum
2370 3934 2689 3991 moriturum
2712 3952 2854 4001 esse.
2887 3948 2943 3995 ut
2964 3952 3112 4012 smpe
3135 3941 3438 3999 audierant.
3465 3945 3599 4015 Quae

1990 4035 2171 4081 autem
2198 4024 2339 4081 foret
2363 4042 2509 4082 mors
2554 4029 2891 4097 huiusmodi;
2921 4034 3063 4103 quod
3091 4035 3200 4089 cito
3227 4036 3484 4094 solvenda
3512 4054 3601 4095 es-

1990 4126 2094 4183 set,
2118 4126 2173 4172 et
2205 4116 2347 4188 quod
2377 4116 2501 4173 hinc
2544 4119 2749 4174 infinita
2794 4122 2933 4178 bona
2970 4127 3276 4195 orirentur;
3304 4126 3423 4185 haec
3454 4108 3603 4187 non;

1990 4210 2118 4265 dum
2145 4211 2289 4265 clare
2316 4212 2559 4267 sciebant
2598 4231 2611 4268 :
2644 4228 2817 4284 neque
2848 4229 3108 4271 noverant
3148 4235 3270 4289 qua:
3299 4220 3474 4277 futura
3505 4239 3594 4278 es-

1990 4312 2075 4358 set
2104 4303 2192 4357 illa
2222 4305 2569 4359 resurrectio.
2590 4305 2715 4361 Ideo
2740 4304 3033 4365 dolebant:
3056 4313 3259 4369 etenim
3282 4315 3594 4387 magistrum

1990 4393 2281 4449 admodum
2312 4394 2624 4464 diligebant.

2086 4485 2399 4540 Didrachma
2415 4488 2540 4558 quid
2558 4500 2706 4543 esset.
2726 4519 2794 4533 σ-
2812 4490 2906 4547 25.
2931 4493 3056 4547 Cum
3078 4506 3247 4550 autem
3270 4500 3517 4555 venissent
3545 4502 3598 4555 in

1991 4577 2337 4648 Caper-nauita,
2363 4592 2684 4634 accesserunt
2714 4582 2783 4635 ad
2812 4582 3023 4638 Petrum
3068 4588 3155 4657 qui
3180 4588 3484 4645 didrucltma
3508 4609 3596 4647 ac-

1991 4670 2263 4737 cipiebant.
2294 4679 2340 4723 et
2371 4669 2607 4723 dixerunt
2649 4690 2667 4725 :
2727 4674 2975 4744 Magister
3000 4688 3160 4732 vester
3184 4695 3288 4734 non
3328 4683 3475 4736 solvit
3512 4684 3598 4737 di-

1991 4761 2234 4814 druclnna
2255 4762 2279 4815 .9
2301 4760 2433 4829 Quae
2468 4772 2594 4816 sunt
2616 4764 2734 4818 lucc
2768 4764 3120 4823 Didraclnna?
3146 4770 3373 4839 Quando
3392 4774 3597 4842 primo-

1988 4853 2164 4922 genita
2192 4852 2565 4923 Egyptiorum
2601 4854 2868 4911 interfecit
2888 4860 3051 4922 Dens.
3084 4870 3212 4918 tunc
3244 4864 3441 4921 tribum
3468 4865 3601 4924 Levi

1990 4959 2089 5013 pro
2122 4944 2251 5013 ipsis
2281 4944 2529 5014 accepit(
2560 4945 2722 5000 Num.
2769 4949 2821 5003 5.
2854 4950 2943 5005 39.
2977 4952 3045 5006 47
3083 4956 3121 5022 ).
3158 4955 3362 5011 Deinde
3393 4962 3512 5027 quia
3553 4962 3602 5015 in

1990 5039 2094 5092 hac
2123 5038 2264 5094 tribu
2291 5040 2468 5093 minor
2496 5042 2729 5106 capitum
2757 5057 3013 5097 numerus
3036 5058 3176 5113 erat,
3206 5063 3365 5118 quam
3398 5052 3593 5119 primo.

1988 5132 2290 5200 genitornm
2323 5132 2461 5201 apud
2509 5131 2727 5187 Iudaeos
2773 5144 2917 5189 esset
2946 5178 2961 5202 ,
2988 5151 3085 5205 pro
3113 5137 3490 5198 deﬁcientibus
3539 5151 3605 5198 ad

1992 5223 2346 5292 supplendum
2386 5239 2683 5279 numerum
2718 5227 2909 5282 siclum
2937 5227 3097 5297 jussit
3135 5230 3331 5286 deferri
3367 5249 3381 5288 :
3410 5250 3478 5290 ex
3515 5237 3609 5291 illo

1989 5327 2167 5371 autem
2195 5328 2436 5386 tempore
2468 5332 2587 5372 mos
2627 5318 2873 5388 invaluit,
2895 5332 2952 5375 ut
2981 5323 3339 5399 primownita
3372 5327 3477 5383 hoc
3517 5345 3599 5380 vv.

1982 5409 2452 5478 ctigalsolverent.
2505 5410 2637 5475 Quia
2692 5411 2855 5481 igitur
2909 5409 3157 5469 Christus
3203 5416 3605 5487 primogenitus

1982 5510 2179 5565 eiat,et
2202 5501 2339 5554 inter
2363 5499 2658 5569 discipulos
2675 5504 2881 5571 primus
2908 5504 3188 5560 videbatur
3212 5523 3337 5564 esse
3369 5509 3498 5565 Petr
3512 5527 3598 5573 us,

1983 5594 2045 5644 ad
2090 5593 2263 5659 ipsum
2291 5592 2575 5646 accedunt.
2615 5593 2751 5648 Puto
2770 5584 2958 5649 autem
2990 5638 3003 5658 ,
3049 5596 3100 5650 id
3130 5597 3255 5653 illos
3285 5598 3337 5653 in
3366 5602 3483 5672 sing
3498 5600 3597 5654 uiis

1984 5686 2199 5737 mitibus
2221 5684 2464 5755 exegisse
2491 5704 2505 5741 :
2535 5696 2865 5758 quapropter
2892 5689 2942 5743 in
2968 5690 3140 5759 patria
3175 5690 3597 5760 adierunteum,

1980 5792 2099 5845 qua:
2141 5777 2313 5846 patria
2340 5776 2682 5848 Capernaum
2711 5782 3000 5849 putabatur
3028 5798 3169 5838 csse.
3214 5783 3393 5852 ipsum
3427 5801 3599 5857 porro

1982 5871 2130 5924 adire
2158 5885 2263 5927 non
2295 5871 2410 5927 ausi
2435 5914 2450 5938 ,
2490 5872 2707 5930 Petrqu
2736 5878 3104 5938 conveniunt.
3138 5895 3238 5935 nec
3258 5894 3384 5935 cum
3442 5886 3600 5941 velte-

3225 5984 3261 6040 7
