4186 6474
648 422 745 476 5'67

650 537 862 597 mcutia,
890 529 981 584 sed
1006 526 1321 582 moderatius
1357 537 1367 572 :
1402 534 1571 588 neque
1595 516 1735 572 enim
1764 523 1818 568 ιιι
1845 514 2204 573 criminantis,

651 627 737 680 sed
789 634 843 677 ut
893 622 1277 685 interrogantes
1319 612 1568 666 dixerunt
1609 625 1621 660 :
1654 605 1894 675 Magister
1927 612 2084 656 vester
2112 617 2208 652 non

651 715 798 772 solvit
826 707 1160 765 didrachma.’
1185 705 1297 759 Non
1321 704 1464 758 enim
1492 700 1662 755 adhuc
1688 698 1755 751 de
1795 696 1884 770 illo
1913 711 1967 748 ιιι
1989 709 2080 763 par
2099 701 2211 745 erat

653 804 987 864 sentiebant,
1019 798 1113 852 sed
1144 795 1410 849 hominem
1439 807 1558 847 esse
1587 789 1878 859 putabant,
1908 785 2028 840 licet
2061 784 2209 838 illum

656 900 704 951 in
733 899 931 950 honore
951 892 1213 945 haberent
1239 887 1307 939 ob
1346 892 1549 959 patrata
1574 882 1745 949 signa.
1771 877 1904 943 Quid
1941 876 2095 945 igitur
2117 875 2212 929 Pe-

654 988 801 1044 trus?
828 985 916 1038 24.
943 981 1143 1051 Utique,
1173 978 1247 1032 ait
1279 994 1291 1029 :
1326 976 1428 1029 illis
1451 971 1664 1043 quidem
1691 969 1842 1033 dixit,
1875 969 2044 1038 ipsum
2064 966 2209 1022 solu-

653 1088 824 1132 turum
847 1087 987 1137 esse,
1009 1069 1105 1140 ipsi
1133 1082 1260 1123 vero
1289 1080 1391 1120 non
1419 1063 1569 1128 dixit,
1592 1059 1731 1128 quod
1757 1057 1993 1112 fortassis
2019 1058 2212 1110 erube-

652 1174 821 1218 sceret
850 1161 918 1216 de
943 1159 1136 1214 talibus
1169 1157 1338 1227 ipsum
1366 1151 1582 1220 alloqui.
1616 1148 1738 1202 Ideo
1768 1155 2073 1201 inausuetus
2101 1143 2210 1208 ille,

651 1256 737 1321 qui
763 1254 936 1307 omnia
961 1252 1104 1309 clare
1135 1255 1372 1308 noverat,
1397 1242 1728 1315 pra-veniens
1759 1241 1902 1293 illum
1932 1238 2043 1291 ait:
2079 1235 2214 1299 Quid

652 1345 740 1395 tibi
763 1344 961 1398 videtur
985 1383 1001 1406 ,
1047 1340 1222 1393 Simon
1250 1338 1274 1390 ?
1317 1336 1476 1406 Reges
1516 1344 1662 1387 time
1689 1349 1721 1385 a
1764 1330 1940 1400 quibus
1966 1329 2216 1396 accipiunt

657 1434 893 1486 tributum
933 1433 1007 1484 vel
1035 1445 1230 1482 rensttm
1255 1427 1280 1480 .9
1305 1442 1335 1479 a
1362 1426 1481 1492 ﬁliis
1521 1425 1624 1478 suis
1642 1463 1657 1488 ,
1681 1438 1746 1474 an
1780 1419 1840 1473 ab
1865 1419 2041 1471 alienis
2062 1417 2086 1470 ?
2109 1417 2202 1472 25.

657 1523 794 1574 Dixit
825 1523 932 1585 ille,
961 1519 1032 1572 Ab
1062 1518 1257 1572 alienis.
1281 1514 1414 1568 Dicit
1446 1514 1521 1567 illi
1539 1511 1687 1566 Iesus
1710 1525 1730 1564 :
1755 1507 1894 1578 Ergo
1924 1507 2065 1560 liberi
2092 1515 2208 1560 sunt

655 1614 770 1680 ﬁlii.
797 1613 873 1664 Ne
901 1618 1106 1680 putaret
1129 1608 1268 1664 enim
1298 1607 1505 1668 Petrus,
1532 1603 1794 1660 Christum
1826 1600 1876 1653 id
1899 1598 1966 1652 ab
1991 1597 2090 1651 illis
2119 1611 2215 1650 au-

659 1703 854 1758 divisse
877 1743 892 1764 ,
924 1700 1173 1769 pncrenit
1197 1711 1316 1752 eum
1341 1736 1357 1762 ,
1389 1705 1445 1749 ut
1473 1695 1572 1748 hoc
1611 1693 1780 1761 ipsum
1807 1689 2148 1756 signiﬁcaret,
2166 1695 2219 1741 et

655 1809 754 1846 una
781 1792 1021 1846 liduciam
1053 1788 1255 1841 intleret
1285 1801 1391 1840 non
1421 1781 1634 1837 audenti
1654 1789 1807 1837 antea
1827 1779 1894 1834 de
1925 1778 2027 1833 illis
2055 1775 2217 1845 loqui.

661 1885 767 1938 Iloc
795 1889 968 1936 autem
1014 1879 1125 1934 vult
1169 1875 1470 1948 signiﬁcare
1499 1892 1512 1928 :
1559 1870 1810 1930 Immonis
1833 1884 1862 1922 a
1891 1883 2051 1924 censu
2081 1882 2216 1921 sum.

657 1977 786 2032 Nam
816 1975 860 2032 si
883 1987 1032 2041 rcges
1060 1981 1211 2025 teme
1249 1985 1276 2020 a
1307 1967 1428 2019 liliis
1452 1965 1560 2017 suis
1582 1962 1709 2017 nihil
1734 1961 2016 2028 accipiunt,
2037 1957 2127 2012 sed
2153 1957 2221 2010 ab

656 2064 840 2116 alienis
872 2081 883 2116 :
915 2061 1079 2116 multo
1107 2055 1270 2126 magis
1299 2069 1384 2108 me
1412 2054 1694 2107 immunem
1720 2064 1839 2104 esse
1860 2046 2108 2116 oportuit;
2130 2047 2218 2115 qui

657 2169 761 2209 non
790 2150 982 2205 terreni
1007 2189 1023 2214 ,
1050 2146 1143 2204 sed
1171 2146 1401 2204 caelestis
1433 2142 1594 2212 Regis
1639 2140 1801 2194 Filius
1826 2154 1962 2204 sum,
2003 2145 2056 2190 et
2085 2136 2212 2190 Rex.

663 2243 841 2298 Videu'
867 2238 1133 2310 quomodo
1149 2239 1284 2292 ﬁlios
1304 2235 1590 2303 distinguat
1614 2246 1644 2285 a
1675 2246 1779 2284 non
1811 2229 1930 2284 ﬁliis
1954 2229 1978 2280 ἲ
2016 2228 2071 2282 Si
2094 2241 2222 2280 vero

666 2334 829 2388 Filius
858 2347 961 2383 non
1001 2337 1183 2392 esset,
1208 2324 1405 2380 frustra
1440 2323 1739 2390 exemplum
1767 2335 1948 2389 regum
1985 2318 2218 2371 all'erret.

665 2425 856 2489 Etiam,
889 2420 1092 2490 inquies
1116 2458 1130 2483 ,
1169 2417 1306 2470 ﬁlius
1347 2423 1462 2478 est,
1493 2413 1586 2468 sed
1613 2427 1716 2467 non
1759 2409 2038 2480 genuinus.
2083 2406 2222 2476 Ergo

665 2532 767 2568 non
794 2514 928 2566 ﬁlius
945 2529 960 2564 :
980 2513 1023 2564 si
1045 2519 1220 2564 autem
1240 2521 1336 2562 nec
1359 2505 1494 2559 illius
1515 2518 1610 2558 nec
1629 2503 1907 2572 genuinus,
1935 2515 2038 2552 non
2062 2497 2224 2567 ipsius

660 2620 785 2675 ergo
824 2612 939 2667 est,
966 2600 1058 2655 sed
1103 2598 1328 2652 alienus.
1372 2593 1426 2649 Si
1475 2594 1711 2657 alienus,
1744 2589 2047 2658 exemplum
2097 2585 2223 2638 illud

664 2699 768 2749 vim
795 2707 943 2748 suam
973 2707 1076 2746 non
1119 2689 1296 2743 habet.
1326 2684 1419 2740 Ille
1448 2697 1673 2753 namque
1709 2695 1811 2734 non
1856 2679 1922 2732 de
1956 2676 2078 2729 ﬁliis
2109 2684 2222 2729 tan-

663 2799 795 2854 tum,
814 2788 906 2844 sed
929 2787 995 2842 de
1013 2783 1256 2856 genuinis
1273 2779 1524 2849 loquitur,
1545 2775 1611 2835 de
1636 2771 1971 2844 propriis.qui
1988 2785 2106 2824 cum
2131 2783 2224 2836 pa-

667 2880 833 2935 trihus
860 2878 1006 2947 regni
1029 2883 1153 2930 sunt
1175 2879 1473 2926 consortes.
1499 2866 1726 2933 Ideoque
1752 2862 1816 2916 ad
1839 2859 2222 2914 distinctionem

661 2973 866 3025 alienos
889 2967 1168 3038 apposuit,
1207 2963 1287 3018 sic
1310 2973 1506 3014 Vocans
1546 2957 1665 3010 Illos
1689 2954 1830 3024 quia
1872 2952 2080 3021 regibus
2119 2951 2222 3003 nati

665 3077 768 3115 non
795 3066 936 3121 sunt.
967 3057 1102 3111 ﬁlios
1129 3066 1256 3108 vero
1279 3050 1406 3106 dicit
1435 3061 1530 3102 eos
1549 3086 1564 3112 ,
1595 3058 1727 3115 quos
1749 3057 1814 3096 ex
1834 3056 1890 3094 se
1914 3049 2221 3110 genuerunt.

661 3152 741 3207 Tu
769 3159 944 3205 autem
972 3145 1105 3201 mihi
1149 3140 1417 3213 perpende
1444 3133 1709 3208 quomodo
1751 3131 2037 3186 revelatam
2073 3130 2226 3183 Petro

665 3241 1019 3311 cognitionem
1049 3235 1173 3289 hinc
1200 3231 1493 3288 conﬁrmet.
1528 3225 1705 3295 Neque
1727 3223 1814 3278 hic
1831 3223 1997 3282 stetit.
2017 3220 2108 3275 sed
2136 3235 2228 3290 per

667 3310 958 3386 consensus
987 3325 1200 3380 modum
1230 3323 1330 3376 hoc
1355 3320 1526 3388 ipsum
1555 3314 1836 3386 signiﬁcat,
1866 3311 1916 3366 id
1947 3310 2086 3382 quod
2114 3325 2224 3364 ma-

667 3438 784 3491 giae
815 3417 1087 3488 sapientiae
1107 3421 1239 3468 erat.
1271 3410 1400 3466 Nam
1427 3424 1547 3465 cum
1572 3408 1686 3462 haec
1715 3405 1965 3469 dixisset,
1993 3402 2066 3456 ait
2096 3421 2108 3455 :
2137 3401 2227 3455 26.

673 3513 739 3565 Ut
765 3520 1048 3564 autemnon
1071 3504 1464 3560 scandalizemus
1483 3517 1586 3567 eos,
1613 3499 1737 3554 vade
1763 3497 1831 3550 ad
1855 3511 2010 3561 mare,
2032 3502 2078 3547 et
2095 3493 2230 3548 mitte

669 3606 870 3655 [tantum
891 3617 909 3654 :
939 3608 984 3653 et
1007 3614 1117 3651 eum
1146 3596 1348 3666 piscem,
1371 3593 1453 3662 qui
1483 3593 1670 3660 primus
1694 3586 1991 3650 ascenderit,
2016 3582 2155 3648 tolle,
2183 3592 2230 3636 et

665 3698 714 3748 in
741 3693 830 3746 illo
849 3690 1066 3745 invenies
1087 3696 1317 3742 staterem
1334 3684 1373 3736 ‘z
1392 3683 1535 3736 illum
1559 3693 1838 3741 assumens,
1855 3675 1922 3731 da
1950 3675 2018 3729 eis
2035 3689 2126 3744 pro
2153 3688 2232 3726 me

668 3797 711 3839 et
741 3797 805 3838 te.
834 3781 1021 3836 Viden’
1049 3775 1318 3849 quomodo
1347 3785 1516 3843 neque
1548 3777 1790 3834 recuset,
1814 3781 1988 3836 neque
2016 3765 2231 3820 omnino

666 3878 845 3945 juheat
873 3873 1124 3928 tributum
1157 3864 1427 3938 pendens?
1450 3860 1554 3918 Sed
1585 3859 1675 3914 ubi
1700 3859 1847 3929 prius
1874 3854 2110 3912 ostendlt
2128 3895 2146 3922 ,
2172 3869 2232 3910 se

669 3985 770 4022 non
801 3978 918 4020 esse
965 3962 1090 4017 huic
1118 3956 1440 4016 obnoxium.
1489 3963 1614 4006 tunc
1660 3949 1753 4003 dat
1799 3947 1968 4014 illud;
2018 3955 2129 4000 tum
2167 3960 2232 4000 ne

667 4059 740 4113 illi
767 4054 1211 4114 scandalizentur,
1240 4056 1348 4102 tum
1376 4059 1443 4100 ne
1472 4041 1525 4097 hi
1553 4041 1694 4097 idem
1721 4040 2006 4109 patiantur.
2049 4035 2230 4104 Neque

666 4153 807 4204 enim
843 4149 913 4202 ita
934 4146 1022 4201 dat
1065 4143 1212 4212 quasi
1238 4139 1448 4199 debeat,
1483 4133 1576 4189 sed
1604 4143 1660 4187 ut
1701 4133 1911 4187 illorum
1937 4125 2232 4182 inﬁrmitati

668 4240 931 4295 consulat.

738 4332 792 4384 2.
823 4328 964 4382 Alibi
991 4340 1116 4379 vero
1144 4319 1447 4377 scandalmn
1483 4314 1805 4376 contemnit;
1839 4321 1894 4366 ut
1926 4326 2046 4365 cum
2074 4309 2141 4366 de
2161 4311 2234 4364 ci-

671 4424 751 4477 bis
773 4421 1096 4481 dissereret;
1143 4420 1202 4467 ut
1243 4426 1340 4466 nos
1379 4409 1570 4464 doceat
1600 4404 1851 4474 temporis
1875 4401 2240 4471 Opportunita-

675 4523 780 4566 tem
809 4509 1091 4577 explorare
1120 4512 1367 4571 oportere
1389 4541 1404 4561 ,
1435 4498 1629 4567 quibus
1659 4511 1750 4564 par
1770 4502 1852 4547 est
1873 4490 2119 4545 scandala
2140 4490 2236 4544 (le-

673 4607 900 4674 spicere,
922 4600 1003 4654 vel
1034 4612 1138 4652 non
1161 4594 1455 4662 despicere.
1488 4590 1559 4644 Ex
1592 4586 1752 4641 modo
1779 4585 1902 4638 item
1934 4582 2125 4645 dandi,
2157 4596 2240 4634 se-

675 4702 862 4766 ipsum,
883 4691 969 4760 qui
993 4701 1180 4754 nempe
1197 4685 1283 4741 sit.
1302 4680 1552 4737 ostendit.
1575 4678 1682 4731 Cur
1706 4675 1844 4728 enim
1868 4688 1971 4725 non
1995 4687 2056 4724 ex
2083 4684 2240 4738 repo-

672 4761 788 4845 sitis
816 4783 966 4852 jubet
989 4777 1144 4832 dari?
1172 4773 1240 4830 Ut
1263 4815 1280 4842 ,
1311 4770 1450 4843 quod
1473 4770 1582 4840 jam
1608 4767 1751 4830 dixi,
1778 4763 1829 4816 in
1859 4763 1958 4814 hoc
1993 4774 2050 4813 se
2083 4761 2242 4813 lleum

677 4849 1046 4933 universorum
1074 4881 1194 4922 esse
1227 4874 1281 4919 et
1326 4863 1456 4918 mari
1499 4862 1762 4930 imperare
1811 4853 2136 4909 ostenderet.
2189 4849 2243 4903 Id

669 4978 779 5043 jam
811 4966 1264 5023 demonstraverat
1289 4952 1499 5024 quando
1529 4965 1672 5005 mare
1703 4945 2012 5016 increpavit,
2041 4952 2095 4997 et
2123 4956 2242 4995 cum

678 5035 889 5119 l‘etrum
924 5054 1084 5126 jussit
1112 5061 1270 5118 supra
1299 5044 1491 5099 ﬁuctus
1531 5039 1823 5095 ambulare.
1860 5035 1915 5089 Id
1945 5050 2082 5088 nunc
2108 5045 2244 5101 quo-

675 5168 781 5224 que
806 5122 1059 5204 ostendit.
1094 5141 1191 5196 etsi
1221 5137 1326 5193 alio
1367 5131 1528 5190 modo
1547 5172 1562 5195 ,
1591 5129 1682 5184 sed
1710 5127 1796 5197 qni
1829 5126 2048 5180 multum
2081 5122 2246 5190 pariat

669 5213 971 5311 stuporem.
1006 5235 1187 5304 Neque
1227 5229 1368 5285 enim
1399 5238 1579 5296 parum
1614 5218 1737 5275 illud
1770 5227 1884 5273 erat
1916 5213 2244 5311 praedixisse,

679 5296 878 5400 piscem
917 5324 1067 5379 illum
1090 5296 1115 5385 ξ
1158 5317 1245 5387 qui
1276 5315 1475 5384 primus
1516 5305 1801 5375 capiendus
1829 5311 1993 5366 esset,
2023 5296 2247 5366 vectigal

681 5389 973 5473 soluturum
1001 5425 1142 5471 esse.
1163 5415 1217 5462 et
1248 5413 1362 5459 rete
1394 5401 1446 5454 in
1476 5399 1726 5468 abyssum
1771 5393 2020 5462 injectum
2047 5389 2244 5456 piscem

683 5510 854 5568 illum;
886 5503 974 5574 qui
1005 5509 1251 5557 stalerem
1280 5490 1540 5563 gestabat,
1563 5500 1628 5541 ex
1657 5484 1770 5553 ejus
1796 5490 2060 5550 percepto
2080 5477 2244 5530 addu-

686 5569 1059 5652 cturum‘esse.
1094 5586 1186 5642 scd
1221 5599 1338 5640 esse
1381 5577 1507 5635 illud
1550 5576 1738 5630 divinzc
1767 5583 1820 5627 et
1847 5569 2124 5625 ineffabilis
2153 5582 2248 5636 po-

689 5687 892 5740 testatis
917 5722 932 5737 .
973 5678 1114 5737 quod
1146 5689 1289 5727 mare
1313 5671 1453 5724 dona
1483 5669 1556 5722 sic
1587 5664 1832 5724 all’crret;
1861 5671 1915 5714 et
1940 5661 2241 5728 obsequen-

746 5796 763 5823 ‘
798 5801 938 5843 unus.
965 5789 1094 5846 tolle,
1116 5791 1159 5835 rt
1182 5780 1399 5845 aperiens
1421 5792 1471 5828 ος
1494 5777 1614 5838 cjus.
1641 5772 1847 5824 iurcuics
1870 5779 2106 5822 stateram.

1320 408 1371 462 S.
1413 402 1686 461 JOANNIS
1723 397 2186 455 ιιιιιιγεοδτοιιι
2227 395 2532 450 AllClIlEl’.
2577 393 3106 450 CONSTANTINOI’.

3769 389 3885 439 563

2322 519 2445 564 tiam
2491 523 2639 562 suam
2684 508 3011 571 ostenderet,
3042 517 3151 560 tum
3182 506 3392 575 quando
3422 502 3601 558 furens
3628 504 3887 557 sedatum

2314 607 2414 663 est,
2445 607 2553 652 tum
2591 599 2803 668 quando
2832 607 3063 653 testuans
3109 611 3420 649 conservum
3468 595 3730 663 suscepit;
3764 603 3888 644 tum

2316 689 2472 744 etiam
2514 707 2686 754 nunc,
2715 706 2834 745 cum
2864 705 2960 760 pro
2990 691 3102 757 ipso
3139 686 3478 740 exactoribus
3497 684 3677 738 soltit.
3713 681 3778 734 Et
3807 681 3890 733 da

2317 781 2418 834 illis
2440 799 2529 851 pro
2552 799 2630 836 me
2652 792 2700 835 et
2729 797 2820 851 pro
2847 792 2914 845 te,
2942 780 3128 848 inquit.
3152 777 3339 832 .Vidisti
3369 777 3585 830 honoris
3607 774 3890 829 excellen-

2319 872 2482 926 tiam?
2522 871 2653 926 Vide
2677 881 2733 925 et
2765 871 2906 924 Petri
2935 868 3342 939 philosophiam.
3368 865 3501 920 Nam
3530 864 3756 926 Marcus,
3786 863 3891 932 qni

2320 962 2478 1031 hujus
2503 962 2796 1032 discipulus
2823 969 2958 1026 erat,
2990 961 3094 1015 hoc
3120 970 3327 1029 gestum
3359 973 3464 1011 non
3495 956 3724 1026 scripsit,
3754 954 3887 1024 quia

2320 1055 2444 1110 hinc
2486 1055 2560 1109 illi
2607 1053 2776 1108 honor
2812 1053 2999 1122 ingens
3040 1049 3367 1105 accedebat:
3409 1046 3502 1102 sed
3545 1045 3890 1115 negationem

2319 1148 2438 1216 ejus
2462 1145 2696 1215 scripsit,
2726 1158 2845 1211 quae
2880 1156 3009 1196 vero
3033 1141 3378 1208 conspicuum
3407 1137 3554 1191 illum
3590 1133 3892 1190 reddebant

2322 1242 2503 1302 tacuit,
2535 1249 2588 1293 et
2617 1237 2843 1291 fortasse
2863 1245 3076 1290 vetante
3104 1233 3357 1302 magistro
3379 1247 3447 1288 ne
3481 1216 3670 1299 magna
3693 1226 3762 1282 de
3792 1226 3894 1279 illo

2318 1330 2536 1383 diceret.
2571 1325 2676 1380 Pro
2701 1343 2778 1380 me
2800 1336 2848 1380 et
2873 1335 2939 1391 te,
2965 1323 3128 1392 inquit
3161 1340 3176 1376 :
3203 1323 3324 1393 quia
3350 1331 3405 1376 et
3429 1322 3541 1390 ipse
3567 1319 3896 1390 primogeni-

2321 1427 2562 1473 tuserat.
2611 1417 2681 1473 Ut
2718 1425 2896 1470 autem
2941 1414 3137 1470 Christi
3184 1413 3474 1484 potentiam
3503 1425 3622 1467 cum
3667 1421 3897 1478 stupore

2321 1509 2541 1563 miratus
2564 1522 2646 1574 es,
2672 1508 2865 1560 mirare
2890 1516 2944 1560 et
2984 1504 3228 1574 discipuli
3262 1503 3424 1558 ﬁdem
3443 1541 3459 1566 ,
3483 1501 3577 1570 qui
3604 1502 3654 1555 in
3682 1515 3738 1555 rc
3778 1510 3895 1554 tam

2323 1601 2678 1669 inexspectata
2699 1598 2887 1668 paruit.
2923 1597 3030 1652 Res
3049 1596 3191 1650 enim
3209 1602 3325 1650 erat
3350 1605 3534 1648 natura
3565 1592 3771 1647 insolita
3800 1600 3895 1642 at—

2321 1709 2423 1762 que
2462 1692 2741 1762 stupenda.
2789 1689 2910 1744 Ideo
2942 1688 2994 1743 in
3023 1687 3320 1743 mercedem
3365 1685 3506 1752 ﬁdei,
3538 1685 3589 1738 in
3633 1681 3898 1738 solvendo

2324 1784 2518 1837 tributo
2535 1782 2676 1836 illum
2692 1781 2789 1836 sibi
2807 1781 3046 1835 Christus
3063 1777 3353 1847 conjunxit.
3376 1775 3527 1848 (Cap.
3547 1774 3731 1844 XVIII)
3751 1775 3803 1828 I.
3822 1773 3898 1826 In

2323 1873 2412 1926 illa
2462 1875 2587 1924 liora
2639 1882 2949 1925 accesserunt
2999 1870 3067 1923 ad
3108 1867 3286 1923 Iesum
3336 1867 3570 1937 discipuli
3622 1867 3837 1920 dicatus
3873 1879 3898 1917 :

2328 1963 2452 2030 Quis
2473 1962 2636 2031 major
2658 1972 2731 2015 est
2759 1963 2809 2014 in
2830 1977 2982 2031 regno
2996 1961 3233 2016 calorum
3248 1959 3275 2012 Ρ
3303 1958 3597 2016 Humanum
3621 1957 3899 2027 quidpiam

2327 2053 2465 2120 passi
2489 2051 2730 2120 discipuli
2757 2061 2878 2104 sunt
2903 2068 2914 2102 :
2944 2049 3085 2120 quod
3105 2059 3160 2104 et
3177 2049 3500 2119 evangelista
3530 2047 3790 2118 signiﬁcat
3808 2047 3900 2101 di-

2323 2158 2470 2205 cens,
2499 2141 2564 2195 In
2593 2142 2683 2196 illa
2705 2143 2829 2196 liora
2851 2159 2871 2197 :
2899 2141 3109 2218 quando
3133 2143 3250 2212 plus
3274 2155 3433 2210 quam
3453 2151 3674 2196 exteros
3704 2153 3902 2194 omnes

2325 2233 2471 2293 illum
2500 2234 2796 2287 honoravit.
2838 2232 2969 2286 Nam
2991 2247 3112 2287 cum
3137 2247 3200 2287 es
3231 2232 3429 2287 Iacobo
3448 2239 3502 2287 ct
3528 2230 3730 2291 Joanne
3753 2230 3905 2285 alter

2327 2326 2708 2395 primogenitus
2738 2333 2880 2379 esset
2899 2324 2936 2388 ⁸,
2971 2322 3103 2378 nihil
3133 2323 3307 2377 simile
3337 2337 3430 2392 pro
3461 2323 3562 2376 illis
3591 2321 3728 2375 fecit.
3759 2319 3903 2375 Hinc

2328 2416 2530 2484 pudore
2551 2415 2722 2468 allecti
2753 2414 2916 2467 animi
2936 2413 3016 2467 sui
3045 2411 3457 2467 commotionem
3484 2410 3715 2466 confessi
3733 2420 3857 2464 sunt
3879 2450 3900 2475 ,

2329 2521 2502 2575 neque
2531 2515 2712 2576 aperte
2740 2505 2920 2558 dicunt
2945 2543 2960 2567 ,
2987 2501 3095 2558 Cur
3133 2502 3347 2558 Petrum
3392 2501 3544 2557 nobis
3583 2499 3904 2570 praetulisti?

2330 2612 2452 2649 num
2487 2595 2574 2650 ille
2612 2595 2782 2664 major
2825 2594 2978 2648 nobis
3016 2592 3138 2647 est?
3166 2607 3270 2646 non
3303 2589 3569 2652 audebant
3591 2590 3770 2655 enim;
3799 2588 3902 2644 sed

2332 2688 2599 2741 indetiuite
2625 2688 2954 2755 interrogant
2977 2704 2990 2739 :
3027 2685 3152 2753 Quis
3181 2686 3346 2755 major
3363 2693 3434 2739 est
3453 2683 3626 2740 PNam
3651 2697 3770 2741 cum
3788 2690 3906 2736 tres

2329 2778 2567 2832 viderunt
2591 2776 2829 2846 przeferri
2846 2777 3075 2835 caeteris.
3095 2775 3230 2832 nihil
3249 2775 3420 2830 simile
3435 2774 3572 2844 passi
3599 2781 3751 2836 sunt;
3773 2786 3903 2826 cum

2328 2881 2502 2922 autem
2535 2884 2668 2922 unus
2698 2878 2897 2922 tantum
2932 2867 3188 2922 honorem
3221 2867 3372 2931 tulit,
3413 2874 3538 2919 tunc
3559 2863 3747 2930 dolore
3775 2872 3906 2917 sunt

2327 2959 2520 3013 aﬁ‘ccti.
2545 2957 2725 3027 Neque
2756 2958 2856 3012 hoc
2883 2957 3075 3023 solum,
3097 2955 3192 3012 sed
3222 2965 3273 3011 et
3293 2957 3395 3010 alia
3425 2955 3581 3009 multa
3607 2967 3904 3024 congeren-

2332 3060 2428 3113 tes,
2455 3048 2662 3102 accensi
2687 3057 2831 3102 sunt.
2854 3047 2982 3101 Nam
3003 3046 3135 3101 dixit
3162 3046 3235 3100 illi
3265 3063 3279 3099 :
3305 3045 3414 3099 Tibi
3439 3044 3568 3098 dabo
3593 3047 3789 3106 claves;
3817 3052 3901 3103 et,

2333 3141 2516 3194 Beatus
2542 3158 2596 3196 es
2619 3182 2634 3206 ,
2659 3139 2837 3196 Simon
2870 3138 3136 3194 Bac-Iona
3179 3137 3404 3207 (Matth.
3439 3138 3523 3190 16.
3556 3136 3639 3191 I9.
3667 3135 3769 3204 l7)
3798 3150 3813 3198 ;
3844 3143 3905 3188 ct

2333 3231 2436 3297 hic,
2464 3231 2543 3285 Da
2571 3232 2696 3302 ipsis
2735 3248 2826 3302 pro
2851 3247 2930 3286 me
2951 3239 3000 3285 et
3029 3241 3110 3294 te;
3147 3230 3376 3299 itemque
3423 3228 3668 3282 ﬁduciam
3695 3227 3811 3296 ejus
3840 3235 3901 3279 ct

2333 3320 2578 3388 loquendi
2625 3322 2924 3376 libertatem
2969 3319 3212 3374 videntes
3258 3318 3648 3390 pungebantur.
3678 3315 3825 3382 Quod
3851 3315 3904 3369 si

2333 3410 2538 3464 Marcus
2565 3425 2669 3465 non
2692 3411 2980 3477 dicat,illos
3008 3411 3383 3480 interrogasse,
3406 3407 3500 3462 sed
3529 3421 3711 3461 secum
3733 3403 3782 3458 id
3803 3420 3905 3458 co-

2331 3500 2572 3571 gitasse(
2608 3499 2771 3554 Marc.
2804 3499 2858 3557 9.
2887 3498 3037 3571 54),
3069 3498 3122 3553 id
3160 3513 3265 3555 non
3300 3511 3418 3553 esse
3453 3495 3751 3566 oppositum
3779 3493 3908 3547 huic

2335 3591 2623 3646 narrationi
2654 3608 2667 3644 :
2699 3605 2819 3644 nam
2863 3589 3149 3645 verisimile
3176 3597 3257 3644 cst
3285 3588 3404 3642 illos
3435 3595 3714 3654 utrumque
3740 3584 3906 3638 fet-is-

2332 3698 2393 3739 se
2422 3701 2436 3739 :
2464 3691 2518 3738 et
2546 3682 2774 3753 primum
2800 3681 3015 3752 quidem
3049 3681 3151 3734 alio
3175 3690 3414 3748 tempore
3437 3677 3607 3732 semel
3642 3687 3692 3730 et
3722 3675 3801 3729 bis
3824 3676 3910 3729 sic

2333 3773 2616 3844 cogitasse,
2649 3782 2775 3827 tunc
2795 3787 2921 3827 vero
2947 3781 3001 3826 et
3024 3771 3221 3825 dixisse
3245 3810 3261 3832 ,
3284 3778 3338 3823 et
3360 3782 3541 3824 secum
3567 3766 3907 3836 cogitavisse.

2335 3864 2412 3920 Tu
2442 3880 2571 3920 vero
2599 3880 2702 3918 non
2733 3863 2782 3918 id
2811 3863 2918 3917 vitii
2952 3861 3122 3917 solum
3146 3859 3400 3929 respicias
3421 3900 3437 3924 ,
3465 3858 3559 3911 sed
3582 3865 3636 3910 et
3662 3855 3788 3912 illud
3815 3869 3912 3908 ce-

2336 3957 2442 4028 gita
2475 3975 2488 4011 :
2518 3956 2708 4027 primo,
2739 3956 2857 4009 illos
2904 3953 3031 4008 nihil
3069 3953 3154 4007 hic
3201 3951 3359 4021 hujus
3397 3950 3579 4006 swculi
3622 3961 3910 4019 qurerere;

2335 4049 2563 4114 deinde,
2597 4051 2713 4105 illos
2761 4047 2901 4102 hunc
2946 4055 3127 4116 postea
3175 4044 3421 4098 morbum
3470 4042 3821 4112 deposuisse.
3852 4049 3910 4093 et

2340 4143 2536 4213 primas
2565 4142 2663 4195 sibi
2695 4152 2877 4194 mutuo
2897 4138 3170 4192 detulisse.
3195 4136 3301 4190 Nos
3338 4143 3512 4188 autem
3534 4147 3706 4202 neque
3732 4129 3796 4184 ad
3812 4129 3908 4183 de-

2341 4233 2509 4288 fectus
2550 4246 2733 4285 eorum
2785 4241 3064 4298 possumus
3092 4227 3431 4296 pertingere,
3476 4237 3576 4277 nec
3621 4219 3909 4290 qua-rimus

2339 4329 2457 4398 quis
2487 4325 2654 4394 major
2679 4323 2749 4376 sit
2792 4321 2842 4375 in
2874 4334 3038 4388 regno
3063 4318 3312 4373 cazlorutn
3333 4356 3348 4378 ,
3382 4313 3477 4370 sed
3515 4315 3633 4384 quis
3661 4313 3828 4380 major
3855 4312 3911 4366 in

2343 4434 2504 4489 regno
2532 4428 2687 4470 terra:
2713 4457 2725 4477 ,
2757 4414 2876 4484 quis
2927 4409 3230 4481 opulentior
3253 4449 3270 4475 ,
3300 4409 3422 4478 quis
3452 4406 3736 4476 potentior.
3769 4405 3911 4470 Quid

2341 4523 2472 4577 ergo
2492 4506 2769 4560 Christus?
2814 4503 3024 4557 Illorum
3057 4500 3436 4555 conscientiam
3467 4496 3681 4566 detegit,
3705 4505 3756 4548 et
3777 4495 3914 4548 aﬁ'e-

2342 4598 2446 4651 ctni
2469 4611 2676 4660 eorum,
2707 4610 2810 4648 non
2844 4595 3016 4646 verbis
3050 4600 3275 4656 tantum,
3305 4587 3612 4658 respondet.
3643 4588 3679 4640 2
3731 4586 3790 4640 Et
3826 4587 3916 4638 ad-

2343 4703 2524 4742 uocans
2545 4685 2580 4738 Ι
2584 4702 2695 4739 esus
2722 4685 3006 4755 parvulum.
3036 4683 3090 4738 3.
3117 4682 3247 4734 dixit
3269 4720 3285 4743 ,
3313 4678 3426 4733 Nisi
3449 4677 3671 4730 conversi
3691 4677 3887 4748 fueritis

2345 4790 2391 4834 et
2433 4778 2713 4848 eﬁiciamini
2755 4777 2884 4828 sicut
2925 4775 3160 4842 parvulus
3186 4773 3276 4825 iste
3295 4811 3311 4835 ,
3340 4786 3438 4823 non
3468 4766 3718 4822 iutrabitis
3749 4768 3802 4822 in
3832 4783 3918 4822 re-

2345 4890 2497 4946 gnum
2519 4873 2777 4927 calorum.
2811 4869 2917 4922 Vos
2948 4865 3256 4938 perquiritis
3285 4863 3407 4932 quis
3441 4861 3509 4916 sit
3539 4875 3729 4929 major,
3761 4872 3810 4914 et
3845 4859 3918 4914 de

2349 4965 2576 5032 primatu
2604 4959 2925 5042 contenditis
2958 4974 2970 5009 :
3005 4970 3104 5022 ego
3134 4969 3263 5008 vero
3289 4968 3434 5016 eum,
3461 4953 3546 5019 qui
3591 4965 3694 5004 non
3726 4947 3921 5003 humil—

2351 5054 2506 5109 limus
2536 5053 2704 5107 factus
2740 5051 2923 5115 luerit,
2957 5065 3060 5102 non
3091 5062 3209 5102 esse
3233 5047 3448 5115 dignum
3477 5043 3597 5097 dico
3626 5043 3714 5112 qui
3757 5043 3922 5096 intret

2350 5148 2400 5204 in
2431 5163 2647 5218 regnum
2671 5146 2943 5199 cmlorum.
2973 5141 3137 5196 Recte
3161 5139 3460 5206 exemplum
3488 5135 3674 5199 aﬁ‘o-rt;
3713 5150 3810 5189 nec
3835 5134 3922 5186 af.

2353 5242 2453 5298 fert
2480 5240 2658 5302 modo,
2697 5237 2791 5293 sed
2826 5247 2879 5291 et
2908 5237 3075 5304 ipsum
3104 5231 3376 5301 parvulum
3409 5229 3461 5282 in
3493 5227 3669 5282 medio
3691 5228 3872 5280 statuit
3903 5267 3921 5290 ,

2354 5336 2469 5402 ipso
2497 5338 2715 5400 aspectu
2760 5328 2979 5381 hortans
3027 5335 3080 5378 et
3119 5321 3348 5376 suadens
3379 5327 3435 5373 ut
3474 5319 3581 5373 sint
3612 5317 3839 5372 humiles
3859 5331 3927 5373 ac

2350 5424 2636 5493 simplices.
2661 5420 2790 5474 Nam
2822 5416 3072 5486 puerulus
3099 5415 3230 5469 liber
3256 5422 3337 5467 εει
3363 5412 3428 5464 ab
3483 5410 3698 5471 invidia,
3735 5424 3764 5461 a
3787 5424 3925 5461 vana

2352 5517 2519 5586 gloria
2554 5554 2568 5576 ,
2600 5513 2667 5565 ab
2696 5525 2879 5563 amore
2909 5508 3183 5576 primatus.
3212 5504 3601 5568 maximamque
3646 5499 3783 5552 hanc
3815 5501 3929 5553 vir-

2355 5615 2517 5661 tutein
2545 5600 2802 5674 possidet,
2834 5612 3024 5665 nempe
3040 5594 3425 5665 simplicitatem
3464 5602 3515 5645 et
3547 5588 3925 5644 humilitatem.

2419 5769 2435 5796 ι
2475 5772 2616 5820 unus,
2635 5773 2740 5810 cum
2765 5755 2926 5808 Jacobi
2949 5759 2992 5805 et
3015 5761 3211 5802 Joannis
3240 5757 3399 5800 Petrus
3425 5752 3762 5810 piimogcnuus
3784 5750 3908 5794 (ssc!
