4186 6482
178 453 264 509 res
1082 442 1143 498 IN
1184 436 1587 497 SIA'I'TIIﬁUM
1630 434 1729 492 IIUJ

1836 470 1841 488 .
1903 432 2076 489 LVIII.
2120 436 2172 490 .tl
2236 436 2371 493 ΜΛ.

175 569 274 625 Non
299 579 427 635 ergo
451 576 591 634 opus
618 568 820 615 tantum
852 566 935 613 est
974 553 1283 623 fortitudine
1307 562 1468 625 atque
1501 550 1734 622 pruden-

173 660 235 713 tia
262 676 277 723 ;
306 656 397 712 sed
424 656 588 711 etiam
616 652 918 708 humilitate
941 660 996 705 et
1019 648 1380 717 simplicitate.
1414 646 1622 701 Etenim
1654 643 1736 698 νυι

173 751 216 803 itt
245 745 517 819 praecipuis
543 747 703 802 rebus
724 786 739 811 ,
770 745 814 799 si
853 745 934 797 ita:
960 742 1186 795 virtutes
1210 754 1316 794 non
1348 737 1528 793 adsint
1552 778 1569 803 ,
1595 735 1741 792 clau-

170 845 334 898 dieant
359 855 420 895 ea
447 855 570 909 qua!
590 838 658 893 ad
686 838 911 892 salutem
938 845 1175 889 uestram
1210 833 1497 902 pertinent.
1532 830 1738 883 Pueru-

172 939 241 989 lus
260 934 369 988 sive
392 929 719 987 contumelia
744 928 1025 988 afﬁciatur,
1043 924 1156 979 sive
1186 922 1454 983 laudetur,
1487 920 1601 974 sive
1627 934 1739 972 vcr-

170 1035 386 1086 ueretur,
415 1023 531 1078 sive
559 1022 874 1083 honoretur,
907 1031 1008 1074 nec
1033 1015 1250 1085 indigne
1274 1011 1485 1068 lert’vel
1512 1009 1736 1091 invidet,

169 1131 329 1186 neque
354 1115 523 1170 altum
545 1113 706 1183 sapit.

233 1212 282 1265 '5.
311 1208 498 1263 Vidcn‘
521 1204 792 1277 quomodo
821 1217 918 1258 nos
956 1216 1167 1257 rursum
1202 1198 1269 1254 ad
1294 1196 1554 1253 naturalia
1575 1209 1737 1263 opera

166 1310 353 1364 erowt,
373 1297 664 1353 ostendens
692 1296 808 1352 haec
841 1310 905 1349 ex
949 1292 1221 1363 proposito
1244 1289 1535 1346 voluntatis
1554 1286 1739 1356 perﬁci

165 1406 324 1459 posse,
338 1388 802 1461 perniciosamque
813 1384 1223 1440 Manichteorum
1236 1380 1438 1436 rabiem
1451 1378 1739 1448 deprimit?

166 1483 282 1538 Nam
300 1483 343 1537 si
360 1481 499 1537 mala
516 1489 703 1537 natura
719 1478 911 1547 cst(a),
930 1491 1027 1532 cur
1043 1474 1167 1531 inde
1188 1471 1536 1543 philosophiae
1555 1485 1739 1525 exem-

168 1580 238 1647 pla
266 1576 456 1632 trahit?
504 1574 785 1631 Parvulum
815 1582 992 1629 autem
1034 1582 1159 1642 puto
1194 1572 1449 1626 infantem
1478 1568 1531 1623 in
1560 1566 1739 1622 medio

166 1672 422 1731 statuisse.
462 1668 712 1723 omnibus
738 1666 883 1745 hisee
909 1666 1069 1719 animi
1097 1663 1298 1719 morbis
1317 1676 1563 1718 vacuum.
1604 1658 1736 1715 Nam

166 1762 212 1815 in
238 1760 533 1831 hujusmodi
560 1759 869 1824 infantibus,
888 1772 986 1812 nec
1005 1756 1327 1827 arrogantia,
1350 1769 1450 1809 nec
1465 1768 1596 1807 vana
1623 1751 1738 1817 glo-

167 1852 253 1915 ria,
280 1865 375 1905 nec
401 1850 622 1915 invidia,
654 1864 754 1905 nec
780 1849 1077 1912 contentio,
1110 1862 1211 1902 nec
1231 1846 1333 1900 alia
1364 1842 1737 1913 hujuscemodi

167 1943 319 1995 locum
346 1940 575 2007 habent;
625 1941 808 1995 insunt
831 1950 1012 1995 autem
1048 1938 1271 1994 virtutes
1298 1936 1500 1998 multae,
1527 1932 1735 2002 simpli-

164 2034 297 2097 citas,
336 2033 638 2101 lntmilitas;
667 2035 821 2090 abest
861 2033 930 2087 ab
965 2047 1032 2087 eo
1059 2030 1393 2102 negotiorum
1420 2027 1572 2083 turba
1594 2068 1610 2092 ,
1636 2025 1735 2081 de-

164 2140 254 2189 que
281 2124 418 2179 nulla
448 2140 510 2181 re
534 2125 806 2195 superbit;
835 2124 923 2179 ubi
954 2122 1151 2192 duplex
1179 2118 1651 2191 est'philosnphia,
1680 2126 1736 2172 et

163 2217 285 2281 quod
311 2217 427 2272 lucc
469 2212 775 2287 possideat,
802 2226 858 2271 et
882 2215 1023 2288 quod
1050 2230 1158 2270 non
1193 2214 1312 2269 ideo
1343 2213 1577 2268 inlletnr.
1611 2212 1735 2266 ideo

164 2307 395 2364 infantem
432 2309 705 2380 produxit,
732 2318 788 2364 et
815 2309 867 2363 in
901 2308 1080 2364 medio
1116 2308 1335 2370 statuit;
1360 2323 1535 2375 neque
1562 2305 1633 2360 ibi
1666 2301 1731 2359 ﬁo

163 2414 267 2452 item
301 2398 513 2456 dicendi
541 2400 684 2463 fecit,
710 2400 803 2456 sed
831 2400 1058 2455 ulterius
1092 2400 1512 2454 admonitionem
1540 2398 1735 2467 produ-

160 2491 239 2555 cit,
265 2489 446 2547 dicens
478 2512 492 2548 :
527 2493 581 2547 5.
611 2490 679 2545 Et
725 2492 1027 2562 quicumque
1054 2484 1327 2561 susceperit
1354 2506 1513 2543 unum
1542 2502 1731 2559 parvu-

163 2583 252 2634 lum
298 2583 450 2637 talem
493 2583 548 2637 in
592 2582 793 2637 nomine
846 2599 979 2649 meo,
1008 2598 1087 2637 me
1113 2582 1343 2650 suscipit.
1393 2580 1509 2636 Non
1556 2580 1730 2635 solum

158 2674 307 2738 enim,
346 2674 540 2745 inquit,
583 2676 627 2729 si
686 2676 817 2731 tales
864 2663 1096 2739 fueritis,
1126 2677 1429 2731 mercedem
1483 2690 1730 2745 magnam

160 2764 442 2832 recipietis,
470 2764 567 2821 sed
603 2766 765 2821 etiam
792 2765 836 2820 si
878 2766 1016 2821 alios
1046 2766 1251 2821 similes
1281 2776 1501 2835 propter
1524 2783 1610 2821 me
1636 2766 1732 2821 ho-

160 2854 481 2920 uorareritis,
513 2871 737 2925 regnum
768 2857 919 2912 vobis
940 2855 992 2909 in
1016 2856 1319 2911 mercedem
1341 2856 1532 2912 tribuo.
1552 2856 1732 2925 Quod-

158 2961 247 3010 que
276 2945 429 3016 lange
456 2945 631 3015 majus
674 2954 759 3000 est
783 2945 999 3015 adjicit,
1030 2960 1152 3001 eum
1195 2946 1343 3015 dicit,
1377 2946 1461 3002 Me
1496 2948 1727 3016 suscipit.

160 3033 219 3086 ha
240 3034 581 3091 vehementer
608 3036 813 3091 aliieior
840 3051 907 3091 ex
950 3035 1246 3094 humilitate
1274 3047 1329 3094 et
1360 3038 1725 3108 simplicitate.

160 3125 395 3181 latri-nios
425 3127 514 3182 hic
539 3138 693 3183 vocat
719 3127 998 3194 homines,
1034 3128 1102 3182 ita
1134 3130 1435 3199 simplices,
1466 3130 1726 3201 humiles,

157 3215 232 3273 ιιιιὶ
276 3217 413 3285 apud
476 3217 675 3272 multos
721 3217 917 3287 abiecti
972 3228 1028 3275 et
1069 3220 1397 3290 despiciendi
1442 3223 1722 3280 habentur.

159 3305 338 3364 lli-inde
373 3308 737 3379 probatiorem
763 3310 993 3366 reddens
1022 3326 1326 3369 sermonem
1344 3356 1359 3380 ,
1386 3331 1490 3369 non
1520 3331 1550 3369 a
1585 3332 1725 3387 prtu-

157 3397 263 3450 miis
301 3406 528 3463 tantum,
552 3400 648 3454 sed
689 3401 849 3456 etiam
879 3417 907 3454 a
936 3403 1113 3472 pinnis
1143 3403 1288 3457 illum
1320 3405 1625 3470 conﬁrmat,
1648 3408 1728 3463 sic

158 3490 399 3554 loquens:
432 3490 467 3544 6
521 3490 623 3557 Qui
670 3502 837 3545 autem
884 3494 1302 3548 scaudalizaverit
1354 3511 1513 3549 unum
1555 3514 1619 3551 ea:
1646 3498 1726 3552 Itis

156 3578 336 3638 pusillis
363 3581 452 3649 qui
490 3582 545 3633 in
570 3598 648 3634 nte
684 3583 896 3635 credunt
922 3584 965 3646 ¹,
987 3584 1191 3654 expedit
1216 3585 1281 3651 ei,
1313 3595 1367 3639 ut
1390 3587 1728 3657 suspendatur

156 3670 273 3721 ιηυια
290 3671 515 3725 asinaria
537 3673 589 3725 in
612 3672 745 3726 collo
772 3674 903 3742 ejus,
932 3684 979 3729 et
994 3675 1315 3746 demergatur
1341 3677 1393 3731 in
1416 3679 1728 3749 profundunt

154 3762 306 3815 nutris.
354 3764 488 3819 Nam
518 3766 783 3835 sicut‘qui
809 3766 908 3821 hos
934 3769 1185 3837 parvulos
1213 3780 1431 3839 propter
1452 3788 1538 3826 me
1555 3771 1726 3827 hono-

154 3862 277 3920 rant,
291 3855 479 3911 ciuium
496 3856 868 3927 possidebunt,
888 3859 996 3914 imo
1014 3860 1187 3932 majus
1211 3877 1377 3932 regno
1406 3864 1681 3931 prtemium
1707 3881 1720 3919 :

153 3942 211 3993 ita
241 3946 322 4013 qui
354 3946 683 4003 inhonorant
709 3947 784 4020 (id
809 3951 950 4005 enim
991 3960 1076 4005 est
1096 3942 1510 4025 scandalizarc),
1540 3965 1722 4013 extre-

152 4048 254 4088 tuas
273 4034 471 4092 dabunt
496 4053 705 4107 pinnas.
739 4039 795 4095 Si
847 4056 973 4096 vero
997 4042 1307 4099 scandalum
1347 4049 1724 4105 contumeliam

152 4133 306 4190 vocet,
334 4143 399 4183 ne
425 4130 669 4197 mireris;
697 4145 817 4186 cum
839 4133 989 4186 multi
1008 4134 1077 4188 ob
1096 4136 1586 4203 pusillanimitatem
1617 4156 1724 4198 non

153 4229 318 4283 parum
344 4221 691 4276 scandalizati
714 4222 913 4279 fuerint
957 4240 1023 4280 eo
1054 4227 1194 4296 quod
1222 4228 1647 4298 despicerentur,
1670 4242 1727 4291 et

149 4309 449 4366 contumelia
469 4311 833 4369 allicerentur.
862 4314 1076 4370 Crimen
1103 4332 1232 4387 ergo
1254 4334 1603 4391 exaggerans,
1624 4325 1723 4380 de-

151 4398 437 4456 trimentum
470 4404 595 4458 inde
636 4415 809 4460 ortum
860 4408 1101 4477 exponit.
1160 4409 1345 4481 Neque
1375 4414 1511 4468 ultra
1538 4432 1601 4470 ex
1625 4416 1722 4471 iis-

152 4486 257 4542 dcltt
301 4494 908 4563 suppiiciumostendit,
941 4499 1035 4553 sed
1065 4516 1222 4569 quam
1275 4503 1610 4562 intolerabile
1653 4508 1723 4564 sit

150 4594 205 4631 ex
226 4582 378 4637 rebus
393 4586 551 4639 nobis
573 4588 861 4642 notissimis
885 4590 1140 4646 declarat.
1170 4593 1301 4648 Nam
1328 4611 1448 4651 cum
1479 4599 1721 4656 rndiores

149 4671 248 4725 vult
276 4676 656 4745 perstringere,
678 4678 779 4732 sub
791 4694 1006 4734 sensum
1025 4682 1267 4738 cadentia
1282 4690 1530 4757 exempla
1544 4690 1715 4745 allert.

146 4759 465 4833 Quapropter
508 4781 629 4822 cum
680 4768 765 4824 hic
816 4772 1103 4829 ostendere
1156 4776 1315 4842 velit,
1347 4778 1491 4847 ipsos
1522 4782 1719 4851 ingenti

146 4855 387 4921 supplicio
410 4856 666 4913 affectum
710 4862 793 4928 iri,
831 4872 885 4918 et
914 4880 1100 4920 eorum
1131 4869 1221 4937 qui
1247 4868 1390 4937 ipsos
1418 4871 1720 4943 despiciunt

147 4949 487 5015 arrogantiam
505 4954 1055 5020 exagitare,scnsil‘ile
1077 4960 1394 5027 supplicium
1412 4964 1461 5017 itt
1483 4965 1716 5023 medium

147 5032 301 5101 affert,
332 5041 493 5094 mola:
517 5056 581 5095 ac
610 5043 993 5112 demersionis;
1026 5050 1268 5117 quamvis
1294 5055 1588 5111 secundum
1628 5072 1717 5113 sc-

150 5124 265 5180 riem
286 5128 488 5187 dixisse
520 5147 612 5202 par
640 5132 797 5190 fuerit
824 5151 837 5189 :
873 5137 971 5206 Qui
996 5155 1099 5195 non
1122 5144 1345 5211 suscipit
1366 5162 1607 5203 unumex
1637 5150 1719 5207 his

148 5217 378 5282 parvulis,
410 5236 503 5275 me
532 5237 637 5276 non
665 5225 885 5295 suscipit
904 5243 917 5293 ;
938 5230 1077 5297 quod
1109 5233 1253 5286 omni
1283 5237 1546 5304 supplicio
1564 5255 1719 5297 acch

148 5304 251 5359 hius
272 5320 385 5364 erat
412 5326 426 5363 :
447 5313 546 5367 sed
568 5315 959 5384 quia-rndiores
984 5330 1038 5374 et
1066 5324 1357 5379 crassiores
1381 5325 1480 5382 hac
1496 5332 1717 5388 terribili

148 5406 284 5455 pinna
304 5414 408 5456 non
430 5402 821 5470 afﬁctebantur,
846 5409 1040 5465 molam
1069 5414 1215 5481 ponit
1235 5416 1715 5479 etdcmcrsionem.

148 5481 309 5556 Neque
355 5494 513 5563 dixit,
547 5496 685 5553 Mola
728 5504 1087 5569 snSpendetnr
1129 5522 1158 5561 a
1212 5509 1352 5563 collo
1398 5514 1549 5581 ejus;
1598 5517 1714 5587 sed,

207 5642 375 5727 uiuae,
395 5650 554 5727 quiin
576 5654 898 5727 "regreditur,
922 5659 1101 5710 desunt
1137 5665 1183 5711 in
1209 5668 1497 5727 quibusdam
1524 5677 1627 5720 MSS.
1668 5686 1717 5725 et

406 5701 495 5761 sed
522 5716 570 5763 in
593 5701 898 5791 instrietus?

152 5764 335 5828 Furnrgio
352 5780 374 5819 'l
387 5764 671 5835 rel-nuntio
696 5764 821 5828 lecta
838 5764 1062 5833 itu-idid".

201 5848 271 5909 (tt)
302 5852 543 5910 Iatttchzhi
566 5860 803 5913 dicebant
828 5867 998 5917 malum
1026 5885 1135 5920 esse
1163 5883 1395 5925 naturam.

1849 550 2075 609 Expedit
2099 550 2166 619 ei,
2198 562 2256 607 ut
2309 552 2409 609 hac
2439 566 2591 622 pinna
2616 552 2929 620 tnulctctur,
2957 554 3251 611 ostendens
3278 557 3463 625 ipsum

1844 643 2050 708 majore
2068 642 2227 697 etiam
2256 643 2520 714 supplicio
2544 643 2888 699 afﬁciendum
2934 661 2948 696 :
2978 647 3122 715 quod
3160 647 3205 701 si
3237 646 3340 701 huc
3372 663 3452 701 ne

1850 734 2185 790 tolerandum
2236 736 2467 801 videtur,
2510 736 2681 791 multo
2711 737 2880 807 magis
2910 736 3066 793 illud.
3095 738 3284 794 VLden’
3310 754 3477 808 quom

1845 826 2007 883 modo
2032 826 2501 883 eotnminatiu‘ucm
2536 829 2785 899 utrinque
2813 828 3144 884 tremendam
3170 831 3449 896 exhibeat,

1846 922 1957 971 tum
1987 918 2196 974 notiore
2241 920 2491 988 exemplo
2532 918 2820 975 clariorem
2858 920 3124 987 reddens,
3149 930 3261 977 tum
3288 924 3447 993 longe

1844 1010 2018 1080 majus
2042 1010 2136 1065 illo
2158 1011 2481 1080 supplicium
2504 1012 2742 1082 cogitare
2781 1012 3056 1069 suadens?
3095 1013 3282 1069 Viden’
3306 1032 3418 1086 quo

1844 1099 2004 1155 modo
2028 1101 2347 1171 arrogantia:
2372 1109 2637 1157 tumorem
2663 1102 2917 1159 radicitus
2931 1104 3160 1160 evulsit?
3177 1109 3449 1177 quomodo

1843 1205 1995 1245 vame
2023 1192 2208 1262 gloria:
2233 1193 2387 1250 ulcus
2413 1192 2659 1249 curavit?
2685 1194 2965 1265 quomodo
2986 1196 3170 1253 docuit
3196 1202 3441 1270 nuspiam

1844 1284 2044 1352 primas
2084 1284 2377 1355 expetere?
2401 1284 2674 1356 quomodo
2697 1286 2941 1343 docuerit
2978 1303 3074 1344 eos
3125 1289 3216 1359 qui
3248 1278 3447 1358 primas

1842 1384 2177 1445 expeterent,
2209 1385 2265 1431 ut
2282 1386 2613 1447 postremum
2639 1378 2834 1450 ubique
2849 1380 3095 1435 ordinem
3115 1397 3445 1452 persequan-

1844 1468 1963 1522 tur?
1998 1466 2139 1523 Nihil
2168 1468 2314 1524 enim
2356 1471 2660 1539 arrogantia
2691 1469 2863 1540 pejus.
2914 1471 3041 1527 llaec
3094 1472 3164 1526 ab
3212 1472 3445 1528 humana

1844 1570 2022 1615 mente
2047 1560 2229 1631 dejieit
2252 1603 2267 1627 ,
2298 1568 2353 1616 et
2379 1561 2744 1631 insipientium
2773 1560 2966 1616 famam
2996 1563 3245 1639 conciliat
3272 1580 3288 1628 ;
3341 1564 3449 1619 imo

1841 1652 2127 1707 admodum
2168 1653 2483 1723 insipientes
2506 1653 2704 1709 reddit.
2750 1653 2884 1708 Nam
2916 1655 3374 1725 quemadmodum
3404 1658 3450 1711 si

1843 1743 2001 1813 quis,
2050 1744 2409 1800 trieubitalem
2464 1754 2727 1800 staturam
2780 1745 2983 1802 habens
3035 1747 3137 1819 (tt),
3184 1740 3472 1805 montium.

1841 1836 2174 1892 altitudinem
2204 1852 2463 1906 superare
2489 1836 2753 1904 studeret,
2783 1837 2943 1908 idque
2974 1840 3043 1895 ita
3071 1855 3192 1896 esse
3214 1852 3445 1911 putaret,

1840 1942 2065 1999 seseque
2111 1930 2341 1999 erigeret
2366 1932 2521 2001 quasi
2566 1946 2754 1988 eorum
2801 1933 3083 1988 cacumina
3129 1935 3445 2002 excederet,

1840 2035 1947 2076 non
1995 2021 2140 2077 aliud
2186 2037 2554 2093 quiereremus
2580 2024 2823 2080 stultitia:
2849 2025 2968 2123 ejus
3012 2039 3393 2098 argumentum
3425 2046 3436 2081 :

1839 2113 1920 2169 sic
1944 2127 2064 2168 cum
2092 2123 2436 2183 arrogantem
2463 2114 2737 2170 hominem
2761 2113 2981 2182 videris,
3009 2116 3101 2188 qui
3123 2132 3184 2173 se
3202 2119 3447 2174 onmium

1840 2204 2340 2273 praestantissimum
2386 2214 2558 2274 putet,
2600 2215 2654 2261 et
2693 2206 3034 2263 contumelia:
3071 2208 3191 2264 loco
3228 2210 3447 2277 habeat,

1838 2292 1981 2363 quod
2007 2308 2127 2348 cum
2148 2294 2360 2349 exteris
2381 2295 2542 2363 vivat,
2578 2312 2646 2353 ne
2672 2311 2884 2367 quaeras
2903 2297 3062 2354 aliud.
3073 2298 3192 2369 ejus
3221 2300 3458 2357 insania;

1840 2392 2239 2453 argumentum.
2288 2384 2421 2440 Nam
2450 2400 2517 2441 co
2541 2391 2714 2457 magis
2740 2385 3104 2460 ridieplusest
3131 2390 3195 2445 iis
3224 2391 3315 2461 qui
3344 2408 3447 2446 nae.

1841 2485 1955 2530 tura
1981 2491 2081 2532 sua
2107 2476 2256 2531 stulti
2278 2486 2427 2544 sunt,
2457 2493 2567 2548 quo
2594 2478 2736 2535 hunc
2765 2478 2882 2550 ipse
2910 2480 3013 2535 sibi
3040 2491 3233 2550 sponte
3259 2487 3447 2538 conci-

1839 2566 1989 2621 Iiavit
2039 2568 2308 2624 morbum.
2340 2567 2526 2639 Neque
2578 2569 2702 2627 ideo
2752 2579 2961 2626 tantum
3010 2572 3180 2628 miser
3218 2584 3320 2639 est,
3350 2576 3458 2630 sed.

1837 2670 1885 2714 et
1901 2660 2002 2713 iam
2044 2660 2187 2730 quod
2226 2660 2347 2718 sine
2384 2661 2496 2717 ullo
2523 2677 2684 2718 sensu
2722 2662 2774 2718 in
2820 2664 3072 2733 nequitia:
3123 2666 3447 2735 profundum

1836 2751 2069 2806 decidat.
2101 2752 2451 2821 Quandonam
2479 2753 2571 2810 ille
2596 2763 2826 2825 peccata
2880 2771 2974 2811 sua
3008 2766 3067 2811 ut
3106 2767 3322 2827 Oportet
3349 2775 3444 2814 eoa

1834 2843 2098 2911 gnosect?
2122 2843 2337 2914 quando
2363 2844 2561 2901 sentiet
2586 2860 2648 2901 se
2667 2845 2995 2917 deliquisse?
3025 2848 3236 2902 Etenim
3255 2848 3445 2905 diabo-

1836 2933 1920 2987 lus
1948 2934 2096 2989 illum
2143 2950 2244 2991 ceu
2274 2950 2490 2992 servum
2519 2945 2574 2993 et
2593 2937 2864 3008 captivum
2894 2938 3169 2994 abducens
3213 2939 3345 3006 abit,
3380 2942 3445 2995 ila

1835 3025 2053 3096 lumque
2100 3027 2453 3095 circumfert,
2480 3030 2768 3099 verberat,
2797 3041 2852 3086 et
2897 3032 3059 3087 mille
3099 3035 3459 3091 contumeliis-

1834 3119 2018 3173 afﬁcit.
2060 3118 2117 3172 lit
2150 3128 2351 3175 ianum
2374 3122 2575 3192 quippe
2602 3122 2725 3177 illos
2743 3124 2851 3192 agit
2882 3124 3197 3191 stultitiam,
3229 3137 3288 3181 ut
3311 3143 3457 3182 sua—7

1832 3210 1957 3264 deat
1982 3210 2111 3279 ipsis
2138 3212 2219 3265 vel
2242 3211 2501 3268 adversus
2528 3213 2729 3269 liberos
2752 3223 2809 3270 et
2841 3230 3091 3284 uxorem,
3111 3220 3222 3274 imo
3248 3231 3440 3277 contra

1832 3301 2071 3369 majores
2100 3315 2229 3356 suos
2256 3317 2378 3358 sese
2406 3302 2619 3359 efferre.
2650 3304 2852 3360 Contra
2882 3321 3011 3362 vero
3040 3308 3178 3364 alios
3201 3325 3231 3363 a
3273 3313 3444 3381 majo-

1832 3406 1951 3445 rmn
2003 3391 2299 3461 splendore
2344 3392 2578 3448 tumidus
2621 3395 2841 3450 reddit:
2891 3412 3000 3465 quo
3052 3397 3179 3469 quid
3224 3401 3457 3457 stultius

1836 3496 2090 3551 umquam
2126 3481 2305 3547 fuerit,
2328 3498 2450 3538 cum
2480 3498 2529 3540 α
2554 3484 2720 3539 rebus
2763 3488 3050 3542 contrariis
3077 3487 3327 3546 similiter
3356 3492 3439 3546 in—

1833 3580 2165 3635 tumescant,
2192 3572 2280 3627 alii
2304 3613 2317 3637 ,
2346 3572 2489 3643 quod
2512 3573 2649 3629 viles
2677 3584 2878 3644 patres,
2904 3591 3057 3642 avos,
3090 3592 3316 3648 proavos
3348 3582 3440 3637 ha-

1832 3660 2009 3725 beant,
2040 3663 2150 3728 alii,
2174 3663 2314 3733 quod
2356 3666 2677 3736 conspicuos
2719 3674 2777 3721 et
2819 3667 3101 3724 illustres?
3157 3670 3447 3738 Quomodo

1832 3754 1953 3822 quis
1984 3754 2153 3822 possit
2196 3755 2478 3811 amborum
2507 3766 2773 3813 tumorem
2815 3759 3163 3830 deprimere?
3188 3764 3296 3817 Illis
3321 3766 3440 3834 qui-

1831 3845 1954 3899 dem
1982 3845 2131 3900 dicas
2160 3861 2176 3897 :
2207 3847 2453 3902 Asecmle
2474 3848 2613 3902 ultra
2643 3861 3113 3920 avosetproavos,
3130 3863 3185 3909 et
3207 3853 3437 3911 fortasse

1832 3940 2031 3994 multos
2060 3938 2299 3995 invenies
2324 3956 2548 4011 coquos,
2571 3943 2834 4001 asinarios
2864 3948 2878 3978 ⁸
2905 3987 2919 4010 ,
2947 3955 3001 4001 et
3025 3962 3298 4018 caupones
3322 3967 3337 4017 ;
3368 3950 3457 4005 ad.

1832 4047 1927 4088 eos
1950 4042 2159 4100 contra,
2190 4036 2281 4105 qui
2309 4035 2379 4091 de
2423 4037 2688 4107 majorum
2716 4054 2939 4096 suorum
2972 4041 3175 4099 vilitate
3202 4045 3438 4101 intume-

1831 4134 2010 4191 scunt,
2031 4124 2088 4179 Si
2117 4140 2277 4195 supra
2318 4142 2448 4181 avos
2479 4138 2598 4184 tuos
2648 4131 3033 4201 progrediaris,
3057 4134 3435 4193 multosiuve-

1832 4215 1950 4269 nies
1974 4225 2024 4270 te
2050 4215 2209 4286 longe
2229 4217 2513 4275 clariores.

1902 4308 1955 4362 4.
1982 4306 2105 4361 Νοη
2140 4309 2464 4380 gloriandum
2492 4327 2556 4366 ea:
2595 4314 2794 4384 generis
2825 4315 3106 4371 nobilitate.
3138 4316 3344 4374 Diuitia:
3373 4321 3435 4373 li-

1830 4398 2071 4452 bertatem
2113 4399 2323 4454 tollunt.
2346 4432 2415 4441 —
2437 4403 2588 4471 Quod
2620 4405 2766 4460 enim
2794 4406 2917 4461 talis
2951 4409 3022 4462 sit
3051 4407 3302 4465 humana:
3340 4428 3435 4466 na-

1830 4499 1965 4546 tura:
1990 4507 2203 4559 cursus,
2235 4508 2304 4549 ex
2329 4494 2626 4563 Scripturis
2657 4498 2809 4554 vobis
2838 4500 3143 4555 ostendam.
3178 4502 3433 4559 Salomon

1832 4581 1970 4637 ﬁlius
1998 4584 2140 4654 regis
2165 4596 2305 4651 erat,
2336 4587 2583 4656 regisque
2621 4589 2939 4658 clarissimi,
2971 4592 3065 4646 sed
3095 4592 3253 4661 hujus
3287 4604 3437 4663 pater

1830 4674 1968 4729 inter
2008 4676 2145 4745 vulgi
2190 4675 2438 4746 homines
2467 4688 2521 4732 et
2552 4678 2814 4748 ignobiles
2858 4683 3246 4738 numerabatur
3269 4727 3284 4749 ,
3316 4702 3429 4739 Ina-

1830 4773 2012 4821 ternus
2036 4782 2250 4836 quoque
2282 4783 2413 4823 avus
2438 4769 2719 4837 similiter;
2753 4773 2988 4843 alioquin
3009 4775 3154 4829 enim
3180 4790 3287 4829 non
3309 4784 3439 4831 cuiu

1828 4860 2072 4928 gregario
2123 4860 2295 4915 milite
2340 4860 2501 4915 ﬁliam
2534 4862 2785 4919 locasset.
2829 4865 2886 4917 Si
2921 4864 3082 4921 altius
3120 4876 3301 4922 autem
3344 4885 3428 4922 ne-

1829 4960 2000 5019 petas,
2035 4952 2213 5007 abhis
2255 4953 2531 5010 vilioribus
2559 4956 2624 5009 ad
2672 4957 2990 5013 illustriores
3034 4959 3435 5031 nobilioresqnc

1827 5058 1856 5096 a
1890 5043 2107 5097 centies.
2140 5044 2373 5116 Idipsnm
2404 5047 2455 5100 itt
2486 5046 2651 5102 Saule
2673 5059 2725 5102 ct
2757 5048 2807 5102 Ill
2837 5050 3081 5118 plurimis
3106 5051 3231 5106 aliis
3247 5052 3434 5107 obscr‘

1828 5151 1956 5191 vare
1980 5136 2119 5191 licet.
2149 5138 2226 5192 Ne
2252 5139 2415 5209 igitur
2449 5140 2571 5193 hinc
2599 5141 2763 5195 altum
2793 5143 3086 5209 Sapiamus.
3119 5144 3255 5210 Quid
3288 5148 3441 5201 cnim-

1818 5244 2033 5295 qna'so,
2060 5244 2230 5298 genus
2257 5234 2381 5287 est?
2412 5233 2552 5287 Nihil
2592 5235 2692 5288 nisi
2740 5252 2958 5299 nomen,
2992 5254 3049 5292 re
3078 5254 3307 5293 vacuum
3335 5259 3347 5294 :
3382 5256 3442 5296 es

1830 5320 1930 5375 hoc
1964 5322 2013 5376 in
2038 5334 2281 5380 extremo
2307 5325 2400 5379 illo
2429 5327 2514 5380 dic
2537 5328 2737 5382 scietis.
2766 5331 3031 5396 Quoniam
3057 5348 3184 5385 vero
3204 5333 3324 5388 dies
3346 5334 3438 5389 ille

1829 5414 2069 5468 nondum
2098 5416 2283 5483 adest,
2312 5432 2408 5486 age
2441 5434 2506 5471 cx
2537 5422 2895 5487 praesentibus
2928 5422 3078 5478 vobis
3113 5426 3440 5482 suadeamus

1829 5508 2033 5561 nullam
2065 5508 2187 5563 inde
2211 5510 2619 5579 prtcrogativam
2649 5513 2848 5568 assumi
2882 5529 3059 5584 posse.
3089 5516 3222 5572 Nam
3250 5520 3293 5572 si
3319 5520 3433 5574 bel-

1826 5598 1938 5654 lum
1971 5601 2203 5670 ingruat,
2237 5602 2280 5655 si
2307 5603 2473 5657 fames
2494 5644 2507 5669 ,
2543 5604 2585 5657 si
2616 5605 2827 5674 quidvis
2851 5608 2993 5661 aliud
3017 5653 3031 5674 ,
3065 5610 3114 5663 hi
3146 5610 3438 5667 nobilitatis

1950 5766 2093 5813 Unus.
2120 5776 2335 5823 errones,
2365 5778 2470 5825 pro,
2495 5764 2750 5817 (tsimn'ios.

1891 5823 1964 5878 in)
2002 5833 2269 5873 \It-ttsut‘atn
2310 5823 2637 5877 tii‘cttbitalctn
2680 5828 2800 5880 solet
2841 5830 3212 5895 (Ihtysoslontus
3257 5834 3435 5888 lttitnittj

1832 5898 2098 5945 mutuare.

3348 442 3485 497 ὺτξῐ
3522 453 3527 457 ’
