4186 6492
751 453 846 511 δη

749 580 981 625 tumores
1026 572 1341 619 etaucscmtt
1372 581 1394 615 ι·
1417 565 1458 616 si
1492 564 1706 615 mut-bus
1741 563 1988 627 invadat,
2015 561 2058 616 si
2103 562 2266 630 pestis
2287 602 2301 623 .

751 676 853 712 nou
879 656 1146 723 distinguit
1175 654 1389 707 divitem
1420 667 1448 704 a
1478 669 1734 720 paupere,
1767 669 1869 706 non
1913 653 2200 722 gloriosum
2243 653 2310 705 ab

753 750 986 819 inglorio,
1017 763 1121 801 non
1151 746 1381 801 nobilem
1413 747 1480 799 ab
1508 747 1719 811 ignobili
1747 765 1760 800 :
1791 747 1866 800 sic
1894 756 1945 800 et
1978 746 2028 798 in
2063 757 2232 799 morte
2257 755 2307 798 ct

752 841 797 892 in
826 840 941 891 aliis
967 852 1143 890 rerutn
1177 834 1552 891 mutationibus
1571 877 1584 898 ,
1614 833 1706 890 sed
1741 835 1895 890 simul
1921 835 2096 888 omnia
2125 850 2306 888 omnes

746 928 1035 981 invadunt:
1068 937 1119 981 et
1144 929 1188 982 si
1214 927 1340 996 quid
1374 927 1563 981 mirum
1596 927 1773 981 dicere
1812 927 1997 991 liceat,
2025 925 2138 981 bare
2168 926 2274 980 divt

744 1017 880 1071 tibus
909 1017 1073 1084 magis
1110 1017 1354 1071 accidunt
1386 1034 1398 1071 :
1426 1026 1624 1086 quanto
1662 1017 1803 1071 enim
1850 1025 1964 1070 haec
2004 1017 2178 1071 minus
2216 1030 2277 1069 cn

745 1122 878 1164 tant.
911 1119 1056 1164 tanto
1079 1108 1285 1162 facilius
1306 1117 1543 1178 pereunt.
1569 1107 1737 1163 Melus
1757 1118 1932 1163 autem
1954 1109 2090 1178 apud
2115 1108 2300 1161 divites

742 1199 909 1264 major
931 1209 1028 1254 est.
1063 1201 1192 1252 Nam
1230 1199 1281 1253 hi
1323 1201 1553 1255 maxime
1584 1201 1848 1268 principes
1876 1199 2174 1263 formidant,
2205 1214 2301 1253 uec

739 1292 916 1342 minus
951 1290 1028 1344 bis
1057 1290 1382 1360 principibus
1427 1290 1704 1359 subdltos,
1736 1293 1844 1346 imo
1891 1293 2058 1347 multo
2104 1292 2298 1361 magis;

739 1382 992 1448 plurimas
1027 1383 1166 1436 enim
1212 1382 1510 1451 ltujnsmodi
1554 1384 1740 1437 domos
1765 1393 1816 1438 et
1856 1383 2034 1455 populi
2079 1385 2225 1437 furor
2248 1393 2302 1438 et

739 1472 1030 1542 principum
1079 1473 1236 1528 mina:
1288 1473 1677 1548 subverteruut.
1727 1473 1932 1542 Pauper
1987 1488 2115 1528 vero
2165 1474 2302 1527 inter

736 1573 988 1631 utrosque
1015 1561 1205 1618 ﬂuctus
1250 1572 1394 1618 tutus
1437 1566 1561 1635 agit.
1589 1563 1940 1631 Quamobrem
1991 1564 2092 1619 hoc
2136 1565 2299 1618 misso

737 1653 1023 1709 nobilitatis
1066 1669 1288 1723 genere.
1322 1656 1364 1710 si
1410 1657 1488 1709 vis
1532 1652 1659 1710 mihi
1693 1654 1937 1724 probare,
1981 1664 2031 1710 te
2071 1654 2296 1710 liberum

735 1761 871 1806 esse.
902 1747 1122 1800 ostende
1147 1747 1338 1801 animae
1367 1747 1684 1812 libertatem,
1711 1747 1924 1816 qualem
1956 1745 2133 1802 habuit
2166 1745 2295 1799 bea-

740 1848 820 1889 tus
851 1837 956 1896 ille.
989 1852 1185 1905 pauper
1209 1853 1326 1892 cum
1357 1847 1519 1902 esset,
1549 1839 1637 1908 qui
1667 1837 1876 1892 dicebat
1907 1836 2101 1891 Herodi
2129 1855 2140 1889 :
2178 1835 2296 1889 Non

732 1929 840 1981 licet
859 1929 944 1981 tibi
960 1929 1137 1982 habere
1153 1946 1354 1984 uxorem
1373 1928 1599 1998 Philippi
1617 1930 1790 1998 fratris
1801 1930 1873 1982 nti
1894 1928 2079 1998 (Marc.
2098 1929 2150 1984 6.
2173 1931 2258 1998 18)
2276 1945 2290 1994 ;

729 2020 936 2082 qualem
967 2019 1147 2072 habuit
1175 2021 1260 2089 qui
1285 2030 1408 2074 aute
1439 2020 1584 2074 illum
1615 2021 1730 2074 talis
1757 2031 1892 2080 erat.
1921 2030 1973 2074 et
2005 2029 2121 2089 post
2146 2020 2291 2074 illmn

730 2109 845 2161 t-tlis
876 2107 1080 2163 futurus
1116 2118 1218 2172 est,
1250 2111 1337 2178 qui
1373 2110 1583 2166 dicebat
1619 2111 1871 2165 Achabo:
1907 2111 2022 2163 Non
2062 2126 2150 2178 ego
2179 2126 2291 2174 pcr-

726 2207 858 2250 t'ct‘lo
887 2197 1144 2261 lsmelein,
1170 2199 1258 2252 sed
1287 2209 1340 2252 tu
1374 2209 1420 2252 et
1446 2199 1622 2253 domus
1649 2201 1805 2268 patris
1829 2200 1902 2256 lui
1933 2200 2008 2268 (5.
2041 2200 2166 2266 Reg.
2207 2200 2286 2254 l8.

729 2293 812 2348 18)
836 2307 848 2352 ;
880 2292 1086 2358 qualem
1112 2291 1338 2345 habuere
1367 2291 1661 2360 prophetm.
1689 2291 1898 2360 qualem
1925 2291 2146 2360 apostoli
2173 2305 2286 2345 om-

725 2398 835 2432 nes.
868 2379 971 2434 Sed
1002 2396 1105 2433 non
1150 2381 1280 2433 tales
1306 2391 1427 2434 sunt
1460 2381 1680 2436 divitum
1721 2382 1946 2443 animat;
1989 2382 2094 2435 imo
2121 2382 2286 2434 instar

722 2487 900 2522 corum
928 2480 1051 2525 sunt
1084 2472 1172 2540 qui
1205 2471 1434 2525 millenis
1459 2471 1731 2539 subjacent
1766 2472 2063 2540 paulagogis
2082 2481 2134 2523 et
2163 2485 2281 2524 car-

723 2560 981 2617 niﬁcibus.
1012 2560 1088 2614 sic
1119 2576 1287 2629 neque
1315 2561 1496 2615 oculos
1527 2560 1783 2614 extollere
1809 2561 2023 2623 audent,
2061 2575 2157 2613 nec
2189 2575 2284 2629 pro

719 2651 910 2702 virtute
933 2649 1095 2703 libere
1122 2666 1296 2719 agere.
1323 2649 1452 2705 Nam
1480 2651 1818 2719 pecuniarum
1846 2651 2124 2719 cupiditas,
2155 2667 2283 2705 uec-

719 2754 821 2793 non
848 2741 1030 2809 gloria!
1055 2741 1380 2812 aliarumque
1420 2758 1620 2808 rerum,
1667 2751 1923 2796 terrorem
1970 2744 2098 2813 ipsis
2141 2743 2275 2796 infe-

715 2839 855 2889 rttnt,
880 2846 940 2883 ac.
969 2846 1150 2886 servos
1174 2831 1582 2901 adulatorcstpte
1603 2833 1848 2887 reddunt.
1880 2833 2018 2888 Nihil
2041 2835 2180 2888 enim
2209 2834 2277 2887 ita

716 2920 1010 2974 libertatem
1037 2920 1190 2984 tollit,
1220 2931 1274 2974 ttt
1299 2924 1642 2977 stecularibus
1669 2925 1926 2992 implicari
1960 2924 2198 2992 negotiis,
2221 2932 2277 2978 et

713 3010 775 3064 iis
813 3027 931 3078 qua:
979 3010 1228 3078 pra'clara
1272 3026 1392 3066 esse
1421 3013 1664 3067 videntur
1707 3014 2044 3068 circumdari.
2093 3015 2274 3084 Neque

705 3104 846 3158 enim
876 3106 962 3156 utti
993 3103 1209 3158 domino
1230 3103 1281 3158 hi
1309 3103 1502 3158 subditi
1529 3115 1672 3169 sunt,
1701 3107 1779 3159 vel
1809 3105 2032 3181 duobus,
2066 3108 2149 3161 vel
2177 3107 2272 3160 tri-

707 3197 824 3259 bus,
857 3195 949 3248 sed
983 3197 1232 3250 millenis.
1262 3196 1405 3262 Quos
1431 3197 1474 3250 si
1508 3197 1710 3265 placeat
1736 3213 2068 3264 enumerare,
2101 3198 2239 3254 addu

705 3301 886 3338 camus
914 3288 961 3338 in
995 3286 1223 3340 medium
1245 3287 1542 3357 quentpiam
1570 3303 1753 3342 eorum
1777 3290 1862 3356 qui
1893 3289 1944 3342 in
1976 3290 2113 3358 regia
2139 3307 2274 3357 prm-

705 3377 832 3430 clari
883 3378 1221 3448 insignesque
1275 3389 1426 3443 sunt;
1480 3379 1585 3433 sint
1636 3381 1708 3434 illi
1766 3383 2000 3448 pecunia:
2054 3382 2268 3444 multat,

709 3469 938 3534 potentia
970 3482 1180 3536 magna,
1213 3469 1393 3538 patria:
1419 3469 1698 3538 splendor,
1726 3472 1807 3524 avi
1841 3472 2106 3535 illustres,
2139 3487 2264 3526 ocuo

703 3559 886 3626 losque
905 3559 1139 3612 omnium
1162 3558 1227 3611 ad
1257 3573 1316 3613 se
1333 3559 1617 3628 pertraltat.
1646 3561 1926 3614 Videamus
1947 3577 2071 3630 ergo
2091 3577 2267 3616 annon

702 3649 789 3703 ille
819 3649 1053 3703 omnium
1083 3663 1354 3704 servorum
1386 3651 1772 3719 abiectissimus
1791 3653 1858 3704 sit
1893 3670 1905 3705 :
1934 3667 2268 3722 opponantns

701 3741 799 3806 ipsi
830 3755 932 3794 non
957 3741 1116 3796 modo
1135 3757 1366 3806 servum,
1395 3742 1486 3796 scd
1512 3744 1650 3797 servi
1673 3758 1917 3805 servum;
1948 3745 2095 3798 multi
2119 3761 2267 3799 nam-

701 3846 803 3898 que
848 3831 1254 3886 domesticorum
1304 3848 1486 3889 servos
1518 3834 1730 3887 habent.
1775 3835 1868 3889 llic
1893 3845 2040 3891 certe
2079 3852 2263 3891 servus

702 3921 861 3987 servi,
889 3937 1052 3976 unum
1084 3923 1240 3976 habet
1270 3923 1480 3977 lterum.
1507 3924 1640 3989 Quid
1669 3940 1808 3978 etum
1849 3925 2038 3990 refert,
2070 3927 2114 3981 si
2157 3943 2261 3981 non

703 4011 834 4067 liber
861 4012 932 4066 sit
966 4011 1158 4066 herus?
1187 4011 1356 4068 Unum
1383 4021 1558 4069 tamen
1591 4013 1778 4079 habet,
1809 4025 1863 4070 et
1889 4016 2013 4085 quid
2048 4017 2122 4072 illi
2152 4017 2262 4086 pla-

695 4111 813 4160 ceat
847 4103 1096 4158 observat
1123 4113 1343 4160 tantum.
1377 4105 1535 4177 Licet
1560 4108 1704 4162 enim
1740 4107 1984 4162 demicus
2016 4108 2128 4164 heri
2178 4111 2260 4165 sui

702 4194 934 4249 videatur
956 4194 1056 4250 sibi
1097 4196 1378 4264 imperare,
1411 4196 1499 4251 ille
1534 4207 1709 4251 tamen
1739 4199 1826 4252 uni
1870 4207 2071 4253 tantum
2101 4200 2260 4256 obse-

694 4284 875 4352 quitur
905 4291 994 4337 :et
1025 4285 1067 4336 si
1103 4299 1189 4338 res
1215 4283 1328 4352 ejus
1353 4283 1491 4339 bene
1518 4284 1764 4349 habeant,
1793 4288 2076 4357 tranquille
2099 4298 2260 4344 totam

695 4385 814 4444 aget
841 4375 1023 4428 vitam.
1055 4375 1124 4428 At
1149 4375 1298 4429 dives
1325 4375 1409 4430 hic
1434 4391 1538 4430 non
1566 4393 1727 4430 unttm
1757 4387 1958 4433 tantum
1989 4380 2072 4433 vel
2103 4379 2256 4445 duos,

693 4464 787 4520 sed
823 4465 1084 4534 plurimos
1122 4476 1172 4520 et
1217 4466 1449 4521 acriores
1480 4467 1640 4523 habet
1665 4469 1910 4525 dominos
1950 4489 1961 4526 :
2000 4488 2060 4527 ac
2091 4475 2260 4542 primo

695 4556 863 4624 ipsum
892 4569 1069 4625 regem
1099 4557 1320 4611 sollicite
1343 4569 1514 4614 curat.
1544 4559 1770 4630 Non'par
1788 4572 1869 4617 est
1895 4575 2073 4618 autem
2101 4566 2257 4620 vilem

697 4645 890 4700 habere
915 4645 1205 4712 dominum,
1231 4658 1317 4703 aut
1342 4665 1519 4719 regem
1553 4652 1746 4722 ipsum,
1774 4657 1862 4724 qui
1895 4657 2075 4712 multis
2117 4658 2260 4711 insu-

694 4735 1026 4789 surrantibus
1051 4752 1204 4791 aures
1223 4740 1441 4808 przebet,
1473 4752 1527 4797 et
1567 4759 1706 4799 nunc
1735 4744 1846 4807 bis,
1881 4763 2020 4801 nunc
2048 4748 2151 4802 illis
2183 4750 2257 4800 la-

696 4833 804 4878 vet.
840 4823 936 4878 llic
965 4826 1168 4879 etiamsi
1199 4831 1390 4886 nullius
1409 4835 1530 4888 mali
1555 4835 1656 4889 sibi
1682 4838 1928 4890 conscius
1957 4839 2044 4904 sit,
2073 4854 2260 4894 omnes

692 4923 968 4984 suspectos
1012 4915 1189 4980 habet,
1222 4927 1328 4973 tam
1365 4923 1541 4977 socios
1586 4924 1638 4980 in
1685 4928 1869 4982 militia
1909 4940 1962 4982 et
1989 4931 2256 4999 :equales,

690 5018 847 5072 quam
885 5004 1146 5071 subditos,
1179 5011 1377 5064 amicos
1405 5023 1456 5067 et
1487 5015 1747 5072 inimicos.
1777 5021 1877 5085 At,
1919 5020 2144 5090 inquies,
2174 5023 2258 5076 bic

691 5111 905 5165 quoque
953 5096 1138 5151 lterum
1184 5113 1336 5156 suum
1367 5104 1530 5158 timet.
1582 5107 1686 5162 Sed
1732 5124 1856 5162 nutu
1899 5125 1992 5178 par
2029 5129 2114 5167 res
2152 5123 2252 5177 est,

689 5199 851 5239 unum
887 5195 978 5240 aut
1019 5188 1212 5242 multos
1242 5189 1437 5247 habere
1474 5211 1609 5263 quos
1647 5197 1873 5251 timeas?
1904 5199 2012 5254 lmo
2049 5218 2174 5256 vero
2210 5205 2256 5257 si

688 5276 805 5344 quis
836 5292 947 5330 rem
973 5290 1218 5333 accurate
1247 5285 1532 5350 examinet,
1568 5288 1672 5351 hic,
1700 5304 1804 5357 quo
1827 5289 1896 5345 de
1920 5292 2156 5362 agimus,
2189 5313 2258 5350 ne

690 5382 848 5419 unttttt
875 5367 1086 5437 quidem
1114 5370 1271 5426 habet
1296 5372 1589 5430 dominum.
1613 5378 1910 5447 Quomodo,
1935 5386 2014 5438 vel
2042 5402 2142 5456 qua
2170 5403 2227 5442 ra

689 5458 871 5512 tione?
911 5458 1058 5513 Hunc
1085 5477 1242 5516 nemo
1279 5465 1422 5535 cupit
1451 5482 1516 5521 ex
1543 5471 1796 5525 servitute
1825 5473 2038 5541 ejicere,
2071 5492 2133 5531 ac
2169 5494 2250 5536 se-

689 5556 859 5615 tpsum
896 5549 948 5603 itt
973 5549 1087 5618 ejus
1114 5553 1283 5608 locum
1307 5556 1766 5631 intruderc,quare
1797 5567 2059 5622 neminem
2092 5571 2143 5625 in
2172 5572 2254 5629 his

690 5641 786 5693 sibi
815 5641 1152 5697 insidiantem
1185 5646 1376 5702 habet:
1412 5650 1514 5704 illis
1541 5669 1668 5707 vero
1688 5655 1830 5710 nttlla
1857 5659 1957 5711 alia
1985 5676 2110 5715 cura
2137 5673 2218 5718 est
2237 5705 2250 5725 ,

689 5747 845 5796 quant
875 5742 930 5785 ut
955 5749 1075 5786 eum
1101 5736 1186 5802 qui
1216 5740 1442 5796 maxime
1467 5747 1785 5814 conspicuus
1810 5750 1898 5814 sit,
1923 5759 1976 5806 et
2003 5755 2168 5823 magis
2189 5758 2254 5810 ab

693 5833 985 5892 imperante
1009 5823 1281 5897 diligatur,
1311 5831 1618 5900 deturbem;
1648 5852 1969 5910 quapropter
2007 5846 2253 5903 omnibus

1509 454 1564 506 3.
1607 453 1881 507 JOA‘NNIS
1917 445 2384 504 CIIRYSUSTOMI
2426 447 2741 503 ARCIIIEP.
2781 447 3318 505 CONSTANTINOP.

3889 449 4004 504 ετξ

2422 558 2623 612 adulari
2663 574 2881 616 necesse
2907 569 3008 624 est,
3040 561 3350 630 majoribus,
3383 561 3618 631 paribus,
3655 562 3859 618 amicis.
3889 561 3999 620 Ubi

2409 651 2548 704 enim
2569 650 2760 704 invidia
2783 664 2834 706 ct
2856 652 3038 721 gloriae
3065 668 3220 706 amor
3239 662 3340 715 est,
3365 668 3469 707 non
3492 653 3699 708 sincera
3725 656 3996 724 reperitur

2411 740 2662 795 amicitia.
2691 740 2820 794 Nam
2851 742 2985 796 sicut
3012 741 3249 811 ejusdem
3285 742 3416 796 artis
3455 743 3672 814 opiﬁces
3697 759 3992 812 numquam

2411 846 2472 886 se
2502 841 2682 886 mutuo
2706 832 2913 888 sincere
2939 833 3182 902 diligunt.
3213 835 3291 888 sic
3314 849 3412 890 nec
3433 835 3465 888 ii
3494 837 3583 906 qui
3610 837 3720 905 pari
3747 846 3866 891 sunt
3889 837 3994 891 bo-

2411 935 2566 984 nore,
2599 937 2697 975 uec
2725 923 2757 975 ii
2788 923 2875 990 qui
2909 922 2961 976 itt
2989 923 3335 978 sa‘citlaribus
3375 925 3532 982 rebus
3563 925 3748 980 eadem
3780 936 3992 984 amant.

2407 1011 2764 1076 Quamobrem
2795 1012 2990 1068 bellum
3029 1015 3169 1068 intus
3212 1015 3434 1069 multum
3466 1025 3568 1071 est.
3614 1016 3852 1072 Vidistin'
3880 1019 3972 1072 do-

2408 1103 2670 1156 minorum
2691 1144 2705 1166 ,
2737 1119 3027 1170 eorumque
3067 1106 3501 1175 gravissimorum
3544 1107 3728 1177 ingens
3753 1123 3945 1177 agmen
3966 1110 3992 1162 ?

2411 1193 2498 1247 Vis
2517 1195 2657 1248 aliud
2679 1197 2888 1266 gravius
2905 1198 3226 1252 aﬂ'crantus?
3246 1197 3514 1267 Quotquot
3531 1208 3649 1267 post
3672 1201 3812 1254 illum
3831 1217 3988 1266 sunt,

2404 1295 2529 1340 ante
2557 1287 2706 1341 illum
2737 1304 2855 1343 esse
2886 1290 3128 1345 student:
3156 1291 3193 1343 ii
3233 1289 3323 1358 qui
3352 1303 3476 1344 ante
3511 1292 3687 1354 illunt.
3720 1302 3990 1348 conantur

2407 1377 2659 1446 impedire
2673 1382 2950 1445 quominus
2963 1382 3043 1436 vel
3053 1382 3197 1450 juxta
3213 1397 3272 1436 se
3288 1384 3365 1436 vel
3380 1383 3515 1437 ultra
3528 1384 3684 1439 etiam
3705 1386 3956 1454 procedat
3968 1427 3984 1441 .

2473 1468 2527 1522 5.
2572 1467 2698 1532 Sed,
2725 1484 2760 1524 ο
2789 1485 2900 1524 rem
2949 1473 3179 1527 miram!
3221 1489 3321 1543 ego
3366 1475 3712 1543 promiseram
3757 1489 3842 1529 me
3879 1476 3986 1529 do-

2404 1559 2577 1613 minos
2603 1568 2940 1614 ostensurum
2971 1575 3122 1626 esse,
3147 1562 3240 1617 sed
3265 1563 3398 1616 ultra
3428 1564 3722 1633 procedens
3748 1573 3982 1619 centen-

2401 1647 2638 1719 densque
2676 1665 2854 1704 sermo
2899 1652 3017 1722 plus
3057 1667 3212 1721 quam
3249 1656 3592 1721 promiseram
3638 1655 3829 1718 ell‘ecit,
3867 1656 3981 1710 ini-

2401 1739 2566 1793 micos
2591 1755 2690 1809 pro
2705 1740 2933 1796 dominis
2955 1743 3262 1802 ostendens,
3291 1744 3395 1796 ittto
3413 1744 3630 1799 eosdem
3649 1755 3701 1799 et
3729 1745 3984 1800 inimicos

2398 1838 2449 1882 et
2497 1830 2777 1886 dominos:
2835 1848 2954 1885 nam
3003 1842 3061 1886 ut
3107 1833 3304 1887 domini
3359 1834 3652 1899 coluntur;
3707 1834 3980 1891 terribiles

2397 1916 2570 1974 sulem
2614 1929 2785 1986 sunt,
2835 1932 2894 1977 ut
2945 1923 3183 1988 inimici;
3236 1935 3292 1978 et
3343 1924 3561 1979 insidias
3613 1935 3860 1990 struunt,
3921 1937 3980 1980 ut

2398 2009 2593 2065 hostes.
2653 2014 2784 2066 Cum
2837 2029 2964 2068 vero
2999 2017 3118 2085 quis
3164 2017 3285 2068 illos
3335 2017 3489 2070 habet
3529 2027 3583 2072 et
3620 2019 3862 2071 dominos
3919 2032 3979 2072 et

2395 2104 2666 2160 inimicos.
2697 2105 2820 2176 quid
2864 2105 2963 2161 hac
3005 2107 3306 2160 calamitate
3348 2107 3498 2176 pejus
3548 2107 3743 2161 fuerit?
3770 2108 3978 2163 Servus

2391 2193 2490 2245 etsi
2519 2193 2639 2261 quid
2667 2196 2714 2248 ei
2747 2197 3102 2264 pra-cipiatur,
3131 2205 3362 2250 attamen
3398 2198 3766 2266 imperantimn
3795 2211 3841 2251 et
3876 2214 3979 2268 pa-

2393 2285 2615 2338 trocinio
2659 2295 2712 2340 et
2761 2282 3128 2342 benevolentia
3168 2287 3363 2358 gaudet
3411 2308 3424 2342 :
3477 2288 3526 2342 lti
3569 2302 3744 2344 autem
3786 2300 3840 2344 et
3876 2290 3975 2359 ju-

2391 2375 2577 2428 bentur
2605 2387 2656 2428 et
2685 2376 3083 2447 impugnantur,
3111 2389 3360 2448 stantque
3388 2379 3476 2433 alii
3505 2391 3690 2432 contra
3717 2380 3884 2443 alios;
3917 2391 3975 2435 et

2389 2479 2460 2522 ρο
2500 2466 2672 2518 acrius
2699 2482 2856 2534 quam
2905 2468 2935 2521 ii
2968 2468 3055 2538 qui
3099 2482 3286 2537 aperto
3333 2479 3502 2524 marte
3551 2479 3818 2538 pugnant:
3856 2487 3974 2540 quo

2389 2553 2436 2606 cl
2457 2572 2523 2607 un
2551 2555 2887 2620 confodiunt,
2919 2567 2972 2611 et
2999 2558 3100 2612 sub
3127 2560 3418 2613 amicorum
3463 2561 3603 2614 larva
3623 2602 3636 2623 ,
3674 2563 3822 2628 quasi
3861 2563 3969 2613 lto.

2387 2653 2495 2697 stes
2523 2647 2918 2712 aggrediuntur,
2954 2661 3015 2702 ac
3043 2647 3110 2701 de
3135 2649 3358 2702 aliorum
3387 2665 3530 2718 saepe
3569 2651 3972 2705 calatuitatibtts

2385 2735 2485 2788 sibi
2529 2738 2878 2804 gratulantur.
2924 2737 3117 2793 Verum
3154 2750 3336 2794 nostra
3370 2757 3474 2794 nou
3517 2743 3586 2795 ita
3630 2759 3685 2794 se
3715 2742 3912 2796 habent
3954 2763 3966 2796 :

2384 2845 2501 2882 nam
2530 2830 2574 2882 si
2604 2831 2720 2899 quis
2754 2831 2891 2886 male
2918 2842 3074 2901 agat,
3108 2834 3257 2887 multi
3287 2847 3405 2888 sunt
3446 2837 3533 2902 qtti
3565 2836 3879 2895 εοιηΙειΙοιιι;
3920 2842 3967 2889 si

2381 2935 2490 2972 rem
2519 2921 2652 2974 bene
2679 2923 2922 2987 gesserit,
2955 2923 3101 2976 tttttlti
3129 2924 3488 2991 congaudent,
3513 2913 3800 2978 secundum
3897 2941 3964 2978 o-

2377 3011 2570 3063 stolum
2603 3030 2613 3063 :
2643 3011 2764 3065 Sive
2798 3028 2950 3064 unum
2991 3013 3265 3066 membrana
3303 3017 3552 3083 patiatur,
3585 3020 3969 3086 rontpntiuntnr

2376 3100 2477 3151 alia
2503 3101 2722 3152 membra
2744 3102 2885 3163 nive
2904 3119 3058 3154 unum
3081 3103 3353 3156 membrum
3376 3105 3708 3174 gloriﬁcatur,
3735 3123 3963 3175 congau-

2375 3189 2492 3240 dent
2518 3191 2686 3242 omnia
2710 3192 2930 3244 membra
2955 3193 3028 3259 (Ι.
3061 3191 3179 3246 Cor.
3215 3194 3299 3247 l2.
3331 3194 3444 3264 26).
3479 3194 3544 3248 Et
3573 3213 3709 3250 nunc
3739 3199 3960 3266 quidem

2376 3279 2604 3344 dicebat,
2637 3282 2724 3348 qtti
2750 3282 2861 3334 haec
2887 3281 3141 3337 admonet
3175 3301 3187 3334 :
3218 3284 3346 3347 Quae
3373 3286 3496 3338 mihi
3530 3303 3642 3356 spes
3668 3289 3741 3341 vel
3779 3289 3962 3344 [milia

2374 3371 2481 3422 est?
2504 3386 2671 3424 annon
2691 3387 2774 3424 vos
2794 3374 2866 3440 (l.
2892 3371 3068 3430 Thess.
3095 3374 3148 3427 2.
3181 3375 3308 3437 19)?
3335 3391 3473 3428 nunc
3497 3392 3644 3440 vero,
3667 3377 3799 3445 Quin
3819 3395 3960 3432 nunc

2373 3461 2600 3526 vivimus,
2627 3463 2670 3514 si
2694 3476 2777 3514 vos
2800 3466 2942 3517 statis
2967 3466 3017 3516 in
3049 3464 3260 3519 Domino
3285 3468 3300 3535 (
3317 3471 3328 3519 Ι
3346 3508 3357 3518 .
3383 3465 3559 3520 Thess.
3588 3469 3641 3523 ὅ.
3671 3468 3728 3537 8)
3752 3486 3765 3532 ;
3792 3471 3958 3524 modo

2373 3561 2568 3615 autem,
2599 3550 2680 3606 Ea:
2700 3554 2856 3606 multa
2879 3556 3197 3610 tribulatione
3221 3569 3266 3610 et
3285 3560 3598 3612 contentione
3622 3561 3786 3613 cordis
3812 3564 3956 3616 vobis

2369 3640 2547 3708 scripsi
2571 3641 2649 3710 (2.
2691 3641 2809 3696 Cor.
2841 3643 2894 3695 2.
2918 3645 3008 3714 4);
3041 3654 3114 3706 et,
3155 3644 3280 3710 Quis
3310 3647 3594 3715 infirmatur
3613 3690 3627 3716 ,
3656 3660 3701 3702 et
3729 3665 3818 3719 ego
3844 3669 3954 3705 non

2369 3729 2600 3794 iit/irmor
2623 3732 2648 3783 .’
2671 3733 2782 3797 quis
2811 3735 3186 3788 scandalizatur
3206 3779 3221 3802 ,
3245 3748 3292 3790 et
3319 3754 3408 3807 ego
3438 3756 3537 3790 non
3568 3757 3689 3794 uror
3719 3740 3793 3808 (2.
3823 3740 3950 3795 Cor.

2370 3820 2454 3872 ll.
2485 3819 2614 3893 18)?
2653 3821 2762 3876 Cur
2786 3838 2913 3891 ergo
2938 3824 3112 3880 adhuc
3145 3837 3511 3896 tempestatem
3541 3832 3865 3885 sustinemus
3895 3847 3953 3887 et

2367 3913 2662 3967 exteriores
2706 3912 2918 3980 ﬂuctus,
2963 3927 3017 3970 et
3047 3933 3150 3971 non
3190 3921 3454 3974 currimus
3493 3921 3558 3974 ad
3605 3924 3949 3993 tranquillum

2369 4002 2508 4056 hunc
2550 4012 2758 4071 portum
2779 4044 2794 4069 ,
2826 4019 2888 4058 ac
2920 4005 3178 4060 bonorum
3223 4010 3527 4065 nominibus
3571 4014 3804 4077 omissis,
3835 4029 3950 4069 non

2366 4095 2430 4146 ad
2472 4110 2556 4148 res
2594 4095 2754 4150 hasce
2800 4099 3184 4166 properamus?
3222 4099 3400 4155 Gloria
3428 4103 3570 4155 enim
3606 4113 3656 4156 et
3686 4104 3947 4172 potentia,

2365 4187 2562 4241 divitiae
2593 4197 2648 4243 et
2673 4188 2944 4255 nobilitas,
2976 4201 3028 4246 et
3057 4191 3138 4246 his
3166 4194 3384 4260 similia,
3416 4196 3628 4249 nomina
3655 4205 3776 4249 sunt
3803 4197 3950 4264 apud

2368 4277 2545 4345 ipsos,
2591 4291 2678 4330 res
2702 4286 2879 4332 autem
2919 4281 3058 4349 apud
3104 4298 3229 4348 nos;
3258 4285 3707 4354 quemadmodum
3751 4297 3804 4340 et
3841 4290 3947 4341 tri-

2366 4367 2506 4421 stitia
2527 4406 2543 4431 ,
2573 4382 2718 4421 mors
2747 4378 2801 4423 et
2846 4369 3132 4437 ignominia
3155 4414 3170 4438 ,
3200 4383 3251 4426 et
3287 4385 3590 4442 paupertas,
3632 4387 3685 4431 et
3713 4377 3906 4430 similia
3929 4419 3946 4444 ,

2367 4458 2574 4512 nomina
2606 4469 2728 4513 sunt
2760 4461 2898 4529 apud
2926 4477 3053 4526 nos,
3085 4480 3171 4517 res
3195 4467 3334 4536 apud
3374 4468 3510 4523 illos.
3545 4471 3619 4522 Ac
3649 4471 3692 4522 si
3734 4471 3908 4539 placet
3930 4513 3945 4533 .

2363 4549 2582 4619 gloriam
2614 4553 2785 4619 primo
2812 4554 2862 4606 iit
2892 4555 3123 4610 mediunt
3147 4557 3491 4626 adducamus,
3517 4578 3635 4630 qua?
3658 4563 3794 4632 apud
3819 4563 3946 4620 illos

2363 4641 2606 4708 optabilis
2631 4641 2874 4698 habetur.
2905 4646 3031 4699 Eant
3061 4664 3166 4702 non
3190 4649 3310 4703 dico
3331 4667 3434 4705 non
3461 4653 3764 4708 diuturnam
3791 4669 3942 4721 esse,

2365 4746 2462 4784 nec
2487 4732 2594 4786 cito
2635 4737 2933 4806 exstingui;
2966 4740 3058 4793 sed
3101 4755 3221 4793 eum
3251 4745 3478 4799 maxime
3507 4745 3686 4812 lloret,
3715 4750 3950 4806 ostende

2364 4821 2490 4876 mihi
2525 4824 2665 4879 illaut
2695 4845 2707 4878 :
2743 4845 2807 4882 ne
2828 4829 3038 4885 auferas
3069 4832 3142 4887 illi
3175 4833 3352 4889 lucum
3385 4839 3820 4908 meretriciztsque
3853 4843 3945 4911 pi-

2361 4925 2571 4980 cturas;
2599 4917 2690 4970 sed
2718 4931 2957 4974 ornatam
2989 4937 3086 4992 age
3131 4926 3182 4978 in
3210 4928 3442 4982 medium
3475 4938 3529 4984 et
3568 4941 3804 4985 monstra
3833 4948 3942 4986 no-

2362 5004 2441 5056 bis
2460 5047 2475 5069 ,
2501 5016 2558 5060 ut
2587 5007 2886 5066 deformem
2919 5013 3061 5068 illam
3090 5031 3210 5070 esse
3238 5019 3478 5086 probent.
3512 5019 3758 5076 llabitum
3790 5034 3948 5079 certe

2360 5095 2534 5162 dices,
2573 5109 2626 5152 et
2655 5099 2898 5156 lictorum
2934 5106 3325 5164 multitudinem
3349 5149 3363 5171 ,
3395 5113 3659 5181 przeconis
3702 5128 3894 5169 vocem
3925 5157 3942 5180 ,

2361 5186 2623 5242 audientis
2644 5191 2821 5260 popttli
2853 5194 3074 5258 turbam,
3098 5197 3362 5255 silentium
3387 5203 3525 5271 apud
3545 5204 3742 5259 multos
3759 5246 3775 5270 ,
3807 5220 3944 5274 pro.

2361 5277 2478 5346 pius
2524 5280 2892 5337 accedentium
2951 5287 3356 5354 percussiones,
3408 5297 3764 5360 spectaculum
3817 5311 3940 5350 om—

2361 5371 2514 5426 nibus
2535 5386 2673 5428 esse.
2701 5375 2891 5430 Annon
2916 5376 3027 5431 hmc
3055 5381 3328 5449 splendida
3357 5384 3649 5440 habentur?
3671 5389 3781 5458 Age
3802 5404 3941 5446 exa-

2361 5459 2626 5517 mincmus
2647 5503 2662 5526 ,
2692 5480 2817 5518 num
2852 5465 2963 5522 bare
2991 5484 3384 5537 supervacanea
3411 5476 3538 5540 sint,
3567 5492 3691 5532 num
3724 5479 3776 5532 in
3801 5495 3937 5537 vana

2358 5551 2530 5608 solum
2553 5554 2804 5623 opinione
2843 5559 3032 5626 posita.
3066 5559 3194 5614 Nam
3225 5564 3274 5616 in
3315 5579 3421 5634 quo
3449 5566 3536 5620 ille
3571 5568 3640 5621 a5
3680 5569 3760 5623 bis
3800 5587 3938 5639 prm-

2359 5644 2586 5698 stantior
2612 5645 2850 5702 redditur
2870 5663 2960 5702 aut
2981 5667 3206 5719 corpore
3227 5666 3315 5708 aut
3340 5657 3513 5710 anima
3534 5656 3557 5714 2
3582 5659 3661 5715 Ex
3687 5661 3768 5714 his
3793 5665 3939 5720 eniut

2359 5737 2518 5790 homo
2547 5747 2772 5793 constat.
2808 5739 2941 5795 Nunt
2974 5743 3096 5799 hinc
3123 5747 3294 5815 major
3321 5758 3520 5805 statura
3551 5751 3644 5805 lit?
3671 5768 3798 5808 num
3832 5756 3948 5808 lor-

2359 5830 2500 5884 tior?
2523 5847 2647 5885 uttm
2693 5833 2966 5889 velocior?
3005 5853 3129 5892 num
3162 5838 3280 5896 ideo
3309 5857 3496 5900 sensus
3540 5845 3696 5901 habet
3731 5848 3942 5902 acutioo
