4186 6480
275 412 379 468 675

288 530 412 580 res?
438 526 547 581 Sed
583 540 749 580 nemo
779 528 889 578 haec
914 522 1127 575 dixerit.
1161 520 1429 575 Adeamus
1454 520 1722 582 animam,
1756 533 1882 572 num

289 613 517 671 nutasse
544 615 677 685 quid
710 614 781 668 ibi
820 613 950 667 lucri
981 611 1469 681 deprehendanms.
1496 609 1632 677 Quid
1675 609 1884 677 igitur?

291 722 371 758 an
407 706 803 767 continentior,
830 720 895 755 an
925 702 1238 767 modestior,
1277 717 1345 755 an
1391 700 1707 770 prudentior
1735 716 1763 752 a
1794 701 1884 754 tali

292 794 445 847 cultu
467 794 659 849 evadet
685 794 811 848 ille?
841 793 1205 862 Nequaquam,
1240 792 1347 845 imo
1377 790 1707 845 contrarium
1736 805 1887 857 pror-

292 900 393 937 sns
422 884 640 941 acddet.
666 884 781 939 Non
813 885 954 938 enim
976 884 1117 954 quod
1150 886 1452 951 incorpore
1471 924 1487 946 ,
1512 882 1562 935 id
1596 882 1767 950 ipsum
1801 880 1887 935 hic

293 974 505 1029 evenit.
544 976 621 1031 ibi
653 976 795 1031 enim
827 976 968 1030 nulla
1008 977 1220 1045 Corpori
1268 975 1611 1043 perfectionis
1650 972 1886 1026 accessio

296 1068 394 1129 tit;
426 1064 513 1120 hic
540 1079 663 1121 vero
691 1082 797 1121 non
829 1068 881 1122 id
912 1068 1085 1137 solum
1113 1066 1239 1120 mali
1269 1065 1606 1129 observatur,
1631 1063 1775 1134 quod
1801 1058 1885 1117 tti-

300 1156 381 1208 hil
413 1154 536 1210 boni
567 1155 831 1224 lucretur,
872 1156 967 1212 sed
996 1156 1139 1224 quod
1171 1155 1460 1225 nequitiam
1502 1153 1626 1207 inde
1664 1153 1885 1207 multam

292 1244 543 1313 acquirat
572 1245 776 1313 anima;
809 1262 929 1301 nam
962 1247 1014 1300 in
1043 1246 1431 1315 arrogantiam,
1464 1244 1516 1299 in
1546 1258 1736 1299 vanam
1765 1244 1883 1313 glo-

294 1334 456 1397 riam,
482 1334 536 1388 in
564 1334 839 1399 insaniam,
874 1337 924 1390 in
957 1336 1110 1397 iram.
1144 1336 1272 1391 etin
1296 1335 1442 1389 mille
1466 1335 1591 1389 vitia
1621 1334 1884 1389 defertur.

294 1426 392 1488 At,
422 1424 653 1495 inquies,
678 1410 1149 1495 gaudetflaetatur,
1174 1428 1226 1479 in
1252 1426 1442 1495 hisque
1470 1425 1751 1494 gloriatur.
1781 1423 1889 1477 Ma-

298 1516 476 1569 lorum
506 1516 861 1585 celophonem
894 1518 1025 1571 tnilti
1056 1518 1212 1583 dicis,
1245 1518 1552 1585 malumque
1597 1518 1888 1572 incurabilc

295 1622 442 1664 esse.
474 1606 608 1668 Nam
649 1609 736 1678 qui
765 1609 817 1662 in
860 1608 937 1665 his
977 1610 1223 1675 laetatur,
1251 1626 1281 1664 a
1309 1609 1569 1663 malorum
1611 1623 1771 1662 causa
1800 1608 1887 1662 vix

296 1700 555 1753 recedere
586 1699 747 1763 velit,
777 1699 872 1754 sed
916 1715 1005 1769 per
1035 1702 1359 1769 voluptatem
1390 1700 1528 1754 viam
1566 1700 1667 1755 sibi
1688 1701 1755 1753 ad
1795 1714 1888 1753 cn-

296 1790 563 1844 rationent
589 1789 876 1845 obstruxit.
914 1790 1091 1861 Itaque
1126 1791 1252 1845 illud
1285 1791 1516 1844 maxime
1544 1790 1741 1843 malum
1772 1799 1886 1853 est,

293 1879 441 1947 quod
470 1879 540 1934 de
572 1879 906 1935 incremento
944 1882 1202 1935 malorum
1242 1896 1348 1934 non
1375 1879 1574 1944 doleat,
1607 1880 1715 1932 imo
1754 1894 1888 1949 gau-

293 1971 441 2023 deat.
463 1970 712 2026 Gaudere
730 1971 873 2025 enim
898 1986 1001 2024 non
1022 1985 1233 2043 semper
1254 1971 1451 2025 bonum
1478 1980 1592 2034 est;
1617 1985 1738 2024 nam
1764 1984 1892 2040 gau-

295 2060 430 2114 deut
470 2060 616 2115 fures
645 2075 767 2116 cum
814 2060 1089 2127 furantur,
1119 2071 1173 2117 et
1201 2062 1442 2118 mmebus
1484 2054 1606 2116 cum
1652 2062 1888 2115 alienum

298 2160 476 2204 torum
500 2148 769 2219 deturpat,
798 2164 990 2205 avarus
1018 2166 1141 2205 cum
1162 2152 1321 2221 rapit,
1353 2150 1615 2206 homicida
1644 2165 1765 2205 cum
1793 2166 1888 2205 oc-

294 2241 449 2295 cidit.
477 2240 557 2297 Ne
588 2242 935 2313 respiciamus
966 2243 1125 2313 igitur
1148 2257 1217 2297 an
1242 2243 1489 2315 gaudeat,
1518 2243 1611 2298 sed
1641 2255 1707 2296 an
1734 2243 1804 2298 de
1831 2259 1889 2298 re

298 2330 418 2383 utili
433 2330 693 2400 gaudeat;
717 2341 772 2386 et
791 2325 1096 2399 caveamus,
1127 2348 1195 2387 ne
1217 2331 1515 2403 bujusmodi
1538 2331 1787 2401 gaudium
1810 2333 1890 2386 in-

298 2420 599 2485 veniamus,
630 2420 788 2490 quale
816 2422 1057 2477 moechus
1077 2430 1133 2476 et
1164 2425 1245 2475 fur
1275 2421 1485 2476 habeat.
1510 2421 1652 2486 Cur,
1680 2435 1887 2492 quaeso,

296 2510 501 2580 gaudet
524 2512 651 2566 ille?
676 2511 819 2581 quod
846 2512 1068 2582 gloriam
1106 2512 1245 2582 apud
1274 2513 1469 2567 multos
1510 2514 1850 2567 nanciscatur
1870 2550 1887 2577 ,

298 2615 414 2669 quo
440 2599 609 2655 inflari
654 2611 711 2657 et
742 2602 977 2671 conSpici
1014 2602 1228 2657 valeat?
1254 2601 1456 2671 Ecquid
1494 2601 1594 2656 hac
1628 2602 1888 2670 concupi-

292 2691 503 2745 seentia
523 2699 575 2745 et
608 2691 840 2747 absurdo
863 2707 1048 2748 amore
1068 2692 1343 2748 deterius?
1364 2692 1513 2759 Quod
1538 2692 1581 2746 si
1609 2692 1658 2746 id
1692 2692 1886 2747 malum

294 2795 409 2835 nun
426 2790 533 2844 est,
548 2796 616 2836 ne
635 2794 764 2851 ergo
783 2780 962 2837 inanis
979 2782 1165 2853 gloriae
1185 2782 1409 2852 cupidos
1431 2782 1763 2850 vituperetis,
1789 2795 1887 2835 nec

291 2910 3443 2936 mm

1213 406 1275 463 IN
1318 404 1727 462 ΜΛΤΤΙΙᾹΞωΙ
1772 404 1994 462 Ιιοδιιι.
2043 397 2183 455 LIX.
2219 400 2293 454 al.
2326 398 2434 454 LX.

3476 397 3542 453 57
3554 398 3583 452 ι

1982 514 2289 575 innumeris
2322 514 2631 584 opprobriis
2661 513 2913 569 faceretis
2950 530 2963 567 :
2993 513 3229 569 desinite
3261 523 3584 581 arrogantes

1983 617 2037 658 et
2064 606 2331 675 superbos
2370 605 2664 660 exsecrari.
2712 607 2815 660 Sed
2847 622 2957 660 non
2991 606 3240 675 poteritis
3274 606 3575 659 abstinere.

1987 697 2241 754 Plurimis
2262 714 2392 769 ergo
2419 698 2492 752 illi
2520 697 3061 767 criminibns'itnpcti
3090 708 3343 767 possunt,
3366 697 3587 751 etiamst

1992 792 2135 846 mille
2160 793 2422 860 stipentur
2449 791 2747 846 lictoribus.
2784 792 2848 845 Et
2880 790 2995 845 haec
3037 792 3168 845 mihi
3198 792 3266 846 de
3302 792 3586 846 deteriori.

1992 883 2090 935 bus
2114 881 2463 951 Optimatibus
2503 882 2645 936 dicta
2678 890 2838 935 sunto
2872 898 2884 934 :
2929 896 3053 934 nam
3104 881 3348 951 plerique
3376 881 3592 934 illorum

1993 973 2309 1040 latronibus,
2345 973 2644 1037 homicidis,
2669 972 2919 1039 tutechis,
2963 972 3340 1042 sepulcrorum
3368 972 3593 1027 ell‘oSso-

1994 1063 2141 1117 ribus
2161 1064 2391 1131 peccatis
2406 1063 2711 1117 onustiores
2726 1062 3231 1133 deprehenduntur,
3245 1062 3388 1131 quod
3421 1062 3588 1131 impe-

1993 1154 2073 1207 rio
2089 1153 2227 1208 male
2241 1162 2477 1208 utantur.
2497 1151 2628 1207 Nam
2649 1153 3011 1221 impudentius
3033 1168 3194 1222 quam
3218 1152 3293 1206 illi
3325 1151 3589 1219 furantur,

1991 1243 2265 1298 crudelius
2284 1242 2557 1307 occidunt,
2574 1253 2623 1297 et
2651 1242 2807 1312 longe
2831 1243 3063 1312 iniquius
3091 1242 3462 1297 lasciviunt.et
3507 1246 3589 1297 cf.

1994 1334 2257 1398 fodiunt',
2278 1350 2381 1387 non
2416 1350 2626 1388 murum
2644 1375 2660 1396 .
2688 1336 2781 1390 sed
2812 1350 2943 1404 Opes
2961 1336 3222 1390 etdomos
3241 1336 3550 1389 imntmeras
3570 1375 3585 1397 ,

1991 1424 2117 1479 dum
2139 1440 2249 1494 pne
2266 1434 2529 1493 potestate
2546 1425 2596 1479 id
2614 1424 2767 1481 facile
2784 1436 3010 1497 possunt
3024 1443 3036 1478 :
3050 1427 3138 1495 qui
3152 1419 3409 1481 servitute
3420 1426 3593 1481 duris-

1992 1520 2127 1572 sima
2156 1527 2470 1586 premuntur
2489 1558 2505 1583 ,
2537 1518 2663 1572 dum
2680 1518 2843 1571 animi
2867 1518 3069 1571 nmrbis
3088 1519 3275 1586 ignave
3294 1517 3513 1583 cedunt,
3531 1526 3589 1572 et

1992 1621 2283 1661 conservos
2303 1608 2421 1662 sine
2438 1608 2752 1663 remissione
2768 1607 3073 1673 verberam,
3095 1608 3451 1677 consciosque
3469 1622 3555 1661 om
3571 1636 3584 1645 -

1994 1712 2088 1752 nes
2107 1706 2359 1751 trenmnt.
2378 1696 2508 1751 Nam
2530 1696 2616 1752 ille
2631 1698 2778 1751 solus
2795 1698 2931 1753 liber
2946 1709 3021 1751 est
3034 1698 3201 1763 ,solus
3219 1698 3487 1767 princeps,
3512 1713 3588 1752 re-

1993 1789 2252 1859 gibusque
2266 1789 2554 1858 potentior,
2572 1790 2660 1858 qui
2684 1804 2712 1841 a
2732 1788 2874 1843 vitiis
2894 1788 3178 1871 expeditus
3198 1799 3299 1842 est.
3328 1788 3451 1842 llaec
3471 1804 3592 1841 cum

1994 1882 2247 1945 sciamus,
2268 1895 2447 1935 veram
2466 1895 2756 1951 sequamur
2771 1880 3093 1944 libertatem,
3115 1890 3169 1933 et
3187 1880 3256 1932 ab
3277 1880 3457 1950 iniqua
3474 1893 3593 1933 ser—

1995 1972 2161 2025 vitute
2185 1984 2280 2025 nos
2294 1969 2669 2039 expediamus:
2692 1986 2864 2039 neque
2881 1969 3088 2040 imperii
3110 1970 3324 2035 fastum,
3342 1986 3514 2039 neque
3525 1971 3594 2024 di-

1997 2062 2244 2115 vitiarum
2264 2060 2617 2129 tyrannidem,
2635 2074 2809 2129 neque
2826 2060 2965 2113 aliud
2984 2059 3254 2130 quidpiam
3290 2059 3593 2129 hujusntodi

1996 2152 2375 2207 beatitudinem
2406 2166 2593 2220 parere
2631 2164 2787 2220 posse
2818 2161 3087 2219 putemus,
3116 2151 3209 2205 sed
3230 2153 3397 2205 solani
3436 2151 3595 2204 virtu-

1995 2252 2124 2297 tem.
2142 2242 2231 2298 Sic
2248 2242 2389 2296 enim
2411 2253 2463 2295 et
2480 2241 2532 2295 in
2552 2243 2801 2311 praesenti
2817 2243 2919 2296 vita
2942 2242 3321 2311 tranquillitate
3336 2243 3596 2309 fruemur,
3658 2244 3705 2287 θ

1996 2344 2050 2389 et
2069 2332 2243 2387 futura
2262 2345 2657 2400 consequemur
2678 2331 2814 2385 bona
2836 2372 2851 2398 ,
2869 2333 3039 2401 gratia
3056 2340 3110 2386 et
3138 2332 3465 2399 benignitate
3492 2332 3568 2385 Do

1995 2425 2126 2480 mini
2149 2424 2316 2479 nostri
2343 2422 2468 2478 .lesu
2494 2422 2718 2489 Christi,
2742 2424 2825 2477 cui
2848 2424 3013 2494 gloria
3039 2432 3095 2478 et
3119 2424 3402 2493 imperium
3437 2466 3453 2487 ,
3477 2440 3600 2478 cum

1996 2518 2158 2575 Patre
2172 2526 2228 2572 et
2244 2516 2448 2587 Spiritu
2468 2525 2654 2570 sancto
2678 2555 2695 2582 ,
2719 2514 2771 2569 in
2802 2515 2998 2570 sarcula
3026 2516 3366 2571 sareulorutn.
3400 2516 3597 2570 Arnen.

2076 2730 2091 2760 ¹
2107 2726 2296 2795 Δποι-εει.
2320 2727 2633 2795 httncjoeum
2655 2729 2728 2777 sic
2749 2729 2898 2795 habet
2911 2743 2936 2795 Δε
2965 2738 3083 2779 Nam
3107 2730 3437 2790 impudentius
3460 2744 3603 2795 qnam

1994 2788 2071 2839 illi
2094 2789 2325 2853 furantur
2347 2796 2395 2839 et
2416 2788 2667 2853 effodiant,
2692 2793 2885 2840 ontissis
2907 2788 3225 2855 interimitis.

3461 2924 3585 2936 a—n—

1499 2989 1842 3051 HOMlLIA
1881 2990 2048 3051 LIX.
2107 2989 2195 3051 al.
2250 2989 2389 3051 LX.

287 3126 424 3181 Car.
468 3128 555 3183 18.
596 3144 648 3183 v.
676 3130 731 3183 7.
774 3128 862 3185 Va:
923 3139 1112 3189 muirdo
1159 3148 1190 3185 a
1239 3133 1513 3188 scandalis.
1550 3133 1767 3188 Necesse
1818 3143 1891 3187 est

367 3220 501 3273 enim
528 3229 582 3273 ut
609 3222 810 3275 veniant
833 3222 1098 3285 scandala,
1123 3234 1461 3278 verumtamen
1482 3240 1554 3279 va:
1580 3224 1774 3279 homini
1790 3224 1888 3287 illi,

374 3326 464 3376 per
486 3326 630 3374 quem
653 3312 897 3366 scatrdala
918 3313 1143 3367 ueniunt.

371 3400 421 3453 l.
464 3399 519 3453 Si
564 3415 783 3458 necesse
828 3402 896 3455 sit
931 3413 988 3457 ut
1016 3403 1231 3458 veniant
1259 3403 1529 3470 scandala,
1558 3405 1749 3461 dixerit
1781 3406 1889 3460 fur-

292 3498 443 3544 tasse
468 3490 727 3561 quispiam
753 3508 818 3546 ex
848 3492 1170 3549 adversariis
1190 3534 1205 3561 ,
1232 3508 1329 3550 cur
1356 3496 1608 3550 miserum
1637 3496 1892 3563 praedicat

292 3580 597 3647 mundum,
648 3597 770 3636 cum
829 3584 903 3638 illi
957 3584 1206 3652 opitulari
1250 3594 1306 3639 et
1351 3600 1565 3640 manum
1621 3586 1891 3655 porrigere

289 3672 613 3738 .qmrteret?
658 3671 771 3726 lloc
809 3673 1003 3743 quippe
1038 3682 1120 3729 est
1158 3673 1351 3728 medici
1394 3684 1449 3729 et
1492 3678 1729 3744 patroni;
1762 3676 1889 3730 illud

291 3775 426 3813 vero
472 3761 755 3829 cujuslibet
795 3776 827 3816 e
869 3763 1023 3832 vulgo
1068 3762 1320 3817 hominis.
1369 3764 1505 3831 Quid
1555 3765 1713 3834 igitur
1757 3766 1890 3820 adeo

292 3849 590 3917 impudenti
632 3851 823 3920 linguas
851 3853 1308 3921 reapondeamusi
1346 3854 1547 3923 Ecquid
1585 3855 1707 3908 huic
1732 3870 1886 3909 cura-

295 3942 429 3993 tioni
472 3957 565 4010 par
594 3944 830 4013 reperire
860 3945 1075 4013 possis?
1114 3944 1245 4000 Nam
1279 3947 1417 4001 Deus
1442 3962 1562 4000 cum
1591 3947 1660 4001 sit
1680 3988 1695 4009 ,
1729 3945 1890 4002 homo

293 4032 468 4085 factus
491 4042 570 4087 est
599 4044 820 4103 propter
845 4044 895 4090 te
916 4077 931 4099 ,
959 4046 1013 4090 et
1042 4037 1182 4090 servi
1209 4036 1434 4091 formam
1461 4038 1703 4107 accepit,
1730 4047 1889 4108 atque

293 4121 606 4189 turpissima
637 4125 816 4178 omnia
848 4138 1035 4194 passus
1058 4135 1180 4192 est,
1210 4126 1339 4180 nihil
1377 4128 1719 4195 praetermisit
1746 4129 1888 4198 quod

290 4215 361 4268 ad
390 4230 449 4270 se
476 4220 799 4285 pertineret;
846 4220 939 4275 sed
965 4222 1086 4291 quia
1114 4222 1303 4291 ingrati
1336 4222 1579 4280 homines
1607 4225 1736 4280 nihil
1766 4224 1891 4281 hinc

296 4307 422 4361 boui
461 4311 775 4379 consequuti
810 4320 970 4378 sunt,
1018 4312 1141 4368 ideo
1186 4313 1306 4369 illos
1335 4314 1563 4371 miseros
1592 4316 1885 4387 praedicat,

288 4397 436 4463 quod
478 4410 596 4469 post
636 4401 968 4458 curationem
1010 4414 1208 4459 tantam
1243 4406 1294 4460 in
1332 4408 1638 4463 infirmitate
1675 4424 1889 4464 manse-

291 4488 403 4541 rint
430 4506 444 4544 :
470 4505 533 4543 ac
558 4491 601 4545 si
629 4493 747 4561 quis
772 4509 973 4564 aegrum
1000 4496 1211 4566 egregie
1234 4507 1479 4553 curatum
1498 4540 1513 4563 ,
1542 4500 1632 4568 qui
1658 4500 1889 4555 noluerit

289 4578 627 4635 tnedicorum
657 4582 861 4652 legibus
889 4584 1153 4656 obsequi,
1197 4587 1384 4657 lugens
1413 4588 1609 4645 dixerit
1639 4606 1655 4647 :
1688 4590 1778 4645 Vae
1811 4591 1884 4645 illi

292 4669 496 4723 homini
518 4672 586 4724 ab
608 4672 942 4739 infirmitate,
962 4691 1119 4744 quam
1142 4692 1239 4748 per
1260 4678 1520 4747 ignaviam
1542 4697 1692 4736 suam
1713 4682 1883 4735 auxit.

286 4760 396 4813 Sed
438 4760 547 4816 illic
580 4764 797 4833 quidem
825 4766 954 4819 nihil
983 4782 1047 4821 ex
1082 4770 1227 4823 luctu
1255 4770 1497 4826 utilitatis
1524 4772 1763 4837 accedit;
1798 4774 1885 4828 hic

290 4867 420 4904 vero
460 4853 669 4922 species
698 4864 782 4909 est
808 4857 1099 4913 curationis
1123 4900 1137 4925 ,
1170 4873 1290 4914 cum
1323 4860 1374 4914 id
1402 4862 1543 4931 quod
1571 4872 1885 4921 eventurum

287 4951 375 4995 est
395 4943 733 5012 praedicitur,
756 4956 808 5001 et
831 4947 1086 5003 miserum
1109 4950 1447 5019 praedicatur.
1474 4953 1715 5025 Plerique
1739 4956 1882 5010 enim

286 5048 434 5102 sa-pe
470 5049 540 5089 ex
575 5035 803 5092 consilio
844 5038 975 5093 nihil
1001 5040 1243 5096 utilitatis
1272 5054 1632 5114 acceperunt,
1663 5061 1726 5101 ex
1756 5046 1883 5102 fletu

286 5139 416 5178 vero
441 5126 669 5181 multum
708 5128 874 5199 adjuti
902 5140 1046 5186 sunt.
1079 5132 1203 5189 Ideo
1233 5137 1464 5192 maxime
1504 5136 1589 5192 ναι
1628 5138 1755 5193 illud
1783 5154 1881 5211 ap—

287 5217 483 5282 posuit,
511 5218 632 5271 illos
656 5220 897 5275 excitans
922 5236 986 5277 ac
1007 5223 1373 5293 diligentiores
1398 5226 1637 5283 efficiens
1655 5230 1880 5300 vigilan-

285 5310 577 5379 tioresque.
619 5311 701 5366 Ad
738 5312 853 5368 haec
878 5314 1309 5373 benevolentiam
1336 5335 1546 5390 quoque
1574 5336 1723 5376 suam
1756 5338 1879 5391 erga

285 5398 405 5452 illos
428 5409 588 5470 atque
622 5404 1080 5462 mansuetudinem
1117 5422 1269 5463 suam
1301 5410 1539 5478 exhibet,
1570 5411 1696 5466 dum
1722 5428 1880 5483 repu-

286 5500 510 5556 gnantes
561 5491 731 5562 luget,
762 5510 867 5549 non
887 5498 1166 5555 modonon
1185 5516 1328 5572 aegre
1346 5501 1556 5574 ferens,
1580 5504 1675 5559 sed
1718 5506 1877 5560 etiam

286 5582 580 5637 cmendans
606 5593 714 5638 tant
742 5600 807 5640 ex
839 5585 964 5641 lletu
986 5603 1142 5657 quam
1170 5607 1236 5645 ex
1266 5594 1642 5663 praedictione,
1672 5607 1728 5651 ut
1759 5598 1880 5653 illos

284 5670 352 5724 ad
379 5688 562 5728 sanam
596 5685 833 5731 mentem
860 5690 1095 5735 revocet.
1127 5682 1189 5735 Et
1215 5685 1519 5752 quomodo,
1551 5687 1758 5757 inquies
1783 5731 1796 5755 ,
1828 5690 1879 5745 id

284 5767 393 5817 fieri
421 5768 643 5837 potest?
673 5784 794 5821 nam
825 5771 867 5823 si
898 5788 1117 5828 necesse
1146 5785 1228 5829 est
1258 5787 1314 5830 ut
1346 5778 1562 5833 veniant
1586 5781 1835 5836 scandala
1861 5825 1875 5847 ,

286 5859 545 5923 ~tuontodo
578 5860 696 5916 banc
725 5860 959 5930 cil‘ugcre
985 5867 1312 5930 poterimus?
1343 5872 1474 5938 Quia
1506 5886 1721 5928 necesse
1753 5875 1873 5943 qni-

2000 3131 2119 3185 dem
2142 3139 2224 3186 est
2247 3140 2305 3184 ttt
2326 3132 2539 3186 veniant
2566 3133 2839 3197 scandala,
2862 3137 3037 3205 perire
3058 3147 3237 3194 autem
3264 3142 3483 3196 omnino
3510 3159 3600 3197 nc-

1999 3234 2155 3276 cesse
2184 3236 2288 3274 non
2319 3230 2420 3275 est.
2446 3221 2907 3287 Quemadmodum
2934 3226 2978 3279 si
3005 3227 3126 3297 quis
3150 3229 3387 3287 medicus
3410 3232 3603 3290 dixerit

1998 3314 2017 3384 (
2045 3313 2175 3368 nihil
2215 3316 2356 3368 enim
2388 3324 2533 3369 vetat
2577 3316 2864 3385 quominus
2891 3318 3081 3374 eodem
3123 3324 3374 3391 exemplo
3404 3312 3603 3381 iterum

2000 3405 2235 3473 utamur)
2265 3421 2278 3457 a
2310 3404 2537 3459 Necesse
2565 3416 2651 3461 est
2678 3406 2819 3461 hunc
2838 3409 3025 3463 venire
3054 3413 3300 3467 morbum
3322 3455 3338 3479 ,
3369 3416 3463 3471 scd
3497 3434 3602 3472 non

2000 3495 2126 3549 item
2160 3509 2383 3550 necesse
2410 3504 2493 3550 est
2531 3506 2589 3550 ut
2624 3495 2726 3550 hoc
2766 3498 2956 3552 morbo
3000 3514 3224 3568 pereas,
3274 3505 3317 3556 si
3362 3508 3600 3561 aninnnn

1998 3584 2255 3639 adhibeas
2274 3622 2289 3648 ,
2317 3583 2432 3640 hare
2458 3600 2580 3639 cum
2609 3586 2729 3641 aliis
2752 3586 2961 3643 dicebat
2984 3630 2999 3654 ,
3030 3592 3085 3644 ut
3111 3591 3220 3658 jam
3250 3596 3428 3649 monui
3450 3638 3463 3660 ,
3493 3613 3601 3666 «pm

2000 3674 2293 3744 discipulos
2332 3689 2361 3727 a
2401 3689 2593 3730 somno
2631 3677 2910 3733 excitaret.
2958 3678 3038 3734 Ne
3075 3681 3377 3737 dormirent
3413 3688 3557 3739 enim
3586 3730 3598 3747 .

1996 3766 2147 3833 quasi
2169 3764 2237 3820 ad
2268 3779 2453 3835 pacem
2483 3776 2540 3820 et
2572 3754 3011 3836 imperturhatam
3040 3769 3202 3824 vitam
3230 3773 3400 3839 missi,
3430 3777 3595 3830 multa

1996 3867 2047 3909 et
2086 3856 2224 3931 foris
2263 3869 2316 3910 et
2360 3855 2501 3910 intus
2546 3856 2843 3927 ingruentia
2887 3858 3021 3913 bella
3062 3860 3317 3917 declarat.
3362 3864 3513 3932 Quod
3546 3879 3600 3921 et

1999 3945 2193 4001 Paulus
2236 3947 2567 4016 significabat
2607 3950 2689 4003 his
2730 3950 2952 4004 verbis:
2997 3950 3150 4005 Foris
3199 3970 3417 4023 pnqme,
3457 3959 3596 4013 intus

1998 4038 2200 4092 timora
2222 4055 2241 4092 :
2264 4038 2486 4107 pericula
2508 4038 2560 4093 in
2584 4039 2728 4108 falsis
2754 4043 2997 4113 fratribus
3020 4044 3096 4112 (2.
3124 4044 3243 4099 Cor.
3272 4048 3323 4099 7.
3349 4049 3403 4103 5.
3436 4062 3483 4103 (ιι
3507 4055 3526 4105 l
3548 4057 3594 4111 l.

1993 4130 2123 4199 26);
2150 4140 2206 4186 et
2238 4130 2475 4186 Milesios
2503 4132 2781 4202 alloquens
2804 4134 3050 4190 dicebat:
3078 4135 3364 4208 Exsurgent
3390 4145 3598 4213 quidam

1995 4237 2059 4275 ea:
2085 4222 2222 4276 vobis
2247 4222 2502 4292 loquentes
2529 4240 2762 4293 perversa
2800 4224 2935 4292 (Act.
2972 4226 3061 4281 20.
3102 4228 3216 4298 50).
3244 4230 3488 4289 Christus
3512 4254 3598 4291 ve-

1995 4328 2056 4367 ro
2080 4313 2291 4369 dicebat
2310 4352 2325 4379 ,
2351 4312 2557 4367 Inimici
2586 4314 2806 4370 hominis
2834 4317 3090 4372 domestici
3119 4320 3229 4390 ejus
3259 4322 3475 4392 (Matth.
3509 4331 3593 4382 ltl.

1994 4403 2111 4472 se).

2065 4492 2300 4547 Liberum
2336 4494 2601 4548 arbitrium
2629 4505 2676 4550 et
2701 4495 2902 4551 libertas
2933 4500 3206 4557 voluntatis
3242 4519 3356 4557 cum
3392 4510 3596 4564 veritate

1992 4585 2271 4653 praplietia:
2295 4585 2555 4638 conciliari
2582 4596 2813 4656 possunt.
2836 4617 2906 4626 —
2928 4588 3064 4643 Cum
3090 4596 3269 4646 autem
3301 4600 3594 4653 necessita-

1995 4684 2100 4728 tem
2128 4673 2285 4739 dicit,
2310 4690 2413 4729 non
2444 4676 2667 4731 liberum
2695 4677 2975 4732 arbitrium
3004 4680 3171 4745 tollit,
3201 4698 3373 4753 neque
3401 4688 3589 4741 volun-

1992 4764 2118 4820 tatis
2168 4765 2511 4831 libertatem,
2558 4782 2732 4837 neque
2774 4784 2952 4823 rerum
3006 4773 3314 4833 necessitati
3361 4780 3591 4848 cuipiam

1990 4854 2153 4909 vitam
2193 4856 2483 4923 subiiciens
2510 4856 2626 4912 haec
2656 4858 2730 4913 ait
2759 4876 2772 4912 :
2800 4858 2894 4915 sed
2925 4861 3068 4929 quod
3103 4865 3322 4921 omnino
3352 4867 3590 4927 futurum

1990 4954 2107 5000 erat
2131 4946 2369 5015 praedicit
2399 4965 2413 5001 :
2437 4948 2577 5017 quod
2610 4948 2779 5005 Lucas
2806 4950 2925 5007 aliis
2952 4948 3129 5008 verbis
3158 4955 3479 5025 declaravit,
3510 4966 3589 5019 sic

1988 5038 2175 5093 dicens
2196 5079 2212 5100 ,
2245 5037 2569 5107 lmpossibile
2599 5051 2671 5094 est
2701 5051 2755 5095 at
2782 5059 2881 5097 non
2913 5046 3113 5099 veniant
3148 5052 3394 5105 scandala
3426 5051 3587 5121 (an,

1990 5130 2077 5183 l7.
2111 5129 2188 5199 l),
2216 5129 2353 5196 Quid
2383 5128 2510 5184 illud
2536 5138 2615 5185 est
2636 5172 2652 5196 ,
2682 5131 2987 5187 Scandala?
3015 5136 3397 5206 Impedimenta
3431 5155 3585 5201 rectae

1990 5220 2093 5274 viae
2116 5221 2155 5273 ⁸.
2184 5219 2271 5275 Sic
2295 5219 2350 5274 in
2382 5235 2541 5275 scena
2572 5232 2764 5277 vocant
2790 5225 3042 5294 agiliores
3066 5230 3325 5297 quosdam
3352 5236 3441 5304 qui
3470 5252 3583 5291 cor-

1990 5326 2115 5381 pora
2165 5322 2491 5380 pervertunt.
2544 5313 2675 5367 Netr
2694 5316 2851 5384 igitur
2885 5318 3159 5386 praedicno
3187 5326 3304 5391 ejus
3339 5328 3590 5381 scandala

1986 5404 2202 5459 adduett
2229 5422 2243 5457 :
2270 5405 2409 5458 absit
2438 5423 2452 5459 :
2480 5422 2653 5475 neque
2677 5408 2800 5476 quia
2830 5414 3240 5479 praenuntiavit,
3284 5408 3409 5471 ideo
3450 5435 3580 5473 eve-

1988 5498 2166 5564 niunt;
2197 5497 2291 5552 sed
2323 5497 2444 5551 ideo
2477 5498 2741 5567 praedixit,
2773 5502 2896 5570 quia
2929 5514 3185 5560 eventura
3212 5520 3405 5564 erant:
3433 5512 3501 5565 ita
3536 5521 3591 5569 ut

1985 5591 2029 5641 si
2058 5587 2354 5642 noluissent
2380 5588 2413 5640 ii
2442 5588 2531 5658 qui
2560 5588 2647 5642 illa
2678 5589 2935 5657 inferunt,
2961 5610 3251 5667 numquam
3282 5603 3585 5670 venissent,

2049 5762 2062 5834 ξ
2108 5759 2265 5834 \tnrt‘l;
2283 5761 2542 5834 Posl‘lm-‘c
2570 5763 2736 5819 reri-2,
2761 5765 2896 5834 quod
2922 5774 3278 5834 I.ncas..........
3306 5774 3374 5821 sir
3400 5774 3586 5834 tlr'rms,

1952 5838 1953 5843 η
1990 5841 2012 5891 ς
2049 5822 2426 5890 μυριωδξέὑὶιιίωι
2463 5832 2513 5895 ut
2550 5837 2643 5895 non
2666 5828 2852 5875 veniant
2892 5832 3155 5882 scandala.
3184 5852 3203 5876 ν
3252 5835 3403 5895 addit,
3443 5822 3586 5886 nullis

1989 5885 2305 5945 ιιιιιιηιυδήιιδ,
2332 5884 2676 5946 impcdinwuta
2702 5896 2848 5938 ναίω
2877 5902 2977 5939 vtw.
