4186 6498
658 434 763 491 575

659 555 715 601 et
741 544 843 600 nisi
869 550 1124 597 eventura
1150 547 1352 608 essent,
1380 550 1485 589 non
1513 532 1763 603 praedicta
1790 530 2037 586 fuissent.
2058 525 2212 595 Quo-

660 638 803 692 niam
824 649 949 690 vero
963 631 1181 701 quidam
1202 626 1435 695 maligne
1448 618 2053 693 agebant,etineurabili
2072 633 2211 673 mor-

660 727 729 782 bo
747 725 1082 788 laborabant,
1104 726 1369 774 venerunt
1397 717 1676 781 scandala,
1701 712 1951 784 quodque
1970 710 2208 765 futurum

640 810 871 873 'eratiile
881 812 1143 885 praedicit.
1160 809 1231 864 At
1250 808 1297 864 si
1318 808 1394 862 illi
1413 807 1682 863 emendati
1709 804 1959 867 fuissent,
1974 801 2208 875 inquies.

658 917 711 960 et
732 904 910 960 nullus
937 899 1196 958 scandala
1218 896 1511 961 attulisset,
1536 908 1714 950 annon
1736 890 2093 948 dictani'illud
2110 886 2212 942 fal-

660 1012 779 1051 sum
791 992 1190 1063 deprehensum
1204 986 1397 1044 fuisset
1409 986 1435 1040 τ
1447 984 1828 1055 Nequaquam:
1846 996 1952 1037 non
1964 980 2210 1034 dicturus

651 1083 791 1136 enim
822 1062 977 1145 erat,
1007 1078 1053 1133 si
1091 1073 1406 1133 emendandi
1438 1072 1659 1126 fuissent
1685 1080 1873 1123 οιιιιιει
1894 1104 1911 1130 .
1940 1079 2112 1134 neque
2135 1062 2221 1117 dio

630 1174 823 1227 'sissct
855 1188 869 1224 :
903 1168 1122 1225 Necesse
1145 1176 1221 1221 est
1247 1175 1301 1219 ut
1328 1162 1560 1227 uitiaui;
1596 1158 1690 1215 sed
1722 1158 1845 1229 quia
1872 1153 2083 1210 videbat
2117 1166 2222 1206 non

652 1259 996 1332 corrigendos
1022 1258 1158 1325 fore,
1185 1255 1305 1312 ideo
1328 1254 1481 1318 dixit,
1508 1267 1572 1308 ea
1598 1250 1817 1305 omnino
1840 1256 2057 1301 ventura
2081 1258 2221 1297 esse.

659 1353 725 1406 lit
760 1368 890 1417 cur,
923 1346 1131 1422 inquies
1151 1388 1166 1412 ,
1208 1348 1321 1417 ipse
1352 1362 1457 1401 non
1485 1340 1743 1399 abstulit?
1782 1338 1844 1394 Et
1870 1352 1964 1393 cur
1994 1333 2225 1390 tollenda

658 1441 846 1496 erant?
884 1454 954 1494 an
984 1449 1198 1510 propter
1224 1446 1318 1492 eos
1341 1436 1430 1506 qui
1463 1434 1527 1503 iis
1555 1428 1855 1488 lmdttnturi
1876 1430 1953 1484 At
1974 1441 2077 1481 non
2105 1423 2227 1483 inde

661 1538 883 1599 pereunt
918 1530 953 1583 ii
992 1530 1079 1598 qui
1116 1527 1411 1591 laeduntur,
1445 1525 1536 1579 sed
1570 1539 1635 1577 ex
1676 1520 1877 1590 ignavia
1904 1534 1998 1573 sua
2030 1534 2043 1569 :
2072 1516 2229 1585 idque

658 1621 932 1675 declarant
968 1619 1001 1673 ii
1030 1619 1118 1687 qni
1149 1619 1397 1673 virtutem
1425 1616 1636 1675 colunt.
1664 1614 1753 1684 qui
1783 1627 1886 1666 non
1918 1608 2077 1664 modo
2106 1608 2231 1662 hinc

661 1710 788 1764 nihil
820 1706 1234 1769 lmdunturJed
1263 1706 1422 1762 etiam
1452 1704 1671 1760 multum
1700 1707 1923 1757 fructum
1950 1701 2184 1756 referunt
2211 1716 2228 1754 :

659 1800 827 1868 qualis
849 1809 963 1863 erat
986 1798 1091 1853 Job
1113 1836 1128 1860 ,
1158 1798 1327 1868 qualis
1351 1795 1550 1866 loseph
1571 1836 1586 1861 ,
1616 1794 1798 1864 quales
1820 1806 2007 1847 omnes
2025 1790 2152 1859 justi
2174 1798 2230 1844 et

658 1890 905 1960 apostoli.
944 1889 1096 1957 Quod
1136 1888 1179 1944 si
1220 1887 1371 1943 multi
1411 1887 1716 1957 paierunt,
1758 1884 1810 1938 id
1849 1899 1915 1939 es
1953 1899 2141 1938 suumn
2176 1889 2231 1935 et

662 1981 979 2052 negligentia
1018 1994 1112 2036 sua
1148 1978 1343 2034 evenit.
1368 1976 1424 2034 Si
1453 1991 1541 2035 res
1574 1992 1680 2031 non
1710 1977 1779 2030 ita
1806 1983 1983 2036 esset,
2011 1980 2069 2027 et
2090 1972 2136 2026 si
2161 1987 2228 2026 es

660 2068 924 2125 scatidaiis
967 2068 1227 2138 periticies
1270 2075 1411 2121 esset
1433 2105 1450 2130 ,
1499 2078 1687 2127 omnes
1729 2064 1901 2133 perire
1940 2069 2229 2130 oporteret.

651 2152 811 2228 Quod
838 2158 885 2213 si
908 2157 1121 2227 quidam
1147 2156 1424 2225 eifugiunt,
1449 2154 1537 2226 qni
1564 2171 1670 2209 non
1695 2152 1898 2222 effugit.
1926 2151 1976 2205 id
2004 2150 2103 2205 sibi
2128 2150 2230 2220 ipsi

496 2233 545 2277 ⁸
662 2256 886 2319 reputet.
914 2245 1175 2304 Scandala
1200 2246 1377 2311 enim,
1407 2256 1465 2300 ut
1490 2244 1619 2308 disi,
1646 2254 1703 2299 et
1728 2244 1989 2305 excitant,
2026 2250 2081 2293 et
2110 2254 2233 2310 pee-

659 2335 1009 2402 spicaciorem
1025 2333 1430 2397 aeutiuremque
1444 2328 1669 2391 faciunt,
1689 2341 1792 2377 non
1803 2339 1925 2376 eum
1941 2321 2101 2375 modo
2111 2320 2207 2391 qui

658 2422 763 2479 sibi
780 2430 952 2487 cavet,
967 2421 1063 2477 sed
1080 2421 1243 2475 etiam
1260 2434 1383 2473 eum
1402 2420 1495 2489 qui
1516 2416 1712 2472 cecidit
1728 2417 1944 2484 citoque
1959 2412 2208 2482 erigitur,

660 2513 787 2566 hinc
803 2513 948 2567 enini
959 2512 1169 2568 cautior
1182 2521 1451 2580 captisque
1464 2507 1729 2563 diﬁicilior
1743 2505 2147 2573 evadetJtaque
2161 2501 2210 2557 si

670 2596 977 2668 vigilemus,
1006 2611 1112 2651 non
1142 2611 1365 2667 parvum
1396 2596 1515 2650 inde
1542 2596 1741 2649 lucrqu
1768 2597 2070 2653 referimus,
2093 2594 2236 2665 quod

670 2684 871 2746 scilicet
896 2690 1113 2744 assidue
1139 2688 1436 2759 vigilemus.
1467 2687 1523 2743 Si
1551 2701 1680 2741 vero
1715 2686 2030 2739 instantibus
2060 2685 2236 2739 inimi-

669 2781 749 2836 cis
770 2820 787 2847 ,
828 2790 884 2837 et
926 2788 1004 2835 tot
1050 2778 1428 2835 tentationibus
1473 2776 1835 2847 ingruentibus
1874 2776 2235 2844 donniautns,

672 2873 799 2944 quid
828 2873 897 2929 de
924 2873 1078 2929 nobis
1118 2872 1207 2929 fiet
1241 2873 1287 2927 si
1330 2874 1410 2928 sic
1448 2870 1727 2941 tramuiile
1766 2871 2044 2926 vimuusi
2070 2872 2125 2927 Si
2160 2873 2240 2927 vis

671 2971 849 3016 autem
873 2999 891 3029 ,
922 2963 1149 3030 primum
1177 2960 1447 3015 hominem
1474 2958 1750 3014 considen
1778 2975 1794 3015 :
1822 2960 1867 3014 si
1900 2960 2041 3016 enim
2071 2974 2239 3029 pauco

673 3061 929 3119 tempore,
957 3058 1014 3105 et
1034 3050 1277 3105 fortassis
1302 3065 1407 3104 non
1437 3064 1545 3104 uno
1566 3047 1655 3104 die
1679 3049 1732 3103 in
1759 3049 2002 3119 paradiso
2021 3064 2238 3107 versans

670 3140 828 3209 tuique
854 3139 1060 3196 deliciis
1079 3178 1096 3205 ,
1128 3140 1190 3193 in
1227 3148 1431 3193 tantum
1462 3137 1707 3207 nequitis
1736 3139 2035 3209 proruperit
2053 3178 2069 3205 ,
2098 3149 2157 3195 nt
2178 3154 2240 3197 se

671 3230 927 3299 :equaiern
955 3230 1062 3284 Deo
1086 3230 1200 3285 fore
1224 3228 1539 3299 speraverit,
1560 3238 1616 3285 et
1639 3228 1973 3298 decepturem
2001 3230 2240 3286 beneﬁcii

669 3326 941 3374 auctorem
971 3318 1268 3387 putaverit,
1310 3332 1483 3387 neque
1508 3318 1723 3375 unicum
1764 3316 1891 3373 illud
1915 3327 2238 3390 pmceptnm

668 3409 962 3465 servaverit
987 3426 1004 3465 :
1031 3410 1075 3465 si
1120 3410 1241 3465 vita
1267 3409 1526 3480 reliquam
1556 3417 1758 3479 partem
1785 3412 1903 3467 sine
1923 3408 2104 3468 labore
2136 3409 2240 3465 du-

670 3497 870 3566 xisset,
892 3499 1019 3573 quid
1046 3515 1153 3558 non
1178 3499 1409 3559 facturus
1435 3500 1592 3559 erat?

738 3594 795 3648 2.
837 3592 1005 3649 "om
1041 3609 1136 3649 su
1177 3611 1331 3666 ορατ
1364 3604 1413 3649 et
1453 3610 1486 3648 ιι
1527 3595 1689 3668 seipse
1716 3591 1883 3651 maias
1916 3591 2141 3667 (ﬁcitur.
2169 3618 2242 3632 -

673 3683 767 3739 llis
797 3684 867 3739 ita
894 3683 1051 3739 dictis
1072 3724 1089 3751 ,
1116 3684 1272 3739 aliam
1298 3683 1647 3754 objectionem
1678 3684 1908 3740 offerunt
1942 3701 1965 3740 ι
1981 3684 2092 3739 Cur
2112 3696 2242 3755 ergo

678 3777 817 3833 Deus
855 3777 1011 3832 talem
1054 3777 1224 3847 ipsum
1260 3776 1478 3832 effecit?
1518 3774 1632 3832 Non
1663 3776 1802 3831 Deus
1840 3775 1997 3841 talem
2025 3773 2238 3843 ediscit,

671 3869 847 3924 absit:
876 3883 979 3924 non
1006 3870 1149 3924 enim
1177 3867 1322 3924 illum
1350 3868 1663 3939 punivisset.
1693 3866 1823 3923 Nam
1842 3868 1887 3922 si
1913 3881 2011 3923 nos
2028 3866 2240 3939 «plaudo

673 3960 895 4029 alicujus
914 3960 988 4014 rei
1015 3972 1172 4013 causa
1192 3973 1397 4025 sumus,
1419 3968 1604 4013 servos
1629 3973 1733 4011 nun
1760 3957 2081 4024 incusamus,
2104 3957 2242 4012 mul-

674 4060 728 4104 to
755 4051 929 4105 minus
955 4051 1323 4105 universorum
1353 4049 1491 4106 Deus
1516 4048 1571 4105 id
1593 4046 1805 4105 faeciet.
1836 4048 1964 4117 Sed,
1994 4050 2235 4121 inquies,

673 4143 812 4198 unde
852 4143 969 4196 udis
1006 4142 1224 4198 euectus
1258 4141 1384 4197 est!
1423 4140 1497 4196 Es
1537 4140 1825 4211 seruetipso
1848 4148 1904 4196 et
1938 4154 2003 4196 es
2035 4141 2236 4211 ignavia

672 4248 785 4289 sua.
834 4233 969 4301 Quid
1017 4242 1138 4299 est,
1178 4248 1246 4288 ex
1282 4230 1605 4301 aetnetipsoi
1643 4229 1893 4299 'l‘eipsum
1934 4230 2235 4301 iuta-roga:

674 4340 793 4377 nam
824 4324 867 4377 si
898 4323 932 4377 ii
959 4323 1048 4393 qni
1077 4322 1203 4378 mali
1231 4329 1376 4384 sunt.
1407 4333 1515 4375 non
1537 4334 1601 4375 es
1632 4319 1822 4389 seipais
1850 4320 1972 4375 mali
2001 4326 2142 4381 sunt.
2170 4336 2239 4376 ne

672 4427 883 4467 servum
914 4421 1059 4466 tuum
1089 4410 1314 4481 castiges
1337 4450 1353 4473 ,
1382 4424 1483 4464 nec
1508 4424 1725 4463 uxorem
1753 4408 1799 4463 si
1824 4410 2119 4479 peccaverit
2152 4409 2237 4465 in-

670 4512 854 4572 crepcs
876 4542 893 4569 ,
933 4514 1030 4557 nec
1064 4501 1229 4559 tilium
1269 4500 1564 4571 percutias.
1594 4512 1693 4556 nec
1732 4500 1958 4555 amicum
1987 4500 2235 4568 incuses,

672 4605 769 4647 nec
813 4592 1079 4646 inimicum
1119 4599 1173 4647 te
1212 4590 1489 4645 ledentem
1530 4587 1655 4644 odio
1694 4590 1930 4645 habeas:
1962 4588 2014 4644 id
2043 4590 2237 4662 quippe

672 4698 858 4739 omnes
882 4684 1023 4753 digni
1045 4690 1177 4738 sunt
1201 4680 1584 4744 misericordia,
1614 4694 1718 4735 non
1746 4680 2035 4749 punitione,
2062 4681 2106 4737 si
2132 4694 2238 4738 non

671 4788 737 4831 es
766 4773 952 4841 aeitan
979 4773 1309 4842 delinquunt.
1341 4770 1447 4826 Sed
1474 4784 1578 4825 non
1610 4784 1823 4839 possunt
1853 4769 2234 4840 philosophari,

672 4866 897 4936 inquies.
924 4865 1081 4935 Atqui
1106 4866 1149 4919 si
1174 4863 1367 4920 videris
1390 4876 1493 4919 non
1519 4863 1725 4918 illorum
1748 4862 1954 4932 culpam
1980 4876 2118 4928 esse,
2141 4864 2236 4920 sed

669 4972 734 5010 ex
763 4956 864 5010 alia
902 4956 1219 5011 necessitate
1242 4953 1294 5009 id
1321 4953 1517 5009 factum
1546 4968 1665 5010 esse
1688 4994 1705 5019 ,
1738 4963 1861 5011 tunc
1892 4956 2089 5025 poteris
2119 4956 2237 5027 piti-

671 5044 956 5119 iosopltari.
987 5043 1118 5100 Nam
1144 5059 1262 5099 cum
1284 5056 1469 5100 servus
1492 5042 1801 5113 egritudine
1822 5041 2065 5102 detentus
2094 5046 2234 5115 iussa

670 5149 776 5189 non
808 5133 1010 5201 fecerit,
1040 5148 1146 5189 non
1175 5131 1334 5189 modo
1359 5146 1463 5197 non
1490 5132 1787 5187 criminaris
1809 5172 1824 5194 .
1855 5133 1947 5189 sed
1977 5140 2032 5190 et
2057 5136 2234 5190 statim

668 5224 916 5295 ignoscis.
947 5224 1037 5281 Sic
1061 5232 1114 5279 tu
1143 5224 1293 5280 testis
1318 5237 1399 5289 es,
1424 5223 1689 5293 quidpiam
1715 5225 1782 5280 ab
1806 5223 1942 5292 ipso,
1969 5225 2233 5295 quidpiam

670 5330 773 5370 non
811 5314 879 5369 ab
920 5315 1035 5385 ipso
1062 5329 1203 5370 esse.
1250 5313 1409 5385 Igitur
1443 5315 1600 5369 etiam
1638 5315 1722 5369 hic
1744 5358 1761 5381 ,
1791 5317 1834 5370 si
1865 5316 2032 5372 scires
2062 5316 2232 5386 ipsum

670 5404 787 5459 ideo
818 5404 1010 5459 malum
1038 5418 1157 5461 esse
1194 5404 1317 5474 quia
1360 5405 1437 5461 sic
1474 5416 1629 5461 natus
1667 5406 1773 5469 sit,
1812 5420 1916 5460 non
1943 5407 2102 5461 modo
2128 5421 2231 5461 non

668 5509 984 5555 accusares.
1030 5495 1124 5549 sed
1167 5504 1221 5549 et
1259 5494 1465 5550 veniam
1508 5496 1681 5550 dares.
1726 5495 1853 5549 Nam
1890 5497 1973 5549 cui
2016 5505 2232 5565 propter

669 5586 910 5641 morbum
948 5586 1173 5655 ignoscis
1194 5626 1211 5653 ,
1242 5595 1458 5655 propter
1497 5586 1586 5641 Dei
1621 5588 1887 5656 epiiicinm
1918 5587 1993 5643 illi
2023 5590 2231 5645 veniam

671 5692 770 5733 non
801 5692 1023 5749 negares
1043 5718 1059 5741 ,
1128 5676 1383 5746 siquidem
1412 5679 1530 5733 talis
1557 5680 1624 5732 ab
1654 5681 1801 5733 initio
1832 5680 1997 5734 factus
2024 5680 2226 5736 inisset.

666 5766 906 5825 Alinndc'
927 5769 1091 5824 etiam
1123 5767 1241 5825 illos
1269 5766 1422 5825 facile
1449 5771 1721 5827 confutare
1750 5786 2028 5841 possumus
2062 5789 2076 5824 :
2106 5789 2223 5826 nam

1351 424 1410 478 S.
1449 419 1731 481 JOANNIS
1762 408 2256 475 CllBYSOSTOJIl
2291 407 2605 466 ABClilEP.
2646 405 3175 465 CONSTANTINOP.

3792 397 3897 456 επ

2322 521 2517 578 veritas
2538 522 2863 589 argumentis
2886 496 3139 574 abundat.
3166 517 3274 572 Cur
3297 528 3581 584 numquam
3603 526 3688 567 scr
3698 525 3818 567 vum
3838 513 3893 565 in

2318 613 2518 667 crimen
2532 611 2740 687 uocasti
2760 652 2777 675 ,
2814 608 2955 682 quod
2985 623 3089 663 non
3130 606 3200 662 sit
3237 605 3383 660 vultu
3414 603 3679 658 formosus
3706 640 3724 665 ,
3751 601 3894 670 quod

2322 719 2431 759 non
2467 704 2535 758 sit
2575 702 2879 773 proceriore
2915 707 3151 762 statura,
3194 694 3338 768 quod
3375 710 3481 749 non
3521 692 3590 747 sit
3628 688 3893 745 volneris!

2320 794 2451 861 Quia
2491 792 2605 848 lm-c
2644 808 2674 845 a
2717 800 2905 848 natura
2942 789 3369 860 proﬁciscuntur.
3406 783 3545 855 Ergo
3581 782 3713 837 iiber
3742 786 3819 831 est
3856 791 3891 831 η

2321 886 2477 956 culpa
2500 893 2754 956 quantum
2776 881 2844 936 ad
2868 891 3068 936 natura:
3087 878 3233 939 vitia.
3262 890 3522 945 nemoque
3547 874 3643 928 ibit
3668 866 3895 923 inﬁcias.

2322 976 2458 1031 Cum
2482 991 2612 1046 ergo
2634 989 2877 1040 accusas,
2907 969 3145 1027 tistentiis
3170 980 3341 1033 certe,
3370 968 3551 1022 vitium
3578 975 3679 1019 non
3705 975 3768 1014 es
3796 974 3900 1012 ua—

2325 1078 2441 1122 tura
2467 1107 2484 1133 ,
2518 1066 2618 1135 sed
2653 1082 2719 1121 es
2757 1065 3030 1119 voluntate
3066 1061 3348 1132 proﬁcisci.
3378 1058 3510 1115 Nam
3550 1058 3591 1111 si
3624 1068 3747 1109 cum
3780 1064 3903 1106 non

2324 1173 2655 1222 accusamus,
2678 1156 3024 1213 testiﬁcantur
3042 1164 3207 1210 totum
3227 1167 3347 1208 esse
3367 1159 3565 1206 natura:
3583 1144 3906 1202 adeaiben-

2326 1248 2481 1314 dum,
2516 1246 2687 1317 palam
2715 1254 2799 1302 est
2823 1244 2967 1314 quod
2991 1258 3113 1299 cum
3145 1243 3507 1311 iuerepamus,
3534 1253 3599 1291 es
3627 1234 3910 1291 voltnttata

2326 1340 2534 1407 cultum
2553 1352 2674 1393 esse
2693 1335 3045 1392 declaramus.
3070 1333 3147 1388 Ne
3166 1333 3343 1402 itaque
3362 1341 3602 1401 perversa
3623 1326 3909 1380 ratiocinia

2329 1427 2381 1483 iu
2419 1426 2651 1482 medium
2683 1425 2877 1480 aii'eras
2900 1463 2915 1487 ,
2958 1438 3027 1479 ne
3063 1422 3383 1492 sophismata
3410 1427 3465 1471 et
3492 1414 3662 1471 nodos
3686 1428 3913 1468 araneae

2331 1518 2450 1573 telis
2493 1516 2710 1570 viliores
2741 1533 2756 1569 :
2785 1514 2879 1569 sed
2922 1513 2989 1569 nd
3033 1513 3135 1567 hoc
3171 1523 3377 1565 rursum
3420 1506 3548 1561 mihi
3589 1506 3855 1572 responde
3890 1518 3909 1555 ε

2330 1609 2515 1666 Nonne
2541 1606 2783 1671 homines
2811 1617 2999 1661 omnes
3027 1602 3151 1662 fecit
3181 1599 3353 1657 Deus?
3386 1597 3440 1654 Id
3467 1594 3606 1666 apud
3626 1608 3814 1649 omnes
3843 1593 3913 1645 ita

2330 1702 2578 1757 confesso
2604 1708 2707 1755 est.
2734 1698 2842 1751 Cur
2869 1710 2998 1765 ergo
3024 1710 3129 1749 non
3157 1705 3342 1760 omnes
3369 1687 3660 1745 secundum
3691 1684 3915 1740 virtutis

2328 1804 2387 1849 et
2424 1791 2533 1846 vitii
2578 1791 2837 1845 rationem
2879 1785 3111 1855 aequales
3147 1780 3306 1839 suntl
3346 1779 3486 1835 unde
3525 1778 3584 1832 iit
3622 1786 3679 1831 ut
3709 1776 3761 1830 ιιὶ
3794 1776 3918 1829 sint

2331 1884 2478 1950 boni,
2504 1881 2649 1952 probi
2670 1887 2725 1935 et
2748 1876 3015 1934 modesti?
3040 1873 3175 1929 unde
3201 1873 3260 1926 lit
3286 1880 3343 1926 ιιι
3364 1871 3416 1924 lii
3436 1871 3545 1925 sint
3572 1869 3697 1925 mali
3723 1876 3777 1922 ei
3803 1867 3920 1920 im-

2332 1973 2523 2044 probi?
2549 1971 2680 2026 Nam
2719 1969 2764 2024 si
2797 1969 2851 2022 in
2881 1965 2966 2022 his
3003 1979 3111 2021 non
3139 1963 3410 2017 voluntate
3444 1974 3580 2031 opus
3600 1966 3727 2023 est,
3763 1964 3819 2011 et
3859 1970 3919 2011 ss

2334 2066 2447 2119 iure
2472 2072 2656 2118 natura
2684 2069 2831 2126 sunt,
2860 2074 2956 2115 cur
2982 2057 3034 2112 lii
3057 2056 3324 2117 virtutem,
3349 2052 3439 2107 alii
3464 2051 3648 2106 vitium
3672 2063 3923 2119 sequuti-

2333 2163 2416 2210 tur
2434 2155 2459 2209 τ
2480 2153 2613 2209 Nam
2638 2153 2683 2207 si
2709 2165 2897 2206 omnes
2926 2158 3111 2204 natura
3140 2146 3265 2202 mali
3293 2153 3505 2207 essent.
3539 2156 3700 2207 nemo
3724 2149 3927 2212 posset.

2331 2262 2451 2304 esse
2489 2250 2693 2311 bonus;
2731 2253 2787 2300 et
2824 2244 2868 2298 si
2908 2255 3094 2298 omnes
3124 2249 3308 2294 natura
3349 2238 3472 2291 boni
3494 2278 3507 2301 ,
3540 2248 3700 2291 nemo
3725 2240 3921 2303 posset

2332 2354 2453 2395 esse
2488 2338 2678 2392 maius.
2716 2335 2773 2390 8i
2807 2331 3101 2390 communis
3136 2339 3221 2385 est
3259 2326 3767 2383 naturaliominnm
3789 2338 3916 2377 omo

2334 2428 2502 2493 nium,
2528 2425 2819 2481 secundum
2846 2423 2947 2477 huc
2966 2420 3243 2491 iqntrielm
3263 2432 3453 2473 inertes
3478 2416 3723 2471 homines
3740 2428 3915 2468 unum

2333 2528 2389 2573 ct
2416 2518 2551 2571 idem
2579 2531 2737 2582 esse,
2768 2528 2861 2569 seu
2892 2514 3060 2568 honos
3084 2512 3327 2578 scilicet,
3360 2522 3455 2565 seu
3482 2506 3669 2564 malos.
3697 2506 3749 2563 Si
3778 2520 3919 2560 vero

2333 2609 2593 2672 dicamus,
2622 2622 2687 2661 ex
2719 2614 2900 2660 natura
2929 2618 3047 2658 esse
3069 2604 3209 2671 quod
3238 2603 3290 2656 lii
3314 2600 3440 2658 boni
3459 2641 3474 2662 .
3506 2599 3579 2654 illi
3609 2597 3733 2653 mali
3756 2597 3867 2655 sint
3890 2636 3914 2661 ,

2335 2698 2475 2767 quod
2496 2704 2638 2752 esset
2661 2695 2851 2749 rationi
2877 2694 3158 2752 absonum.
3185 2700 3243 2745 ιιι
3261 2689 3612 2751 ostendimus,
3635 2694 3918 2755 oporteret

2336 2789 2453 2846 haec
2471 2785 2758 2843 immobilia
2778 2797 2935 2848 esse;
2958 2783 3214 2838 naturalia
3234 2781 3429 2850 quippe
3450 2788 3575 2834 sunt
3595 2774 3887 2834 immaturi:

2339 2884 2453 2942 Hoc
2463 2900 2593 2940 vero
2605 2881 2921 2940 consideres
2934 2879 3030 2932 veli
3040 2894 3109 2929 Ill.
3127 2873 3382 2928 Mortales
3392 2884 3586 2926 omnes
3596 2874 3917 2922 suntettans

2340 2974 2645 3047 passibiles,
2680 2984 2943 3039 nemoque
2972 2974 3139 3035 potest
3174 2959 3523 3032 impossibilia
3550 2970 3695 3019 esse,
3716 2955 3921 3009 etiam-

2336 3046 2384 3124 si
2437 3064 2634 3120 millies
2680 3058 2991 3118 cmitendat.
3039 3054 3194 3109 Nunc
3227 3067 3356 3107 vero
3414 3049 3611 3104 multos
3656 3046 3915 3099 videmus

2336 3171 2404 3213 ex
2431 3155 2590 3210 bonis
2623 3151 2920 3219 improbos,
2962 3158 3016 3202 et
3040 3160 3106 3200 ex
3135 3141 3396 3213 improbis
3429 3142 3599 3194 bonos
3641 3135 3789 3199 ileri,
3838 3134 3916 3187 ii-

2338 3246 2421 3301 los
2455 3243 2798 3315 negligentia,
2833 3239 2932 3294 hos
2976 3252 3107 3290 vero
3140 3232 3417 3305 diligentia
3443 3246 3458 3286 :
3486 3228 3632 3301 quod
3670 3224 3918 3280 maxime

2340 3339 2531 3409 probat
2551 3337 2603 3392 id
2626 3351 2733 3390 non
2759 3347 2880 3390 esse
2901 3340 3126 3387 natura.
3149 3326 3425 3383 Naturalia
3448 3322 3649 3396 quippe
3670 3334 3766 3409 nec
3784 3331 3916 3370 mn—

2339 3407 2555 3491 tantur,‘
2586 3438 2759 3495 neque
2791 3421 3064 3492 diligentia
3092 3433 3230 3488 opus
3257 3416 3481 3478 habent,
3524 3421 3586 3466 ut
3608 3407 3914 3478 acquiran-

2338 3531 2444 3576 tur.
2478 3516 2549 3575 Ut
2582 3517 2725 3571 enim
2764 3516 2830 3569 ad
2858 3512 3145 3567 videndum
3186 3520 3237 3562 et
3267 3505 3595 3562 audiendum
3627 3514 3734 3557 non
3765 3514 3917 3569 opus

2335 3618 2421 3667 est
2450 3609 2654 3670 labore,
2695 3606 2773 3661 sic
2824 3616 2923 3656 nec
2954 3599 3007 3655 in
3045 3598 3266 3657 colenda
3309 3595 3507 3649 virtute
3541 3591 3742 3647 sudore
3765 3601 3917 3657 opus

2336 3712 2501 3765 esset,
2540 3698 2585 3753 si
2636 3697 2723 3752 illa
2752 3714 2819 3752 es
2847 3704 3036 3751 natura
3074 3690 3232 3748 nobis
3269 3688 3431 3744 insita
3462 3693 3626 3741 esset.
3660 3681 3773 3736 Cur
3799 3693 3911 3731 att-

2338 3798 2443 3844 tem
2468 3787 2639 3842 malos
2668 3784 2902 3849 fecisset,
2924 3796 3047 3839 cum
3072 3791 3248 3852 posset
3268 3788 3462 3831 omnes
3494 3768 3666 3833 bonos
3688 3768 3863 3823 facere
3886 3766 3915 3819 2

2336 3876 2490 3935 Unde
2542 3892 2674 3949 ergo
2720 3876 2896 3932 mala?
2942 3872 3153 3943 inquies
3185 3871 3226 3925 ί.
3272 3866 3528 3937 Teipsnnt
3579 3862 3848 3931 interroga
3890 3876 3912 3914 :

2336 3980 2516 4023 meum
2553 3965 2750 4036 quippe
2790 3973 2877 4020 est
2914 3960 3234 4021 ostendere,
3276 3958 3363 4011 illa
3409 3969 3507 4009 nec
3559 3965 3625 4008 ex
3663 3959 3852 4005 natura
3887 3988 3910 4016 ,

2336 4069 2439 4113 nec
2465 4046 2497 4111 ιι
2532 4056 2643 4110 Deo
2676 4070 2817 4110 esse.
2850 4052 2991 4123 Ergo
3021 4048 3197 4107 casui
3225 4045 3456 4117 inquies.
3490 4042 3730 4097 Minime.
3760 4037 3909 4093 Num

2334 4145 2613 4219 ingenita?
2644 4142 2792 4199 Bona
2833 4142 3016 4205 verba,
3054 4150 3261 4209 quaeso,
3284 4150 3318 4190 ο
3350 4135 3533 4196 homo,
3581 4146 3612 4187 a
3645 4138 3790 4185 tanta
3822 4126 3918 4219 in-

2339 4217 2493 4293 sania
2522 4234 2747 4306 gradum
2774 4240 2990 4293 revoca,
3021 4239 3078 4282 ut
3100 4229 3444 4282 honore’nno
3483 4223 3650 4277 Deum
3682 4228 3736 4275 et
3754 4217 3910 4277 mala

2335 4328 2484 4383 colas
2512 4335 2674 4396 atque
2703 4323 2910 4379 honore
2942 4326 3211 4389 superno.
3238 4314 3371 4370 Nam
3419 4314 3465 4369 si
3498 4312 3757 4382 ingenita,
3787 4308 3910 4362 for-

2334 4420 2407 4476 tia
2447 4428 2501 4474 et
2533 4416 2757 4473 immota
2782 4414 2969 4481 utique
2993 4417 3179 4473 erunt,
3209 4420 3387 4477 neque
3436 4408 3693 4474 poterunt
3720 4399 3909 4465 avelli,

2331 4522 2506 4579 neque
2531 4507 2597 4563 ad
2636 4506 2865 4561 nihilum
2895 4501 3063 4572 redigi
3100 4516 3114 4554 :
3146 4514 3270 4553 nam
3300 4494 3442 4567 quod
3464 4494 3766 4563 ingenitum
3793 4501 3908 4555 est,

2330 4602 2508 4671 perire
2544 4614 2651 4654 non
2681 4610 2861 4669 posse,
2892 4597 3094 4665 cuique
3126 4589 3471 4647 manifestum
3506 4600 3612 4645 est.

2401 4692 2454 4747 3.
2496 4686 2650 4745 Unde
2685 4688 2741 4743 fit
2762 4696 2819 4743 ut
2848 4699 2927 4742 tot
2958 4686 3065 4741 sint
3089 4685 3237 4751 boni,
3257 4684 3303 4739 si
3325 4683 3527 4737 malum
3553 4676 3757 4733 tantam
3787 4675 3905 4730 vim

2334 4778 2529 4835 habeat
2544 4779 2570 4832 τ
2589 4778 2864 4849 quomodo
2892 4775 3061 4848 geniti"
3080 4772 3156 4829 illi
3188 4772 3427 4842 ingenito
3456 4778 3586 4826 sunt
3610 4765 3863 4822 fortiores
3877 4765 3919 4819 Υ

2334 4871 2438 4925 Sed
2469 4869 2629 4935 Deus,
2666 4868 2897 4937 inquies,
2928 4866 3017 4921 illa
3052 4864 3281 4919 auferet.
3319 4860 3583 4928 Quando?
3615 4856 3905 4925 Quomodo

2339 4972 2518 5017 autem
2543 4956 2631 5013 illa
2657 4960 2887 5023 auferet,
2912 4958 2957 5011 si
2975 4954 3123 5026 paris
3140 4954 3251 5009 sint
3277 4951 3522 5018 honoris,
3541 4946 3902 5009 fortitudinis,

2332 5048 2646 5108 vetustatis?
2661 5051 2854 5121 utquis
2866 5048 3083 5103 dixerit.
3102 5045 3147 5102 Ο
3161 5038 3362 5101 diaboli
3380 5041 3699 5120 nequitiam!
3718 5053 3903 5107 quan-

2333 5150 2443 5195 tum
2472 5141 2681 5196 invenit
2706 5138 2945 5194 malum!
2980 5150 3089 5207 quo
3123 5133 3476 5205 btasphemite
3495 5142 3693 5203 genere
3725 5126 3899 5181 Deum

2393 5349 2411 5381 ι
2438 5347 2618 5397 Totum
2657 5343 2820 5392 locum
2856 5342 3005 5403 longe
3048 5334 3276 5403 pluribus
3316 5343 3605 5403 expressum
3637 5328 3712 5403 sic
3742 5328 3900 5403 liabet.

2328 5395 2490 5460 Codex
2536 5416 2698 5458 unus:
2730 5408 2828 5458 Cur
2865 5395 2976 5451 ξιιοὶ
2999 5395 3153 5464 mulos
3176 5396 3512 5464 κρίμα.
3543 5395 3704 5461 PM
3730 5399 3902 5464 ωοψεξ

2329 5452 2705 5532 meo
2734 5452 2882 5532 tota
2907 5462 3059 5532 ,ιωιρε
3085 5452 3187 5532 ηομ·
3206 5457 3317 5522 ιεείι
3330 5452 3815 5532 ςμερίδείειέίὲηῖξέ

2329 5513 2705 5592 Mihi-esset
2726 5513 2959 5592 {primm
2979 5524 3023 5575 si
3055 5513 3217 5592 rutilos
3588 5513 3829 5592 ἕξειὲξει

2330 5572 3034 5646 ἷιῖἦίἷᾶηόῖὶιὶῶἷῖιῖἡιὸἐ,
3055 5572 3288 5646 illudque
3310 5584 3487 5646 imm!
3503 5580 3558 5646 ﬁt
3582 5572 3685 5646 sine
3701 5584 3850 5621 cnam
3877 5584 3900 5623 :

2363 5636 2841 5703 ιιῶιώιῖἷιῖὖιιιιῖεα
2864 5662 2915 5697 re
2936 5636 3063 5708 amni
3088 5636 3287 5705 bonique
3314 5636 3470 5708 ratio?
3499 5637 3639 5708 nde
3653 5646 3772 5708 ergo
3789 5646 3903 5708 uto-

2365 5696 3006 5775 {inﬁnitamque
3033 5696 3386 5775 unt-tSHlZatitl‘ulli
3414 5698 3673 5775 code-33¢
3696 5696 3903 5755 habeat,

2331 5758 2821 5835 atertissequimur.
2845 5758 3141 5831 Cit-(4111104.
3168 5762 3308 5814 Fieid
3327 5763 3386 5810 ad
3406 5775 3515 5824 pag.
3539 5758 3651 5809 ωδ.
