4186 6482
322 424 420 483 577

319 539 593 595 involvere
611 534 821 588 homini
850 530 1063 589 suasit?
1097 526 1244 599 quali
1278 524 1497 596 pietatis
1527 520 1709 592 specie
1739 519 1901 573 aliam

326 630 702 697 blasphemam
726 625 987 678 rationem
1009 618 1332 683 excogitavit
1350 619 1364 670 l
1380 616 1520 669 Cum
1539 613 1740 666 vellent
1756 609 1902 664 enim

313 720 601 775 ostendere
622 757 640 781 ,
682 712 882 770 malum
920 723 1026 764 non
1053 704 1123 760 ab
1158 703 1277 774 ipso
1313 699 1643 771 procedere,
1680 710 1903 766 pravum

311 809 455 867 alittd
489 809 683 878 dogma
723 804 1038 857 iuvexcrunt
1061 838 1077 863 ,
1108 793 1337 850 dicendo
1375 790 1607 862 ingenita
1644 789 1732 844 illa
1760 802 1902 843 esse.

315 900 471 957 Unde
513 899 674 967 igitur
703 891 879 949 mala?
923 887 1154 959 inquies.
1202 884 1278 939 Ex
1311 898 1378 938 eo
1404 881 1546 952 quod
1575 888 1660 935 est
1686 878 1827 935 velle
1850 887 1907 933 et

311 990 474 1044 nolle.
492 986 599 1044 Sed
621 986 794 1055 ipsum
818 979 954 1036 velle
967 988 1023 1033 et
1043 975 1182 1031 nolle
1198 971 1497 1029 undenam?
1514 972 1554 1025 Α
1579 968 1733 1024 nobis
1752 967 1913 1037 ipsis.

316 1080 366 1135 ld
396 1081 573 1149 ipsum
594 1074 724 1131 facis
747 1087 812 1129 ac
837 1071 882 1127 si
906 1080 1199 1140 quaereres,
1224 1064 1501 1123 Undeuam
1529 1060 1706 1132 prodit
1725 1057 1907 1149 videre

312 1182 366 1225 ot
392 1148 503 1224 non
530 1165 753 1222 videret
777 1176 865 1218 me
890 1174 1018 1217 vero
1044 1154 1427 1228 respondente,
1457 1152 1535 1208 Ex
1563 1164 1630 1207 eo
1653 1148 1795 1220 quod
1823 1158 1903 1204 est

310 1260 565 1316 claudere
592 1268 648 1314 et
676 1270 781 1312 non
808 1251 1061 1309 claudere
1094 1248 1282 1305 oculos
1312 1264 1325 1300 :
1354 1257 1576 1300 rursum
1598 1242 1901 1311 interroga—

312 1367 400 1409 res
423 1393 442 1420 ,
475 1351 655 1422 Ipsum
684 1344 935 1403 claudere
968 1350 1022 1397 et
1060 1354 1166 1395 non
1199 1335 1452 1393 claudere
1484 1332 1670 1388 unde?
1712 1344 1906 1400 meque

310 1443 693 1515 respondente,
714 1440 755 1494 A
774 1435 931 1491 nobis
950 1433 1081 1504 ipsis
1098 1438 1157 1488 et
1177 1444 1206 1484 a
1231 1428 1508 1483 voluntate
1522 1431 1729 1515 nostra,
1744 1422 1903 1515 aliam

308 1510 495 1590 mustis
512 1544 728 1587 causam
749 1539 1038 1599 qumreres.
1062 1520 1253 1576 Malum
1270 1518 1467 1589 quippe
1486 1513 1617 1569 nihil
1636 1510 1778 1568 aliud
1798 1518 1900 1577 est,

309 1626 469 1696 quam
502 1637 609 1677 non
634 1617 854 1674 obedire
882 1615 1010 1669 Deo.
1039 1609 1342 1675 Undenam,
1370 1605 1600 1675 inquies,
1625 1601 1729 1657 hoc
1756 1601 1907 1696 inve:

309 1692 388 1771 nit
427 1713 625 1769 homo?
648 1710 784 1766 Num
810 1750 826 1777 ,
854 1719 1039 1777 quasso
1061 1745 1078 1772 ,
1106 1699 1327 1757 dit‘llcile
1349 1706 1465 1753 erat
1489 1696 1592 1751 hoc
1621 1692 1904 1749 inveniret

306 1805 423 1862 Non
452 1806 577 1859 dico
601 1818 700 1872 ego
727 1801 829 1855 hoc
851 1797 1069 1853 difficile
1094 1807 1243 1850 esse:
1264 1790 1358 1847 sed
1386 1787 1528 1845 unde
1551 1787 1799 1843 inductus
1819 1792 1905 1840 est

306 1908 363 1951 ut
392 1897 505 1951 Deo
532 1909 636 1949 nou
658 1885 1093 1960 obtemperaret?
1123 1884 1205 1941 Ex
1234 1881 1465 1954 ignavia.
1495 1878 1628 1934 Nam
1655 1891 1781 1932 cum
1806 1890 1903 1946 pe-

312 2002 408 2043 nes
438 1987 591 2041 illum
618 1992 764 2040 esset
792 1981 859 2035 ad
902 1976 1212 2034 ntrmnlibet
1237 1972 1507 2029 declinare
1528 2010 1546 2037 ,
1575 1969 1643 2024 ad
1674 1968 1777 2022 hoc
1799 1965 1902 2022 de-

302 2080 547 2134 clinavit.
573 2075 630 2133 Si
653 2084 831 2129 autem
853 2082 1052 2138 anceps
1074 2067 1251 2123 adhuc
1276 2064 1359 2118 his
1377 2060 1574 2117 auditis
1597 2061 1653 2115 in
1673 2057 1901 2128 caligine

304 2169 539 2227 versaris
559 2207 579 2236 ,
606 2180 708 2237 ego
738 2164 830 2219 tibi
858 2160 1209 2233 quaestionem
1243 2167 1537 2225 proponam
1568 2165 1676 2207 non
1701 2148 1898 2206 difﬁci-

304 2260 408 2314 lem
428 2271 533 2314 nec
553 2256 899 2326 implicatam,
918 2251 1015 2306 sed
1035 2247 1332 2318 simplicem
1347 2254 1403 2300 et
1416 2244 1638 2299 claram.
1660 2239 1900 2296 Fuistine

300 2346 591 2422 aliquando
628 2345 839 2403 malus?
879 2341 1097 2397 fuistine
1125 2335 1412 2409 aliquando
1451 2332 1663 2390 bonus?
1690 2331 1747 2387 ld
1774 2339 1896 2398 est,

301 2458 428 2498 num
459 2441 643 2511 aliquo
667 2437 800 2493 vitio
823 2435 1067 2506 superior
1092 2432 1263 2497 luisti,
1291 2439 1346 2486 et
1373 2438 1557 2499 postea
1582 2428 1652 2483 ab
1680 2426 1775 2481 illo
1802 2440 1897 2481 ca-

303 2544 422 2604 ptus
455 2530 558 2589 ea?
587 2527 819 2587 incidisti
844 2527 898 2583 in
923 2526 1260 2589 ebrietatem,
1288 2531 1343 2579 et
1374 2529 1554 2591 postea
1582 2520 1896 2575 hoc-vitium

298 2621 591 2693 depulisti?
613 2622 780 2677 iratus
802 2633 883 2684 es,
908 2624 966 2674 et
989 2623 1173 2687 postea
1203 2612 1359 2668 irasci
1385 2612 1588 2667 desiisti
1609 2626 1626 2677 ;
1648 2610 1897 2680 despexi-

298 2713 366 2769 sti
388 2726 704 2783 pnuperem,
722 2718 776 2765 et
797 2716 979 2779 postea
1000 2702 1196 2762 secus?
1219 2703 1510 2758 fornicatus
1528 2716 1611 2769 es,
1632 2712 1688 2756 et
1708 2712 1894 2771 postea

296 2805 587 2857 continens
616 2800 799 2855 fuisti?
838 2797 992 2855 Unde
1015 2837 1031 2863 ,
1063 2809 1246 2866 qumso
1265 2834 1283 2861 ,
1316 2794 1432 2849 lure
1458 2792 1678 2848 omnia?
1708 2790 1895 2847 unde?

297 2892 353 2949 Si
391 2904 452 2948 tu
492 2891 722 2946 tacueris
746 2930 763 2955 ,
799 2903 903 2959 ego
937 2887 1134 2943 dicam.
1165 2885 1299 2956 Quia
1325 2898 1450 2940 cum
1479 2883 1658 2940 studio
1684 2892 1740 2940 et
1774 2882 1896 2939 diti-

296 2987 476 3055 geutia
509 2986 560 3040 id
586 2991 812 3038 conatus
834 2996 925 3046 es;
957 2989 1139 3051 postea
1163 2991 1293 3043 vero
1320 2976 1526 3032 solutus
1554 2977 1607 3032 in
1631 2976 1890 3032 desidiam

295 3078 565 3131 decidisti.
610 3074 741 3134 Nam
772 3071 1068 3142 desperatis
1109 3069 1213 3124 illis
1235 3110 1252 3135 ,
1279 3068 1372 3139 qui
1416 3081 1477 3123 se
1507 3068 1602 3122 toti
1641 3067 1893 3137 nequitia:

295 3167 662 3228 dediderunt,
701 3164 791 3234 qui
823 3163 941 3218 sine
981 3174 1144 3215 sensu
1172 3173 1236 3214 ac
1264 3156 1450 3213 furiosi
1481 3166 1645 3223 sunt,
1688 3157 1777 3227 qui
1823 3172 1892 3212 ne

294 3260 482 3314 audire
512 3255 727 3327 quidem
756 3254 939 3308 volunt
968 3266 1034 3308 ea
1058 3265 1178 3322 qua
1205 3249 1274 3305 ad
1302 3247 1732 3305 emendationem
1761 3262 1887 3318 8pc-

292 3359 465 3408 ctant.
494 3350 559 3402 iis
586 3356 733 3402 certe
762 3344 982 3401 minime
1009 3342 1078 3399 de
1102 3338 1435 3412 philosophia
1464 3339 1682 3409 loquar;
1711 3338 1773 3392 iis
1801 3352 1893 3393 ve-

295 3460 355 3497 m
379 3483 397 3508 ,
440 3442 531 3511 qui
572 3439 731 3494 modo
766 3439 869 3493 hoc
892 3478 910 3504 ,
951 3436 1112 3491 modo
1147 3432 1278 3489 illud
1315 3438 1591 3486 sectantur
1612 3469 1628 3495 ,
1662 3428 1890 3484 libenter

294 3534 459 3587 verba
489 3531 705 3586 faciam:
735 3526 1035 3600 Aliquando
1060 3525 1277 3595 rapuisti
1304 3537 1424 3593 qua:
1453 3521 1519 3576 ad
1551 3529 1603 3576 te
1631 3537 1736 3574 non
1766 3535 1887 3589 pcr-

293 3606 572 3689 tinebant;
612 3620 805 3678 deinde
847 3634 974 3675 vero
1021 3614 1387 3673 misericordia
1428 3622 1604 3668 motus
1631 3613 1699 3668 de
1732 3612 1887 3670 bonis

292 3716 400 3770 tuis
425 3726 599 3784 egeno
625 3712 844 3782 largitus
871 3725 952 3764 es.
991 3706 1142 3764 Unde
1181 3705 1297 3761 lucc
1323 3704 1581 3759 mutatio‘l
1608 3718 1786 3758 annou
1819 3702 1885 3756 li-

290 3806 514 3874 quidum
541 3815 618 3859 est
647 3818 712 3858 ex
742 3802 1012 3855 voluntate
1034 3813 1099 3853 ac
1124 3797 1291 3853 libero
1314 3795 1542 3852 arbitrio
1566 3794 1720 3851 esse?
1751 3792 1884 3849 Illud

288 3907 497 3953 eertum
524 3904 607 3950 est
627 3934 641 3958 ,
674 3908 735 3947 ac
761 3907 918 3947 nemo
947 3890 1240 3960 negaverit.

362 3985 511 4040 Mula
549 4002 612 4040 ea:
648 3983 848 4054 ignavia
878 3983 1165 4051 prodeunt,
1193 3987 1240 4033 et
1276 3993 1388 4032 vere
1423 3994 1455 4029 a
1482 3976 1625 4031 nobis
1648 3986 1785 4030 sunt.
1812 4002 1883 4015 —-

294 4064 421 4133 ideo
452 4076 677 4129 obsecro
702 4082 759 4128 ut
784 4071 963 4126 virtuti
991 4070 1272 4133 smdeatis,
1296 4077 1351 4123 et
1380 4067 1512 4121 nihil
1542 4076 1722 4136 postea
1748 4082 1884 4135 Opus

288 4174 395 4226 erit
442 4167 743 4236 hujusmodi
794 4163 1196 4234 qumstionibus.
1248 4160 1379 4215 Mala
1426 4162 1569 4215 enim
1597 4199 1615 4227 ,
1668 4161 1882 4214 nomina

293 4272 501 4317 tantum
527 4270 703 4322 erum,
736 4258 779 4311 si
811 4257 1055 4311 velimus.
1078 4252 1156 4310 Ne
1187 4253 1348 4324 igitur
1370 4266 1581 4323 quairas
1608 4254 1748 4306 unde
1772 4267 1885 4307 ma-

291 4353 364 4413 la.
391 4365 569 4421 neque
595 4353 645 4404 in
672 4348 1096 4403 dubio-veneris
1120 4362 1135 4401 :
1157 4346 1251 4400 sed
1283 4356 1559 4415 postquam
1582 4344 1883 4412 deprehen-

288 4444 417 4498 disti
449 4459 511 4498 ea
541 4457 603 4498 ex
635 4442 839 4511 ignavia
866 4437 1038 4494 solum
1070 4437 1307 4510 prodire,
1338 4436 1457 4506 fuge
1490 4436 1650 4491 mala.
1683 4435 1738 4491 Si
1764 4437 1883 4505 quis

289 4533 488 4589 dixerit
518 4546 579 4586 ea
612 4548 716 4586 non
744 4547 771 4583 ιι
804 4530 958 4585 nobis
986 4544 1107 4585 esse
1127 4570 1141 4593 ,
1173 4544 1295 4584 cum
1326 4528 1523 4582 videris
1548 4528 1697 4582 illum
1728 4542 1884 4582 servo

298 4630 517 4689 iratum,
548 4625 600 4679 iu
629 4640 847 4679 uxorem
876 4632 1267 4693 exasperatum,
1300 4621 1465 4676 lilium
1486 4622 1882 4686 criminantem,

292 4721 543 4787 injuriam
586 4718 877 4773 inferentes
918 4717 1259 4771 damnantem
1288 4756 1302 4779 ,
1345 4715 1429 4770 dic
1457 4714 1533 4769 illi
1566 4732 1578 4771 :
1608 4713 1717 4769 Cur
1755 4728 1884 4785 ergo

290 4811 532 4875 dicebas,
562 4811 698 4863 mala
731 4823 836 4862 non
876 4824 903 4860 a
938 4806 1091 4863 nobis
1119 4806 1279 4862 esse?
1300 4803 1433 4860 Nam
1462 4806 1505 4859 si
1539 4819 1642 4859 non
1674 4820 1702 4857 a
1734 4804 1885 4860 nobis

292 4910 439 4967 sunt,
460 4916 558 4958 cur
583 4901 794 4955 incusas
816 4899 991 4954 alios?
1020 4899 1110 4953 Dic
1134 4898 1207 4951 illi
1234 4898 1425 4953 iterum
1453 4914 1465 4948 :
1492 4895 1625 4951 Num
1652 4911 1683 4950 a
1714 4896 1886 4965 teipso

291 4995 531 5050 convicia
552 5003 605 5049 et
626 4993 977 5047 contumelias
1004 4990 1205 5045 infers?
1231 4989 1286 5043 Si
1316 5004 1421 5043 non
1447 5004 1478 5042 a
1505 4988 1697 5057 teipse,
1727 5002 1884 5042 nemo

294 5089 385 5141 tibi
419 5088 713 5153 irascitur;
746 5088 789 5139 si
817 5102 847 5140 a
875 5086 1065 5154 teipse,
1087 5098 1217 5154 ergo
1242 5098 1272 5137 a
1304 5092 1355 5137 te
1383 5092 1435 5136 et
1466 5082 1533 5135 ab
1558 5082 1765 5151 ignavia
1797 5090 1883 5134 tua

294 5178 430 5233 mala
461 5178 730 5233 oriuntur.
759 5177 895 5243 Quid
926 5176 1122 5245 porro?
1155 5184 1381 5243 putasne
1406 5173 1612 5243 aliquos
1644 5187 1765 5227 esse
1792 5173 1886 5226 ho-

295 5270 432 5326 nos?
461 5268 593 5324 Nam
626 5270 668 5322 si
697 5283 856 5323 nemo
886 5267 1075 5332 bonus,
1110 5265 1253 5321 unde
1285 5266 1377 5321 tibi
1406 5264 1507 5320 hoc
1534 5265 1761 5319 nomen?
1791 5282 1887 5319 un-

294 5362 362 5417 de
400 5360 624 5415 laudes?
661 5360 756 5415 Sin
786 5367 964 5413 autem
1010 5372 1135 5414 vere
1172 5368 1295 5413 sunt
1336 5358 1459 5412 boni
1484 5356 1887 5426 ,proculdubio

294 5454 465 5509 malos
508 5453 878 5523 increpabttnt.
910 5451 1015 5507 Sed
1045 5451 1088 5505 si
1120 5451 1297 5505 nullus
1324 5460 1515 5518 sponte
1545 5463 1639 5503 sua
1670 5449 1740 5502 sit
1768 5462 1882 5502 ma-

298 5544 393 5603 lus.
427 5560 603 5613 neque
626 5560 655 5599 a
687 5546 867 5613 seipso
896 5544 1018 5597 talis
1048 5544 1137 5607 sit,
1170 5542 1367 5613 injuste
1392 5550 1538 5595 certe
1564 5540 1687 5594 boni
1716 5537 1885 5591 malos

299 5636 648 5707 int-repalmnt
675 5678 690 5699 ,
724 5645 777 5691 et
820 5635 918 5692 hac
944 5634 1013 5689 de
1044 5649 1202 5689 causa
1238 5634 1335 5703 ipsi
1377 5633 1501 5687 ntali
1539 5642 1717 5687 erunt.
1749 5630 1884 5697 Quid

298 5730 435 5783 enim
479 5728 731 5796 injustius
774 5726 867 5781 illo
903 5728 991 5797 qui
1034 5726 1302 5779 innocenti
1352 5725 1574 5779 crimina
1620 5723 1886 5777 intentat?

300 5823 445 5885 Quod
475 5823 517 5876 si
550 5821 712 5875 etiam
746 5822 1080 5888 increpantes
1112 5819 1235 5873 boni
1266 5829 1409 5885 sunt,
1445 5829 1498 5873 et
1525 5817 1627 5873 hoc
1658 5816 1885 5872 maxime

1343 408 1408 465 IN
1451 400 1864 461 ΜΛΤΤΙΙᾸΞΠΗ
1892 401 2123 458 ΙΙΟΜΙῙ..
2168 401 2305 458 LIX.
2350 403 2420 457 al.
2466 403 2576 459 LX.

3517 402 3620 459 578

2016 515 2229 571 illorum
2269 516 2548 585 probitatis
2590 524 2962 585 argumentum
3001 523 3081 570 est
3114 517 3275 569 etiam
3306 512 3446 585 apud
3481 516 3613 567 illai-

2015 607 2224 679 pientcs
2243 647 2259 672 ,
2294 606 2418 663 hinc
2444 608 2784 664 manifestum
2810 617 2895 663 est
2918 652 2933 673 ,
2964 608 3234 664 neminem
3266 622 3518 677 umquam
3550 623 3614 659 ev

2014 698 2335 752 necessitate
2363 698 2526 753 fuisse
2552 699 2771 754 malum.
2800 698 2855 755 Si
2883 709 3003 769 post
3030 698 3147 754 haec
3171 699 3351 754 omnia
3379 696 3609 769 quatias,

2016 786 2293 842 Undenam
2324 788 2501 843 mala?
2525 804 2589 845 ex
2621 790 2831 859 ignavia
2861 789 3036 844 dicam
3058 830 3074 854 ,
3101 804 3167 844 ex
3198 788 3437 857 desidia,
3468 790 3614 860 quod

2010 891 2132 931 cum
2178 878 2333 934 malis
2375 893 2692 946 versemur,
2724 880 2867 951 quod
2910 879 3164 936 virtutem
3208 880 3615 951 despiciamus;

2013 965 2139 1022 hinc
2172 968 2312 1022 mala
2339 1009 2355 1036 ,
2392 968 2501 1024 imo
2535 969 2697 1025 etiam
2736 970 2880 1040 quod
2924 979 3170 1041 quaarant
3210 970 3427 1041 quidam
3473 971 3616 1027 unde

2012 1060 2150 1115 mala
2171 1062 2299 1117 sint.
2326 1060 2497 1118 Nemo
2519 1063 2666 1119 enim
2692 1071 2841 1118 recte
2861 1063 3180 1130 viventium,
3202 1078 3500 1133 eorumque
3524 1064 3616 1133 qui

2012 1149 2254 1208 modeste
2279 1159 2335 1209 et
2367 1152 2710 1208 continenter
2735 1154 2897 1208 vitam
2928 1166 3089 1224 agere
3119 1154 3485 1220 instituerunt,
3511 1153 3604 1209 bn-

2017 1241 2263 1314 jusmodi
2280 1243 2839 1314 qumstionesmovet;
2863 1243 2957 1298 sed
2975 1242 3069 1312 qui
3098 1241 3283 1309 iniqua
3302 1242 3525 1301 audent,
3556 1245 3613 1289 et

2022 1334 2438 1390 excusationem
2499 1334 2797 1403 quamdam
2811 1345 3277 1404 supervacaneam
3297 1330 3379 1385 sic
3391 1327 3611 1398 excogi-

2020 1433 2139 1481 tare
2152 1423 2369 1492 volunt,
2381 1439 2708 1480 aranearum
2727 1424 2865 1480 telas
2882 1431 3097 1479 texunt.
3121 1420 3227 1475 Sed
3244 1434 3344 1475 nos
3360 1418 3484 1473 illas
3498 1432 3613 1473 non

2012 1512 2192 1567 verbis
2218 1513 2400 1580 modo,
2422 1513 2519 1568 sed
2547 1513 2801 1584 operibus
2825 1513 3214 1583 dirumpamus.
3242 1512 3359 1568 Non
3383 1513 3529 1571 enim
3552 1528 3617 1567 ex

2012 1602 2334 1658 necessitate
2358 1613 2483 1659 sunt
2524 1605 2696 1659 istaec.
2730 1603 2863 1658 Nam
2895 1604 2940 1658 si
2970 1620 3034 1658 ex
3068 1603 3386 1660 necessitate
3413 1612 3616 1667 essent,

2012 1709 2119 1748 non
2146 1693 2369 1750 dixisset
2392 1692 2640 1751 Christus
2670 1712 2685 1751 :
2722 1694 2811 1749 γω
2840 1695 3034 1749 homini
3061 1695 3140 1749 illi
3170 1712 3261 1765 per
3284 1711 3435 1767 quem
3463 1711 3586 1749 scan
3607 1724 3618 1735 -

2009 1786 2185 1840 delum
2212 1787 2363 1841 venit.
2393 1786 2516 1841 Illos
2543 1786 2745 1857 quippe
2770 1786 2946 1843 solum
2974 1786 3204 1841 miseros
3232 1786 3504 1855 pra-dicat,
3526 1788 3619 1858 qui

2008 1892 2080 1932 ex
2111 1878 2253 1933 malo
2288 1880 2563 1949 proposito
2587 1887 2769 1949 agunt.
2801 1878 2858 1935 Si
2891 1894 3019 1934 vero
3047 1878 3211 1947 dicat,
3237 1877 3338 1935 Per
3355 1896 3526 1950 quem,
3552 1893 3619 1936 ne

2009 1968 2242 2023 mireris.
2289 1968 2405 2025 Non
2443 1970 2589 2026 enim
2629 1979 2903 2041 tamquam
2943 1970 3049 2025 alio
3093 1985 3189 2039 per
3218 1970 3393 2041 ipsum
3422 1982 3617 2041 agente

2009 2060 2112 2115 hoc
2156 2060 2328 2128 dicit,
2373 2061 2469 2117 sed
2514 2070 2786 2132 tamquam
2830 2061 2948 2132 ipse
2992 2070 3159 2117 totum
3202 2060 3422 2117 efficiat.
3465 2060 3618 2119 Solet

2006 2150 2204 2221 quippe
2229 2152 2503 2221 Scriptura
2528 2151 2635 2207 Per
2656 2168 2803 2223 quem
2824 2152 3024 2215 dicere,
3050 2161 3109 2206 ut
3129 2152 3169 2206 A
3192 2166 3301 2222 quo
3319 2152 3613 2223 signiticet;

2006 2252 2067 2296 ut
2079 2243 2296 2313 quando
2314 2243 2442 2300 dicit
2460 2258 2473 2295 :
2492 2242 2707 2298 Possedi
2724 2244 2975 2299 hominem
2996 2260 3087 2315 per
3101 2242 3266 2299 Deum
3283 2242 3438 2314 (Gen.
3458 2244 3515 2299 ι.
3533 2244 3614 2315 l);

2006 2350 2113 2389 non
2142 2337 2433 2392 secundam
2458 2375 2475 2403 ,
2509 2335 2605 2393 sed
2636 2338 2861 2407 primam
2890 2350 3107 2392 causam
3137 2350 3365 2407 ponens.
3395 2334 3463 2391 Et
3491 2352 3610 2391 rur-

2005 2440 2118 2490 sus,
2149 2424 2337 2481 Nonne
2364 2444 2455 2497 per
2482 2426 2648 2482 Deum
2676 2427 3023 2498 manifestatio
3044 2443 3217 2482 eorum
3240 2437 3315 2483 est
3342 2426 3495 2499 (Gen.
3519 2428 3609 2484 ω.

2003 2517 2061 2585 8)
2076 2519 2102 2570 ?
2128 2516 2214 2585 Et,
2246 2516 2445 2573 Fidelis
2476 2516 2613 2573 Dm
2633 2558 2647 2581 ,
2678 2534 2770 2589 per
2792 2534 2941 2589 quem
2963 2520 3128 2574 vocati
3153 2520 3272 2575 catis
3296 2521 3351 2575 in
3380 2535 3610 2575 commu-

2004 2611 2306 2687 nicationem
2330 2608 2455 2664 Filii
2482 2611 2565 2664 sui
2604 2611 2688 2681 (ί.
2723 2610 2841 2665 Cor.
2871 2614 2923 2667 Ι.
2952 2610 3034 2675 9).

2075 2702 2130 2755 ι.
2173 2700 2319 2756 Mala
2355 2719 2458 2757 non
2497 2720 2561 2758 ex
2595 2704 2891 2759 necessitate
2928 2713 3066 2759 sunt.
3093 2733 3163 2744 —
3190 2702 3260 2760 Ut
3286 2713 3467 2761 autem
3510 2706 3609 2761 di-

2003 2804 2124 2845 scas
2163 2805 2269 2847 non
2299 2802 2364 2847 ex
2402 2794 2725 2849 necessitate
2754 2793 2892 2848 mala
2921 2806 3076 2859 esse,
3107 2793 3230 2848 audi
3261 2808 3325 2850 ea
3365 2811 3487 2866 qua:
3516 2810 3604 2851 se-

1999 2892 2256 2951 quuntur.
2304 2881 2439 2937 Nam
2484 2892 2763 2954 postquam
2810 2884 2931 2939 illos
2978 2885 3205 2939 miseros
3242 2884 3492 2951 dixerat,
3536 2890 3609 2944 ita

2001 2974 2174 3046 pergit
2203 2992 2217 3029 :
2250 2976 2305 3031 8.
2349 2975 2411 3032 Si
2451 2993 2633 3029 manus
2660 2984 2750 3030 tua
2786 2976 2861 3030 vel
2902 2993 2991 3045 pes
3026 2986 3143 3029 tam
3168 2976 3485 3032 scandalizat
3520 2990 3567 3034 te
3590 3022 3608 3046 ,

1998 3066 2239 3119 abscinde
2266 3082 2325 3120 ea
2349 3106 2365 3130 ,
2393 3076 2441 3120 et
2477 3067 2671 3139 projice
2698 3067 2788 3121 abs
2816 3077 2885 3121 te.
2917 3066 3118 3122 Bonum
3153 3069 3287 3122 enim
3330 3069 3420 3123 tibi
3447 3082 3523 3125 est
3555 3075 3607 3126 in

1998 3156 2154 3210 vitam
2178 3158 2374 3227 ingredi
2402 3158 2613 3211 debilem
2636 3158 2712 3212 vel
2737 3158 2999 3224 claudunt,
3026 3174 3180 3229 quam
3201 3159 3331 3214 duos
3353 3160 3507 3230 pedes
3528 3164 3610 3216 rel

1996 3247 2127 3302 ditas
2156 3264 2335 3301 manus
2361 3248 2624 3303 habentem
2651 3250 2780 3302 mitti
2805 3249 2858 3303 in
2888 3250 3057 3320 ignem
3082 3261 3351 3305 attentum.
3380 3250 3434 3307 9.
3464 3250 3533 3307 Et
3560 3256 3605 3307 si

1996 3332 2174 3391 oculis
2199 3346 2315 3391 tuus
2342 3338 2517 3391 dexter
2544 3339 2860 3394 scandalizat
2897 3348 2975 3407 te,
3003 3356 3122 3396 erue
3146 3357 3259 3396 eum
3278 3382 3295 3407 ,
3330 3352 3377 3397 et
3408 3346 3604 3416 projire

1995 3428 2087 3482 abs
2111 3437 2161 3481 te
2180 3430 2226 3484 ’.
2253 3426 2452 3483 Bonam
2472 3429 2561 3483 tibi
2588 3440 2662 3484 est
2686 3445 2804 3483 cum
2830 3446 2933 3485 uno
2956 3430 3104 3485 oculo
3128 3432 3182 3485 in
3206 3432 3359 3486 vitam
3387 3433 3600 3501 intrare,

1994 3535 2147 3589 quani
2185 3519 2314 3573 duos
2348 3518 2525 3575 oculos
2568 3520 2831 3575 habentem
2868 3522 3000 3575 mitti
3047 3523 3101 3575 in
3149 3525 3406 3578 caminum
3446 3525 3600 3596 ignis.

1994 3608 2111 3665 Non
2138 3610 2205 3665 de
2236 3610 2493 3667 membris
2518 3612 2634 3668 haec
2654 3612 2783 3668 dicit
2813 3633 2828 3669 :
2854 3612 3034 3680 absit;
3063 3613 3157 3669 sed
3181 3615 3251 3670 de
3278 3617 3500 3683 amicis,
3532 3619 3603 3673 du

1996 3700 2308 3771 propinquis
2330 3742 2348 3768 ,
2386 3717 2523 3772 quos
2558 3702 2711 3772 quasi
2753 3702 2872 3761 vice
2908 3703 3273 3759 membrorum
3317 3704 3597 3762 habemus.

1993 3792 2110 3848 Hoc
2138 3794 2299 3848 etiam
2327 3809 2487 3864 supra
2515 3795 2668 3860 dixit,
2701 3804 2757 3851 et
2781 3810 2925 3851 nunc
2951 3796 3103 3851 dicit.
3134 3796 3275 3852 Nihil
3302 3798 3499 3870 quippe
3528 3803 3598 3856 ita

1993 3885 2241 3949 noxium,
2270 3894 2329 3940 ut
2356 3886 2694 3941 consuetudo
2724 3902 3031 3957 pravorum.
3057 3887 3190 3944 Nam
3219 3905 3339 3961 qua:
3366 3896 3601 3949 necessi-

1994 3987 2077 4033 tas
2098 3993 2202 4035 non
2230 3987 2425 4048 potest,
2448 3993 2593 4049 saepe
2613 3980 2847 4035 amicitia
2870 3991 3067 4051 potest,
3094 3992 3203 4039 tum
3226 3984 3292 4039 ad
3313 3984 3593 4056 damnum,

1996 4079 2105 4125 tum
2136 4071 2202 4125 ad
2235 4072 2538 4127 utilitatem.
2571 4073 2804 4144 Ideoque
2830 4089 2925 4131 eos
2951 4076 3042 4146 qui
3070 4076 3225 4134 nobis
3254 4080 3398 4134 noxii
3430 4092 3555 4136 sunt
3583 4126 3596 4144 .

1993 4180 2115 4221 cum
2144 4167 2305 4220 multa
2335 4166 2673 4223 vehementia
2699 4168 3021 4224 abscindere
3037 4168 3209 4239 jubet,
3234 4170 3333 4226 hos
3357 4172 3595 4227 subimli—

1992 4272 2124 4313 cans
2148 4258 2238 4318 qui
2277 4259 2525 4313 scamlala
2556 4258 2800 4315 afferent.
2849 4260 3034 4317 Viden‘
3058 4263 3330 4333 quomodo
3361 4264 3598 4321 futurum

1994 4364 2059 4405 cx
2089 4350 2353 4405 scandatis
2380 4351 2633 4405 damnum
2661 4351 2895 4422 depellat
2914 4393 2931 4419 ,
2963 4352 3090 4408 dum
3122 4355 3400 4426 praedicit,
3427 4374 3595 4415 even-

1995 4450 2110 4495 tura
2141 4440 2226 4495 illa
2259 4456 2401 4504 esse,
2437 4451 2493 4497 ut
2519 4443 2786 4497 neminem
2819 4443 2871 4498 in
2902 4443 3105 4499 desidia
3130 4446 3411 4516 degentem
3441 4464 3584 4520 repe.

1994 4533 2154 4597 riaut,
2183 4531 2276 4586 sed
2308 4541 2683 4601 exspectantes
2709 4533 2794 4587 illa
2827 4534 3045 4605 vigilent
3068 4578 3086 4603 ,
3116 4538 3258 4608 quod
3287 4541 3587 4608 prmdixerit

1995 4622 2224 4677 maxima
2257 4622 2369 4677 fore
2407 4623 2585 4677 mala?
2624 4623 2739 4679 Non
2766 4626 2909 4679 enim
2950 4627 3267 4697 simpliciter
3300 4630 3468 4699 dixit,
3508 4630 3599 4684 Va.-

1993 4714 2185 4769 mundo
2210 4732 2243 4806 tt
2277 4716 2553 4781 scandulis,
2582 4717 2674 4773 sed
2702 4726 2983 4789 postquam
3008 4722 3317 4777 ostenderat
3342 4740 3592 4795 magnam

1994 4806 2207 4861 illorum
2228 4807 2539 4877 perniciem.
2560 4807 2694 4862 Cum
2716 4816 2895 4865 autem
2920 4812 3175 4867 miserum
3198 4815 3453 4884 prmdicat
3470 4834 3596 4871 cuin

1992 4898 2083 4967 qui
2128 4897 2381 4953 scandala
2426 4896 2627 4953 invehit
2650 4887 2879 4970 ,‘majus
2909 4901 3033 4957 hinc
3068 4902 3184 4959 fore
3213 4906 3595 4965 detrimentum

1993 4993 2249 5049 ostendit.
2279 4993 2411 5048 Nam
2443 5010 2565 5049 cum
2593 4996 2745 5063 dicit,
2784 4995 3137 5053 Verumtamen
3162 5014 3237 5053 νιε
3264 5000 3459 5055 homini
3484 5005 3591 5067 illi,

1995 5100 2247 5157 maguum
2279 5086 2475 5142 iudicat
2499 5089 2852 5159 supplicium;
2885 5105 3059 5159 neque
3086 5092 3135 5145 id
3164 5093 3502 5149 solummodo
3527 5096 3595 5151 fa-

1994 5179 2101 5242 cit,
2130 5178 2223 5234 sed
2251 5180 2481 5249 exempli
2510 5181 2876 5239 additamento
2904 5184 3153 5240 timorem
3182 5196 3361 5257 auget.
3395 5187 3597 5244 Deinde

1998 5271 2079 5326 his
2109 5287 2216 5326 nm
2246 5282 2549 5340 contentus,
2579 5274 2721 5329 viam
2749 5286 3033 5341 monstrat,
3062 5294 3166 5347 qua
3196 5279 3450 5335 scandala
3476 5297 3594 5351 pos-

1996 5365 2167 5419 simus
2192 5364 2445 5437 cli’ugere.
2477 5366 2733 5435 Quaenam
2764 5368 2849 5422 illa
2875 5368 2996 5423 est?
3032 5368 3311 5439 improbos
3334 5412 3350 5439 ,
3384 5373 3551 5444 inquit
3578 5416 3592 5442 ,

1996 5459 2239 5525 quamvis
2281 5459 2568 5513 admodum
2612 5460 2705 5515 tibi
2750 5462 2858 5515 sint
2898 5462 3089 5529 amici,
3121 5465 3191 5521 ab
3230 5466 3463 5521 amicitia
3510 5481 3594 5521 tua

2001 5549 2289 5616 abscinde;
2316 5551 2763 5623 ineluctabileque
2788 5553 2880 5611 tibi
2902 5554 3058 5610 all'ert
3080 5556 3440 5613 ratiocinium.
3464 5558 3595 5614 Nam

2068 5698 2085 5766 ξ
2112 5695 2168 5766 in
2198 5696 2359 5747 Editis
2385 5701 2536 5766 volgo
2562 5704 2747 5761 legitur
2770 5702 3035 5766 ignaviam.

2024 5822 2037 5832 γ’
2066 5759 2242 5835 illaec,
2276 5761 2542 5835 etpmjit‘c
2581 5759 2665 5815 obs
2709 5759 2908 5825 multa
2952 5768 3109 5816 codex
3152 5780 3278 5819 unus
3325 5772 3517 5829 tuetir,
3558 5772 3605 5817 in

2009 5822 2176 5871 l’lraeco
2198 5822 2469 5875 omisimus.
