4186 6538
562 417 664 471 5'19

555 543 600 596 si
623 539 777 595 amici
797 537 870 592 tui
892 542 1158 596 maneant,
1178 545 1349 597 uertite
1365 527 1482 582 illos
1497 524 1806 587 lncraheris,
1825 533 1876 577 et
1900 523 2124 590 teipsnm

558 633 765 702 perdes.
795 626 852 682 Si
880 624 1174 686 abscindas,
1207 621 1431 675 salutem
1461 625 1516 672 tu
1543 616 1731 673 saltem
1758 613 2120 683 consequeris.

554 719 929 790 Quamobrem,
957 715 1002 770 si
1027 711 1317 782 cujuspiam
1344 720 1394 764 te
1420 707 1647 762 amicitia
1671 702 1846 769 laedat,
1875 702 2124 758 exscinde

555 815 694 866 illntn
719 809 814 862 abs
841 819 911 862 te.
938 806 1066 861 Nam
1090 804 1133 858 si
1155 802 1390 856 membra
1416 807 1591 853 nostra
1615 793 1897 864 aliquando
1916 794 2124 849 abscin-

559 905 744 965 timus,
773 910 893 954 cum
923 893 1231 952 insanabilia
1261 899 1383 945 sunt
1409 899 1722 954 ceterisque
1748 883 2121 939 tnembrisno-

549 1003 690 1055 cent,
715 992 880 1046 multo
901 988 1068 1057 magis
1092 985 1289 1039 amicos
1316 993 1588 1037 removere
1611 986 1840 1046 oportet.
1867 973 1920 1030 Si
1945 986 2118 1028 autem

548 1099 614 1139 es
646 1093 828 1135 natura
858 1087 1036 1135 essent
1064 1077 1231 1140 mala,
1264 1072 1447 1128 inutile
1477 1071 1732 1124 monitum
1759 1078 1816 1121 et
1839 1064 2116 1121 consilium

546 1185 708 1238 esset,
733 1169 995 1242 superﬂua
1019 1167 1386 1238 prmdictorum
1409 1163 1582 1218 cautio
1603 1180 1615 1214 :
1634 1163 1676 1215 si
1704 1177 1807 1214 non
1829 1157 2114 1228 superﬂua,

547 1274 598 1317 ut
634 1277 754 1315 vere
780 1276 883 1315 non
909 1256 1170 1327 superﬂua
1197 1265 1297 1319 est,
1330 1253 1499 1322 palam
1524 1261 1605 1307 est
1629 1249 1915 1317 nequitiam
1936 1262 1999 1301 es
2025 1260 2117 1301 νει-ε

547 1356 744 1407 lttntate
774 1367 910 1406 esse.
943 1349 1026 1404 10.
1073 1346 1247 1400 Videte
1286 1361 1347 1398 ne
1378 1341 1704 1398 cuntenmatis
1746 1356 1901 1392 unum
1938 1352 2002 1390 ea:
2039 1335 2117 1389 his

547 1444 761 1512 pusillis.
794 1440 916 1495 Dico
944 1454 1074 1492 entm
1093 1436 1255 1500 vobis,
1284 1435 1400 1504 quia
1425 1432 1597 1502 angeli
1623 1445 1794 1484 eorum
1820 1443 2012 1495 semper
2039 1427 2113 1480 vi-

545 1539 661 1588 dent
687 1533 862 1605 {aciem
885 1529 1057 1584 Patris
1081 1528 1178 1582 mei
1195 1527 1279 1592 qui
1304 1527 1356 1578 in
1381 1524 1514 1576 ctelis
1536 1532 1627 1575 est.
1646 1520 1880 1574 'Pusillos
1904 1516 1988 1572 hic
2009 1532 2112 1570 non

543 1639 666 1679 vere
697 1615 883 1692 parvos
909 1630 1081 1682 vocat,
1108 1618 1198 1672 sed
1226 1631 1318 1669 eos
1342 1615 1428 1684 qui
1456 1614 1592 1683 apud
1622 1612 1814 1665 multos
1841 1609 1977 1664 tales
2003 1609 2115 1664 exi-

541 1718 858 1777 stimantur,
892 1725 1149 1782 pauperes
1176 1709 1329 1772 dico,
1361 1708 1521 1767 viles,
1557 1706 1789 1773 ignotus,
1825 1700 2113 1774 (quomodo

539 1805 680 1859 enim
728 1802 946 1874 pusillus
979 1800 1047 1854 sit
1085 1799 1171 1872 qui
1215 1807 1324 1852 toto
1365 1793 1562 1849 mundo
1601 1793 1806 1862 dignior
1838 1791 1958 1846 est?
1982 1805 2114 1860 quo-

541 1896 699 1951 modo
721 1895 938 1964 pusillus
959 1892 1045 1954 sit,
1068 1891 1155 1960 qui
1179 1898 1261 1944 est
1283 1889 1372 1943 Dei
1395 1885 1653 1953 amicus?)
1674 1884 1765 1938 sed
1787 1884 1864 1939 sic
1883 1884 2113 1952 appellat

539 2001 634 2038 eos
659 1986 744 2053 qui
784 1984 835 2036 in
867 1981 1006 2051 vulgi
1035 1979 1284 2046 Opinione
1315 1978 1447 2031 tales
1484 1984 1624 2030 sunt.
1666 1974 1847 2044 Neque
1874 1973 2013 2027 enim
2043 1974 2110 2027 tle

538 2077 716 2132 multis
748 2073 1004 2142 loquitur,
1036 2071 1128 2126 sed
1155 2079 1208 2126 et
1236 2071 1303 2124 de
1334 2084 1442 2122 uno
1469 2076 1703 2126 tantum;
1735 2065 1962 2133 indeque
1989 2079 2108 2117 rur-

538 2182 629 2221 sus
655 2167 883 2221 excludit
921 2163 1288 2218 scandalorutn
1330 2161 1552 2229 plurium
1591 2165 1991 2211 nocumenlum.
2043 2154 2108 2210 Ut

538 2257 678 2314 enim
708 2257 874 2310 malos
899 2256 1097 2324 fugere,
1127 2254 1200 2306 sic
1226 2253 1390 2305 bonos
1417 2250 1698 2312 honorare,
1728 2247 1931 2301 lucrum
1958 2247 2108 2300 alfert

539 2351 825 2410 maximum
854 2364 868 2399 :
901 2362 962 2401 ar.
987 2347 1175 2413 duplex
1221 2344 1342 2397 inde
1371 2342 1570 2396 utilitas
1601 2339 1888 2394 attendenti
1920 2352 2102 2408 prove-

534 2441 640 2502 nit;
673 2439 835 2491 altera
863 2451 926 2490 ex
957 2452 1019 2492 eo
1046 2435 1184 2505 quod
1211 2431 1677 2488 scandalizautium
1703 2430 1962 2484 amicitias
1989 2429 2105 2495 quis

536 2539 801 2584 tremerent
822 2544 836 2590 ;
861 2528 1022 2580 altera
1041 2541 1107 2579 ex
1131 2539 1192 2578 eo
1216 2523 1354 2594 quod
1378 2531 1589 2575 sanctos
1613 2519 1802 2572 habent
1829 2520 1877 2572 in
1904 2517 2108 2571 honore

535 2637 597 2675 ac
627 2621 938 2674 reverentia.
971 2617 1166 2670 Deinde
1190 2615 1290 2668 alia
1321 2613 1478 2667 etiam
1507 2612 1710 2666 ratione
1741 2610 1858 2663 illos
1885 2622 2106 2662 venera-

536 2714 670 2766 biles
697 2710 887 2771 reddit,
915 2709 1099 2763 dicens
1123 2725 1136 2759 :
1169 2705 1300 2770 Quia
1327 2703 1494 2773 angeli
1521 2718 1691 2755 eorum
1719 2715 1916 2767 semper
1939 2699 2105 2751 vident

533 2787 713 2873 partem
751 2797 920 2854 Patris
960 2797 1056 2851 mei
1090 2797 1174 2861 qui
1204 2805 1276 2848 est
1315 2795 1366 2846 iu
1404 2793 1559 2845 culis.
1605 2791 1740 2844 llinc
1770 2787 2102 2842 manifestum

530 2904 610 2947 est
637 2935 654 2955 ,
701 2899 912 2945 sanctos
954 2901 1139 2941 omnes
1179 2885 1246 2940 ibi
1290 2885 1504 2952 angelos
1553 2883 1767 2935 habere.
1815 2878 2103 2950 Apostolus

530 2982 672 3035 enim
699 2978 771 3033 ait
793 2977 860 3033 de
885 2976 1123 3036 muliere,
1151 2983 1398 3041 oportere
1422 2985 1538 3026 eam
1565 2977 1874 3038 potestatem
1895 3008 1909 3029 ,
1937 2966 1990 3022 id
2022 2974 2100 3020 est

530 3069 788 3130 velamen,
818 3080 982 3134 super
1007 3071 1160 3131 caput
1189 3062 1383 3115 habere
1406 3067 1618 3129 propter
1639 3056 1855 3127 angelos
1875 3057 1920 3126 (l
1937 3095 1950 3109 .
1978 3056 2098 3109 Cor.

532 3159 620 3212 ll.
643 3156 730 3226 10)
753 3172 769 3220 ;
792 3162 846 3209 et
866 3153 1072 3224 Moyses
1093 3170 1105 3204 :
1128 3151 1314 3205 Statuit
1337 3149 1570 3202 terminos
1591 3149 1811 3216 gentium
1829 3146 2100 3200 secundum

530 3263 793 3303 numerum
815 3247 1106 3316 angelorum
1139 3243 1231 3296 Dei
1260 3241 1444 3311 (Deut.
1473 3241 1560 3294 32.
1594 3238 1687 3310 8).
1718 3239 1814 3293 llic
1843 3252 1969 3292 vero
1994 3251 2098 3292 non

526 3340 596 3394 de
625 3336 828 3407 angelis
858 3343 1058 3389 tantum
1087 3332 1334 3403 loquitur,
1367 3329 1459 3386 sed
1485 3330 1553 3384 de
1576 3329 1778 3398 angelis
1803 3325 2098 3396 superemi-

527 3428 792 3484 nentibus.
820 3424 951 3481 Cum
973 3427 1153 3479 autem
1182 3422 1307 3476 dicit
1330 3461 1346 3486 ,
1381 3419 1582 3474 Faciem
1613 3418 1784 3471 Patris
1811 3417 1906 3470 mei
1922 3457 1936 3478 ,
1969 3415 2097 3471 nihil

524 3517 666 3572 aliud
699 3531 858 3587 quam
888 3514 1141 3582 majorem
1174 3512 1415 3591 liduciam
1442 3520 1496 3566 et
1526 3509 1822 3563 libertatem
1848 3506 1974 3562 dicit
2000 3549 2015 3573 ,
2044 3517 2096 3562 et

526 3610 746 3664 multum
773 3607 1050 3665 honorem.
1097 3605 1182 3659 ll.
1227 3601 1367 3656 Venit
1394 3602 1525 3655 enim
1558 3599 1602 3653 F
1604 3598 1723 3652 ilius
1749 3598 1964 3652 frontiuis
1990 3599 2096 3652 sal-

522 3719 636 3758 vum
662 3702 826 3772 facere
848 3699 983 3771 quod
1013 3697 1245 3767 perierat.
1292 3693 1446 3749 Aliud
1486 3707 1666 3747 rursus
1694 3689 1849 3744 allert
1877 3690 2093 3744 ratioci-

523 3795 667 3848 nitnn
691 3792 867 3861 priore
891 3789 1114 3851 firmius,
1142 3797 1195 3842 et
1217 3785 1518 3856 paraboiatn
1540 3783 1738 3850 adjicit,
1758 3797 1858 3850 qua
1887 3781 2094 3860 Patgem

522 3885 720 3939 indm-it
763 3883 875 3940 lure
913 3879 1209 3934 volentem)
1242 3878 1326 3932 lt.
1365 3875 1501 3942 Quid
1527 3875 1658 3929 enim
1692 3874 1827 3926 vobis
1860 3873 2054 3926 videtur
2076 3915 2091 3937 ,

522 3974 710 4043 inquit,
741 3971 786 4026 si
815 3970 1000 4043 fuerint
1021 3969 1173 4023 alicui
1201 3967 1390 4021 homini
1415 3973 1607 4019 centum
1632 3979 1764 4028 oves,
1792 3972 1838 4016 et
1857 3964 2095 4016 erraverit

521 4083 623 4118 una
665 4080 728 4122 ea:
765 4063 888 4134 ipsis
913 4102 926 4125 ,
957 4078 1122 4115 nonne
1163 4059 1444 4128 relinquens
1481 4055 1752 4125 nonaginta
1782 4061 1992 4120 novent,
2027 4054 2097 4107 ad

519 4165 709 4209 ntontrs
749 4155 999 4224 profectus
1037 4151 1214 4221 quierit
1252 4147 1542 4202 errantem?
1565 4147 1650 4201 l5.
1681 4145 1745 4199 Et
1771 4145 1814 4198 si
1836 4146 2095 4215 contigerit

519 4258 577 4298 ut
610 4245 828 4298 inveniat
856 4259 966 4297 eam
989 4247 1014 4306 ,ί
1034 4241 1216 4313 gaudet
1244 4256 1392 4306 super
1429 4254 1490 4290 ea
1522 4236 1713 4306 magis,
1754 4252 1905 4306 quam
1945 4251 2096 4304 super

521 4335 795 4405 num-ginta
819 4348 990 4386 nonem
1012 4372 1028 4396 ,
1057 4345 1171 4401 qua
1193 4345 1293 4381 non
1318 4335 1627 4381 erraverunt.
1670 4326 1756 4380 14.
1791 4324 1876 4378 Ita
1898 4342 1996 4379 non
2021 4334 2095 4378 est

517 4428 745 4479 voltmtas
765 4439 932 4478 coram
956 4420 1109 4475 Patre
1129 4429 1290 4474 uestro
1307 4419 1344 4482 ¹,
1372 4427 1426 4470 ut
1451 4426 1617 4486 pereat
1640 4433 1766 4470 unus
1786 4416 1850 4470 de
1872 4417 2093 4487 parvulis

520 4518 644 4570 istis.
678 4515 860 4579 Viden‘
885 4523 1010 4583 quot
1035 4511 1207 4566 modis
1235 4524 1331 4563 nos
1356 4509 1565 4563 inducat
1591 4508 1657 4562 ad
1679 4523 1859 4563 curam
1886 4509 1966 4562 vel
1992 4510 2094 4563 mi-

521 4608 784 4661 n'nnorutn
807 4602 1062 4657 fratrum?
1081 4600 1155 4656 Ne
1179 4601 1352 4668 itaque
1372 4597 1590 4663 dixeris,
1615 4595 1859 4651 Erarius
1874 4605 1954 4651 est
1978 4596 2090 4663 ille,

517 4706 611 4749 aut
638 4695 937 4748 calceorum
966 4688 1132 4754 sutor,
1163 4689 1427 4759 agricola,
1458 4687 1734 4757 insipiens,
1767 4695 1822 4741 ut
1850 4687 1969 4742 ideo
1995 4686 2093 4742 de-

521 4785 715 4854 Spieias
741 4783 906 4838 illum.
932 4781 1009 4836 Ne
1028 4781 1166 4835 enim
1195 4780 1247 4833 in
1275 4779 1402 4834 illud
1431 4779 1552 4832 ntali
1582 4778 1802 4842 incidas,
1828 4778 2094 4847 perpende

521 4883 654 4945 quot
681 4873 850 4928 modis
881 4883 930 4926 te
957 4872 1186 4933 inducat,
1217 4881 1274 4923 ut
1302 4870 1538 4924 modeste
1563 4884 1690 4940 agas
1711 4880 1764 4924 et
1789 4885 1972 4924 eorum
2001 4885 2096 4926 cu-

519 4981 632 5018 ram
660 4978 831 5035 geras.
861 4962 1087 5016 Puerum
1119 4962 1169 5013 in
1199 4959 1373 5013 medio
1401 4960 1620 5026 statuit,
1653 4970 1706 5014 et
1739 4961 1810 5013 ait
1839 4978 1852 5013 :
1883 4959 2091 5014 Efficia-

521 5057 648 5110 tniui
682 5063 738 5108 ut
780 5053 1014 5124 parvuli;
1050 5061 1135 5116 et,
1182 5051 1490 5117 Quicumque
1523 5053 1794 5115 susceperit
1827 5051 2090 5121 parsulw

522 5151 669 5201 talem
693 5187 707 5211 ,
739 5161 816 5199 tuo
850 5144 1091 5211 suscipit;
1115 5151 1168 5196 et
1192 5183 1207 5204 ,
1238 5141 1338 5206 Qui
1374 5141 1781 5195 scandalisaverit
1805 5183 1820 5206 ,
1849 5150 2088 5197 extmma

523 5239 769 5307 patietur.
804 5235 982 5305 Neque
1006 5241 1285 5288 contentus
1312 5231 1408 5285 fuit
1432 5233 1670 5301 exemplo
1699 5232 1874 5298 moltc,
1902 5231 1995 5287 sed
2028 5231 2097 5286 il-

525 5329 612 5382 lud
655 5326 740 5379 Vo:
761 5325 980 5388 addidit,
1011 5334 1168 5395 atque
1196 5323 1312 5378 illos
1339 5322 1648 5377 abscindere
1672 5323 1847 5391 jussit,
1880 5323 2087 5379 etiamsi

522 5434 773 5475 manuum
802 5429 856 5473 et
883 5419 1152 5472 oculorum
1184 5418 1301 5473 loco
1331 5417 1484 5471 nobis
1511 5427 1711 5471 essent.
1755 5416 2090 5487 Rursumque

519 5511 586 5565 ait
613 5509 811 5580 angelis
831 5551 844 5572 ,
875 5511 1065 5579 quibus
1090 5509 1359 5564 commissi
1397 5517 1522 5562 sunt
1550 5506 1602 5560 hi
1640 5507 1833 5561 fratres
1863 5517 2047 5562 tenues
2071 5548 2085 5571 .

518 5611 575 5657 ut
615 5603 733 5655 illus
765 5601 814 5654 in
846 5603 1015 5670 pretio
1056 5603 1341 5655 habeamus
1369 5600 1624 5670 impellit,
1670 5615 1874 5654 necnon
1903 5616 1965 5654 es
1994 5615 2085 5654 sua

519 5697 789 5750 ttoltsntate
814 5704 972 5763 atque
999 5693 1238 5763 passione
1260 5693 1403 5756 (nam
1431 5709 1550 5750 cum
1577 5692 1726 5761 dicit,
1762 5690 1900 5748 Venit
1922 5691 2087 5748 Filius

586 5829 605 5862 ‘
636 5829 747 5893 Alii,
768 5837 903 5882 Patre
927 5843 1047 5881 meo.

1263 415 1319 466 S.
1357 407 1631 475 ιοΑΝΝιδ
1665 403 2136 462 CBRYSOSTUMI
2178 404 2491 460 AltlllllEP.
2533 403 3059 461 COXSTANTINOP.

3703 398 3809 452 58η

2231 521 2445 574 hominis
2466 521 2659 578 solvam
2684 523 2846 589 facere
2868 521 3005 588 quod
3028 521 3259 589 ρινινῑιτιιι,
3282 535 3495 576 crucem
3516 521 3798 592 signillan,

2227 610 2672 682 quemadmodum
2714 601 2768 665 et
2810 610 3003 666 Paulus
3043 612 3117 664 ait
3143 653 3155 672 .
3203 609 3272 664 de
3315 612 3476 666 fratre
3514 614 3793 668 scribens:

2231 703 2447 772 Propter
2471 719 2616 774 "an
2645 702 2872 760 Christus
2912 713 3135 756 mortuus
3159 713 3231 756 est
3262 701 3450 775 [Rom
3486 705 3571 758 Η.
3615 703 3792 776 15]).

2225 812 2280 851 es
2298 795 2364 850 de
2391 794 2545 850 Patre
2571 794 2612 858 ⁸,
2646 794 2786 864 quod
2816 809 2921 848 non
2953 793 3048 861 ipsi
3083 793 3303 862 placeat.
3337 793 3380 848 si
3412 803 3628 864 pereat;
3656 804 3708 849 et
3731 811 3799 851 es

2222 887 2488 944 communi
2516 886 2919 950 consuetudine.
2950 885 3088 956 quod
3120 896 3320 955 pastor,
3351 887 3548 944 relictis
3583 886 3648 940 iis
3676 901 3802 955 qua:
3877 935 3885 946 ,

2224 980 2381 1034 salva:
2401 987 2570 1040 erant.
2595 993 2713 1034 eam
2734 987 2936 1047 qumrat
2959 993 3076 1046 quze
3103 986 3391 1044 erraverat,
3419 989 3469 1032 et
3493 993 3614 1033 cum
3647 982 3798 1034 inve-

2224 1069 2361 1124 nerit
2379 1110 2395 1136 ,
2427 1070 2649 1124 multum
2681 1067 2889 1123 tutetur
2911 1065 2979 1123 de
3006 1067 3174 1122 salute
3199 1067 3336 1135 ejus.

2290 1162 2344 1218 5.
2371 1150 2427 1217 Si
2456 1174 2585 1230 ergo
2615 1160 2752 1215 Dem
2781 1158 2850 1214 ita
2872 1157 3066 1229 gaudet
3089 1157 3158 1213 de
3190 1157 3410 1228 parvulo
3432 1157 3521 1229 qui
3551 1169 3801 1229 repertus

2221 1261 2324 1317 est,
2354 1267 2451 1307 cur
2477 1261 2529 1305 tu
2549 1249 2779 1320 despicis
2801 1264 2894 1304 eos
2913 1263 3050 1320 quos
3075 1249 3209 1305 Deus
3238 1259 3344 1303 tam
3372 1250 3598 1305 sollicite
3618 1259 3796 1316 curat,

2218 1359 2338 1399 cum
2386 1351 2657 1412 oporteret
2698 1341 2928 1413 animum
2976 1341 3142 1409 ipsam
3189 1326 3400 1396 tradere
3445 1356 3541 1410 pro
3577 1357 3682 1398 usto
3727 1357 3796 1405 ex

2219 1434 2454 1506 parvulis
2490 1432 2644 1487 istis?
2673 1431 2777 1487 Sed
2825 1431 3064 1486 inlirmus
3098 1441 3179 1486 est
3221 1441 3275 1485 et
3314 1431 3647 1487 imbecillus?
3671 1432 3798 1487 ideo

2218 1525 2448 1578 maxime
2477 1523 2607 1578 nihil
2635 1537 2739 1577 non
2761 1521 3020 1591 agendum
3045 1531 3144 1585 est,
3175 1534 3233 1576 ut
3261 1521 3405 1577 illutn
3427 1539 3627 1578 serves.
3657 1523 3794 1578 Nam

2217 1623 2270 1670 et
2299 1615 2410 1683 ipse
2435 1614 2718 1683 nonaginta
2742 1627 2930 1668 novem
2968 1613 3167 1668 relictis
3192 1613 3402 1678 ovibus,
3430 1615 3496 1668 ad
3525 1615 3667 1668 illam
3701 1630 3794 1670 ve-

2216 1706 2312 1768 nit,
2343 1719 2440 1759 nec
2479 1705 2760 1773 potuit'tot
2802 1702 3076 1770 hominum
3122 1704 3266 1758 salus
3309 1704 3466 1758 unius
3505 1706 3793 1774 perniciem

2215 1793 2524 1849 obscurare.
2555 1793 2725 1849 Lucas
2754 1809 2884 1848 vero
2911 1795 3079 1865 ipsum
3107 1809 3223 1848 eam
3249 1793 3483 1849 humeris
3509 1797 3796 1852 sustulisse

2214 1887 2307 1951 ait,
2348 1894 2401 1941 et
2448 1886 2616 1956 majus
2661 1886 2910 1956 gaudium
2952 1885 3132 1941 haberi
3175 1901 3336 1956 super
3381 1903 3485 1942 uno
3512 1898 3795 1957 peccatore

2216 1977 2578 2044 ptenitentiam
2625 1984 2848 2044 agettte,
2897 1991 3053 2045 quam
3089 1991 3250 2047 super
3289 1978 3568 2048 nonaginta
3599 1994 3794 2034 novem

2207 2069 2368 2139 justis
2396 2068 2544 2140 (Luc.
2579 2068 2663 2123 15.
2694 2068 2746 2124 5.
2780 2069 2856 2131 7).
2903 2067 3034 2123 Cum
3065 2083 3192 2125 vero
3218 2079 3500 2139 propterea
3531 2070 3665 2134 illos,
3697 2086 3793 2139 qut

2212 2161 2326 2216 sani
2357 2171 2410 2215 et
2441 2161 2572 2214 salvi
2597 2168 2766 2222 erant,
2799 2160 3031 2229 reliquit,
3074 2159 3220 2220 etde
3245 2159 3345 2213 hoc
3376 2161 3593 2216 reducio
3622 2163 3792 2232 magis

2211 2252 2501 2307 delectatus
2533 2261 2635 2316 est,
2665 2250 2881 2304 multam
2922 2250 3152 2304 ostendit
3191 2251 3287 2304 hac
3327 2252 3377 2304 in
3402 2268 3457 2304 re
3483 2266 3683 2305 curam.
3711 2250 3792 2306 Ne

2213 2342 2386 2410 itaque
2423 2341 2556 2395 tales
2583 2343 2786 2394 animas
2827 2339 3340 2409 ncgligamns.-ll:nc
3376 2341 3569 2412 quippe
3607 2342 3791 2397 omnia

2217 2431 2352 2486 hanc
2378 2432 2445 2484 ob
2474 2445 2684 2486 causam
2713 2431 2848 2484 dicta
2887 2442 3032 2485 sunt.
3073 2430 3202 2486 Nam
3232 2447 3354 2486 cum
3383 2436 3612 2489 minatur
3637 2450 3786 2496 eum,

2211 2527 2300 2592 qui
2333 2532 2435 2576 non
2465 2523 2712 2591 parvulus
2747 2522 3004 2587 eflicitur,
3052 2538 3157 2578 non
3196 2527 3508 2579 intraturum
3545 2527 3595 2580 in
3625 2529 3789 2582 multis

2216 2627 2353 2678 esse,
2387 2623 2441 2668 et
2481 2629 2601 2667 cum
2642 2612 2833 2666 molam
2881 2624 3159 2676 memorat,
3191 2616 3550 2685 arrogantium
3589 2616 3785 2671 fastum

2209 2702 2462 2773 deprimit
2487 2702 2637 2772 (nihil
2681 2702 2822 2757 enim
2860 2703 2932 2757 ita
2961 2704 3166 2759 caritati
3209 2717 3500 2775 repugnat,
3543 2717 3599 2762 ut
3635 2723 3786 2761 arru-

2206 2793 2406 2864 gantia)
2444 2809 2458 2858 ;
2502 2807 2620 2847 cum
2647 2807 2775 2848 vero
2806 2793 2953 2858 dicit,
2986 2793 3203 2849 Necesse
3230 2807 3300 2849 est
3325 2809 3376 2849 ut
3407 2799 3602 2850 satiant
3630 2815 3786 2851 scan-

2207 2885 2346 2946 dala.
2376 2884 2734 2953 vigilantiores
2764 2885 2972 2950 reddit;
3006 2901 3069 2940 ac
3097 2902 3216 2940 cum
3249 2887 3450 2954 adjicit,
3487 2886 3574 2942 Vae
3597 2889 3674 2943 illi
3693 2907 3785 2958 per

2205 2991 2352 3044 quem
2373 2974 2670 3028 scandalum
2691 2974 2844 3040 venit,
2869 2974 2918 3028 id
2941 2983 3094 3030 curat
3125 2984 3182 3029 ut
3211 2976 3400 3044 singuli
3428 2978 3782 3035 studeantﬂne

2208 3079 2302 3133 per
2327 3079 2386 3120 se
2406 3065 2712 3119 scandalum
2743 3064 2951 3128 veniat;
2997 3082 3116 3119 eum
3161 3065 3308 3133 jubet
3337 3077 3509 3121 autem
3543 3069 3780 3124 exscindi

2203 3169 2298 3210 eos
2327 3155 2415 3224 qui
2461 3153 2840 3218 scandalizant,
2869 3153 3092 3209 salutent
3129 3153 3415 3210 faciliorem
3437 3157 3627 3225 edicit;
3655 3173 3780 3213 cum

2205 3246 2437 3316 praxipn
2453 3260 2519 3300 ne
2532 3245 2778 3299 minimos
2795 3255 3218 3310 contemnamus,
3239 3262 3336 3302 nec
3349 3248 3506 3302 modo
3518 3249 3780 3319 prmcipit,

2203 3335 2296 3390 sed
2340 3351 2460 3392 cum
2490 3335 2822 3393 vehementia
2851 3336 2994 3405 (nam
3034 3339 3128 3401 ait,
3173 3336 3342 3391 Videte
3366 3355 3428 3392 ne
3451 3343 3781 3395 contemnatis

2202 3443 2362 3483 unum
2386 3443 2448 3481 ea:
2473 3427 2552 3501 his
2584 3427 2849 3496 minimis),
2877 3437 2930 3482 et
2975 3442 3092 3482 eum
3122 3427 3269 3492 dicit,
3305 3430 3484 3500 Angeli
3511 3447 3679 3486 eorum
3709 3433 3781 3486 ri-

2201 3519 2318 3572 dent
2344 3516 2522 3587 !aciem
2557 3515 2724 3570 Patris
2752 3517 2884 3580 mei;
2929 3526 3003 3582 et.
3053 3516 3178 3572 Ideo
3204 3521 3316 3573 veni
3354 3536 3486 3590 ego;
3515 3532 3589 3587 et,
3623 3521 3781 3577 Pater

2201 3622 2341 3659 meus
2369 3606 2462 3660 hoc
2488 3607 2590 3661 vult
2616 3621 2635 3660 :
2666 3607 2785 3661 illos
2815 3607 2904 3678 qni
2933 3623 3117 3664 eorum
3157 3624 3341 3665 eumut
3384 3610 3609 3668 habituri
3651 3623 3782 3669 sunt

2199 3693 2566 3764 diligentiores
2593 3695 2784 3750 reddit.

2270 3783 2407 3839 Deus
2431 3795 2675 3854 quantum
2700 3785 2912 3839 salutem
2936 3787 3192 3841 hominum
3218 3798 3376 3843 curet.
3403 3789 3632 3845 Salutem
3657 3808 3780 3863 pro-

2196 3877 2323 3930 ximi
2350 3892 2442 3931 nos
2481 3893 2661 3932 curare
2688 3887 2900 3947 oportet.
2923 3909 2995 3918 —
3024 3878 3210 3935 Viden’
3231 3893 3428 3951 quanto
3464 3877 3616 3941 muro
3654 3883 3779 3941 illos

2198 3967 2647 4031 circummunivit,
2690 3977 2747 4023 et
2784 3977 3034 4038 quautam
3062 3971 3141 4026 vel
3188 3971 3432 4028 vitiorum
3461 3983 3516 4028 et
3545 3989 3777 4042 pereun-

2200 4059 2329 4112 tium
2352 4057 2760 4114 sollicitudinem
2788 4068 2958 4128 gerat,
2987 4062 3124 4115 mala
3155 4064 3488 4118 comminans
3519 4065 3777 4120 intolera-

2199 4148 2327 4204 bilia
2357 4149 2420 4203 iis
2447 4148 2537 4218 qui
2566 4151 2909 4220 supplantant
2942 4151 3106 4220 ipsos,
3142 4161 3196 4206 et
3223 4169 3414 4224 magna
3460 4156 3776 4224 promittens

2200 4239 2337 4294 bona
2376 4239 2442 4296 iis
2474 4239 2561 4310 qui
2595 4241 2901 4295 ministrant
2934 4242 3061 4308 illis,
3107 4243 3353 4314 ipsosque
3381 4253 3586 4309 curant,
3616 4245 3778 4316 idque

2198 4347 2296 4387 suo
2331 4340 2492 4401 atque
2535 4331 2705 4386 Patris
2744 4332 2990 4403 exemplo
3033 4335 3350 4389 conﬁrmati
3391 4335 3539 4391 linnc
3577 4345 3631 4393 et
3675 4351 3777 4392 nos

2199 4424 2501 4486 imitemur,
2544 4421 2673 4478 nihil
2716 4433 3024 4480 recusantes
3065 4439 3249 4480 eorum
3296 4442 3415 4495 qua:
3460 4427 3672 4481 humilia
3719 4437 3777 4484 et

2196 4514 2457 4569 laboriosa
2487 4515 2735 4568 videntur
2767 4529 2862 4584 pro
2907 4514 3156 4570 fratribus
3195 4517 3509 4586 suscipere:
3549 4517 3642 4572 sed
3670 4518 3775 4574 etsi

2198 4607 2506 4660 ministrare
2531 4615 2794 4674 oporteat,
2831 4606 2944 4660 sive
2973 4621 3185 4675 parvus,
3227 4607 3341 4662 sive
3383 4601 3502 4662 ritis
3542 4607 3775 4665 fueritis

2195 4697 2348 4768 cujus
2373 4713 2530 4754 causa
2565 4697 2665 4751 hoc
2705 4711 2840 4769 Opus
2879 4697 3206 4768 suscipitur;
3245 4701 3583 4770 quantumvis
3619 4701 3773 4757 labo-

2195 4787 2335 4842 riosa
2378 4803 2466 4843 res
2513 4788 2700 4853 fuerit;
2744 4788 2844 4844 etsi
2887 4798 3129 4857 oporteat
3167 4799 3374 4846 montes
3399 4801 3452 4846 et
3480 4791 3772 4861 praecipitis

2197 4879 2539 4950 pertransire,
2563 4880 2739 4933 omnia
2757 4880 3052 4935 tolerentur
3068 4896 3164 4950 pro
3183 4883 3350 4937 salute
3373 4881 3572 4936 fratris.
3601 4882 3772 4939 Tanta

2195 4969 2388 5040 quippe
2417 4981 2499 5025 est
2531 4971 2776 5025 Deotcura
2799 4969 2866 5024 de
2893 4971 3088 5034 anima,
3115 4981 3171 5025 ut
3191 4987 3258 5026 ne
3277 4971 3414 5026 Filio
3432 4972 3644 5042 quidem
3672 4989 3774 5028 suo

2198 5063 2491 5130 pepercerit
2519 5061 2694 5131 (Rom.
2741 5062 2794 5116 8.
2828 5060 2941 5130 5'2).
2973 5061 3151 5129 Quare
3177 5061 3438 5126 obsecro,
3485 5064 3656 5133 primo
3689 5065 3771 5119 di-

2194 5152 2370 5206 luculo
2395 5166 2517 5205 cum
2560 5166 2589 5203 a
2618 5149 2778 5205 domo
2811 5152 3121 5219 esierimus,
3166 5153 3306 5207 hunc
3351 5169 3512 5213 unum
3549 5169 3772 5224 scopum

2195 5243 2502 5309 habeamus,
2529 5253 2582 5298 et
2613 5243 2748 5299 hanc
2775 5245 3040 5314 prmcipue
3082 5244 3516 5311 sollicitudinem,
3549 5255 3606 5300 ut
3633 5246 3774 5315 peri-

2193 5335 2462 5388 clitantem
2491 5333 2795 5402 eripiamus.
2825 5333 2939 5388 Non
2989 5334 3180 5403 loquor
3209 5335 3294 5389 ltic
3321 5335 3388 5390 de
3416 5335 3650 5391 sensibili
3679 5351 3774 5403 pe-

2194 5426 2397 5480 riculo:
2431 5425 2533 5480 hoc
2574 5426 2716 5480 enim
2755 5442 2822 5482 uc
2845 5427 3135 5497 periculum
3162 5427 3374 5497 quidem
3418 5437 3534 5491 est;
3573 5428 3664 5483 sed
3698 5428 3773 5486 de

2195 5517 2430 5586 periculo
2447 5518 2656 5580 animae,
2675 5518 2815 5588 quod
2856 5518 3158 5572 hominibus
3181 5528 3328 5588 parat
3349 5518 3608 5572 diabolus.
3639 5517 3780 5571 Nam

2193 5619 2477 5673 mercator,
2513 5617 2567 5663 ut
2606 5624 2735 5678 opes
2773 5617 2978 5678 augeat,
3012 5609 3229 5680 pelagus
3263 5617 3592 5674 transmeat;
3635 5614 3770 5671 arti-

2257 5827 2271 5857 ²
2308 5823 2420 5884 Alii,
2447 5827 2491 5873 et
2514 5821 2574 5872 de
2599 5820 2791 5885 Spiritu.
