4186 6476
252 388 343 450 εθί
1240 377 1306 435 ΙΝ
1346 373 1751 435 ΜᾹΤΤΠᾹΞΗΜ
1794 374 1823 430 li

1931 373 2024 432 ῘΙΙ...
2072 374 2212 434 ιιι.
2256 380 2327 434 al.
2371 379 2486 436 LX.

250 511 456 579 tesque,
480 515 543 563 ut
571 519 684 562 rem
714 498 1023 558 familiarem
1052 496 1360 569 ampliﬁcet,
1391 494 1522 550 nihil
1562 506 1667 548 non
1699 492 1826 560 agit.

247 599 351 657 Nos
380 600 562 668 itaque
588 612 657 651 ne
691 593 917 649 salutem
952 598 1187 646 nostram
1232 585 1443 656 operari
1470 584 1601 639 satis
1634 581 1833 636 habea-

248 706 383 755 mus,
424 689 526 743 hoc
568 686 729 742 modo
762 685 904 740 enim
944 683 1088 738 illam
1132 678 1588 734 labefactaremus.
1622 673 1833 730 Etenim

248 782 298 837 in
329 781 468 837 bello
497 788 556 835 et
580 779 694 834 acie
733 776 887 831 miles
914 773 1005 844 qui
1033 770 1086 827 id
1118 786 1279 826 unum
1307 776 1478 834 curat,
1511 777 1568 822 ut
1598 765 1716 837 fuga
1743 778 1831 820 sas

248 880 335 934 luti
380 892 495 933 suae
524 874 791 940 consulat,
837 871 973 927 alios
1013 883 1195 925 secum
1233 864 1439 937 perdit;
1485 878 1610 918 cum
1646 869 1835 916 contra

244 984 491 1027 strenuus
536 967 761 1039 quisque
802 965 892 1035 qui
939 977 1039 1034 pro
1078 960 1195 1015 aliis
1242 973 1388 1014 arma
1433 954 1680 1025 sumpsit,
1711 968 1831 1009 cum

243 1064 355 1118 aliis
383 1062 622 1131 seipsum
646 1072 859 1130 quoque
887 1063 1082 1112 servat.
1113 1052 1248 1109 Cum
1287 1053 1468 1121 itaque
1510 1063 1598 1104 res
1635 1054 1834 1101 nostra:

239 1155 440 1211 bellum
466 1154 597 1218 sint,
619 1161 672 1207 et
700 1150 897 1205 bellum
918 1148 1154 1204 omnium
1173 1144 1515 1207 acerrimum,
1537 1141 1680 1196 acies
1701 1154 1832 1210 quo-

241 1262 341 1317 que
365 1255 420 1301 et
444 1258 646 1317 pugna,
692 1250 748 1296 ut
782 1240 903 1297 Rex
945 1248 1127 1294 noster
1158 1236 1336 1307 jussit,
1371 1232 1551 1289 itaad
1596 1244 1830 1304 pugnam

243 1337 483 1395 instructi
529 1344 732 1392 stemus
758 1334 810 1390 iu
842 1333 978 1399 acie,
1007 1330 1073 1386 ad
1100 1329 1274 1386 caedes
1308 1336 1364 1383 et
1382 1327 1704 1397 sanguinem
1734 1340 1830 1395 pa-

241 1431 354 1498 rati,
382 1430 450 1487 ad
490 1432 729 1486 omnium
760 1427 986 1481 salutem
1023 1423 1393 1495 respicientes,
1437 1419 1832 1476 commilitones

240 1523 545 1591 incitantes,
592 1521 771 1591 lapsos
793 1519 1080 1589 erigentes.
1130 1515 1259 1569 Nam
1300 1512 1451 1568 multi
1478 1527 1541 1568 ex
1576 1509 1829 1565 fratribus

240 1615 433 1670 nostris
464 1614 522 1668 in
554 1611 652 1667 bac
684 1625 855 1682 pugna
881 1610 1061 1678 jacent
1104 1606 1388 1671 vulnerati,
1418 1603 1677 1675 sanguine
1705 1619 1828 1673 per-

239 1706 356 1771 fusi,
383 1720 651 1775 nemoque
676 1712 827 1760 curat
868 1702 1007 1766 illos,
1048 1714 1153 1754 non
1193 1714 1225 1754 e
1266 1700 1425 1768 vulgo
1462 1696 1673 1766 aliquis,
1721 1708 1827 1749 non

239 1798 510 1865 sacerdos,
538 1812 645 1851 non
674 1795 809 1849 alius
826 1794 1018 1865 quivis,
1043 1806 1149 1847 non
1174 1799 1450 1861 patronus,
1476 1804 1581 1843 non
1599 1788 1826 1853 amicus,

239 1902 338 1943 non
365 1888 536 1944 frater
578 1904 591 1942 :
637 1885 733 1942 sed
776 1883 967 1955 singuli
1015 1897 1110 1938 sua
1153 1892 1357 1936 tantum
1397 1888 1660 1950 spectant.
1702 1878 1828 1934 Ideo

238 1988 413 2037 nostra
442 1980 754 2035 minuimus.
782 1976 976 2032 Nostra
998 1974 1191 2047 quippe
1223 1973 1454 2030 maxima
1486 1970 1695 2037 ﬁducia,
1726 1986 1827 2025 no-

237 2083 341 2128 stra
367 2072 486 2129 laus
511 2080 616 2139 est,
643 2071 688 2126 si
726 2084 831 2125 non
857 2077 1039 2123 nostra
1072 2075 1278 2122 tantum
1317 2079 1585 2121 curemus.
1626 2062 1828 2119 idcirco

236 2164 480 2219 imbecilli
510 2172 565 2217 et
592 2168 893 2231 expugnatu
931 2158 1113 2213 faciles
1146 2173 1331 2213 sumus
1358 2166 1415 2212 et
1440 2154 1748 2211 hominibus
1772 2164 1827 2210 et

234 2254 464 2319 diabolo,
492 2254 618 2325 quia
644 2250 783 2325 quod
816 2251 937 2305 huic
968 2250 1042 2304 rei
1068 2247 1390 2303 contrarium
1409 2255 1491 2302 est
1507 2246 1823 2317 quso-rimus,

234 2360 333 2401 non
363 2360 462 2401 nos
484 2354 673 2400 mutuo
706 2342 1005 2414 obtegimus
1045 2350 1100 2396 et
1138 2338 1611 2396 circummunimus
1638 2354 1733 2409 per
1759 2336 1823 2394 il-

234 2441 332 2495 lam
372 2454 495 2510 quin
542 2436 835 2495 secundum
878 2436 1044 2490 Deum
1089 2443 1172 2490 est
1198 2436 1514 2499 caritatem;
1556 2430 1652 2487 sed
1693 2431 1826 2486 alios

233 2531 380 2586 nobis
406 2530 700 2603 quaerimus
737 2528 987 2583 amicitiae
1013 2527 1283 2593 obtentus,
1306 2524 1395 2579 alii
1423 2539 1452 2578 a
1481 2524 1821 2595 cognatione,

232 2623 316 2677 alii
344 2639 373 2677 a
400 2621 811 2685 consuetudine,
859 2620 948 2675 alii
986 2635 1017 2675 a
1045 2619 1342 2686 consortio,
1384 2619 1474 2673 alii
1516 2634 1546 2672 a
1588 2617 1821 2673 vicinia:

232 2724 284 2770 et
327 2728 672 2786 quacumque
717 2714 821 2769 alia
865 2711 932 2769 de
970 2726 1129 2767 causa
1172 2711 1347 2782 potius
1396 2710 1556 2766 amici
1598 2724 1820 2777 sumus,

230 2823 382 2877 quam
412 2823 479 2864 ex
511 2809 735 2879 pietate,
755 2822 877 2862 cum
905 2821 969 2863 es
1010 2806 1097 2861 illa
1128 2806 1240 2861 sola
1271 2813 1518 2876 oporteat
1562 2804 1825 2862 amicitias

230 2899 369 2973 iungi
406 2916 422 2963 ;
481 2914 627 2956 nunc
673 2898 998 2954 contrarium
1044 2898 1257 2965 evenit,
1304 2897 1503 2953 Judaets
1549 2905 1603 2953 et
1646 2896 1823 2966 genti-

230 2992 327 3048 bus
364 2991 659 3065 aliquando
709 3006 895 3049 sumus
938 2990 1097 3047 amici
1150 2990 1325 3062 potius
1362 3004 1520 3061 quam
1568 2988 1821 3045 Ecclesia

229 3086 368 3143 (illis.

294 3180 348 3236 ϐ.
376 3180 583 3237 Caritas
622 3192 668 3236 et
702 3180 972 3236 tolerantia
998 3195 1119 3252 erga
1146 3178 1433 3249 proximum
1457 3174 1819 3232 commendan-

228 3280 324 3328 tur.
355 3273 571 3329 Fratres
610 3274 771 3329 nostri
799 3290 933 3345 sepe
956 3271 1198 3328 monendi
1235 3282 1372 3327 sunt.
1403 3301 1474 3313 —
1498 3270 1693 3334 Etiam,
1734 3267 1821 3323 in-

229 3368 408 3438 quies;
441 3384 571 3423 nam
610 3368 700 3422 ille
727 3366 1000 3435 improbus
1027 3372 1131 3431 est,
1163 3365 1247 3421 hic
1272 3379 1399 3419 vero
1428 3365 1600 3420 bonus
1622 3371 1679 3419 et
1706 3376 1823 3417 mo-

227 3460 426 3516 destus.
452 3460 598 3529 Quid
637 3459 815 3515 dicis?
859 3460 1159 3530 improbum
1186 3457 1404 3514 fratrem
1434 3472 1595 3512 vocas
1625 3465 1700 3521 tu,
1732 3456 1818 3511 cui

228 3553 444 3607 vetitum
477 3560 566 3608 est
594 3552 674 3608 vel
694 3568 814 3608 raca
845 3554 1074 3609 vocare?
1105 3560 1279 3608 necte
1296 3552 1479 3623 pudet,
1501 3566 1599 3607 nec
1623 3550 1819 3607 erube-

227 3644 328 3699 scis
356 3644 583 3699 fratrem
614 3644 919 3711 traducens,
944 3644 1245 3699 membrum
1267 3652 1437 3707 tuum,
1465 3658 1587 3699 eum
1608 3644 1699 3713 qui
1721 3658 1819 3699 eo-

227 3735 343 3791 dem
362 3750 526 3793 natus
542 3746 807 3807 estpartu,
826 3738 916 3806 qui
940 3746 1019 3792 est
1034 3736 1278 3806 ejusdem
1307 3750 1506 3792 mense
1531 3737 1821 3807 particeps?

226 3826 326 3883 Sed
367 3830 413 3885 si
456 3828 680 3884 fratrem
727 3829 1021 3884 secundum
1060 3843 1277 3886 carnem
1332 3830 1563 3893 habeas,
1609 3827 1820 3884 etiamsi

228 3919 367 3974 mille
405 3919 615 3975 scelera
644 3918 906 3983 admittat,
948 3918 1095 3972 illum
1139 3916 1307 3982 foves,
1353 3926 1408 3972 et
1452 3919 1498 3972 si
1548 3917 1638 3972 ille
1680 3919 1819 3973 mala

226 4009 360 4066 fama
407 4012 641 4076 laboret,
690 4021 844 4083 putas
890 4020 943 4067 te
986 4011 1266 4067 dedecoris
1310 4026 1432 4067 esse
1472 4014 1816 4066 consortem:

226 4104 558 4172 spiritualem
588 4119 719 4159 vero
746 4105 988 4169 fratrem,
1017 4118 1175 4173 quem
1205 4103 1489 4159 calumniis
1520 4104 1817 4173 impolitum

226 4196 516 4252 defendere
541 4204 835 4265 oporteret,
867 4195 1160 4249 innumeris
1190 4210 1385 4250 oneras
1429 4193 1729 4250 maledictis
1766 4204 1822 4250 et

225 4286 714 4348 criminationibus,
758 4286 1059 4357 improbum
1111 4299 1290 4340 vocas.
1341 4284 1623 4354 Improbus
1652 4284 1817 4350 enim,

226 4381 415 4452 inquis,
439 4380 660 4435 difﬁcile
681 4380 956 4435 toleratur.
973 4378 1130 4449 Atqui
1154 4378 1274 4434 ideo
1295 4376 1459 4432 debes
1484 4377 1557 4431 illi
1584 4378 1819 4438 amicitia

225 4472 387 4543 iungi,
420 4480 486 4526 ut
525 4486 648 4527 eum
688 4486 719 4526 a
760 4471 890 4527 vitio
924 4484 1222 4537 removeas,
1256 4474 1312 4523 u't
1341 4476 1624 4524 convertas
1662 4476 1717 4523 ct
1752 4468 1819 4524 ad

226 4565 477 4620 virtutem
504 4562 748 4619 reducas.
780 4564 849 4617 At
893 4577 999 4617 non
1030 4561 1385 4631 obtemperat,
1420 4559 1617 4630 inquis,
1647 4575 1821 4630 neque

224 4657 506 4711 consilium
548 4655 795 4710 admittit.
838 4654 989 4711 Unde
1015 4653 1117 4708 hoc
1145 4653 1322 4708 nosti?
1363 4667 1432 4708 an
1461 4652 1703 4706 hortatus
1736 4665 1817 4717 es,

225 4758 275 4801 et
301 4748 594 4804 emendare
629 4745 913 4801 studuisti?
938 4744 1193 4800 Hortalus
1238 4758 1381 4814 sirpe
1410 4759 1549 4809 sum,
1588 4743 1816 4813 inquies.

226 4839 486 4908 Quoues?
524 4840 753 4909 Samius,
791 4840 958 4896 semel
987 4848 1042 4894 et
1074 4840 1287 4894 iterum.
1333 4838 1525 4908 Papze!
1568 4837 1690 4893 idne
1718 4852 1819 4892 ϐω·

227 4932 338 5001 pius
361 4932 569 4988 vocas?
594 4931 817 4987 Etiamsi
862 4946 955 5001 per
984 4940 1148 4985 totam
1176 4931 1336 4984 vitam
1371 4928 1421 4984 id
1448 4928 1687 4994 fecisses,
1722 4943 1821 4983 nec

226 5022 476 5087 deiicere,
501 5037 601 5077 nec
620 5022 905 5092 deSperare
922 5021 1221 5092 Oportebat.
1244 5020 1360 5075 Non
1384 5021 1531 5077 vides
1550 5021 1821 5091 quomodo

228 5129 321 5169 nos
350 5115 497 5171 Deus
522 5129 735 5183 semper
776 5114 1022 5169 hortetur
1055 5130 1148 5184 per
1191 5114 1477 5183 prophetas
1503 5156 1517 5180 ,
1553 5130 1647 5182 per
1684 5130 1818 5185 apo-

226 5206 411 5272 stolos,
446 5220 544 5275 per
568 5206 956 5276 evangelistas?
987 5205 1123 5272 Quid
1158 5204 1352 5275 igitur?
1381 5222 1504 5259 num
1536 5206 1654 5261 ideo
1676 5218 1819 5263 recte

231 5311 535 5366 cperamur,
566 5313 690 5352 num
722 5300 776 5353 in
797 5297 1045 5353 omnibus
1078 5298 1552 5367 obtemperamus?
1581 5298 1816 5354 Minime.

230 5387 358 5444 Num
388 5390 513 5445 ideo
542 5390 632 5444 ille
674 5391 833 5445 tinem
882 5389 1003 5444 fecit
1046 5389 1415 5445 admonendi?
1453 5405 1578 5444 num
1617 5390 1819 5444 tacuit?

230 5482 419 5538 Annon
461 5482 687 5553 singulis
713 5481 900 5536 diebus
926 5481 1076 5545 dicit,
1112 5480 1231 5535 Non
1276 5483 1478 5551 potestis
1503 5480 1614 5537 Deo
1636 5486 1821 5538 servire

232 5586 273 5630 et
319 5592 573 5631 munione
604 5574 756 5647 (Luc.
808 5576 897 5631 l6.
940 5577 1051 5647 15).
1087 5586 1140 5632 et
1168 5576 1360 5631 crescit
1390 5589 1565 5631 tamen
1595 5578 1647 5631 in
1686 5580 1821 5632 mul-

232 5673 295 5729 lis
321 5673 564 5748 pecuniae
606 5672 865 5742 cupiditas
900 5682 1058 5743 atque
1105 5672 1382 5745 tyrannis?
1423 5654 1821 5743 Non‘quotidic

231 5764 439 5834 clamat,
480 5765 730 5819 Dimittitc
761 5775 809 5819 et
838 5765 1116 5819 dimittetur
1157 5766 1291 5820 vobis
1323 5764 1533 5839 (Matth.
1560 5764 1613 5820 6.
1647 5766 1822 5837 libet

234 5872 327 5913 nos
357 5861 526 5933 magis
556 5858 882 5917 elleramur?
928 5860 1116 5913 Annon
1147 5860 1383 5928 quotidie
1411 5872 1591 5917 mouet
1619 5871 1673 5916 ut
1693 5877 1819 5916 cun-

546 5950 823 6010 ΡΑτιιοι..
873 5950 992 6009 (in.
1046 5946 1262 6005 l.\’tll.

3443 380 3553 436 582

1948 493 2291 563 cnpiscentia:
2315 504 2371 551 et
2397 496 2595 552 illicita:
2618 495 2878 568 voluptati
2933 496 3282 568 imperemus,
3313 510 3366 556 ct
3388 500 3551 557 multi

1944 583 2063 654 plus
2082 601 2239 655 quam
2269 588 2415 657 porci
2442 587 2495 643 in
2522 588 2627 643 hoc
2664 596 2885 659 peccato
2906 590 3221 647 volutantur
3242 592 3267 646 τ
3296 595 3548 651 Attamen

1946 675 2037 731 ille
2066 675 2268 733 hortari
2295 694 2403 734 non
2439 689 2633 736 cessat.
2671 678 2781 736 Cur
2806 696 2937 753 ergo
2971 698 3080 738 non
3109 682 3225 739 haec
3252 696 3432 742 mente
3458 703 3547 744 re-

1944 766 2211 824 volvimus
2234 784 2334 826 nec
2354 769 2603 839 dicimus,
2640 772 2806 827 Deum
2831 772 2987 830 nobis
3020 789 3240 845 semper
3276 777 3418 849 loqui
3447 794 3549 836 nec

1943 855 2224 925 desistere,
2256 860 2468 917 etialnsi
2504 872 2571 935 ut
2598 864 2890 934 plurimum
2930 880 3039 922 non
3071 866 3544 940 obtemperemusl

1946 947 2067 1002 ldeo
2095 949 2329 1017 dicebat,
2357 951 2526 1008 Pauci
2553 964 2673 1009 sunt
2697 958 2784 1025 qui
2808 957 2938 1011 salui
2962 958 3091 1025 fiant
3123 957 3277 1027 (Luc.
3310 962 3395 1025 15.
3424 962 3540 1036 23).

1942 1041 1998 1095 Si
2028 1043 2169 1097 enim
2195 1059 2301 1099 non
2333 1045 2528 1102 suiticit
2556 1048 2622 1102 ad
2645 1050 2873 1106 salutem
2894 1051 3053 1107 nobis
3076 1051 3162 1107 illa
3193 1053 3363 1110 virtus
3384 1071 3543 1126 quam

1941 1147 2186 1189 seorsum
2231 1152 2567 1208 exercemus,
2600 1140 2694 1197 sed
2722 1152 2937 1212 oportet
2964 1143 3099 1201 alios
3126 1146 3340 1203 virtutis
3366 1149 3546 1207 socios

1938 1224 2206 1284 adducere
2237 1246 2251 1283 :
2282 1245 2403 1286 eum
2446 1248 2545 1289 nec
2583 1243 2846 1299 nostram,
2897 1251 2997 1292 nec
3034 1236 3264 1296 aliorum
3309 1241 3544 1299 salutem

1937 1321 2327 1386 curaverimus,
2355 1322 2484 1393 quid
2514 1324 2781 1395 patiemur
2801 1326 2825 1379 Τ
2844 1327 2987 1383 unde
3010 1328 3200 1386 salutis
3221 1346 3370 1403 spem
3390 1332 3546 1389 dein-

1937 1423 2065 1480 ceps
2113 1410 2473 1469 habebimus?
2526 1415 2632 1472 Sed
2681 1417 2810 1488 quid
2858 1417 2960 1476 hac
3006 1419 3075 1477 de
3119 1437 3178 1478 re
3233 1425 3493 1481 criminor
3526 1468 3543 1493 ,

1936 1501 2152 1571 quando
2196 1518 2267 1559 ne
2308 1506 2773 1564 contubernalium
2826 1511 3044 1582 quidem
3090 1524 3400 1573 nostrorum
3449 1532 3542 1574 ra-

1940 1595 2137 1651 tionem
2171 1597 2334 1653 ullam
2368 1597 2647 1667 habemus,
2700 1604 2903 1671 uxoris,
2946 1604 3198 1677 filiorum,
3228 1623 3538 1676 servorum,

1934 1688 2029 1742 sed
2062 1704 2167 1743 non
2199 1688 2268 1744 de
2296 1688 2397 1758 his,
2427 1691 2523 1747 sed
2553 1691 2619 1748 de
2653 1692 2774 1749 aliis
2802 1694 3041 1752 futilibus
3075 1698 3295 1755 solliciti
3327 1717 3537 1769 sumus,

1934 1777 2207 1834 ebriorum
2242 1780 2430 1849 instar,
2474 1790 2532 1838 ut
2566 1795 2774 1841 crescat
2814 1799 3093 1844 servorum
3136 1806 3413 1858 numerus,
3446 1794 3541 1864 qui

1934 1868 2241 1941 diligentius
2271 1873 2427 1929 nobis
2470 1876 2731 1946 serviant,
2783 1878 2985 1951 filiique
3026 1896 3277 1953 magnam
3317 1899 3347 1939 a
3381 1886 3539 1942 nobis

1934 1962 2290 2021 hereditatem
2321 1968 2609 2040 accipiant,
2639 1985 2779 2026 uxor
2813 1972 2939 2028 item
2967 1989 3102 2031 auro
3140 1975 3345 2048 fulgeat
3370 1985 3538 2036 vesti-

1933 2054 2140 2129 busque
2170 2061 2441 2130 pretiosis,
2472 2079 2647 2135 neque
2678 2064 2748 2121 de
2779 2065 2935 2123 nobis
2962 2083 3149 2127 curam
3176 2070 3343 2128 ullam
3372 2072 3539 2130 babe-

1932 2163 2073 2213 mus,
2113 2151 2206 2206 sed
2234 2151 2303 2208 de
2331 2152 2675 2211 facultatibus
2719 2167 2922 2214 tantum
2973 2162 3218 2217 nostris?
3261 2163 3337 2220 De
3370 2182 3539 2222 uxore

1931 2247 2079 2296 certe
2104 2242 2248 2297 nulla
2275 2245 2604 2315 sollicitudo,
2633 2248 2729 2304 sed
2755 2248 2824 2306 de
2854 2252 3016 2309 rebus
3042 2269 3265 2311 uxorem
3290 2256 3539 2315 ambien-

1933 2331 2073 2388 tibus
2093 2333 2176 2390 vel
2198 2337 2547 2406 ornantibus;
2568 2339 2907 2415 idipsumque
2927 2344 2996 2401 de
3018 2345 3203 2403 liberis
3221 2346 3537 2407 dicendum.

1928 2422 2165 2481 Perinde
2189 2435 2352 2498 atque
2380 2428 2425 2483 si
2462 2430 2583 2501 quis
2611 2431 2871 2489 caducam
2896 2437 2912 2468 ι
2942 2434 3163 2492 domum
3194 2439 3415 2507 habens,
3440 2457 3538 2498 cu-

1925 2514 2016 2586 jus
2053 2518 2195 2573 muri
2224 2520 2396 2576 ruina:
2424 2522 2655 2592 proximi
2685 2533 2830 2594 sunt,
2866 2525 2990 2582 illos
3020 2528 3323 2587 instaurare
3361 2534 3537 2605 negli-

1929 2622 2083 2678 gens,
2118 2622 2312 2682 magna
2360 2614 2414 2668 in
2456 2614 2682 2671 circuitu
2728 2616 2845 2688 ejus
2895 2629 3047 2692 septa
3096 2624 3298 2695 erigat;
3348 2635 3443 2682 aut
3487 2628 3536 2683 si

1928 2710 2225 2772 aegrotante
2244 2718 2493 2776 corpore,
2527 2706 2705 2778 ipsum
2741 2709 2958 2781 quidem
2993 2713 3249 2785 negligat,
3277 2716 3404 2772 dum
3432 2733 3500 2773 au
3522 2750 3537 2761 -

1927 2808 2021 2851 rea
2061 2796 2384 2855 vestimenta
2438 2801 2538 2872 ipsi
2580 2811 2767 2874 parat;
2797 2814 2892 2861 aut
2916 2806 2961 2861 si
2991 2806 3209 2865 domina
3237 2811 3429 2867 morbo
3459 2814 3537 2869 la-

1929 2886 2177 2956 borante,
2220 2892 2557 2961 ancillarum,
2611 2895 2969 2970 telarumque,
3012 2915 3263 2957 vasorum
3300 2906 3535 2975 supelle-

1926 2980 2177 3053 ctilisque
2229 2998 2413 3040 curam
2461 2996 2646 3058 gerat,
2697 2989 2813 3061 ipsa
2860 2993 3050 3049 relicta
3100 3006 3371 3065 gemente.
3419 2999 3535 3057 Hoc

1927 3088 2072 3129 nunc
2093 3075 2275 3132 videre
2295 3086 2380 3133 est
2406 3078 2459 3133 in
2490 3080 2666 3135 anima
2691 3091 2896 3151 nostra,
2920 3100 3039 3156 quae
3062 3087 3206 3142 male
3227 3089 3535 3162 misereque

1928 3165 2112 3233 habet,
2142 3166 2241 3234 ira,
2275 3169 2667 3237 maledicentia,
2694 3174 2943 3233 absurdis
2967 3178 3372 3249 cupiditatibus,
3394 3199 3532 3240 vana

1926 3258 2117 3328 gloria,
2147 3259 2363 3331 jurgiis,
2391 3261 2539 3317 humi
2570 3263 2780 3335 deiecta
2809 3276 2863 3323 et
2893 3277 3080 3337 tracta,
3119 3270 3189 3327 ab
3224 3272 3533 3345 bujusmodi

1929 3349 2055 3404 feris
2082 3349 2333 3418 laniatur,
2369 3351 2495 3408 dum
2528 3369 2647 3423 nos,
2691 3356 2778 3410 illa
2809 3358 2861 3413 in
2894 3359 3043 3415 hisce
3088 3364 3293 3420 morbis
3318 3367 3527 3437 relicta,

1926 3442 2145 3498 domum
2175 3443 2606 3517 domesticosque
2636 3464 2907 3506 curamus.
2948 3452 3017 3507 Et
3041 3454 3085 3508 si
3111 3470 3236 3511 ursa
3262 3458 3403 3514 clam
3428 3475 3527 3515 au-

1925 3534 2143 3608 fugerit,
2172 3537 2363 3594 domos
2401 3541 2724 3608 claudimus,
2756 3558 2854 3614 per
2884 3544 3032 3602 vicos
3060 3550 3351 3617 currimus,
3381 3568 3450 3608 ne
3478 3554 3533 3609 in

1926 3644 2044 3685 eam
2074 3630 2373 3687 incidamus
2405 3649 2419 3687 :
2450 3649 2596 3690 nunc
2626 3645 2805 3692 autem
2832 3654 2939 3694 non
2969 3655 3074 3696 una
3101 3640 3238 3710 fera,
3268 3642 3364 3698 sed
3392 3648 3534 3699 mul-

1929 3720 2314 3792 tishujusmodi
2349 3725 2555 3782 scilicet
2574 3728 3010 3798 cogitationibus,
3032 3733 3268 3789 animam
3291 3747 3533 3793 nostram

1926 3814 2269 3880 laniantibus,
2304 3817 2509 3874 nullum
2542 3819 2733 3876 horum
2759 3837 2980 3879 sensum
3007 3822 3287 3882 habemus.
3313 3826 3369 3882 lu
3398 3830 3534 3885 urbe

1926 3908 2143 3978 quidem
2177 3918 2378 3966 tantam
2406 3910 2643 3969 ferarum
2670 3930 2858 3971 curam
2902 3914 3198 3985 habemus,
3229 3930 3288 3975 ut
3314 3936 3408 3978 eas
3445 3925 3531 3978 vel

1926 4001 1978 4055 in
2002 4003 2221 4059 deserto
2249 4003 2368 4060 loco
2398 4005 2480 4061 vel
2526 4005 2578 4059 in
2608 4006 2789 4062 caveis
2820 4008 3182 4079 includamus,
3210 4025 3532 4070 caveamus-

1926 4114 2031 4170 que
2055 4114 2121 4153 ne
2150 4099 2201 4152 in
2232 4098 2379 4154 curia
2423 4098 2693 4165 civitatis,
2743 4117 2843 4156 nec
2874 4102 2927 4157 in
2974 4102 3113 4172 foro,
3149 4120 3247 4161 nec
3287 4106 3340 4161 in
3387 4107 3533 4179 regia

1926 4201 2229 4257 versentur,
2259 4189 2351 4246 sed
2380 4192 2564 4260 procul
2596 4194 2787 4264 ligatas
2806 4192 3145 4250 detineamus
3174 4213 3188 4250 :
3214 4197 3267 4253 in
3294 4199 3530 4255 animam

1928 4297 2079 4351 vero,
2107 4297 2227 4354 qua:
2257 4283 2461 4338 curiam
2501 4298 2676 4349 suam,
2704 4284 2907 4355 regiam
2939 4292 2996 4341 et
3017 4285 3273 4358 judiciale
3301 4290 3531 4347 tribunal

1929 4376 2109 4442 habet,
2132 4378 2461 4433 emittuntur
2475 4377 2626 4443 ferte,
2650 4379 2792 4434 circa
2818 4390 3057 4439 mentem
3105 4384 3276 4453 ipsam
3309 4385 3533 4441 solium-

1925 4487 2031 4541 que
2055 4470 2602 4553 regiumoclamautes,
2631 4473 2815 4530 turbas
2840 4473 3051 4530 dantes.
3082 4475 3209 4530 ideo
3231 4477 3409 4531 omnia
3438 4492 3535 4534 sus

1925 4552 2098 4635 deque
2124 4552 2437 4633 vertuntur;
2472 4567 2655 4621 omnia
2683 4565 2915 4626 tumultu
2944 4568 3100 4637 plena
3124 4567 3268 4622 intus
3293 4578 3349 4623 et
3377 4568 3530 4640 foris,

1926 4658 2237 4729 nullumque
2266 4657 2556 4715 discrimen
2580 4675 2679 4713 nos
2707 4661 2846 4714 inter
2873 4668 2927 4715 et
2948 4658 3134 4715 urbem
3161 4660 3379 4717 incursu
3404 4664 3533 4719 bar-

1926 4750 2179 4805 barorum
2210 4751 2577 4818 devastatam;
2626 4746 2967 4822 idipsut'nque
3006 4748 3067 4805 iit
3110 4766 3174 4807 ac
3200 4753 3266 4818 si,
3296 4752 3538 4810 dracone

1926 4843 1979 4898 in
2013 4842 2139 4899 nido
2180 4845 2508 4899 arieularum
2556 4844 2844 4911 insidente,
2886 4843 3115 4900 avicula:
3158 4846 3289 4916 ipse
3315 4848 3538 4903 avolcnt

1929 4935 2149 5006 trepidae
2175 4944 2231 4991 et
2260 4938 2604 5006 perturbatae,
2635 4952 2737 4993 nec
2780 4951 2888 5008 quo
2916 4952 2976 4994 se
3018 4936 3071 4992 in
3120 4945 3270 4994 tanto
3302 4941 3535 4995 tumultu

1928 5027 2190 5097 xeeipiant
2217 5029 2494 5084 habentes.

2008 5121 2054 5171 Ἴ.
2105 5119 2321 5175 Horatia
2350 5120 2651 5175 exhortatio.
2682 5119 2941 5176 Juvenum
2970 5122 3189 5194 impetus
3219 5138 3253 5176 a
3281 5123 3536 5196 principio

1928 5232 2027 5271 cae.-
2060 5216 2255 5269 rendus.
2280 5244 2355 5256 -—-
2380 5215 2559 5281 Quare
2598 5215 2849 5284 obsecro,
2878 5218 3169 5272 draconem
3198 5216 3533 5284 occidamus,

1928 5310 2067 5365 fert;
2116 5310 2481 5375 includamus,
2524 5309 2871 5377 sull‘ocemus,
2917 5294 3246 5381 jugulen’ius,
3279 5320 3337 5367 et
3374 5311 3538 5369 hasce

1929 5420 1997 5458 nr
2022 5419 2098 5458 tas
2135 5404 2490 5474 cogitationes
2533 5402 2713 5474 gladio
2754 5403 2975 5473 spiritus
3002 5401 3378 5458 cunfodiamus
3417 5422 3431 5458 :
3465 5421 3535 5461 ne

1928 5497 2083 5551 nobis
2130 5497 2253 5551 talia
2306 5497 2666 5551 comminatur
2713 5495 2995 5566 propheta,
3051 5496 3229 5567 qualia
3276 5496 3479 5553 Judma;
3514 5515 3533 5553 :

1994 5616 2009 5647 ¹
2036 5613 2203 5678 ςυγὶμ
2237 5610 2385 5674 longe
2435 5612 2587 5678 variat
2611 5623 2625 5659 :
2648 5616 2729 5678 _El
2778 5608 2904 5678 nihil
3200 5608 3535 5678 _sollicitannt_r

1928 5685 2009 5727 aut
2033 5669 2369 5739 providemus,
2384 5673 2471 5724 sed
2493 5674 2555 5723 de
2579 5671 2923 5739 Clllll_t_tt10ri§,
2956 5669 3078 5739 nihil
3103 5671 3165 5720 de
3187 5669 3311 5739 lilio,
3330 5672 3433 5739 sed
3470 5673 3536 5739 με

1927 5732 2079 5802 ipsius
2096 5736 2441 5802 tetttporalt'bns
2482 5732 2999 5802 comniodiaj’erinde
3023 5739 3167 5794 atque
3190 5732 3233 5783 si
3257 5734 3363 5802 quis
3386 5734 3535 5802 cadu-

1928 5794 2055 5862 cam,
2078 5808 2175 5851 etc.
2194 5794 2283 5848 ilic
2298 5799 2518 5862 quaedam
2543 5798 2751 5857 desunt;
2774 5794 2933 5862 locum
2974 5809 3037 5846 ex
3079 5804 3186 5845 Mss.
3208 5794 3533 5862 restituimus.

1931 5858 2074 5917 Juxta
2092 5865 2253 5917 δῖοι-ει.
2281 5858 2547 5930 legendum
2573 5869 2726 5923 esset,
2754 5858 3026 5923 pulchram,
3054 5872 3159 5922 pro,
3184 5858 3440 5909 caducum.

3173 5943 3213 6005 8
