4186 6522
723 402 832 466 583

725 522 1190 589 "accentui-imm
1207 527 1572 600 iripttdiabttnt,
1590 537 1637 582 et
1657 526 1797 582 ericii
1818 534 1863 580 et
1881 524 2124 580 dracones
2144 522 2164 595 τ
2173 521 2294 578 leni.

722 627 808 682 43.
836 621 949 698 es).
977 608 1112 679 Sunt
1137 622 1301 689 enim,
1326 623 1449 676 sunt
1495 619 1736 675 homines
1778 615 2152 672 onocentauris
2197 630 2291 686 pe-

718 716 884 786 jores,
911 715 1061 785 quasi
1089 713 1144 769 in
1175 712 1391 769 deserto
1430 711 1690 776 viventes,
1715 706 2086 775 'calcitrautes,
2103 706 2290 778 quales

720 805 831 860 lere
855 803 1140 875 smitapud
1176 817 1277 859 nos
1299 802 1543 874 juvenes.
1573 798 1706 856 Nam
1745 797 1872 853 feris
1889 797 2120 868 correpti
2143 795 2290 865 cupi-

707 895 1007 963 ditatibus,
1055 898 1126 952 ita
1170 894 1473 966 prosiliunt,
1524 893 1598 948 ita
1638 890 1937 956 ealeitrant,
1981 887 2096 943 sine
2140 887 2292 942 freno

716 989 1129 1054 circumeuntes,
1161 987 1468 1058 nullamque
1507 982 1688 1039 decori
1722 974 1978 1037 rationem
2011 977 2287 1034 habentes.

717 1082 775 1136 in
795 1092 959 1137 causa
983 1084 1110 1136 sunt
1137 1086 1332 1150 patres,
1362 1077 1452 1148 qui
1491 1088 1749 1147 equom
1776 1071 2066 1128 domitures
2095 1076 2290 1140 cogunt

721 1183 782 1229 ut
806 1173 1195 1230 studiosissime
1217 1174 1388 1243 eques
1425 1183 1554 1225 suos
1581 1167 1804 1223 dement
1830 1173 1888 1221 et
1911 1163 2162 1234 dirigant,
2191 1175 2290 1217 nec

714 1267 898 1322 sinunt
921 1265 1142 1338 equitum
1164 1263 1337 1334 pullos
1362 1260 1648 1317 indomitos
1667 1258 1721 1314 in
1746 1256 2025 1329 juventute
2047 1267 2291 1320 manere,

715 1359 809 1414 sed
839 1348 1047 1414 frenum
1084 1355 1347 1426 injiciunt,
1387 1359 1683 1424 ceteraque
1725 1341 2026 1421 hujusmodi
2050 1346 2232 1432 omnia
2257 1359 2289 1400 a

718 1449 976 1522 principio
1004 1447 1292 1515 adhibent;
1319 1435 1455 1502 alios
1490 1449 1667 1501 autem
1695 1457 1822 1501 suos
1846 1443 2071 1512 juvenes
2107 1440 2291 1496 sinunt

717 1539 949 1596 infrenes
977 1539 1224 1604 circuire,
1248 1538 1666 1608 intemperanter
1689 1535 1880 1591 scortis
1897 1543 1952 1588 et
1977 1533 2107 1589 aleis
2135 1530 2286 1588 dedi-

714 1639 817 1697 tos,
847 1636 1006 1701 atque
1041 1629 1218 1700 iniqua
1249 1626 1818 1698 theatra'frequentare
1855 1641 1919 1682 ac
1959 1623 2236 1695 deturpari
2272 1639 2285 1676 ε

715 1738 832 1777 enm
866 1728 978 1794 ‘p’ar
1003 1721 1190 1777 luisset
1236 1721 1329 1786 illi,
1359 1734 1428 1776 ne
1459 1727 1634 1774 scorta
1663 1717 1855 1785 adiret,
1883 1731 2107 1772 uxorem
2135 1716 2285 1780 dare,

717 1828 936 1869 uxorem
962 1820 1162 1869 castam
1210 1820 1265 1868 et
1314 1810 1623 1882 prudentem
1650 1851 1664 1874 ,
1713 1825 1832 1880 qute
1873 1808 2045 1864 virum
2080 1822 2231 1863 suum
2260 1823 2289 1862 a

717 1903 854 1959 mala
883 1903 1215 1973 absurdeque
1238 1900 1621 1958 consuetudine
1651 1899 1906 1971 abigeret,
1935 1910 1988 1954 et
2015 1913 2154 1970 equo
2183 1897 2288 1952 frc-

715 2011 839 2051 num
867 2003 1031 2050 esset.
1060 1994 1174 2048 Non
1199 1994 1339 2048 enim
1369 1990 1584 2048 aliunde
1612 1990 1986 2048 fornicationes
2012 1998 2066 2044 et
2086 1989 2289 2051 adulte-

715 2090 793 2142 ria
819 2093 994 2142 ortum
1031 2083 1245 2152 habent,
1268 2098 1425 2156 quam
1457 2099 1522 2138 ex
1544 2083 1788 2152 iuvenum
1818 2081 2046 2137 licentia.
2077 2080 2208 2135 Nam
2242 2079 2286 2134 si

715 2180 806 2235 iile
831 2191 1048 2234 uxorem
1085 2176 1276 2233 habeat
1313 2174 1649 2247 prudentem,
1681 2183 1734 2229 et
1777 2173 2085 2229 domestica:
2122 2172 2206 2227 rei
2237 2180 2290 2226 et

715 2261 877 2344 hmat'
892 2266 1403 2337 existimationisque
1445 2280 1558 2321 sum
1587 2280 1767 2320 curam
1800 2264 2034 2320 habebit.
2067 2263 2172 2319 Sed
2196 2261 2286 2334 ju-

715 2359 1254 2430 veuis'estz-inquies.
1281 2358 1404 2416 Scio
1436 2365 1492 2414 et
1510 2372 1628 2429 ego.
1655 2357 1786 2411 Nam
1815 2357 1858 2412 si
1888 2357 2034 2412 lsaae
2063 2356 2287 2426 quadra-

713 2453 856 2520 ginta
882 2466 1052 2508 annos
1074 2458 1233 2508 natus
1249 2466 1497 2522 sponsam
1527 2452 1678 2506 duxit
1703 2449 1855 2526 (Gen.
1888 2450 1980 2507 25.
2011 2450 2124 2523 20),
2148 2458 2202 2507 et
2234 2450 2295 2525 in»

713 2544 1014 2616 virginitate
1033 2551 1198 2599 totam
1240 2544 1385 2599 illam
1426 2551 1636 2598 aztatem
1678 2545 1804 2613 egit.
1845 2543 2013 2598 multo
2041 2543 2205 2613 magis
2235 2543 2286 2596 in

714 2643 854 2691 statu
883 2635 1067 2707 gratiae
1086 2634 1311 2705 juvenes
1335 2634 1722 2706 philosophiam
1739 2635 1895 2689 illam
1925 2649 2178 2690 exercere
2195 2648 2290 2704 par

713 2737 876 2783 esset.
906 2725 1011 2783 Sed
1036 2725 1168 2797 quid
1211 2725 1432 2780 iaciam?
1470 2723 1613 2779 Nihil
1640 2725 1842 2780 curatis
1869 2724 1990 2778 illos
2031 2724 2082 2779 in
2105 2724 2284 2778 conti-

713 2818 888 2872 nentia
916 2816 1173 2880 retinere,
1210 2814 1302 2870 sed
1331 2813 1467 2869 nihil
1493 2814 1642 2885 pensi
1677 2813 1901 2881 habetis,
1935 2813 2062 2868 dum
2095 2812 2292 2868 videtis

711 2909 830 2964 illos
853 2907 1147 2978 delet-pari,
1172 2906 1387 2974 fmdari,
1411 2907 1771 2977 seelestosque
1798 2905 1910 2961 fieri
1935 2920 1951 2959 :
1981 2920 2155 2976 neque
2181 2906 2287 2962 κε.

711 3000 779 3054 tis
821 2996 922 3054 hoc
975 2997 1296 3054 matrimonii
1345 2998 1550 3052 lucrum
1594 3001 1739 3064 esse,
1766 3005 1826 3052 ut
1870 3011 2068 3066 corpus
2093 3011 2285 3066 purum

710 3095 950 3144 servetur
976 3106 989 3142 :
1019 3089 1122 3142 nisi
1147 3087 1249 3143 hoc
1271 3096 1434 3153 esset,
1456 3087 1598 3142 nulla
1626 3096 1767 3142 esset
1786 3085 2035 3143 connubii
2062 3087 2281 3143 utilitas.

711 3178 819 3235 Vos
841 3186 1048 3245 contra,
1071 3187 1352 3254 postquam
1376 3177 1670 3234 innumeris
1691 3168 1911 3233 maculis
1938 3173 2123 3233 foedati
2139 3188 2281 3244 sunt,

710 3281 834 3325 tunc
861 3270 966 3324 illis
992 3282 1213 3324 uxorem
1241 3268 1411 3334 datis,
1457 3268 1616 3338 idque
1646 3267 1839 3324 frustra
1874 3277 1930 3323 et
1956 3268 2076 3325 sine
2102 3282 2281 3324 causa.

707 3358 810 3419 Sed
851 3362 1263 3433 exspectandum
1307 3371 1416 3430 est,
1459 3362 1697 3432 inquies,
1751 3360 1924 3417 donec
1965 3361 2284 3431 conspicuus

709 3453 917 3522 evadat,
944 3464 999 3510 et
1025 3454 1080 3509 iu
1101 3452 1346 3509 civilibus
1371 3453 1598 3523 negotiis
1627 3453 1808 3507 clarus
1835 3451 1924 3507 sit.
1956 3451 2161 3508 Anima:
2187 3466 2283 3505 au-

708 3554 816 3600 tem
859 3545 1000 3599 illius
1038 3546 1300 3600 rationem
1329 3541 1528 3598 nullam
1558 3541 1784 3609 habetis,
1837 3541 2090 3611 illamque
2135 3540 2282 3608 deje-

709 3648 846 3692 ctatn
875 3637 991 3692 sine
1015 3636 1126 3692 Illo
1154 3649 1312 3692 sensu
1348 3633 1672 3705 conspicitis.
1707 3633 1833 3688 ideo
1857 3632 2037 3687 omnia
2071 3641 2279 3700 pertur-

707 3726 920 3786 htioue
944 3726 1278 3798 tumultuque
1315 3727 1467 3797 plena
1497 3733 1640 3791 sunt,
1684 3724 1808 3795 quia
1856 3723 1945 3778 illa
1973 3722 2276 3794 negligitur,

706 3806 828 3889 quia
865 3834 986 3890 quae
1010 3819 1312 3876 necessaria
1337 3827 1462 3874 sunt
1491 3833 1595 3874 non
1633 3815 2055 3883 curantur,‘dnm
2076 3831 2140 3871 ea
2159 3830 2278 3886 qum

705 3909 903 3965 duilius
920 3919 1048 3965 sunt
1076 3910 1230 3980 pretii
1275 3919 1462 3982 magna
1499 3907 1864 3966 sollicitudine
1892 3906 2160 3962 fovemur.
2194 3907 2277 3961 An

704 4001 878 4057 nescis
908 4011 959 4056 te
987 4001 1253 4058 nihil'ﬂlio
1290 4013 1397 4058 tam
1423 4002 1656 4074 optabile
1681 4003 1810 4057 dare
1837 4014 2015 4071 posse,
2045 4015 2204 4070 quam
2232 4003 2275 4055 si

705 4092 854 4147 illum
878 4107 1062 4149 serves
1082 4108 1274 4164 purum
1300 4108 1331 4149 a
1356 4093 1654 4150 meretricia
1684 4088 2066 4147 consuetudine
2093 4090 2108 4119 ‘
2135 4089 2159 4142 i
2182 4089 2278 4144 Ni-

764 4332 783 4364 '
817 4337 962 4395 υιιυβ,
984 4330 1035 4395 ει
1049 4330 1189 4383 ωιτη
1222 4346 1380 4395 εενυα
1401 4331 1686 4395 verentia.
1987 4327 2275 4389 mm:

701 4399 747 4443 et
768 4388 1282 4459 pmui'ab'amatoriu

1493 415 1550 471 S.
1593 409 1868 470 JOANNIS
1904 407 2371 468 CllRYSOSTOMI
2412 409 2722 468 ARCIIIEP.
2763 407 3292 474 CONSTANTINOP.

2406 525 2475 580 hil
2503 527 2697 597 quippe
2733 535 2840 583 tam
2886 529 3177 600 pretiosum
3226 540 3329 599 est,
3380 544 3536 604 quam
3580 537 3797 592 anima:
3846 541 3967 605 Quid

2399 617 2529 673 enim
2575 619 2778 688 prodest
2813 620 3004 675 homini
3047 623 3377 699 sixntundum
3424 626 3708 682 attriverant
3737 628 3963 698 lucretur,

2403 713 2594 768 animi:
2623 729 2739 769 sero
2777 729 2887 769 sum
2922 714 3290 769 detrimentum
3336 719 3570 784 patiatur
3617 714 3840 788 (Matth.
3880 722 3954 774 ιϐ.

2400 801 2490 873 26)
2511 804 2537 857 ?
2565 796 2760 860 Verum
2792 807 2972 862 omnia
3007 808 3263 878 pervertit
3297 820 3350 864 et
3378 809 3572 878 d'ejecit
3601 810 3952 880 pecuniarum

2402 908 2576 962 amor,
2610 894 2809 968 Deique
2841 899 3089 954 timerem
3118 900 3382 966 decussit,
3417 901 3558 956 sicut
3586 909 3853 972 tyrannus
3883 917 3959 956 ar-

2401 999 2540 1050 cem,
2587 986 2666 1042 sic
2695 989 2907 1044 animas
2937 1002 3234 1060 occupans.
3281 991 3495 1047 Idcirco
3538 1001 3592 1047 et
3643 991 3878 1046 ﬁliorum
3910 1000 3961 1048 et

2395 1087 2632 1133 nostram
2659 1077 2971 1150 negligimus
3000 1078 3247 1148 salutem,
3276 1079 3327 1136 id
3354 1096 3514 1136 unum
3540 1092 3813 1149 curantes,
3839 1095 3964 1152 quo-

2393 1169 2554 1225 modo
2577 1170 2937 1240 opulentiores
2969 1167 3170 1238 eil‘eeti,
3201 1170 3414 1227 divitias
3443 1171 3562 1227 aliis
3587 1171 3960 1242 relinquamus,

2392 1270 2446 1317 et
2474 1261 2544 1317 illi
2587 1263 2739 1329 aliis,
2770 1261 2932 1333 hique
2967 1277 3177 1318 rursum
3218 1263 3466 1334 posteris,
3497 1264 3679 1334 sicque
3710 1265 3959 1334 pecunia-

2392 1368 2508 1408 rum
2537 1365 2590 1408 et
2615 1355 3018 1424 possessionum
3039 1355 3458 1420 transmissurus,
3485 1367 3541 1410 ut
3565 1355 3635 1412 ita
3666 1356 3867 1424 dicam,
3893 1355 3963 1411 ei~

2395 1446 2624 1512 (icimur,
2655 1461 2759 1502 non
2793 1460 3152 1516 possessores.
3199 1447 3334 1504 Hinc
3380 1463 3569 1519 magna
3620 1449 3966 1519 insipientia;

2393 1535 2516 1591 hinc
2543 1537 2693 1592 liberi
2725 1538 2896 1592 servis
2925 1537 3142 1593 viliores
3171 1537 3482 1608 liu'nt..Nam
3511 1552 3697 1594 servos
3734 1539 3834 1593 etsi
3865 1553 3967 1592 non

2395 1628 2628 1697 ipsorum
2655 1642 2833 1694 causa,
2868 1629 3032 1684 nostri
3063 1629 3232 1698 gratia
3270 1639 3447 1684 tamen
3487 1629 3808 1700 castigamus
3846 1644 3860 1680 :
3903 1629 3964 1682 li-

2393 1717 2508 1773 beri
2548 1726 2726 1773 autem
2761 1732 2868 1774 non
2894 1717 3004 1787 pari
3038 1703 3288 1773 fruuntur
3315 1718 3664 1788 providentia,
3695 1719 3786 1774 aet
3813 1734 3843 1773 a
3871 1733 3962 1773 no-

2391 1809 2475 1865 bis
2501 1811 2692 1866 minori
2719 1825 2878 1882 quam
2906 1811 3044 1865 servi
3075 1812 3125 1865 in
3151 1811 3324 1881 pretio
3362 1810 3646 1866 habentur.
3673 1810 3875 1882 Ecquid
3904 1808 3966 1866 de

2392 1901 2564 1957 servis
2583 1902 2772 1972 loquor
2787 1902 2810 1956 i
2825 1901 3048 1956 Liberos
3075 1901 3248 1956 minus
3267 1915 3426 1972 quam
3450 1901 3679 1970 pecudes
3699 1914 3963 1965 curamus,

2391 1992 2459 2049 de
2485 1993 2648 2049 asinis
2672 2001 2727 2049 et
2753 1982 2904 2064 equis
2943 1992 3112 2064 magis
3137 1991 3349 2048 solliciti
3394 2007 3600 2060 sumus,
3627 2007 3788 2062 quam
3813 1991 3882 2047 de
3909 1990 3965 2048 li-

2393 2084 2496 2140 liis.
2524 2085 2719 2140 Mulum
2739 2087 2783 2139 si
2804 2085 2926 2156 quis
2950 2084 3164 2152 habeat,
3185 2083 3409 2140 multum
3435 2096 3585 2139 curat
3608 2094 3664 2140 ut
3684 2099 3965 2155 agasonem

2393 2177 2465 2232 illi
2493 2179 2750 2248 optimum
2778 2177 3074 2248 provideat,
3107 2191 3211 2232 non
3234 2176 3550 2247 improbum,
3580 2193 3686 2232 non
3709 2177 3963 2242 furacem,

2393 2283 2496 2324 non
2530 2269 2897 2337 temulentum,
2947 2283 3052 2324 non
3099 2269 3230 2324 artis
3272 2283 3384 2325 sum
3424 2268 3725 2340 imperitum
3753 2287 3772 2325 :
3797 2272 3842 2324 si
3873 2285 3966 2324 au-

2395 2367 2500 2415 tem
2529 2359 2639 2415 ﬁlio
2664 2360 3004 2431 paedagogum
3030 2359 3159 2416 dare
3193 2373 3328 2429 opus
3370 2360 3471 2426 sit,
3500 2373 3626 2414 casu
3652 2368 3707 2415 et
3733 2360 3850 2414 sine
3878 2359 3965 2414 ole-

2392 2451 2533 2508 l'ectu
2558 2451 2770 2507 obvium
2792 2466 3055 2524 quemque
3080 2452 3406 2522 excipimus;
3433 2452 3532 2508 etsi
3560 2450 3658 2506 bac
3686 2460 3799 2506 arte
3825 2453 3964 2506 nulla

2391 2543 2464 2598 sit
2487 2543 2676 2612 major.
2721 2542 2858 2610 Quid
2903 2559 2999 2614 par
3043 2543 3118 2598 illi
3146 2543 3245 2598 arti
3287 2557 3406 2613 quae
3433 2541 3724 2613 dirigendae
3751 2544 3965 2607 animat,

2391 2643 2444 2690 et
2467 2634 2811 2690 eti’ormandte
2835 2634 3049 2705 juvenis
3075 2635 3238 2690 menti
3274 2642 3327 2691 et
3352 2635 3518 2690 indoli
3544 2634 3840 2690 incumbit?
3869 2637 3967 2701 Qui

2393 2725 2483 2782 teli
2511 2727 2801 2783 instructus
2829 2736 2911 2783 est
2956 2727 3221 2792 facultate,
3265 2726 3381 2796 plus
3404 2725 3692 2796 diligentia!
3718 2725 3966 2782 exhibeat

2391 2826 2628 2888 oportet,
2651 2831 2810 2889 quam
2839 2817 3013 2889 quivis
3043 2817 3214 2888 pictor
3237 2825 3329 2872 aut
3362 2818 3670 2872 statuarius.
3697 2817 3764 2872 At
3789 2833 3890 2874 nos
3919 2815 3969 2870 id

2391 2909 2520 2965 nihil
2545 2924 2814 2977 curamus,
2841 2908 2933 2965 sed
2977 2908 3028 2964 id
3071 2923 3233 2963 unum
3273 2916 3575 2978 spectamus
3603 2949 3619 2974 ,
3650 2915 3706 2962 ut
3734 2908 3968 2978 linguam

2388 2999 2610 3056 ediscat.
2653 2992 2892 3070 illudque
2932 2998 3222 3069 satagimus
3256 3006 3458 3054 tantum
3487 3013 3646 3068 opum
3686 2997 3966 3070 acquiren-

2386 3091 2572 3146 darum
2598 3105 2780 3146 causa.
2810 3089 2928 3145 Non
2954 3090 3094 3146 enim
3127 3098 3182 3145 ut
3207 3089 3348 3160 loqui
3378 3090 3571 3158 valeat,
3600 3089 3693 3145 sed
3721 3098 3779 3144 ut
3805 3104 3968 3160 pecu-

2388 3193 2502 3248 nias
2531 3191 2767 3262 colligat,
2809 3189 3041 3261 linguam
3084 3187 3306 3254 ediscit;
3338 3187 3409 3243 ita
3453 3195 3511 3241 ut
3551 3187 3598 3242 si
3646 3187 3848 3257 absque
3891 3186 3970 3240 ιο.

2387 3281 2581 3354 quendi
2623 3281 2871 3337 facultate
2916 3288 3136 3351 possent
3179 3279 3477 3346 ditescere,
3532 3279 3662 3334 nihil
3711 3278 3850 3334 hanc
3888 3277 3969 3333 di-

2385 3371 2660 3442 sciplinam
2703 3386 3032 3428 curaremus.
3069 3369 3258 3425 Viden’
3283 3381 3477 3441 quanta
3517 3369 3590 3426 sit
3623 3370 3973 3442 pecuniarum

2387 3461 2661 3533 tyrannis?
2683 3462 2953 3533 quomodo
2978 3462 3156 3516 omnia
3182 3459 3415 3527 invadat,
3445 3459 3792 3530 hominesque
3825 3470 3969 3514 tam-

2383 3567 2542 3623 quam
2584 3552 2843 3621 mancipia
2880 3551 3124 3623 quaedam
3153 3551 3325 3606 vincta
3355 3547 3530 3604 trahat
3567 3564 3674 3620 quo
3705 3549 3876 3605 velit?
3903 3551 3971 3604 At

2384 3643 2525 3715 quod
2551 3645 2755 3699 lucrum
2785 3643 2939 3699 nobis
2966 3659 3033 3698 ex
3067 3652 3145 3699 tot
3186 3641 3682 3699 criminationibus?
3711 3640 3816 3697 N05
3842 3657 3972 3697 vero

2383 3736 2467 3792 bis
2493 3734 2637 3790 illam
2666 3734 2999 3806 tyrannidem
3047 3735 3350 3805 impetimus
3374 3751 3391 3789 :
3418 3733 3503 3788 illa
3535 3734 3698 3789 rebus
3733 3747 3833 3790 nos
3869 3748 3966 3790 su-

2383 3837 2554 3901 perat.
2579 3828 2847 3884 Cmteruiu
2897 3842 3066 3898 neque
3115 3829 3192 3882 sic
3230 3825 3565 3884 cessabimus
3611 3825 3752 3882 illam
3787 3826 3970 3882 verbis

2381 3921 2684 3992 exagitare:
2716 3928 2772 3975 et
2790 3920 2834 3975 si
2857 3919 2984 3990 quid
3012 3918 3254 3974 oratione
3274 3931 3684 3987 consequamur.
3710 3925 3765 3972 et
3785 3931 3888 3972 nos
3915 3925 3971 3973 et

2383 4027 2476 4067 vos
2502 4011 2858 4076 locrabimur;
2898 4010 2980 4064 sin
3024 4010 3076 4064 in
3117 4011 3390 4078 proposito
3421 4007 3793 4078 perseveretis.
3822 4008 3971 4077 quod

2381 4102 2549 4158 nostri
2569 4099 2730 4156 cilicii
2757 4108 2873 4154 erat
2897 4098 3298 4170 perfecerimus.
3328 4097 3468 4153 Deus
3496 4106 3674 4152 autem
3719 4105 3772 4154 et
3801 4113 3900 4152 vos
3935 4112 3970 4154 a

2382 4190 2570 4248 morbo
2595 4191 2688 4245 illo
2733 4189 2942 4254 liberet,
2976 4200 3028 4244 et
3057 4188 3212 4244 nobis
3249 4187 3300 4242 id
3325 4187 3583 4253 ceni’erat,
3616 4196 3673 4241 ut
3719 4188 3770 4243 in
3813 4187 3970 4243 vobis

2379 4286 2671 4357 gloriemur
2694 4301 2707 4338 :
2733 4282 2983 4353 quoniam
3011 4281 3108 4351 ipsi
3137 4280 3302 4352 gloria
3319 4289 3371 4335 et
3396 4280 3748 4350 imperiumin
3765 4280 3973 4336 secula

2378 4376 2714 4432 saeculorum
2749 4376 2939 4428 Amen.

707 4506 3970 4539 W

1902 4590 2244 4653 HOMILIA
2284 4588 2422 4650 LX.
2467 4587 2552 4649 al.
2597 4584 2765 4666 LXI.

697 4742 824 4798 CAP.
856 4744 942 4798 l8.
985 4759 1038 4796 v.
1078 4736 1170 4798 15.
1224 4741 1286 4797 Si
1334 4739 1611 4812 peccauerit
1633 4738 1685 4792 in
1709 4745 1765 4792 te
1785 4740 1942 4810 frater
1963 4747 2099 4800 ntus,
2120 4734 2267 4801 uade,

769 4833 967 4904 corripe
988 4832 1132 4886 illum
1154 4832 1289 4886 inter
1313 4839 1359 4886 te
1379 4840 1430 4885 et
1445 4831 1614 4901 ipsum
1637 4830 1827 4884 solum.
1855 4827 1916 4884 Si
1944 4827 2225 4883 “audierit
2252 4859 2274 4894 ,

769 4927 991 4979 leuatus
1013 4936 1067 4978 es
1089 4910 1300 4993 fratrem
1330 4928 1504 4986 tuum;
1529 4920 1606 4974 sin
1635 4936 1734 4973 non
1749 4918 1998 4983 “audierit,
2021 4926 2128 4972 etc.

769 5018 822 5072 ί.
853 5017 985 5087 Quia
1015 5016 1124 5070 acri
1151 5015 1392 5071 oratione
1429 5012 1686 5068 adversus
1717 5025 1812 5067 eos
1837 5011 1932 5081 qui
1948 5010 2068 5066 aliis
2094 5008 2259 5064 oﬂ’eu—

699 5102 875 5163 diculo
899 5113 1081 5161 essent
1106 5116 1255 5169 usus,
1283 5101 1513 5173 undique
1543 5101 1661 5158 illos
1687 5109 1988 5167 terruerat,
2019 5114 2090 5154 ne
2113 5098 2268 5154 dein-

699 5214 826 5269 cepa
853 5196 1029 5267 supini
1059 5202 1342 5251 manerent:
1427 5195 1518 5265 qui
1539 5192 1878 5249 seattdaliaati
1904 5193 2147 5255 fuerant,
2175 5205 2269 5246 ne-

696 5287 799 5359 que
827 5290 930 5345 rati
968 5291 1137 5345 totum
1182 5289 1243 5342 iis
1277 5287 1410 5342 alios
1451 5284 1749 5356 conjectum
1799 5285 1997 5347 luisse,
2032 5283 2085 5337 in
2125 5282 2266 5337 aliud

696 5381 882 5436 Vitium
906 5376 1676 5451 pmrumperent‘luxuriantes
1693 5417 1708 5440 ,
1737 5385 1796 5432 et
1822 5389 1882 5432 se
1905 5375 2051 5430 cultu
2077 5372 2265 5444 dignos

696 5476 832 5538 rati,
860 5473 913 5528 in
945 5471 1299 5542 arrogantiam
1323 5468 1639 5524 devenirent
1657 5506 1673 5533 ,
1698 5467 1821 5524 vide
1847 5466 2114 5538 quomodo
2142 5465 2262 5520 illos

695 5566 985 5636 reprimat,
1008 5562 1297 5632 juheatque
1333 5558 1761 5630 redargutionem
1804 5559 1943 5614 inter
1978 5557 2110 5612 duos
2150 5566 2262 5610 tan-

694 5669 806 5711 tum
835 5653 947 5710 ileri
979 5669 991 5708 :
1025 5666 1092 5708 ne
1121 5651 1346 5722 plurium
1370 5649 1671 5705 testimonio
1699 5649 1994 5721 graviorem
2014 5647 2262 5704 redderet

691 5745 1078 5803 amtionem
1103 5783 1120 5811 ,
1146 5751 1200 5798 et
1224 5741 1541 5812 paulantior
1569 5739 1658 5798 ille
1684 5743 1852 5796 lactus
1871 5781 1886 5807 ,
1917 5748 2102 5794 curatu
2121 5738 2259 5793 dim-

695 5839 844 5894 uilior
870 5837 1019 5894 foret.
1055 5836 1182 5893 ideo
1209 5835 1319 5891 ait:
1362 5832 1498 5889 Inter
1527 5844 1575 5890 te
1601 5844 1646 5889 et
1669 5834 1835 5904 ipsum
1860 5832 2041 5888 solum.
2079 5831 2140 5888 Si
2161 5849 2258 5888 att-

2380 4730 2526 4785 dierit
2548 4773 2561 4793 ,
2604 4729 2829 4784 (matus
2867 4725 2967 4781 eris
2998 4729 3204 4782 Iratrem
3231 4737 3396 4780 tum.
3424 4725 3565 4795 Quid
3587 4735 3671 4783 est
3697 4727 3826 4784 illud
3853 4771 3869 4794 ,
3903 4731 3971 4788 Si

2377 4822 2638 4877 audierit?
2664 4821 2720 4876 Si
2751 4834 2812 4874 se
2837 4818 3166 4874 damnaverit
3189 4861 3204 4884 ,
3235 4819 3277 4873 si
3320 4833 3638 4889 persuasum
3679 4820 3878 4877 habeat
3905 4840 3967 4881 se

2375 4927 2646 4986 peccasse.
2676 4909 2928 4967 Latratus
2953 4924 3006 4964 es
3035 4912 3243 4981 fratrem
3261 4918 3424 4964 tuum.
3450 4909 3565 4966 Non
3597 4897 3745 4979 dicit,
3769 4928 3970 4983 pestas

2371 5003 2643 5075 espetiisti
2683 5010 2938 5072 quantum
2985 5001 3114 5055 satis
3142 4995 3261 5056 erat
3279 5042 3294 5065 ,
3327 5001 3422 5056 sed
3448 5041 3462 5067 ,
3490 5000 3812 5063 Lscratasss
3841 5005 3966 5074 fra-

2373 5106 2500 5151 trem
2529 5103 2707 5148 tuum:
2738 5101 2795 5147 ut
2817 5090 3066 5147 ostendat
3089 5106 3153 5146 es
3184 5091 3456 5147 inimicitia
3485 5107 3767 5149 commune
3789 5093 3970 5152 detri-

2371 5197 2618 5246 mentum
2635 5186 2782 5242 oriri.
2817 5184 2932 5240 Non
2963 5184 3108 5240 enim
3138 5183 3303 5250 dixit,
3337 5184 3596 5241 Lucratus
3623 5197 3706 5242 est
3733 5186 3822 5243 ille
3842 5190 3967 5245 sei-

2371 5297 2549 5352 psum,
2576 5278 2694 5346 sed,
2720 5277 2799 5333 Tu
2827 5277 3000 5347 ipsum
3031 5276 3268 5332 lucratus
3291 5290 3350 5332 es
3373 5293 3388 5342 ;
3416 5276 3608 5348 quibus
3635 5277 3879 5335 declarat
3909 5292 3968 5337 et

2371 5373 2513 5428 hunc
2542 5379 2596 5427 et
2636 5370 2788 5424 illum‘
2812 5367 3189 5423 detrimentum
3216 5376 3368 5422 antea
3398 5381 3583 5438 passos
3612 5381 3751 5432 esse,
3783 5368 3962 5426 alium

2369 5463 2553 5519 fratris
2576 5503 2591 5528 ,
2621 5461 2784 5515 alium
2827 5459 3013 5514 salutis
3054 5472 3186 5513 suae.
3227 5456 3313 5514 Ad
3337 5457 3440 5514 hoc
3481 5458 3793 5514 hortabatur
3827 5475 3968 5519 eum

2368 5553 2582 5610 sederet
2607 5553 2660 5607 in
2691 5559 2873 5607 monte
2898 5567 2912 5602 :
2940 5549 3101 5605 modo
3132 5549 3314 5604 laesum
3337 5548 3404 5604 ad
3430 5548 3711 5605 laedentem
3735 5550 3970 5608 mittens

2366 5658 2421 5705 et
2461 5648 2682 5704 dicens:
2714 5647 2774 5703 Si
2799 5646 2868 5699 ad
2908 5647 3070 5700 altare
3114 5655 3255 5699 stans
3297 5642 3592 5698 recordatus
3633 5643 3788 5713 fuerit
3829 5645 3966 5714 quia

2367 5743 2526 5811 frater
2553 5748 2669 5792 tuus
2695 5739 2839 5791 habet
2864 5737 3054 5807 aliquid
3082 5735 3348 5791 adversum
3373 5746 3442 5802 te,
3463 5735 3608 5800 vade,
3627 5735 3968 5808 reconciliare

2362 5833 2514 5901 fratri
2559 5839 2645 5887 tuo
2690 5829 2903 5903 (Matth.
2937 5829 2988 5886 5.
3021 5827 3109 5885 23.
3139 5827 3276 5900 2i);
3322 5826 3482 5884 modo
3525 5828 3710 5883 latium
3757 5825 3965 5897 jubens
