4186 6494
199 479 301 536 585

202 618 447 686 proximo
474 617 756 676 dimittere
780 636 798 676 :
840 617 1053 674 Dimitte
1075 617 1218 674 nobis
1244 619 1411 674 debita
1437 627 1610 672 nostra
1629 660 1642 683 ,
1671 616 1803 672 sicut

203 719 248 764 et
276 726 366 764 nos
396 709 705 765 dimittimus
729 711 1031 767 debitoribus
1054 713 1259 778 nostris,
1285 711 1500 782 (Matth.
1530 709 1583 767 6.
1610 707 1720 782 19).
1750 709 1801 764 id

203 801 381 857 dicere
396 803 600 858 docuit.
625 803 720 858 llic
746 819 872 859 vero
891 804 1048 858 alium
1079 802 1362 874 quemdam
1380 802 1596 858 modum
1623 802 1797 856 adert.

203 892 318 949 Non
339 895 484 949 enim
503 894 808 962 lmdentem,
828 896 925 953 sed
948 897 1132 952 Iasum
1151 895 1350 951 inducit
1369 895 1434 950 ad
1454 897 1647 965 ipsum.
1667 893 1798 948 Nam

203 989 326 1057 quia
342 987 429 1041 ille
447 987 562 1060 ,qni
575 986 804 1056 laaserat,
819 1004 924 1044 non
939 987 1093 1045 facile
1108 988 1340 1044 venisset
1355 987 1419 1043 ad
1438 985 1797 1044 excusandum

201 1096 297 1146 se,
327 1080 642 1151 pudefactus
667 1090 720 1138 ct
746 1082 1084 1148 erubescens,
1118 1082 1302 1136 lassum
1328 1080 1396 1136 ad
1426 1079 1574 1135 illum
1595 1078 1794 1145 trahit;

205 1187 380 1243 neque
410 1170 606 1228 frustm
631 1213 649 1240 ,
680 1172 773 1228 sed
805 1181 861 1226 ut
887 1171 1082 1227 factum
1110 1172 1386 1240 resarciat.
1414 1169 1597 1242 Neque
1624 1169 1753 1226 dicit
1778 1211 1793 1238 ,

202 1267 408 1320 Accusa
430 1308 447 1332 ,
476 1281 589 1331 nec,
618 1265 858 1336 lncrepa,
883 1264 990 1331 vel,
1020 1265 1212 1320 Poenas
1237 1273 1461 1335 repete;
1484 1263 1794 1334 sed,Argue.

203 1356 299 1412 Ille
330 1357 662 1429 namqueira
688 1364 742 1412 et
765 1355 969 1427 pudore
993 1370 1093 1412 ceu
1123 1355 1359 1428 quodam
1383 1369 1582 1427 sopore
1615 1354 1796 1410 ebrius

201 1449 499 1504 retinetur:
549 1458 602 1505 te
640 1463 769 1503 vero
807 1447 964 1504 decet
1013 1461 1202 1503 sanum
1251 1447 1399 1503 illum
1446 1455 1796 1518 aegrotantem

201 1539 354 1595 adire
378 1581 393 1605 ,
423 1539 688 1609 privatum
710 1539 969 1609 judicium
999 1540 1324 1596 constituere
1348 1583 1362 1607 ,
1394 1540 1796 1610 remediumque

197 1631 552 1702 aeceptabile.
606 1630 737 1687 Illud
763 1631 909 1687 enim
933 1673 950 1699 ,
979 1630 1172 1704 Argue,
1198 1631 1330 1689 nihil
1358 1632 1498 1687 aliud
1525 1642 1606 1688 cst
1634 1647 1796 1704 quam

197 1724 481 1781 Peccatum
507 1723 560 1781 in
587 1725 896 1781 memoriam
917 1740 1130 1792 revoca,
1149 1725 1236 1782 dic
1258 1727 1443 1798 ei-qua:
1465 1726 1533 1783 ab
1557 1727 1647 1783 illo
1674 1743 1795 1798 pas-

195 1833 290 1872 sus
302 1817 474 1873 sis:id
491 1807 633 1889 quod
660 1817 704 1874 si
732 1819 947 1876 decenti
966 1820 1128 1876 modo
1157 1819 1268 1886 ﬁat,
1286 1836 1406 1892 pars
1434 1820 1677 1890 quaedam
1701 1821 1796 1876 de-

196 1907 457 1964 fensionis
479 1917 578 1977 est,
610 1924 730 1982 quae
757 1911 825 1967 ad
852 1911 1342 1969 reconciliationem
1371 1910 1617 1983 impellit.
1650 1911 1790 1980 Quid

194 2001 378 2073 igitur,
405 2003 449 2060 si
485 2018 593 2059 non
627 2017 834 2061 morem
875 2013 1059 2078 gerat,
1085 2015 1142 2063 et
1187 2005 1232 2062 si
1267 2005 1432 2062 durus
1457 2020 1519 2062 ac
1547 2007 1793 2077 pertinax

193 2093 400 2150 fuerit?
421 2097 507 2152 I6.
538 2096 751 2153 Assume
769 2108 928 2154 tecum
955 2116 1112 2154 unum
1131 2109 1220 2154 aut
1247 2100 1394 2166 duos,
1413 2111 1469 2155 ut
1484 2101 1537 2155 in
1564 2117 1651 2155 ore
1671 2101 1793 2155 duo-

192 2203 306 2242 rum
326 2189 524 2244 testium
537 2198 628 2244 stet
644 2208 790 2246 omne
805 2192 1027 2247 verbum.
1054 2190 1186 2248 Nam
1206 2201 1406 2264 quanto
1425 2193 1791 2264 impudentior

189 2289 244 2334 et
263 2281 592 2351 petulantior
623 2280 798 2350 fuerit,
819 2293 963 2339 tanto
976 2286 1146 2357 magis
1161 2285 1227 2341 ad
1246 2285 1509 2342 medelam
1536 2287 1791 2343 festinare

190 2379 430 2440 oportet,
461 2388 566 2427 non
601 2373 671 2428 ad
700 2374 834 2430 iram
862 2385 917 2432 et
946 2376 1384 2449 indignationem.
1426 2377 1561 2434 Nam
1590 2390 1645 2435 et
1670 2393 1788 2435 me-

189 2457 370 2528 dicus,
400 2476 523 2518 cum
554 2465 854 2534 graviorem
877 2466 1069 2523 viderit
1095 2468 1342 2524 morbum
1369 2512 1385 2537 ,
1413 2486 1520 2525 non
1550 2469 1783 2536 desistit,

192 2565 296 2606 nec
339 2566 484 2624 a'gre
524 2553 660 2622 fert,
685 2555 779 2611 sed
812 2566 937 2614 tunc
979 2559 1149 2630 magis
1176 2574 1298 2617 sese
1342 2571 1598 2632 apparat,
1645 2562 1786 2634 quod

193 2644 359 2700 etiam
390 2646 478 2701 hic
504 2646 680 2705 facere
708 2652 969 2723 praecipit.
1015 2653 1148 2720 Quia
1177 2655 1322 2710 enim
1347 2655 1495 2710 solus
1522 2654 1788 2713 inﬁrmior

189 2736 336 2794 visus
364 2753 423 2794 es
450 2780 468 2808 ,
497 2755 562 2796 ex
587 2741 954 2800 additamenta
979 2738 1168 2802 fortior
1190 2758 1327 2804 esto.
1359 2747 1493 2804 Nam
1520 2746 1629 2804 duo
1655 2750 1786 2806 satis

186 2837 316 2885 sunt
352 2830 419 2886 ad
447 2841 760 2904 peccantem
800 2835 1250 2910 redarguendum.
1285 2838 1476 2896 Viden’
1514 2841 1785 2926 quomodo

187 2935 296 2978 non
324 2923 440 2978 laesi
471 2925 648 2980 solum
671 2965 688 2992 ,
731 2927 827 2983 sed
854 2928 1016 2984 etiam
1045 2929 1291 2986 [ardentis
1321 2931 1604 2988 utilitatem
1637 2923 1785 3004 quai-

185 3013 312 3069 rat?
336 3013 470 3069 Nam
498 3016 659 3072 laesus
685 3016 775 3074 ille
796 3029 879 3076 est
900 3061 918 3087 ,
945 3021 1087 3091 quia
1116 3022 1306 3080 morbo
1331 3034 1518 3095 captus
1547 3025 1666 3092 fuit,
1692 3026 1785 3098 qui

185 3115 432 3188 aegrotat,
467 3108 765 3167 inﬁrmatur
796 3121 850 3168 et
877 3111 1079 3170 delicit.
1120 3113 1245 3171 Ideo
1281 3131 1426 3188 saepe
1453 3117 1520 3174 ad
1550 3109 1698 3176 liuuc'
1719 3121 1784 3177 il-

185 3197 296 3253 lum
325 3183 498 3267 ducit,
526 3203 813 3274 aliquando
833 3207 1007 3262 solum
1029 3250 1045 3274 ,
1072 3183 1507 3280 aliquando-cum
1538 3212 1658 3268 aliis
1682 3231 1695 3268 :
1729 3224 1784 3271 et

184 3289 229 3346 si
260 3294 710 3363 perseveraverit,
742 3311 864 3353 eum
893 3298 1150 3356 Ecclesia.
1185 3303 1274 3357 l7.
1305 3301 1423 3371 Dic,
1452 3304 1646 3377 inquit,
1674 3303 1782 3362 Ει-

185 3385 375 3441 clesiae.
420 3385 554 3442 Nam
600 3388 645 3444 si
688 3389 939 3460 patientis
967 3393 1142 3449 solum
1182 3394 1466 3453 utilitatem
1493 3409 1779 3470 quaereret,

185 3491 294 3532 non
313 3478 528 3548 juberet
551 3485 852 3556 scptuagies
877 3489 1076 3559 septies
1107 3490 1386 3560 pmnitenti
1418 3493 1628 3548 veniam
1653 3510 1782 3550 con-

183 3565 381 3625 cedere
430 3569 643 3641 (Matth.
673 3575 761 3630 l8.
789 3573 936 3652 22);
980 3594 1087 3634 non
1133 3581 1320 3649 toties;
1368 3599 1542 3656 neque
1588 3594 1667 3642 tot
1705 3586 1783 3644 illi

183 3658 554 3717 constituisset
579 3662 754 3720 morbi
780 3667 1157 3725 emendatores
1184 3688 1196 3725 :
1227 3673 1322 3728 sed
1349 3691 1414 3729 cx
1447 3673 1622 3744 primo
1665 3679 1780 3734 col-

185 3747 370 3821 loquio
397 3751 545 3808 illum
570 3754 897 3814 obstinatum
922 3772 1231 3820 manentem
1259 3766 1401 3823 foras
1430 3769 1776 3842 reliquisset:

185 3857 331 3899 nunc
361 3859 486 3902 vero
522 3856 576 3904 et
600 3850 767 3906 semel
805 3861 860 3908 et
883 3851 968 3910 bis
991 3863 1046 3910 et
1086 3865 1169 3912 ter
1193 3856 1344 3918 illum
1369 3876 1561 3919 curare
1584 3863 1777 3934 jubet,

185 3952 330 3995 nunc
352 3939 524 3995 solum
549 3981 565 4008 ,
595 3958 736 3999 nunc
763 3960 888 4001 cum
912 3945 1124 4004 duobus
1142 3988 1161 4018 ,
1192 3967 1333 4007 nunc
1361 3967 1484 4009 cum
1516 3955 1775 4025 pluribus.

187 4032 312 4089 Ideo
341 4049 462 4090 cum
489 4035 560 4092 de
586 4039 825 4096 externis
849 4041 1046 4113 agitur,
1077 4043 1209 4099 nihil
1243 4046 1350 4102 tale
1379 4047 1541 4116 dicit,
1569 4049 1686 4116 sed,
1718 4049 1780 4106 Si

181 4126 297 4195 quis
324 4136 372 4181 te
394 4130 662 4207 percutiat,
696 4132 950 4202 inquit,in
970 4138 1237 4193 maxillam
1260 4141 1539 4207 dexteram,
1571 4154 1706 4199 verte
1732 4145 1778 4200 ei

183 4228 232 4272 et
253 4218 448 4285 aliam;
477 4206 575 4277 hic.
588 4237 718 4279 vero
749 4240 854 4281 non
879 4227 979 4283 sic.
1003 4228 1159 4298 Quod
1185 4232 1346 4286 etiam
1379 4206 1575 4290 Paulus
1610 4236 1774 4292 dicit:

186 4309 327 4378 Quid
355 4311 481 4366 mibi
505 4321 556 4369 et
578 4314 642 4370 de
669 4319 888 4374 extemis
901 4320 1142 4391 judicare
1166 4322 1242 4394 (I.
1266 4322 1384 4380 Cor.
1411 4327 1466 4382 5.
1490 4325 1618 4400 ην
1649 4329 1782 4386 Fra-

184 4412 295 4457 tres
327 4417 454 4458 vero
483 4413 537 4460 et
564 4420 791 4478 arguere
833 4419 888 4466 et
925 4422 1174 4470 avertere
1197 4415 1392 4486 jubet,
1442 4433 1505 4473 ac
1534 4420 1638 4476 nisi
1676 4421 1778 4477 ob-

184 4504 507 4567 temperent,
534 4499 850 4560 abscindere
871 4545 888 4572 ,
920 4515 978 4561 ut
1003 4508 1208 4578 pudore
1243 4510 1638 4569 suﬂ'undantur.
1665 4515 1779 4573 IIoc

180 4599 238 4645 et
264 4589 380 4660 ipse
403 4592 527 4647 facit
547 4593 651 4662 hic,
673 4611 797 4653 cum
819 4597 888 4656 de
913 4599 1169 4659 fratribus
1195 4604 1366 4675 legem
1392 4608 1613 4664 statuit:
1645 4618 1780 4666 tres-

179 4697 289 4751 que
320 4683 419 4753 ipsi
446 4687 628 4743 statuit
651 4688 903 4748 doctores
942 4702 997 4748 et
1019 4693 1253 4764 judiees,
1285 4698 1375 4769 qui
1401 4699 1630 4756 doceant
1657 4719 1777 4773 quae
1822 4732 1825 4734 -

181 4774 237 4830 in
269 4777 582 4834 temulentis
615 4793 916 4853 perpetrata
946 4796 1091 4844 sunt.
1122 4788 1255 4845 Nam
1300 4791 1402 4847 etsi
1432 4792 1547 4866 ipse
1572 4805 1657 4851 est
1685 4798 1778 4870 qui

181 4868 365 4922 omnia
394 4868 625 4928 absurda
655 4874 745 4931 illa
792 4875 922 4933 fecit
949 4888 1003 4935 et
1029 4880 1284 4952 loquutus
1309 4891 1425 4951 est,
1451 4886 1570 4944 aliis
1597 4868 1775 4948 tamen

179 4971 320 5027 Opus
364 4958 526 5017 habet
553 4964 643 5034 qui
686 4964 914 5034 doceant
935 5010 952 5037 ,
987 4979 1172 5043 utpote
1197 4975 1413 5044 ebrius;
1445 4993 1568 5034 nam
1602 4980 1679 5036 ira
1725 4991 1780 5039 et

182 5062 463 5123 peccatum
495 5057 774 5129 plusquam
800 5063 1032 5121 ebrietas
1076 5079 1314 5126 mentem
1345 5071 1596 5139 turbant,
1643 5087 1696 5130 et
1723 5079 1778 5132 in

181 5146 445 5216 majorem
477 5151 733 5209 insaniam
757 5157 1071 5227 conjiciunt.
1103 5160 1234 5218 Nam
1265 5165 1388 5238 quis
1425 5166 1622 5223 Davide
1649 5184 1775 5239 pru-

179 5239 396 5295 dentior
422 5251 540 5297 erat
580 5245 659 5315 (2.
706 5245 834 5319 Reg.
868 5249 994 5312 li)?
1041 5252 1294 5311 Attamen
1333 5273 1455 5312 cum
1497 5275 1770 5334 peccaret,

180 5334 314 5390 nihil
343 5338 529 5404 sensit,
563 5340 704 5409 quod
733 5344 1167 5414 concupiscentia
1201 5351 1380 5406 omnia
1409 5352 1525 5422 ejus
1557 5357 1776 5412 ratioci-

178 5426 265 5482 nia
311 5439 632 5500 occupasset
655 5474 668 5499 ,
719 5443 774 5489 et
815 5449 914 5491 ceu
941 5438 1118 5494 fumus
1146 5441 1361 5511 quidam
1393 5444 1508 5513 ejus
1538 5448 1775 5505 animum

177 5518 434 5589 repleret.
479 5521 814 5594 Quapropter
841 5529 1060 5582 lucerna
1105 5545 1240 5600 opus
1280 5533 1465 5591 habuit
1507 5553 1605 5609 per
1652 5555 1777 5609 pro-

178 5613 393 5682 plietam
415 5612 668 5683 adducta,
696 5632 760 5672 ac
784 5619 961 5675 verbis
979 5637 1097 5691 qua:
1121 5621 1330 5681 facinus
1360 5627 1458 5697 ipsi
1493 5631 1545 5684 in
1575 5647 1778 5688 memo-

173 5706 310 5760 riam
337 5706 683 5762 reducerent.
723 5707 848 5765 Ideo
877 5711 975 5768 hos
1004 5730 1144 5770 nunc
1170 5716 1234 5770 ad
1265 5732 1578 5787 peccantem
1602 5724 1773 5780 addu-

168 5795 280 5865 cit,
315 5798 408 5868 qni
436 5797 505 5855 de
534 5801 702 5871 gestis
723 5803 835 5858 suis
861 5804 1031 5877 ipsum
1057 5808 1412 5881 alloquantur.

1210 482 1275 540 IN
1316 479 1721 539 MATTIIEUM
1765 478 1996 538 IIOItIIL.
2041 483 2154 542 LX.
2195 487 2267 544 al.
2309 489 2446 546 LXI.

1984 595 2036 652 Ξ.
2072 600 2180 655 Cur
2201 610 2379 658 autem
2429 605 2571 661 hunc
2592 604 2748 676 jubet
2792 623 3020 680 arguere
3042 655 3056 679 ,
3087 629 3213 668 non.
3238 616 3402 674 alium
3450 621 3508 674 ‘3

1907 685 2040 754 Quia
2071 688 2213 747 hunc
2233 701 2416 763 utpote
2436 709 2466 748 a
2496 711 2555 752 se
2576 696 2760 753 laesum
2788 709 2844 756 et
2864 699 3056 770 injuria
3078 703 3354 774 allectum,-
3389 725 3506 766 mo,

1905 778 2143 838 deratius
2178 793 2296 839 erat
2350 786 2698 845 toleraturus.
2741 790 2856 848 Non
2893 794 3038 849 enim
3081 797 3195 866 pari
3225 798 3408 854 animo
3439 804 3510 856 ab

1905 869 2011 925 alio
2038 871 2107 928 de
2134 873 2503 944 injuria-alteri
2531 880 2708 937 oblata
2731 897 2791 938 se
2822 883 3080 957 redargui
3105 889 3354 959 patiatur,
3382 907 3509 945 cum

1905 963 2138 1020 maxime
2163 965 2311 1021 solus
2338 977 2422 1024 est
2450 969 2497 1025 is
2523 972 2612 1042 qui
2653 972 2948 1045 redarguit.
2972 976 3113 1033 Cum
3135 990 3316 1036 autem
3350 980 3396 1038 is
3417 984 3510 1054 qui

1904 1053 2149 1110 rationes
2177 1057 2246 1111 ab
2286 1057 2403 1129 ipso
2440 1063 2722 1132 expetendi
2758 1065 2848 1136 jus
2881 1066 3064 1136 habet,
3101 1071 3269 1141 ipsius
3306 1088 3507 1131 curare

1903 1145 2128 1201 salutem
2155 1147 2385 1220 videtur,
2409 1152 2454 1207 is
2481 1156 2714 1213 maxime
2742 1159 2984 1216 omnium
3024 1169 3202 1232 potest
3244 1165 3396 1223 illum
3437 1169 3506 1225 ad

1904 1235 2342 1307 resipiscentiam.
2359 1257 2572 1311 vocare,
2614 1261 2736 1303 eum
2780 1249 2961 1306 videat
2991 1250 3096 1309 hoc
3135 1269 3242 1310 non
3290 1273 3505 1327 pinnam

1901 1329 2209 1398 expetendi,
2237 1332 2331 1388 sed
2375 1336 2694 1394 emendandi
2723 1341 2895 1412 gratia
2925 1342 3066 1402 fieri.
3095 1345 3223 1404 Ideo
3257 1364 3364 1405 non
3392 1361 3508 1406 sta..-

1902 1417 1996 1472 ti-m
2025 1419 2161 1477 duos
2187 1423 2441 1482 accedere
2460 1426 2637 1498 jubet,
2662 1431 2758 1493 sed
2801 1446 2925 1489 eum
2955 1436 3159 1506 primus
3180 1438 3311 1494 nihil
3345 1443 3510 1512 proti-

1899 1522 2024 1565 cere
2065 1520 2278 1580 potest:
2334 1531 2508 1587 neque
2557 1528 2685 1576 tunc
2723 1522 3123 1582 multitudinem
3167 1529 3364 1596 mittit,
3409 1536 3505 1590 sed

1902 1616 2068 1672 usque
2093 1603 2159 1659 ad
2183 1604 2319 1662 duos
2348 1607 2517 1675 addit,
2550 1611 2635 1666 vel
2655 1613 2814 1669 etiam
2839 1631 3041 1684 unum;
3065 1634 3188 1675 cum
3211 1631 3390 1679 autem
3409 1624 3509 1681 hos

1901 1692 2241 1764 despexerit,
2276 1707 2402 1756 tunc
2427 1702 2493 1757 ad
2525 1702 2823 1762 Ecclesium
2871 1709 3022 1766 illum
3057 1709 3243 1770 mittit.
3271 1716 3360 1774 Sic
3403 1719 3506 1775 ad.-

1895 1789 2120 1858 _modum
2148 1799 2303 1847 curat
2346 1809 2416 1851 ne
2466 1799 2692 1866 proximi
2745 1813 2964 1872 peccata
3016 1807 3372 1879 evulgentur;
3405 1815 3507 1869 etsi

1900 1882 2134 1950 potuerit
2185 1899 2215 1938 a
2271 1886 2535 1958 principio
2581 1890 2710 1946 illud
2754 1893 2984 1964 jubere,
3035 1914 3102 1954 ne
3144 1900 3198 1955 id
3227 1901 3282 1957 in
3315 1904 3507 1975 vulgus

1898 1984 2177 2042 manaret,
2213 1992 2318 2033 non
2349 1978 2474 2035 fecit
2500 2024 2515 2046 ,
2544 1983 2638 2039 sed
2668 1995 2789 2054 post
2811 2003 2971 2046 unam
3009 1991 3346 2065 alteramque
3385 2012 3502 2052 mo-

1897 2067 2156 2124 nitionem
2202 2070 2254 2125 id
2303 2075 2562 2145 prmcipit.
2616 2079 2754 2144 Quid
2808 2092 2987 2138 autem
3039 2084 3143 2140 sibi
3175 2087 3294 2142 vult
3329 2088 3502 2152 illud,

1897 2156 1963 2213 In
1993 2175 2078 2214 ore
2112 2160 2332 2217 duorum
2361 2166 2439 2220 uel
2463 2167 2618 2222 trium
2654 2171 2855 2226 testium
2899 2173 3052 2229 stabit
3078 2192 3228 2233 omne
3256 2181 3462 2236 verbum
3482 2183 3508 2237 ?

1895 2246 2150 2306 Idoneum
2195 2252 2361 2310 habes
2396 2258 2806 2331 testimonium,
2862 2263 3071 2335 inquit,
3119 2278 3175 2323 te
3227 2278 3399 2328 totum
3454 2275 3508 2330 id

1893 2345 2036 2414 quod
2076 2360 2244 2418 penes
2289 2357 2340 2403 te
2388 2359 2506 2405 erat
2547 2351 2777 2422 fecisse,
2827 2356 3070 2429 nihilque
3115 2361 3387 2421 omisisse.
3444 2365 3508 2421 Si

1892 2446 2063 2491 autem
2109 2455 2201 2494 nec
2241 2439 2333 2495 hos
2371 2444 2611 2511 audierit,
2653 2445 2737 2500 dic
2774 2444 3056 2519 Ecclesia,
3107 2452 3160 2509 id
3199 2463 3319 2521 est,
3368 2472 3508 2526 prte-

1891 2528 2116 2585 sidibus.
2151 2530 2302 2599 Quod
2335 2533 2381 2587 si
2419 2532 2704 2591 Ecclesiam
2735 2555 2839 2594 non
2861 2541 3125 2612 audierit,
3150 2546 3214 2601 sit
3244 2546 3334 2601 tibi
3361 2550 3509 2619 quasi

1892 2623 2118 2677 ethnicus
2163 2633 2211 2679 et
2256 2626 2575 2696 publicanus.
2624 2629 2770 2688 Talis
2813 2635 2961 2692 enim
3002 2636 3166 2695 homo
3212 2641 3511 2700 incumbili.

1891 2715 2081 2771 morbo
2097 2715 2323 2773 laborat.
2348 2717 2427 2773 Tu
2452 2736 2584 2777 vero
2607 2722 2737 2780 mihi
2765 2729 3062 2799 perpende,
3095 2735 3369 2803 quomodo
3399 2751 3500 2806 pu-

1890 2805 2161 2864 blicanum
2192 2810 2387 2882 ubique
2419 2813 2469 2868 in
2504 2818 2810 2887 exemplum
2838 2823 3091 2893 nequitiae
3119 2826 3370 2883 niaximae

1890 2910 2002 2956 nat.
2033 2903 2164 2960 Nam
2192 2921 2350 2977 supra
2378 2906 2514 2964 dixit
2543 2929 2557 2966 :
2600 2909 2792 2969 Nonne
2813 2923 2859 2969 et
2885 2915 3146 2987 publicani
3171 2918 3266 2973 hoc
3304 2922 3504 2993 faciunt

1891 2992 1911 3064 (
1937 2992 2122 3049 Matth.
2167 2997 2223 3054 5.
2269 2998 2338 3055 46
2360 2999 2412 3068 )?
2437 3011 2490 3056 et
2518 3017 2840 3075 progressus
2860 3022 3074 3064 rursum
3109 3026 3123 3064 :
3149 2992 3427 3070 Publiceni
3453 3025 3504 3071 et

1889 3089 2173 3145 meretrices
2198 3095 2482 3162 prlecedeut
2509 3112 2594 3152 vos
2616 3098 2668 3152 in
2699 3115 2852 3172 regno
2878 3101 3120 3159 calorum
3142 3100 3372 3178 (Matth.
3406 3109 3500 3165 2L

1889 3180 1952 3236 3t
1976 3179 2032 3253 );
2063 3182 2113 3237 id
2138 3193 2242 3250 est,
2273 3187 2365 3257 qui
2397 3190 2628 3246 maxime
2655 3191 3033 3263 improbantur
3051 3205 3105 3253 et
3134 3198 3502 3256 condemnan-

1891 3280 1994 3327 tur.
2025 3273 2262 3330 Audiant
2291 3277 2363 3332 illi
2393 3283 2482 3350 qui
2515 3279 2582 3334 ad
2602 3291 2844 3353 quaestus
2872 3285 3086 3358 iniquos
3115 3301 3378 3359 currunt,
3403 3296 3496 3364 qui

1888 3362 2097 3422 [tenera
2125 3365 2420 3426 faenoribus
2443 3371 2720 3442 adjiciunt.
2754 3376 2865 3432 Cur
2893 3367 3060 3451 porro
3099 3396 3224 3438 cum
3254 3362 3495 3454 publica-

1888 3458 1974 3514 nis
2019 3459 2179 3514 istum
2213 3461 2396 3518 locat?
2440 3463 2509 3521 Ut
2537 3466 2722 3523 laesum
2750 3471 3096 3541 consoletur,
3128 3483 3183 3531 et
3213 3475 3354 3532 hunc
3395 3486 3501 3532 ter-

1889 3554 2024 3599 reat.
2052 3543 2190 3599 Num
2219 3546 2335 3603 hare
2377 3549 2492 3604 sola
2537 3552 2745 3623 punitio
2794 3555 2921 3611 est?
2949 3555 3166 3616 Minime
3199 3579 3212 3615 :
3245 3561 3340 3618 sed
3375 3564 3500 3620 audi

1887 3638 2165 3708 sequentia
2195 3657 2208 3693 :
2241 3640 2328 3696 l8.
2362 3641 2731 3717 Quodcumque
2748 3646 3086 3720 nlligaoeritis
3103 3668 3259 3725 super
3284 3664 3496 3724 terram,

1887 3731 1980 3784 erit
2005 3732 2216 3802 ligatum
2241 3742 2288 3788 et
2325 3735 2377 3789 in
2403 3737 2580 3791 aclis."
2607 3737 2725 3795 Non
2765 3738 2903 3797 dixit
2935 3742 3191 3800 Ecclesia:
3239 3748 3453 3816 praesuli
3481 3791 3496 3813 ,

1887 3822 2060 3895 Alliga
2083 3824 2253 3893 illum,
2287 3825 2404 3892 sed,
2439 3827 2493 3883 Si
2523 3828 2850 3902 alligaveris,
2892 3834 2941 3890 ei
2970 3834 3063 3906 qui
3089 3835 3250 3894 laesus
3275 3838 3379 3895 fuit
3405 3849 3494 3895 to-

1888 3923 2000 3971 tum
2042 3918 2392 3987 permittens:
2427 3930 2662 3994 tuncque
2688 3924 2898 3981 vincula
2935 3942 3044 3983 non
3073 3929 3331 3988 dissoluta
3376 3950 3497 3991 ma-

1889 4017 2036 4063 nent.
2072 4007 2332 4066 Extrema
2357 4012 2539 4083 itaque
2569 4016 2803 4085 patietur
2832 4018 2994 4074 mala.
3037 4019 3144 4079 Sed
3177 4036 3282 4079 non
3330 4027 3376 4081 is
3405 4029 3498 4098 qui

1885 4097 2079 4156 detulit
2105 4100 2156 4156 in
2181 4115 2342 4158 causa
2369 4112 2472 4172 est,
2496 4120 2681 4162 verum
2706 4107 2751 4162 is
2771 4109 2865 4180 qui
2895 4111 3067 4168 noluit
3095 4097 3497 4186 obtemperare.

1887 4190 2052 4248 Vides
2083 4194 2354 4265 quomodo
2382 4195 2525 4254 hunc
2551 4197 2749 4270 duplici
2780 4204 3102 4262 necessitate
3141 4206 3406 4276 vinxerit,
3443 4221 3506 4268 et

1887 4286 2136 4355 pransi-nti
2169 4302 2321 4358 pinna
2343 4330 2359 4357 ,
2390 4299 2445 4345 et
2469 4289 2647 4347 futuro
2679 4295 2983 4366 supplicio?
3012 4297 3139 4356 Ilaec
3162 4315 3326 4371 porro
3344 4319 3497 4359 eom-

1886 4378 2118 4455 minatus
2146 4389 2250 4448 est,
2269 4397 2337 4437 ne
2361 4383 2510 4439 istaec
2534 4385 2804 4455 accidant,
2839 4388 2934 4444 sed
2960 4401 3208 4449 metuens
3237 4403 3294 4451 et
3320 4397 3496 4453 minus

1885 4480 1940 4526 et
1960 4453 2280 4542 ejectionem
2324 4474 2393 4530 ab
2444 4475 2702 4546 Ecclesia,
2757 4453 2814 4538 et
2854 4481 3152 4552 periculum
3177 4501 3244 4543 ex
3275 4489 3495 4547 vinculo

1886 4572 2122 4632 partum,
2153 4579 2254 4620 nec
2283 4581 2388 4620 non
2420 4567 2551 4624 illud
2583 4570 2636 4624 in
2671 4571 2818 4628 caelis
2847 4573 3138 4646 vinculum,
3164 4579 3496 4640 moderatior

1885 4654 1978 4720 sit,
2008 4668 2131 4710 cum
2156 4655 2272 4711 haec
2300 4657 2455 4723 sciat,
2483 4661 2584 4716 etsi
2613 4673 2720 4717 non
2764 4678 2793 4718 a
2829 4666 3114 4740 principio,
3146 4671 3211 4727 in
3247 4675 3496 4731 multitu-

1882 4747 2010 4804 dine
2043 4757 2220 4807 tamen
2242 4749 2564 4822 iudiciorum
2597 4755 2730 4813 iram
2773 4758 3026 4831 deponat.
3065 4763 3272 4823 Idcirco
3299 4779 3354 4824 et
3384 4773 3495 4842 pri.

1884 4856 2031 4895 mum
2085 4850 2140 4897 et
2187 4844 2482 4900 secundum
2528 4855 2583 4903 et
2634 4849 2852 4906 tertium
2882 4856 3159 4914 constituit
3190 4860 3494 4934 judicium,

1884 4947 2058 5003 neque
2087 4935 2266 4990 statim
2302 4935 2450 4991 illum
2491 4941 2837 5010 praesciudit,
2868 4947 2989 5000 utsi
3023 4949 3198 5019 primo
3223 4969 3328 5010 non
3355 4958 3492 5014 obe-

1883 5022 2033 5092 diat,
2080 5025 2318 5082 secundo
2371 5030 2563 5098 cedat;
2611 5033 2694 5089 sin
2744 5035 2878 5093 illud
2930 5044 3228 5112 resymerit,
3274 5050 3492 5108 tertium

1884 5117 2106 5183 timeat;
2156 5119 2199 5174 si
2245 5119 2401 5190 hujus
2457 5124 2658 5181 nullam
2703 5129 2967 5186 rationem
3011 5133 3238 5205 habeat,
3297 5156 3364 5196 ex
3407 5141 3493 5196 fu-

1882 5219 2007 5263 turo
2045 5211 2246 5279 judicio
2286 5221 2550 5271 terreatur
2574 5258 2590 5284 ,
2640 5218 2772 5276 sive.
2788 5237 2854 5276 ex
2886 5221 2980 5279 Dei
3012 5227 3280 5286 sententia
3323 5233 3495 5288 et-ul-

1887 5304 2051 5358 tione.

1956 5395 2142 5452 Preces
2195 5414 2431 5470 magnam
2467 5401 2567 5455 vim
2614 5419 2648 5456 a
2696 5408 2971 5462 concordia
3011 5420 3261 5468 mutuant.
3321 5415 3504 5485 Quare.

1884 5503 1983 5540 non
2030 5505 2228 5559 semper
2275 5493 2628 5547 exaudiamur.
2677 5497 2880 5554 Amoris
2914 5519 3033 5573 erga
3064 5508 3352 5574 proximum
3379 5528 3494 5580 qua:

1883 5597 2041 5634 causa
2083 5597 2190 5636 esse
2228 5583 2422 5638 debeat.
2456 5588 2708 5642 Amicitia:
2757 5592 2997 5648 humana:
3041 5600 3257 5654 vanitas.
3291 5601 3494 5657 Amoris

1882 5672 2160 5728 Christiani
2184 5677 2334 5730 ratio.
2354 5708 2423 5717 —
2443 5679 2529 5734 I9.
2562 5678 2588 5733 1
2597 5691 2758 5736 terum
2787 5694 2955 5739 autem
2979 5689 3092 5743 dico
3118 5690 3274 5757 vobis,
3309 5695 3428 5762 quia
3449 5697 3494 5750 si

1887 5763 1984 5820 duo
2001 5782 2064 5820 ea:
2085 5766 2220 5822 vobis
2242 5772 2582 5826 consenserint
2598 5789 2750 5841 super
2776 5784 2984 5843 terram,
3004 5779 3068 5834 de
3083 5783 3220 5836 omni
3245 5801 3298 5836 re
3313 5801 3493 5854 quam-

1917 5924 1963 6032 [ξ
2000 5925 2072 5977 sic
2096 5925 2236 5980 savil.
2268 5935 2533 5987 et.atss.;at
2559 5931 2742 5996 Morel,
2768 5941 2812 5986 et
2838 5950 2930 5987 non
2955 5937 3054 5991 alio
3079 5946 3238 6005 modo,
3267 5957 3375 6006 pro,
3396 5956 3498 6003 nm.

1937 6000 2049 6032 tum.

1882 5998 2049 6034 dll'alit.
