4186 6478
760 442 864 502 587

755 577 966 630 minque
990 549 1239 631 petierint,
1280 565 1365 624 pet
1392 554 1462 608 eis
1486 569 1518 608 a
1544 551 1702 607 Patre
1727 567 1836 607 meo
1873 551 1958 622 qui
1985 550 2037 604 in
2066 551 2203 605 ca'lis
2230 559 2320 605 est.

753 653 842 707 20.
880 651 975 707 ωε
1001 651 1130 704 enim
1152 647 1337 719 fuerim
1361 645 1464 700 duo
1489 644 1565 700 vel
1589 655 1690 699 tres
1723 643 2008 715 congregati
2045 642 2102 695 in
2127 643 2327 696 nomine

755 756 883 809 sieo,
906 744 973 798 ibi
990 757 1098 796 sunt
1117 742 1166 794 in
1194 737 1356 793 medio
1375 753 1563 792 eorum.
1601 734 1780 791 Viden”
1805 732 2070 806 quomodo
2098 732 2315 788 aliunde

755 820 911 893 etiam
936 837 1104 891 solvat
1139 830 1472 898 inimicitias,
1515 828 1815 884 simultates
1862 827 2029 892 tollat,
2054 833 2109 881 et
2133 835 2316 880 mutuo

749 929 931 998 jungat
953 965 968 988 ,
997 939 1100 989 non
1123 931 1322 978 tantum
1348 935 1414 977 ex
1443 921 1630 974 timore
1645 919 1754 989 jam
1783 917 1907 974 dicti
1931 916 2195 986 supplicii,
2225 913 2320 970 sed

754 1021 910 1075 etiam
932 1027 1000 1073 ea
1026 1017 1179 1072 bouis
1218 1029 1313 1086 per
1346 1014 1619 1070 caritatem
1665 1011 1846 1082 partis.
1876 1010 2009 1066 Nam
2043 1019 2318 1081 postquam

755 1108 1100 1164 contentiosis
1140 1106 1230 1162 illa
1257 1106 1610 1161 comminatus
1633 1113 1732 1169 est,
1764 1101 1848 1158 hic
1878 1117 2063 1172 magna
2090 1117 2315 1158 concor-

750 1203 852 1254 ilize
879 1200 1095 1269 praemia
1117 1197 1323 1261 statuit,
1344 1195 1602 1266 siquidem
1632 1195 1687 1262 ii,
1729 1194 1819 1265 qui
1867 1204 2050 1248 mutuo
2094 1193 2232 1249 inter
2259 1206 2318 1248 se

746 1291 1107 1353 consentiunt,
1125 1302 1155 1341 a
1183 1283 1337 1342 Patre
1376 1286 1662 1356 impetrant
1685 1283 1825 1355 quod
1849 1292 2056 1354 petunt,
2085 1291 2140 1338 et
2163 1281 2319 1338 Chri-

746 1393 884 1436 stum
896 1381 948 1435 in
966 1379 1145 1434 medio
1155 1378 1366 1434 habent.
1385 1379 1466 1432 An
1488 1392 1744 1448 nusquam
1764 1375 1870 1430 duo
1884 1385 2066 1431 mutuo
2084 1389 2314 1431 consen-

747 1474 944 1526 tientes
966 1470 1126 1526 sunt?
1153 1467 1328 1524 Multis
1356 1469 1410 1522 in
1444 1467 1575 1523 locis
1599 1467 1796 1537 utique,
1819 1466 1927 1521 imo
1950 1465 2082 1522 forte
2099 1464 2311 1535 ubique.

749 1559 1027 1628 Quomodo
1085 1560 1244 1630 igitur
1273 1573 1376 1613 non
1415 1557 1594 1612 omnia
1623 1555 1946 1626 impetrant?
1977 1554 2107 1622 Quia
2137 1555 2316 1610 multa:

746 1662 872 1708 sunt
918 1661 1089 1708 causa!
1112 1664 1219 1705 non
1271 1648 1604 1720 impetrandi.
1651 1647 1780 1702 Nam
1832 1660 1974 1717 sape
1995 1647 2082 1702 illa
2133 1655 2317 1716 petunt

747 1755 867 1813 qum
891 1740 1184 1798 concedere
1211 1754 1315 1795 non
1338 1739 1571 1810 expedit.
1612 1736 1828 1808 Ecquid'
1855 1737 2085 1802 miraris,
2126 1737 2172 1792 si
2223 1736 2314 1792 alii

749 1846 862 1888 non
905 1833 1204 1902 impetrent,
1236 1829 1447 1900 quando
1477 1828 1670 1883 Paulus
1694 1827 1854 1884 etiam
1884 1827 1936 1882 id
1971 1841 2158 1898 passus
2198 1834 2314 1894 est,

746 1939 868 1981 cum
889 1913 1088 1979 audivit
1111 1942 1128 1978 :
1157 1921 1349 1991 διιωώ
1375 1920 1464 1975 tibi
1495 1922 1660 1990 gratia
1678 1934 1791 1973 mea
1809 1959 1824 1982 ,
1847 1918 2004 1973 uirth
2041 1917 2174 1972 enim
2207 1933 2316 1972 mea

746 2018 805 2072 in
832 2015 1146 2085 inﬁmitate
1164 2013 1436 2084 perﬁcitur
1453 2009 1529 2080 (2.
1548 2008 1674 2066 Cor.
1694 2007 1782 2064 12.
1801 2007 1883 2078 9)?
1900 2007 2008 2062 Aut
2024 2006 2098 2061 illi
2115 2007 2208 2076 qui
2229 2020 2315 2075 pe-

753 2114 874 2161 tunt
892 2118 998 2158 non
1015 2103 1164 2173 digni
1181 2109 1310 2159 sunt
1330 2101 1399 2156 iis
1413 2097 1738 2172 mquiparari
1760 2099 1852 2168 qui
1871 2098 1985 2154 haec
2003 2098 2313 2164 audierunt,

752 2212 853 2253 nec
869 2210 936 2252 ex
956 2211 1014 2252 se
1031 2194 1268 2251 alterunt
1287 2207 1485 2263 eaqua:
1501 2198 1889 2262 competerent;
1910 2189 2026 2259 ipsc
2040 2202 2166 2243 vero
2179 2201 2314 2258 apo-

751 2288 1018 2344 stolarum
1037 2284 1246 2342 similes
1265 2283 1493 2354 requirit
1512 2299 1528 2338 :
1552 2281 1676 2338 ideo
1706 2280 1806 2346 ait,
1822 2276 1905 2332 Ea:
1929 2276 2092 2344 vobis,
2115 2277 2318 2333 virtute

753 2377 1021 2449 praditis,
1039 2375 1135 2447 qui
1166 2371 1463 2446 angelicam
1488 2371 1654 2427 vitam
1686 2367 1974 2426 exhibetis.
1996 2368 2106 2424 Aut
2126 2377 2315 2423 contra

756 2471 1014 2525 lndentes
1032 2481 1093 2524 se
1120 2473 1437 2537 precantur,
1463 2462 1724 2519 ultionem
1747 2469 1802 2516 et
1819 2459 2142 2531 supplicium
2173 2459 2317 2529 ipso.

761 2574 880 2615 rum
915 2558 1278 2628 postulantes,
1308 2555 1360 2610 id
1387 2553 1532 2625 quod
1560 2562 1646 2610 est
1674 2551 2038 2622 prohibitum:
2062 2565 2189 2605 nam
2217 2550 2317 2615 ait,

751 2647 1055 2705 tueamini
1068 2661 1167 2716 pro
1175 2645 1402 2700 inimicis
1416 2644 1596 2699 vestris
1614 2644 1632 2710 (
1641 2641 1775 2696 lat.
1794 2641 1846 2696 5.
1869 2640 1981 2711 Η).
1993 2640 2098 2694 Aut
2115 2640 2232 2696 sine
2243 2639 2320 2694 ul-

753 2742 803 2796 la
817 2732 1877 2811 pcnitentiapeecautesmisericordiam
1893 2741 2100 2804 petunt,
2112 2738 2324 2801 quieta-

755 2846 996 2887 mennon
1010 2828 1496 2901 impetraripotest.
1510 2840 1618 2880 non
1635 2825 1795 2880 modo
1818 2823 1925 2880 illis
1946 2823 2317 2894 precantibus,

755 2923 850 2979 sed
867 2923 1033 2978 etiam
1053 2919 1241 2975 alioex
1268 2918 1338 2974 iis
1365 2917 1455 2988 qui
1485 2917 1627 2987 apud
1646 2915 1816 2971 Deum
1843 2914 2094 2969 ﬁduciam
2115 2913 2320 2968 habent

758 3031 855 3084 pro
889 3011 1022 3084 ipsis
1048 3010 1388 3082 postulante:
1422 3005 1882 3078 quemadmodum
1911 3004 2177 3061 Jeremias
2191 3019 2314 3059 cum

751 3115 859 3173 pro
869 3102 1071 3160 Induis
1087 3106 1422 3171 precaretur,
1442 3096 1648 3153 audivit
1665 3113 1681 3151 :
1707 3095 1835 3151 Noli
1853 3112 2109 3162 orarepro
2121 3095 2315 3166 popqu

749 3185 866 3251 hoc,
907 3183 1025 3254 quia
1073 3198 1174 3236 non
1213 3192 1262 3237 ts
1297 3181 1564 3236 exaudiant
1616 3179 1766 3250 (ler.
1812 3180 1899 3234 il.
1941 3178 2070 3248 η).
2100 3179 2157 3236 Si
2188 3195 2316 3237 vero

751 3285 939 3332 cuneta
962 3273 1154 3340 adsint,
1181 3281 1237 3329 et
1258 3273 1406 3327 utilia
1432 3280 1602 3341 petas,
1646 3270 1891 3343 quodque
1923 3285 2086 3343 penes
2141 3279 2194 3327 te
2234 3281 2318 3328 est

747 3366 959 3432 aderas,
979 3365 1145 3420 vitam
1167 3363 1330 3419 ducas
1353 3361 1719 3432 apostoticam,
1744 3361 2082 3418 concordiam
2109 3371 2163 3417 et
2182 3363 2318 3417 carl-

748 3465 915 3513 tatem
940 3469 1066 3525 erga
1091 3454 1388 3524 proximum
1414 3464 1616 3516 serves,
1639 3453 1900 3522 postulata
1928 3451 2269 3522 consequeris
2301 3470 2315 3505 :

749 3547 1007 3616 benignus
1035 3545 1230 3615 quippe
1262 3551 1347 3600 est
1370 3541 1644 3600 Dominus.

817 3638 873 3694 3.
905 3635 1111 3692 Deinde
1129 3635 1250 3706 quia
1271 3633 1423 3698 dixit,
1470 3633 1512 3686 Α
1541 3630 1697 3686 Patre
1728 3645 1870 3696 nico,
1901 3639 1957 3684 ut
1987 3629 2231 3686 ostendat
2257 3644 2316 3686 sc

751 3743 980 3800 quoque,
1010 3737 1110 3783 nec
1135 3725 1298 3782 modo
1320 3725 1554 3786 Patrem,
1605 3722 1866 3793 postulata
1888 3721 2132 3776 daturum
2158 3736 2278 3777 esse
2296 3762 2316 3787 ,

747 3818 1022 3890 subiunxit
1047 3837 1062 3872 :
1092 3817 1192 3874 Boi
1215 3814 1462 3872 enitnduo
1488 3816 1564 3870 oet
1605 3823 1706 3868 tres
1751 3813 2032 3884 congregati
2051 3811 2236 3881 [stet-int
2265 3813 2318 3866 in

751 3913 950 3969 nomine
980 3923 1113 3978 meo,
1152 3907 1258 3964 illic
1299 3906 1498 3962 suntin
1537 3904 1702 3960 medio
1727 3918 1925 3959 eorum.
1955 3902 2092 3971 Quid
2116 3903 2315 3973 igitur?

753 4017 928 4059 nonne
972 4009 1098 4058 sunt
1132 3997 1238 4055 duo
1267 3997 1353 4053 vel
1374 4007 1484 4053 tres
1507 3995 1810 4066 congregati
1841 3994 1894 4049 in
1930 3994 2144 4050 nomine
2161 3994 2322 4065 ejus?

753 4095 888 4150 Sunt
931 4091 1168 4163 quidem,
1219 4089 1309 4146 sed
1339 4102 1482 4144 raro.
1510 4086 1625 4140 Non
1649 4087 1790 4141 enim
1809 4086 1876 4140 de
1898 4092 2162 4140 conventu
2185 4084 2316 4139 sim-

757 4183 964 4252 pliciter
990 4181 1139 4246 dicit,
1171 4193 1341 4248 neque
1370 4176 1474 4233 hoc
1500 4183 1702 4231 tanttim
1731 4174 1994 4244 postulat;
2020 4174 2114 4230 sed
2132 4175 2314 4239 etiam,

756 4283 814 4330 ut
837 4286 1003 4342 supra
1036 4269 1144 4325 dixi
1170 4277 1187 4334 ,
1214 4268 1350 4323 alias
1372 4280 1582 4336 quicque
1607 4264 1847 4319 virtutes.
1894 4263 2095 4318 Deinde
2137 4273 2189 4316 ut
2217 4261 2319 4318 hoc

755 4367 926 4434 ipsum
951 4374 1071 4415 cum
1097 4371 1282 4427 magna
1337 4353 1670 4410 accuratione
1708 4361 1872 4423 petat.
1913 4351 2044 4406 Nam
2069 4351 2210 4420 quod
2234 4351 2315 4405 di-

753 4457 858 4523 cit,
887 4449 1186 4523 huiusmodi
1217 4456 1300 4503 est
1331 4465 1343 4502 :
1368 4446 1422 4504 Si
1461 4446 1581 4516 quis
1606 4460 1696 4501 me
1733 4445 1960 4515 priorem
1987 4459 2199 4499 causam
2226 4444 2318 4499 ba-

756 4549 880 4603 beat
920 4541 1120 4597 amoris
1144 4553 1275 4609 erga
1315 4537 1632 4608 proximum.
1676 4550 1797 4590 eum
1836 4535 1927 4590 illo
1953 4548 2070 4601 ero,
2112 4535 2157 4590 si
2186 4535 2318 4591 alias

754 4648 962 4708 quoque
982 4633 1207 4688 virtutes
1221 4627 1507 4700 possideat.
1529 4625 1677 4682 Nune
1697 4634 1873 4682 autem
1894 4625 2153 4695 plurimos
2173 4627 2319 4683 vide-

759 4741 876 4783 mus
898 4765 916 4792 ,
942 4723 1030 4795 qui
1072 4721 1203 4776 alias
1232 4720 1477 4774 amicitia:
1521 4732 1708 4774 causas
1755 4717 1968 4774 habent.
1999 4718 2149 4773 Alius
2175 4719 2317 4774 enim

756 4818 879 4888 quia
927 4823 1132 4869 amatur
1149 4821 1314 4877 amat;
1360 4810 1495 4865 alius
1536 4810 1657 4880 quia
1706 4809 1993 4866 honoratus
2022 4811 2155 4874 fuit;
2183 4811 2318 4866 alius

758 4907 881 4978 quia
912 4905 964 4959 in
990 4904 1166 4974 aliquo
1190 4900 1430 4957 saeculari
1449 4899 1657 4970 negotio
1683 4900 1939 4969 quispiam
1959 4901 2007 4956 ei
2026 4901 2168 4956 utilis
2187 4900 2315 4967 fuit;

755 4999 891 5052 alius
915 4994 1164 5056 obaliam
1193 4990 1415 5045 similem
1438 5005 1685 5056 causam;
1729 5000 1783 5044 at
1827 4991 2040 5047 difﬁcile
2059 5001 2141 5047 est
2164 5007 2319 5062 repe~

759 5090 864 5144 rire
893 5083 1200 5157 quempiam
1226 5081 1316 5152 qui
1365 5081 1658 5152 proximum
1707 5090 1921 5152 propter
1968 5082 2236 5139 Christum
2265 5094 2322 5140 ut

761 5184 971 5250 oportet
994 5183 1155 5232 amet.
1189 5172 1404 5228 Plurimi
1423 5172 1562 5226 enim
1591 5173 1932 5228 saecularibus
1955 5177 2180 5244 negotiis
2204 5193 2322 5231 mu-

761 5280 849 5326 tuo
874 5268 1030 5324 vincti
1050 5274 1194 5324 sunt.
1227 5263 1420 5320 Verum
1450 5277 1554 5318 non
1603 5263 1797 5321 Paulus
1837 5265 1916 5321 sic
1955 5267 2202 5334 amabat,
2229 5268 2324 5323 sed

1547 438 1602 494 S.
1635 435 1909 494 JOANNIS
1946 432 2416 492 CilRYSOSTONl
2450 434 2759 494 ARClllEP.
2802 438 3331 499 CONSTANTINOP.

3898 443 3997 505 588

2430 559 2644 621 propter
2663 551 2961 619 Christum;
2981 555 3103 610 ideo
3120 557 3360 627 quamvis
3379 571 3483 613 non
3508 566 3710 613 tantum
3730 569 4000 616 amaretur

2425 650 2677 710 quantum
2699 645 2943 709 amabat,
2975 660 3078 701 non
3104 646 3351 702 dissolvit
3397 649 3693 713 caritatem,
3719 649 3845 720 quia
3875 652 3999 704 valio

2423 731 2547 786 dam
2569 736 2764 789 amoris
2798 735 3028 791 radicem
3055 737 3274 808 iecerat.
3305 739 3373 794 At
3399 755 3541 796 nunc
3562 754 3649 796 res
3691 754 3796 795 non
3825 741 3894 796 ita
3940 757 3998 798 se

2423 822 2579 880 habet
2605 843 2620 880 :
2650 825 2744 881 sed
2770 826 2814 882 si
2845 829 3022 883 omnia
3044 829 3382 899 exploremus
3405 871 3421 897 ,
3453 831 3593 902 apud
3634 831 3827 886 multos
3855 830 3996 886 inve.

2422 915 2630 973 niemus
2654 918 2902 974 amicitiae
2922 934 3110 975 causas
3138 921 3298 992 longe
3325 920 3586 978 diversas.
3618 921 3768 990 Quod
3805 923 3850 976 si
3880 922 3998 993 quis

2421 1006 2546 1061 mihi
2572 1009 2890 1066 concederet
2920 1011 2970 1067 in
3001 1020 3142 1067 tanta
3171 1013 3505 1071 multitudine
3527 1029 3636 1070 rem
3659 1014 3995 1082 examinare,

2421 1097 2762 1156 ostenderem
2790 1099 2983 1158 multos
3011 1103 3354 1159 saecularibus
3382 1102 3449 1158 de
3473 1104 3650 1161 causis
3679 1116 3863 1161 mutuo
3907 1103 3986 1160 de

2419 1190 2626 1247 vinctos
2655 1206 2794 1248 esse.
2815 1191 2871 1248 Id
2893 1194 3033 1265 quod
3057 1194 3216 1249 etiam
3246 1194 3582 1251 manifestum
3605 1206 3765 1252 estex
3796 1196 3859 1250 iis
3880 1212 3997 1267 quia

2417 1281 2804 1338 inimicitiarum
2832 1297 3005 1340 causie
3031 1293 3172 1339 sunt.
3201 1285 3333 1353 Quia
3375 1300 3441 1340 ex
3481 1284 3638 1341 ﬂuxis
3685 1285 3988 1356 hujusmodi

2416 1371 2581 1428 rebus
2607 1383 2792 1430 mutuo
2819 1374 3049 1432 devincti
3078 1385 3235 1442 sunt,
3266 1377 3388 1432 hinc
3418 1377 3477 1432 lit
3502 1387 3558 1436 ut
3583 1394 3681 1434 nec
3699 1377 3992 1443 ferventer,

2417 1479 2515 1519 nec
2539 1475 2793 1535 perpetuo
2821 1468 3116 1524 vinciantur
3144 1491 3160 1526 :
3189 1469 3283 1525 sed
3312 1471 3394 1526 vel
3417 1471 3758 1538 contumelia,
3787 1473 3867 1526 vel
3899 1486 3994 1541 pec

2414 1555 2687 1612 cuniarum
2719 1557 3119 1625 detrimentum,
3159 1561 3243 1617 vel
3275 1560 3492 1629 invidia,
3519 1561 3602 1616 vel
3633 1577 3780 1617 vana
3803 1561 3988 1632 gloria:

2414 1663 2583 1715 amor,
2615 1649 2699 1705 vel
2725 1649 2850 1721 quid
2876 1651 3082 1715 simile,
3115 1653 3159 1708 si
3181 1653 3417 1716 accidat,
3467 1651 3759 1708 amicitiam
3801 1652 3982 1706 solvit.

2414 1737 2527 1794 Non
2553 1740 2697 1794 enim
2734 1741 3060 1810 spiritualem
3087 1741 3290 1798 invenit
3335 1742 3588 1798 radicem.
3636 1741 3764 1811 Quae
3801 1741 3846 1798 si
3875 1741 3997 1798 talis

2413 1837 2585 1895 esset,
2616 1830 2758 1885 nulla
2801 1832 3132 1888 siccularium
3179 1848 3357 1889 rerum
3394 1833 3686 1903 spiritualia
3735 1834 3992 1894 solveret.

2413 1919 2618 1976 Caritas
2640 1923 2780 1977 enim
2828 1938 2890 1978 ea
2910 1965 2925 1989 ,
2964 1939 3082 1994 qua:
3109 1934 3324 1995 propter
3355 1922 3622 1980 Christum
3647 1933 3764 1988 est.
3807 1925 3992 1987 firma.

2415 2011 2615 2067 stabilis
2639 2011 2936 2083 invictaque
2963 2023 3065 2076 est,
3097 2014 3332 2085 nihilque
3349 2014 3492 2070 illam
3513 2015 3708 2086 poterit
3731 2014 3991 2079 avellere,

2417 2115 2520 2157 non
2557 2102 2856 2170 calumniae,
2889 2118 2992 2158 non
3020 2104 3274 2175 pericula,
3305 2118 3411 2160 non
3436 2113 3658 2172 mortes,
3693 2117 3804 2159 non
3849 2102 3998 2160 aliud

2415 2191 2537 2262 quid
2563 2192 2754 2247 simile.
2782 2191 3001 2248 Etiamsi
3026 2193 3168 2248 enim
3195 2193 3284 2265 qui
3305 2193 3384 2249 sic
3399 2202 3546 2249 amat
3567 2207 3834 2256 aerumnas
3851 2193 3999 2248 mille

2422 2283 2714 2345 pateretur,
2735 2292 2850 2332 non
2870 2275 3170 2344 desisteret,
3189 2293 3408 2335 causam
3431 2281 3639 2336 amoris
3669 2282 3754 2338 sui
3779 2296 4000 2354 semper

2421 2364 2492 2420 ob
2506 2364 2692 2421 oculos
2720 2364 2944 2421 habens.
2964 2363 3097 2422 Nam
3111 2368 3202 2438 qui
3221 2378 3366 2425 amat
3381 2377 3440 2424 ut
3457 2379 3692 2438 ametur,
3713 2370 3758 2426 si
3774 2370 3907 2442 quid
3929 2373 4006 2427 iu-

2419 2465 2632 2526 gratum
2651 2455 2875 2518 viderit,
2893 2455 3308 2513 solvitamorem
3331 2476 3344 2512 :
3366 2459 3460 2530 qui
3485 2474 3615 2520 vero
3633 2459 3757 2516 Inde
3781 2459 4002 2517 vinctus

2419 2553 2527 2611 est,
2545 2561 2823 2616 nunquam
2860 2545 3121 2601 discedet.
3145 2545 3270 2602 Ideo
3287 2547 3492 2606 Paulus
3514 2549 3732 2606 dicebat
3752 2570 3766 2607 :
3786 2551 4000 2607 Caritas

2421 2651 2704 2706 umquam
2720 2631 2921 2689 excidit
2936 2635 2982 2704 (l
2997 2632 3142 2690 .Cor.
3166 2637 3252 2692 15.
3269 2637 3497 2706 8).Quid
3516 2640 3662 2695 enim
3679 2641 3862 2697 diwre
3876 2655 4004 2714 pos-

2415 2729 2532 2786 sis?
2564 2745 2632 2786 an
2674 2729 2817 2801 quod
2865 2729 3158 2786 honoratus
3186 2740 3237 2787 te
3265 2730 3586 2788 contumelia
3609 2729 3886 2787 all‘ecerit?
3913 2730 4001 2787 vel

2415 2819 2555 2891 quod
2581 2819 2837 2875 beneﬂcio
2856 2818 3100 2886 aﬂectus,
3154 2829 3206 2875 te
3243 2819 3492 2876 occidere
3521 2819 3790 2876 voluerit?
3823 2819 3930 2876 Sed
3955 2821 4000 2876 si

2417 2919 2632 2981 propter
2657 2909 2927 2966 Christum
2969 2909 3181 2980 diligis,
3234 2908 3286 2964 id
3319 2918 3370 2964 te
3410 2909 3477 2965 ad
3507 2909 3764 2980 majorem
3793 2909 4001 2968 inducit

2417 3003 2715 3058 caritatem.
2739 3001 2870 3058 Nam
2897 3018 3014 3071 quin
3035 3002 3090 3059 in
3117 3003 3235 3059 aliis
3253 3003 3594 3060 dilectionem
3622 3011 3892 3072 evertunt,
3917 3003 4006 3060 hic

2416 3094 2558 3152 illam
2593 3095 2895 3150 conciliant.
2937 3095 3254 3162 Quomodo?
3279 3093 3480 3160 Primo,
3527 3095 3650 3166 quia
3698 3095 3821 3152 talis
3842 3095 4006 3152 homo

2417 3183 2683 3239 mercedis
2713 3184 2806 3239 tibi
2836 3199 2995 3240 causa
3047 3193 3164 3250 est;
3215 3183 3471 3252 secundo,
3518 3184 3642 3255 quia
3682 3183 3771 3240 ille
3814 3183 4006 3255 maiori

2416 3283 2534 3345 eget
2562 3287 2665 3342 ope
2692 3283 2747 3330 et
2771 3273 3086 3330 ministerio.
3119 3273 3320 3330 Idcirco
3349 3274 3438 3345 qui
3475 3274 3554 3330 sic
3580 3282 3746 3343 amat,
3775 3290 3883 3331 non
3913 3289 4006 3346 ge-

2419 3377 2520 3419 nus
2543 3361 2801 3432 explorat,
2850 3375 2957 3420 non
3005 3364 3253 3434 patriam,
3295 3379 3400 3420 non
3429 3356 3664 3430 divitias,
3696 3379 3803 3420 non
3828 3379 4002 3436 quan-

2419 3463 2527 3510 tum
2579 3454 2902 3521 redametur,
2949 3469 3055 3511 non
3102 3455 3244 3511 aliud
3297 3454 3475 3512 simile
3515 3453 3788 3526 quidpiam
3839 3473 3854 3510 :
3906 3453 4003 3511 sed

2418 3545 2622 3600 etiamsi
2649 3543 2772 3600 odio
2795 3545 3075 3612 habeatur,
3125 3545 3334 3602 etiamsi
3362 3544 3685 3601 contumelia
3703 3543 4005 3609 afficiatur.

2417 3637 2621 3692 etiamsi
2673 3635 2977 3702 occidatur,
3047 3636 3103 3691 in
3147 3650 3330 3692 amore
3372 3645 3708 3708 perseverat,
3755 3635 4006 3691 idoneam

2419 3728 2619 3784 habens
2647 3726 2858 3782 amandi
2886 3740 3100 3782 causam
3123 3767 3137 3792 ,
3165 3740 3400 3783 amorem
3430 3726 3625 3782 Christi
3647 3743 3661 3782 :
3680 3736 4008 3797 quapropter

2419 3817 2485 3872 ad
2517 3817 2660 3872 illum
2687 3817 2980 3888 respiciens
3001 3825 3107 3872 stat
3131 3817 3286 3882 (laus,
3314 3816 3520 3884 firmus,
3544 3815 3856 3872 immobilis.
3873 3814 4015 3873 Nam

2418 3904 2662 3962 Christus
2691 3905 2767 3962 sic
2791 3905 2977 3960 dilexit
3008 3905 3272 3970 inimicos,
3293 3905 3548 3977 ingratos,
3568 3904 4010 3972 contumeliosos,

2422 3996 2784 4066 blasphemos,
2831 4010 2891 4052 se
2919 3995 3178 4061 odientes,
3209 4009 3303 4051 eos
3329 3997 3420 4064 qui
3465 4010 3534 4051 ne
3580 3995 3854 4066 respicere
3878 3995 4010 4066 qui-

2420 4088 2540 4144 dem
2565 4089 2713 4143 illum
2739 4087 3089 4153 sustinebant,
3113 4089 3200 4158 qui
3230 4087 3369 4158 ligna
3398 4095 3453 4143 et
3480 4085 3684 4158 lapides
3722 4085 3824 4157 ipsi
3848 4095 4011 4143 ante-

2422 4179 2722 4248 ponebant;
2751 4178 2850 4234 hos
2875 4177 3058 4233 dilexit
3085 4193 3335 4249 suprema
3360 4177 3612 4245 caritate,
3641 4179 3726 4235 cui
3774 4192 3872 4250 par
3923 4178 4013 4234 iu-

2423 4271 2588 4327 veniri
2616 4272 2819 4342 nequit.
2849 4270 2978 4326 Nam
3007 4271 3082 4325 ait
3110 4288 3123 4323 :
3154 4269 3409 4342 Majorem
3451 4271 3548 4324 hac
3571 4271 3831 4324 caritatem
3855 4285 4011 4326 nemo

2424 4362 2602 4427 habet,
2649 4370 2705 4414 ut
2743 4362 2967 4414 animam
3007 4378 3150 4416 suam
3192 4371 3346 4432 ponat
3386 4362 3496 4432 quis
3543 4377 3637 4431 pro
3673 4362 3849 4416 amicis
3905 4363 4014 4418 suis

2425 4453 2616 4526 (Joan.
2651 4453 2884 4522 l5.15).
2934 4452 3057 4508 Illos
3095 4467 3221 4508 vero
3261 4452 3351 4523 qui
3398 4453 3567 4523 ipsum
3595 4453 4008 4518 crucillxerunt,

2423 4543 2615 4616 quique
2643 4553 2788 4598 tanto
2830 4543 3007 4598 furore
3047 4551 3228 4599 contra
3273 4543 3446 4615 ipsum
3490 4544 3842 4610 insanierunt,
3888 4546 4016 4602 vide

2422 4645 2674 4706 quantum
2704 4643 2872 4690 curet.
2925 4634 3058 4690 Nam
3109 4635 3319 4691 Patrem
3359 4636 3654 4706 alloquens,
3699 4636 3777 4692 sic
3808 4635 3877 4693 de
3909 4637 4014 4693 illis

2425 4727 2498 4780 ait
2528 4743 2542 4779 :
2570 4724 2779 4778 Dimitte
2806 4725 2944 4789 illis;
2970 4725 3192 4780 nesciunt
3221 4725 3350 4780 enim
3371 4726 3490 4792 quid
3510 4726 3700 4796 faciunt
3721 4724 3889 4798 (Luc.
3915 4727 4014 4784 23.

2424 4815 2557 4888 54).
2594 4815 2890 4886 Discipulos
2917 4831 3124 4887 quoque
3156 4825 3337 4886 postea
3374 4816 3440 4871 ad
3481 4817 3624 4886 ipsos
3665 4817 3831 4874 misit.
3861 4817 4014 4875 Hanc

2428 4907 2584 4977 igitur
2608 4921 2706 4961 nos
2733 4920 2940 4976 quoque
2967 4907 3240 4961 caritatem
3283 4907 3569 4974 imitemur,
3594 4917 3648 4961 et
3667 4906 3806 4963 hanc
3833 4911 4012 4980 respi-

2427 4997 2646 5060 ciamus,
2677 5007 2734 5050 ut
2763 4997 3053 5052 imitatores
3081 4997 3274 5052 Christi
3305 4997 3500 5062 eﬂ'ccti,
3523 5007 3576 5053 et
3604 4997 3718 5054 [1ch
3749 5007 3804 5054 ct
3833 4999 4014 5058 futura

2434 5089 2568 5143 bona
2599 5104 3002 5158 consequamur,
3031 5089 3197 5159 gratia
3228 5097 3283 5144 et
3306 5089 3630 5160 benignitate
3660 5090 3872 5146 Domini
3914 5109 4011 5147 no-

2429 5179 2671 5235 striJesu
2701 5179 2920 5245 Christi,
2963 5181 3047 5235 cui
3081 5181 3246 5251 gloria
3291 5189 3346 5235 et
3380 5181 3659 5252 imperium
3709 5183 3760 5238 in
3813 5187 4016 5242 sucula

2429 5272 2761 5327 etmalorum.
2804 5272 2992 5327 Amen.

1978 5491 2322 5555 HOMILIA
2361 5494 2527 5556 LXI.
2573 5495 2664 5556 al.
2703 5496 2901 5557 LXII.

765 5647 891 5706 Car.
923 5647 1008 5701 i8.
1040 5661 1095 5700 v.
1122 5647 1212 5702 ξι.
1245 5644 1383 5699 Tunc
1421 5643 1658 5697 accedens
1708 5642 1775 5694 ad
1821 5643 1960 5696 illum
2017 5641 2195 5697 Petrus
2242 5643 2323 5696 di-

833 5740 906 5794 xit
932 5754 950 5792 :
987 5737 1199 5792 Domine
1219 5777 1233 5801 ,
1261 5736 1447 5806 quoties
1476 5734 1693 5802 peccabit
1719 5735 1770 5786 in
1799 5749 1876 5786 me
1903 5736 2056 5803 frater
2083 5751 2216 5788 meus
2238 5777 2250 5798 ,
2281 5743 2329 5786 et

839 5833 1088 5887 dimittam
1112 5831 1195 5888 ei!
1222 5844 1376 5899 usque
1400 5825 1612 5896 septies?
1640 5825 1729 5879 29..
1765 5822 1898 5879 Dicit
1925 5825 1968 5878 ei
1994 5825 2140 5880 J-csus
2160 5868 2173 5893 ,
2212 5825 2329 5880 Non

2501 5646 2612 5698 dico
2655 5646 2740 5698 tibi
2765 5661 2918 5715 usque
2945 5646 3124 5712 septies
3147 5685 3162 5709 ,
3190 5650 3278 5699 sed
3305 5662 3457 5716 usque
3483 5645 3758 5715 septuagies
3795 5644 4000 5717 septies.

2505 5731 2552 5783 l.
2576 5729 2814 5798 Magnum
2839 5727 2962 5797 quid
2985 5744 3041 5782 sc
3062 5728 3241 5782 dicere
3263 5731 3479 5797 putabat
3502 5728 3711 5790 Petrus,
3739 5729 3860 5784 idco
3879 5746 4009 5802 qna~

2432 5821 2482 5876 si
2505 5836 2621 5876 rem.
2657 5821 2918 5890 ingentem
2961 5827 3200 5874 statuens
3244 5819 3450 5877 intulit:
3490 5817 3658 5889 Usque
3693 5821 3919 5892 septies?
3952 5824 4013 5879 ω
