4186 6490
16 6 309 31 (vn-$1.“...
332 24 359 31 ._
382 26 407 32 _
442 28 465 33 η

236 464 342 521 581)

246 582 390 653 quod
419 582 610 641 facere
638 584 848 656 jussisti
868 627 883 650 ,
918 582 1085 652 inquit
1108 624 1122 650 ,
1153 582 1362 653 quoties
1391 579 1625 635 faciam?
1652 578 1783 633 Nam
1811 577 1855 631 si

252 690 473 746 semper
519 678 866 748 peccaverit,
920 689 1167 745 sameque
1211 673 1442 727 monitus
1484 670 1854 743 paenitentiam

262 768 429 838 egerit
450 810 464 832 ,
500 770 718 839 quoties
747 768 857 822 haec
886 782 983 822 nos
1013 766 1240 820 tolerare
1266 763 1461 835 jubes?
1490 763 1570 818 illi
1595 762 1737 817 enim
1766 761 1856 832 qui

263 872 363 912 nec
383 859 758 927 pmnitentiam
782 858 908 927 agit,
932 871 1032 912 nec
1048 857 1281 926 seipsum
1303 855 1543 919 damnat,
1569 854 1855 909 terminum

267 951 527 1020 posuisti,
559 950 744 1005 dicens
769 969 782 1005 :
824 950 906 1005 Sit
932 950 1021 1004 tibi
1046 949 1195 1019 quasi
1222 948 1448 1003 ethnicus
1476 956 1526 1001 et
1554 947 1856 1015 publicanus

266 1043 478 1113 (Matth.
504 1043 589 1099 18.
610 1044 729 1115 l7);
754 1044 874 1098 huic
896 1057 1023 1097 vero
1048 1057 1153 1097 non
1182 1043 1330 1108 item,
1355 1041 1448 1097 sed
1469 1041 1676 1111 jussisti
1702 1043 1851 1097 illum

263 1136 495 1192 admitti.
519 1136 741 1205 Quoties
764 1137 925 1208 igitur
946 1137 1120 1207 ipsum
1148 1135 1315 1192 feram
1339 1137 1640 1193 convictum
1663 1146 1715 1193 et
1740 1134 1854 1207 poe-

264 1228 525 1283 nitentem
540 1230 565 1282 ?
585 1228 847 1284 sufticitne
890 1244 1058 1297 usque
1099 1229 1331 1298 septies?
1356 1230 1492 1297 Quid
1513 1230 1674 1301 igitur
1694 1229 1852 1286 Chri-

263 1327 378 1373 stus
405 1320 672 1387 benignus
696 1320 789 1375 ille
816 1326 871 1375 et
898 1319 1073 1375 bonus
1150 1321 1298 1377 Deus
1325 1322 1343 1354 ⁸
1370 1321 1396 1374 ?
1471 1319 1595 1376 Non
1624 1321 1737 1376 dico
1764 1321 1854 1376 tibi

260 1427 419 1481 usque
443 1412 627 1479 septies
649 1428 668 1465 :
695 1413 785 1465 sed
808 1427 963 1481 usque
988 1410 1272 1482 septuagies
1286 1413 1489 1483 septies.
1521 1411 1637 1468 Non
1661 1428 1849 1470 nume-

261 1517 381 1557 rum
434 1503 621 1558 statuit
664 1501 783 1568 hic,
830 1502 925 1558 sed
967 1502 1201 1571 infinite,
1255 1512 1512 1574 perpetuo
1553 1515 1607 1559 et
1636 1520 1850 1575 semper

262 1592 524 1659 denotat;
569 1594 704 1648 sicut
728 1593 869 1648 enim
900 1592 1094 1649 millies
1134 1610 1279 1666 sa‘pe
1324 1596 1521 1666 smpius
1548 1596 1847 1668 significat,

261 1684 332 1736 ita
354 1692 409 1738 et
431 1682 631 1738 dictum
654 1683 920 1753 superius.
953 1683 1083 1739 Illud
1111 1685 1255 1739 enim
1282 1701 1295 1739 :
1328 1684 1530 1741 Sterilis
1558 1688 1749 1758 peperit
1771 1705 1851 1743 se-

260 1786 394 1845 ptem
436 1773 531 1847 (1.
562 1774 685 1848 Reg.
718 1776 773 1831 2.
802 1775 904 1845 5),
938 1775 1005 1832 de
1046 1776 1226 1833 multis
1258 1777 1308 1832 in
1338 1777 1610 1848 Scriptura
1643 1780 1842 1835 intelli-

256 1867 418 1936 gitur.
449 1864 633 1937 Itaque
657 1867 1027 1922 remissionem
1060 1882 1164 1922 non
1193 1884 1417 1925 numero
1438 1871 1719 1935 conclusit,
1750 1872 1846 1929 sed

258 1962 518 2025 perpetuo
568 1964 622 2012 et
666 1971 880 2028 semper
933 1950 1335 2014 concedendam
1392 1960 1699 2032 signiﬁcat:
1744 1963 1848 2020 hoc

256 2049 399 2103 enim
431 2064 530 2119 per
554 2059 863 2120 sequentem
896 2053 1201 2122 parabolam
1232 2051 1450 2109 indicat.
1474 2054 1551 2111 Ne
1576 2056 1848 2113 videretur

252 2138 396 2219 enim
429 2156 683 2211 magnum
710 2142 835 2213 quid
867 2153 922 2199 et
948 2158 1237 2201 onerosum
1269 2148 1559 2219 praecipere
1588 2149 1843 2221 dicendo,

252 2233 561 2303 Septuagies
603 2235 802 2306 septies,
836 2235 1041 2293 addidit
1070 2238 1209 2294 hanc
1241 2241 1567 2312 parabolam,
1603 2244 1757 2301 simul
1791 2247 1841 2303 id

250 2323 395 2392 quod
424 2323 638 2380 dixerat
666 2326 941 2383 insinuans
959 2369 976 2397 ,
1006 2336 1061 2385 et
1085 2343 1207 2384 eum
1238 2331 1326 2400 qui
1356 2331 1457 2388 hac
1480 2333 1549 2390 de
1575 2350 1733 2391 causa
1761 2338 1841 2391 al-

252 2422 363 2466 tum
401 2424 617 2484 saperet
644 2418 941 2488 reprimens
961 2461 976 2486 ,
1021 2420 1415 2491 ostendensque
1447 2440 1558 2480 rem
1587 2440 1694 2481 non
1723 2441 1844 2483 esse

250 2503 472 2558 arduam
490 2546 505 2569 ,
537 2505 643 2561 imo
671 2506 826 2564 valde
855 2508 1086 2566 facilem.
1120 2512 1246 2569 Ideo
1275 2513 1656 2584 benignitatem
1687 2534 1839 2575 suam

252 2594 305 2649 in
345 2596 583 2651 medium
621 2598 878 2668 adduxit,
914 2610 973 2656 ut
1008 2616 1075 2657 ex
1112 2607 1511 2675 comparatione
1548 2609 1758 2676 discas,
1791 2623 1843 2667 te

250 2688 496 2755 quamvis
521 2691 823 2763 septuagies
847 2696 1047 2763 septies
1077 2694 1344 2763 dimittas,
1373 2697 1483 2752 imo
1508 2702 1689 2756 omnia
1713 2717 1839 2771 pce-

250 2788 366 2833 cata
413 2781 660 2850 proximo
698 2797 910 2853 semper
944 2786 1219 2843 condones
1240 2828 1253 2853 ,
1282 2789 1432 2859 quasi
1460 2791 1657 2845 stillam
1690 2808 1842 2863 aqua:

250 2867 439 2938 pelago
468 2880 828 2939 comparatam
848 2915 864 2941 ,
896 2873 1004 2929 imo
1044 2874 1204 2947 longe
1230 2878 1494 2934 minorem
1523 2894 1644 2936 esse
1672 2881 1839 2937 mise-

248 2958 536 3015 ricordiam
570 2960 711 3016 illam
732 3002 746 3028 ,
777 2963 821 3017 si
847 2980 971 3021 cum
1001 2965 1263 3023 immensa
1295 2969 1391 3025 Dei
1419 2969 1658 3027 bonitate
1687 2987 1839 3028 com-

247 3060 471 3119 piretur
493 3092 509 3118 ,
542 3067 644 3122 qua
676 3068 811 3125 opus
850 3054 1048 3124 habes,
1082 3073 1201 3115 cum
1246 3058 1442 3118 debeas
1482 3063 1539 3119 in
1575 3063 1837 3133 judicium

246 3139 439 3196 abduci
462 3149 516 3195 et
535 3142 769 3199 rationes
790 3145 1030 3203 reddere.
1057 3148 1183 3205 Ideo
1209 3151 1488 3223 subjunsit
1513 3174 1526 3209 :
1557 3154 1648 3213 23.
1678 3156 1840 3213 Sinti-

248 3230 297 3284 le
322 3242 395 3288 est
415 3249 626 3305 regnum
653 3239 891 3293 caelorum
916 3240 1109 3296 homini
1134 3244 1262 3315 regi,
1293 3246 1381 3314 qui
1404 3246 1562 3302 uoluit
1586 3250 1836 3305 rationem

246 3343 434 3393 ponere
454 3344 571 3381 eum
597 3332 751 3385 servis
776 3334 900 3387 suis.
929 3332 1026 3389 24.
1056 3335 1124 3389 Et
1149 3352 1264 3390 cum
1291 3339 1517 3408 cmpisset
1540 3357 1727 3413 ponere
1747 3360 1835 3397 ra-

248 3419 453 3483 tionem.
481 3421 678 3477 oblatus
702 3432 773 3477 est
796 3426 840 3479 ei
867 3442 999 3481 unus
1019 3428 1108 3498 qui
1139 3428 1345 3484 debebat
1373 3430 1544 3487 decem
1573 3434 1735 3490 millia
1758 3446 1836 3490 ta-

244 3509 400 3563 lenta.
430 3510 521 3566 25.
555 3511 676 3567 Non
701 3514 917 3572 habente
941 3528 1114 3573 autem
1140 3536 1198 3573 eo
1226 3520 1360 3576 unde
1389 3523 1620 3579 redderet
1643 3568 1657 3589 ,
1679 3526 1837 3596 jussit

244 3601 390 3654 pendi
420 3618 536 3656 eum
553 3645 570 3670 ,
599 3614 649 3658 et
674 3622 883 3661 uxorem
906 3610 929 3641 ⁸
958 3618 1006 3663 et
1034 3610 1169 3679 ﬁlios
1196 3620 1243 3666 et
1271 3614 1442 3667 omnia
1470 3631 1583 3685 qua:
1610 3616 1829 3675 haberet.

244 3691 448 3749 Deinde
464 3710 585 3751 cum
608 3698 1031 3757 misericordiam
1047 3702 1383 3773 impetrasset
1408 3705 1518 3771 ille.
1538 3707 1628 3763 28.
1653 3707 1837 3779 Egres-

240 3802 329 3839 sus
354 3803 647 3843 conservum
684 3790 939 3847 debentem
965 3794 1061 3849 sibi
1103 3806 1297 3850 centum
1345 3798 1577 3855 denarios
1604 3800 1831 3867 suffoca-

240 3876 369 3942 bat;
405 3894 574 3949 quare
600 3892 899 3941 commotus
938 3884 1223 3956 dominus,
1271 3890 1442 3961 ipsum
1474 3892 1527 3947 in
1555 3909 1829 3953 carcerem

239 3969 435 4040 conjici
462 3971 641 4041 jussit,
672 3974 844 4033 donec
876 3986 1044 4033 totum
1073 3980 1325 4037 solveret.
1359 3983 1541 4040 Viden’
1569 3997 1823 4057 quantum

238 4062 309 4117 sit
333 4062 625 4122 discrimen
651 4067 791 4125 inter
816 4079 1033 4140 peccata
1060 4071 1112 4127 in
1143 4072 1436 4144 hominem,
1464 4088 1517 4132 et
1544 4078 1594 4132 in
1624 4079 1827 4135 Deum?

238 4148 510 4220 Quantum
527 4158 1035 4218 scilicetdiscrimen
1065 4164 1202 4221 inter
1217 4166 1402 4223 decem
1422 4170 1583 4225 millia
1603 4172 1821 4243 talenta,

138 4324 145 4330 ἢ
236 4257 292 4303 et
314 4257 529 4305 centum
554 4250 839 4320 denarios;
858 4255 967 4311 imo
1002 4258 1169 4313 multo
1195 4260 1385 4330 majus.
1415 4259 1471 4316 ιιι
1496 4272 1674 4319 autem
1702 4281 1826 4321 eve-

238 4341 316 4395 nit
346 4348 462 4396 tum
488 4357 554 4397 ex
583 4342 881 4401 dilferentia
914 4363 1262 4417 personarum
1283 4394 1299 4418 ,
1333 4361 1441 4409 tum
1471 4370 1536 4411 ex
1571 4366 1821 4425 peccato-

234 4448 356 4489 rum
388 4433 705 4504 frequentia.
731 4437 959 4496 Homine
988 4457 1218 4513 namque
1243 4444 1455 4505 vidente
1476 4488 1490 4513 ,
1522 4462 1820 4517 cessamus,

233 4541 336 4581 nec
363 4541 589 4596 peccare
618 4530 911 4598 audemus;
946 4533 1057 4589 Deo
1082 4545 1261 4592 autem
1300 4538 1539 4608 quotidie
1569 4541 1817 4611 vidente,

234 4633 341 4671 non
374 4632 626 4697 veremur
646 4662 661 4687 ,
690 4620 797 4677 imo
822 4623 981 4680 etiam
1009 4626 1190 4681 omnia
1230 4628 1493 4699 intrepide
1519 4628 1747 4688 facimus
1766 4643 1821 4689 et

230 4706 482 4763 dicimus.
512 4709 693 4781 Neque
720 4712 843 4768 hinc
869 4715 1028 4771 modo
1048 4757 1062 4780 ,
1091 4717 1185 4773 sed
1209 4718 1367 4775 etiam
1398 4736 1428 4776 a
1457 4721 1739 4780 beneficiis
1765 4735 1819 4782 et

226 4800 297 4854 ab
330 4799 537 4857 honore
565 4818 674 4874 quo
701 4802 925 4861 fruimur
953 4809 1194 4877 graviora
1236 4821 1451 4879 peccata
1493 4814 1812 4873 redduntur.

227 4889 297 4946 Et
324 4892 370 4946 si
416 4892 627 4950 discere
666 4895 864 4963 vultis,
897 4899 1166 4967 quomodo
1207 4900 1315 4956 sint
1358 4904 1521 4958 millia
1570 4906 1769 4962 talenta
1794 4948 1811 4975 ,

226 4980 337 5035 imo
365 4982 533 5039 multo
559 4984 712 5053 plura
743 4986 796 5042 in
841 4987 1007 5043 Deum
1056 4999 1269 5059 peccata
1290 5031 1305 5055 ,
1336 4991 1388 5047 id
1418 4994 1600 5062 paucis
1629 4999 1809 5066 expri-

224 5087 374 5129 mere
390 5082 648 5145 satagam.
678 5076 783 5132 Sed
801 5080 965 5145 timeo
986 5095 1054 5136 ne
1070 5080 1153 5147 iis,
1180 5081 1269 5152 qui
1289 5081 1354 5136 ad
1375 5085 1663 5154 nequitiam
1688 5102 1815 5157 pro-

224 5165 279 5217 ni
308 5179 467 5229 sunt,
495 5168 693 5237 quique
734 5168 1040 5240 frequenter
1080 5182 1339 5243 peccant,
1372 5176 1628 5245 majorem
1669 5194 1809 5248 pra:-

221 5257 379 5315 beam
413 5259 679 5315 licentiam
700 5304 714 5326 ,
751 5278 883 5319 neve
912 5265 1263 5323 modestiores
1293 5268 1347 5324 in
1377 5269 1806 5337 desperationem

221 5350 505 5419 conjiciatn
524 5395 538 5417 ,
562 5362 617 5407 et
646 5371 712 5407 ne
740 5355 962 5424 idipsum
994 5358 1134 5429 quod
1163 5359 1404 5430 discipuli
1431 5363 1645 5418 dicant:
1681 5365 1807 5432 Quis

217 5453 379 5513 potest
408 5461 459 5498 er
473 5445 593 5497 ’mri
614 5445 895 5517 (Hortalo.
914 5449 1031 5522 26)?
1048 5451 1399 5509 Nihilominus
1420 5464 1592 5510 tamen
1611 5457 1806 5525 dicam,

216 5546 273 5589 ut
304 5552 401 5589 eos
423 5539 510 5603 qui
538 5538 820 5592 attendunt
847 5542 1146 5597 securiores
1171 5553 1223 5598 et
1252 5549 1645 5604 mansuetiores
1678 5551 1803 5605 red-

213 5625 361 5683 dam.
390 5625 522 5681 Nam
545 5630 634 5699 qui
663 5629 940 5685 incumbili
970 5632 1157 5688 morbo
1184 5634 1427 5693 laborant
1453 5648 1506 5695 et
1533 5640 1654 5696 sine
1684 5656 1807 5698 sen-

261 5811 276 5841 ¹
306 5809 417 5863 Alli.
442 5807 607 5858 Bonus
634 5803 883 5858 Dominus.

260 5872 280 5902 ⁸
303 5871 478 5920 Morel.
510 5882 661 5931 tuate,
686 5869 840 5936 jussit
863 5871 1000 5924 randi
1027 5888 1246 5929 uxorem.

1306 464 1371 520 IN
1410 459 1822 520 MATTIIAEUSI
1866 459 2096 518 IIOMIL.
2139 461 2273 519 LXI.
2316 464 2385 519 al.
2427 462 2588 519 LXII.

3448 461 3559 518 ἕω

1968 593 2031 635 su
2056 590 2196 646 sunt,
2229 582 2376 638 hisce
2403 582 2535 637 nihil
2563 583 2789 654 permoti
2821 583 3146 652 rationibus,
3178 598 3211 639 a
3237 584 3471 656 nequitia
3496 599 3555 645 es

1966 672 2172 742 ignavia
2194 687 2288 729 sua
2317 689 2421 730 non
2448 674 2734 742 recedunt;
2765 677 2811 733 si
2838 686 3015 734 autem
3043 677 3170 733 inde
3193 678 3451 748 majorem
3476 697 3558 737 su-

1964 773 2111 819 mant
2156 766 2490 840 negligentia:
2540 769 2875 823 occasionem
2897 810 2913 834 ,
2949 768 3001 823 id
3033 783 3140 824 non
3178 768 3334 825 dictis
3364 769 3556 841 hujus-

1964 856 2131 923 modi,
2153 857 2247 913 sed
2269 873 2454 914 eorum
2477 860 2750 915 stoliditati
2775 860 3113 917 tribuendum
3137 872 3256 918 est:
3283 878 3404 935 qua:
3426 878 3557 919 vero

1963 947 2243 1015 dicentur,
2285 957 2517 1007 attentos
2556 953 2850 1021 reprimere
2874 959 2930 1009 et
2966 952 3033 1008 ad
3079 953 3551 1031 corqpunctionem

1962 1040 2227 1098 deducere
2269 1052 2555 1114 poterunt;
2596 1047 2983 1103 mansuetiores
3012 1062 3177 1114 vero,
3205 1064 3326 1103 cum
3360 1063 3552 1119 pecca-

1963 1143 2135 1191 torum
2163 1137 2360 1201 molem
2388 1137 2637 1206 viderint,
2668 1147 2723 1195 et
2748 1139 2853 1194 vim
2881 1140 3212 1210 poenitentia:
3237 1140 3548 1204 didicerint.

1960 1226 2060 1297 ipsi
2088 1229 2256 1300 magis
2276 1229 2476 1285 dabunt
2503 1247 2721 1301 cperam
2750 1249 2763 1285 :
2796 1232 3024 1303 ideoque
3052 1232 3182 1288 illud
3208 1232 3387 1289 dicere
3415 1249 3541 1304 ope-

1958 1335 2035 1375 ra:
2074 1321 2305 1391 pretium
2334 1322 2511 1379 fuerit.
2562 1322 2835 1379 Proferam
2878 1338 3009 1379 vero
3040 1333 3257 1394 peccata
3277 1366 3294 1392 ,
3320 1334 3374 1381 et
3398 1342 3547 1397 quae-

1957 1427 2185 1483 cumque
2211 1413 2265 1467 in
2299 1413 2464 1468 Deum
2490 1454 2505 1479 ,
2535 1422 2590 1470 et
2618 1429 2967 1485 quaecumque
2993 1414 3047 1469 in
3076 1413 3323 1471 homines
3352 1430 3546 1489 perpe-

1959 1513 2158 1561 tramus
2185 1523 2199 1560 :
2231 1522 2336 1561 non
2364 1507 2576 1578 propria
2602 1522 2793 1578 ponam
2810 1549 2825 1575 ,
2850 1506 2943 1563 sed
2964 1507 3304 1574 communia;
3336 1508 3545 1579 propria

1954 1605 2133 1653 autem
2165 1598 2417 1670 deinceps
2445 1615 2511 1656 es
2537 1601 2864 1656 conscientia
2895 1614 2990 1656 sua
3022 1601 3223 1671 singuli
3244 1600 3462 1659 addent.
3488 1601 3544 1660 Id

1956 1705 2083 1745 vero
2128 1688 2350 1758 faciam,
2394 1702 2674 1763 postquam
2726 1693 2820 1748 Dei
2867 1693 3129 1751 beneficia
3178 1682 3543 1767 pra‘posuero.

1954 1782 2083 1856 Quae
2107 1792 2233 1837 sunt
2251 1798 2382 1855 ergo
2404 1784 2497 1840 Dei
2522 1784 2823 1840 beneficia?
2848 1785 2967 1856 Ipse
2988 1784 3114 1841 fecit
3138 1801 3234 1841 nos
3255 1803 3318 1841 ex
3342 1786 3511 1843 nihilo
3527 1828 3543 1855 ,

1953 1852 2182 1932 visibilis
2211 1879 2386 1932 omnia
2418 1887 2638 1949 propter
2669 1892 2766 1934 nos
2793 1878 3075 1959 condidit,
3096 1880 3319 1944 cadum,
3350 1895 3500 1935 mare
3522 1922 3539 1946 ,

1955 1978 2172 2037 terram,
2200 1984 2402 2037 aerem,
2430 1980 2483 2025 et
2509 1985 2629 2040 quae
2655 1970 2707 2024 in
2739 1971 2804 2026 iis
2828 1971 3174 2031 continentur
3201 1972 3402 2035 omnia,
3428 1972 3543 2027 ani-

1950 2061 2143 2127 malia,
2188 2062 2432 2131 plantas,
2479 2062 2723 2125 semina;
2765 2076 2889 2116 nam
2934 2061 3185 2117 brevitati
3219 2061 3542 2117 studendum

1950 2154 2021 2209 ob
2048 2154 2362 2208 immensam
2383 2168 2608 2225 operum
2637 2152 2867 2224 capiam.
2895 2154 3145 2210 Animam
3172 2153 3444 2210 viventem
3462 2163 3542 2209 ta-

1950 2246 2054 2301 lem
2104 2246 2257 2300 nobis
2303 2254 2507 2301 tantum
2558 2246 2871 2318 inspiravit,
2904 2246 3208 2317 paradisum
3243 2247 3540 2317 plantavit,

1948 2338 2262 2408 adjutricem
2280 2337 2422 2394 dedit
2446 2339 2574 2394 etin
2606 2339 2758 2393 bruta
2786 2338 3077 2394 animantia
3103 2339 3404 2411 imperium.
3425 2341 3541 2411 glo—

1949 2431 2025 2485 ria
2052 2438 2105 2486 et
2136 2430 2340 2486 honore
2369 2431 2664 2487 coronavit.
2708 2430 2916 2487 Deinde
2957 2432 3261 2499 hominem,
3293 2433 3384 2503 qui
3413 2446 3540 2503 erga

1948 2523 2346 2581 benefactorem
2392 2540 2546 2592 suum
2593 2526 2831 2597 ingratus
2859 2533 3142 2592 evaserat,
3173 2525 3365 2597 majori
3395 2526 3539 2582 dono

1946 2618 2190 2688 dignatus
2219 2628 2322 2676 est.

2017 2709 2075 2763 2.
2118 2709 2284 2779 Culpa
2307 2711 2491 2766 Adami
2512 2720 2813 2781 quantorum
2829 2729 2984 2768 causa
3011 2712 3278 2768 bonarum.
3313 2712 3538 2766 Militum

1946 2817 2129 2856 mores.
2148 2802 2413 2870 Artiﬁcum
2448 2804 2671 2874 fraudes.
2689 2834 2760 2844 —
2772 2804 2848 2859 Ne
2861 2804 2963 2860 hoc
2982 2812 3188 2859 tantum
3204 2803 3538 2870 consideres,

1945 2890 2086 2962 quod
2105 2890 2323 2962 ejecerit
2339 2908 2403 2948 ex
2424 2893 2795 2962 paradiso,sed
2815 2895 3020 2951 lucrum
3042 2893 3167 2950 inde
3187 2903 3394 2965 partum
3418 2909 3538 2965 per-

1945 2984 2138 3054 pende.
2158 2984 2448 3055 Postquam
2466 2986 2608 3041 euim
2626 2986 2783 3057 ejecit
2801 3003 2863 3043 ex
2886 2986 3215 3057 paradiso,et
3230 2985 3435 3041 infinita
3451 2985 3537 3042 illa

1943 3076 2083 3133 bona
2114 3076 2334 3147 largitus
2358 3089 2440 3134 est
2468 3079 2908 3150 meonomiasqne
2932 3079 3127 3145 varias,
3148 3079 3347 3135 Filium
3375 3093 3532 3134 suum

1942 3170 2088 3225 misit
2107 3185 2202 3241 pro
2218 3170 2283 3226 iis
2298 3171 2385 3241 qui
2405 3170 2679 3227 beneficiis
2694 3171 2869 3227 affecti
2894 3171 3063 3240 ipsum
3083 3170 3329 3237 oderant,
3345 3170 3534 3228 caelum

1945 3264 2099 3319 nobis
2118 3266 2406 3334 aperuit,et
2425 3264 2726 3336 paradisum
2745 3264 2919 3333 ipsum
2945 3263 3327 3331 expandit,nos
3358 3263 3533 3320 inimi-

1940 3356 2296 3426 cos,ingratos
2318 3357 2454 3412 filios
2470 3355 2666 3412 ell‘ecit.
2683 3353 2806 3411 Ideo
2817 3371 2956 3411 nunc
2972 3365 3274 3426 opportune
3290 3356 3497 3413 dicatur
3515 3374 3529 3413 :

1944 3447 1989 3502 0
2006 3446 2224 3503 altitudo
2250 3448 2540 3504 divitiarum
2570 3458 2618 3503 et
2642 3450 2910 3520 sapientite
2927 3459 2973 3503 et
2992 3451 3215 3504 scientia
3236 3448 3330 3505 Dei
3348 3442 3527 3522 (Rom.

1941 3540 2145 3612 H.331)!
2166 3541 2419 3611 [teditque
2436 3541 2589 3596 nobis
2602 3540 2858 3612 baptisma
2878 3542 2930 3597 in
2951 3541 3321 3597 remissionem
3342 3558 3529 3613 pecca-

1938 3631 2338 3703 torum,eripuit
2352 3646 2381 3685 a
2399 3630 2929 3702 suppliciis,heredes
2944 3633 3090 3703 regni
3108 3634 3525 3701 constituit,mil-

1938 3721 2007 3777 lia
2038 3722 2279 3791 promisit
2305 3723 2441 3778 bona
2473 3733 2620 3779 recte
2648 3724 2927 3795 agentibus
2950 3767 2966 3793 ,
2994 3741 3208 3781 manum
3231 3727 3470 3796 porrexit
3497 3769 3516 3797 ,

1935 3814 2301 3887 bpiritumque
2324 3814 2512 3869 infudit
2540 3815 2593 3871 in
2624 3816 2786 3871 corda
2816 3827 3017 3873 nostra.
3052 3818 3191 3888 Quid
3218 3819 3379 3890 igitur
3400 3830 3524 3893 post

1936 3914 2018 3961 tot
2039 3914 2287 3978 tantaque
2315 3907 2495 3963 bona?
2523 3909 2794 3978 quomodo
2831 3924 2931 3965 nos
2970 3910 3193 3968 affectos
3216 3928 3337 3969 esse
3366 3930 3527 3987 opor-

1936 3995 2116 4052 teret?
2147 4013 2272 4053 num
2324 3999 2367 4054 si
2409 3999 2647 4070 quotidie
2676 4001 2973 4056 moriamur
3018 4017 3115 4073 pro
3163 4004 3278 4073 illo,
3309 4006 3527 4075 quinos

1934 4099 2140 4146 tantum
2182 4089 2372 4163 diligit,
2415 4092 2709 4162 condignas
2758 4094 2978 4164 gratias,
3012 4094 3120 4150 imo
3148 4096 3233 4152 vel
3260 4099 3523 4154 tantillum

1928 4183 2093 4240 debiti
2122 4183 2451 4240 referemus?
2497 4184 2843 4257 Nequaquam
2875 4203 2888 4238 :
2919 4201 3040 4241 nam
3082 4187 3210 4242 illud
3260 4190 3421 4245 etiam
3472 4190 3525 4247 in

1930 4275 2135 4331 lucrum
2164 4276 2318 4333 nobis
2346 4276 2507 4333 cedit.
2536 4278 2816 4347 Quomodo
2843 4280 3003 4351 igitur
3018 4280 3189 4337 affecti
3208 4297 3415 4353 sumus,
3432 4286 3523 4355 qui

1928 4368 2000 4423 ita
2024 4368 2161 4425 affici
2190 4368 2545 4425 deberemus?
2581 4371 2831 4440 Quotidie
2873 4374 3017 4446 leges
3059 4373 3177 4445 ejus
3233 4376 3519 4433 violamus.

1927 4460 2126 4517 Verum
2158 4476 2224 4517 ne
2244 4461 2463 4533 indigne
2491 4462 2696 4531 feratis,
2719 4464 2763 4518 si
2790 4465 3124 4535 peccantium
3147 4466 3385 4537 linguam
3402 4484 3524 4539 per-

1925 4554 2192 4611 strinxero
2225 4572 2239 4609 :
2282 4569 2386 4611 non
2416 4557 2559 4611 enim
2580 4571 2677 4612 vos
2712 4557 2895 4612 incuso
2926 4567 3152 4626 tantum,
3184 4559 3278 4615 sed
3314 4568 3371 4617 ct
3402 4576 3519 4618 me—

1924 4646 2120 4715 ipsum.
2158 4645 2440 4703 Undenam
2469 4648 2630 4704 vultis
2676 4648 2928 4719 incipiam
2953 4650 2977 4704 ?
3002 4666 3066 4706 an
3097 4666 3126 4705 a
3159 4652 3367 4709 servis?
3391 4670 3459 4709 an
3489 4672 3519 4711 a

1923 4737 2105 4794 liberis
2128 4739 2201 4794 ?a
2232 4739 2528 4796 militibus?
2561 4756 2591 4795 a
2614 4742 2836 4811 privatis
2869 4742 3214 4800 hominibus?
3240 4761 3269 4799 ει
3314 4746 3519 4816 princi-

1922 4828 2116 4901 pibus?
2158 4844 2185 4884 a
2229 4830 2492 4886 subditis?
2517 4848 2547 4887 a
2580 4832 2925 4889 mulieribus?
2951 4850 2979 4889 a
3008 4836 3173 4892 viris?
3197 4852 3227 4892 a
3257 4838 3519 4895 senibus?

1921 4936 1952 4977 a
1973 4922 2254 4992 juvenibus
2279 4923 2335 4977 ίῖ
2356 4939 2385 4978 a
2414 4940 2517 4995 qua
2544 4926 2740 4981 aetate?
2772 4940 2801 4980 a
2830 4943 2937 4998 quo
2974 4928 3207 4998 genere?
3228 4945 3259 4984 a
3298 4947 3401 5002 qua
3429 4932 3514 4986 di-

1919 5014 2162 5083 gnitate?
2187 5030 2214 5069 a
2242 5030 2347 5087 quo
2376 5015 2587 5071 studio?
2620 5016 2859 5074 Voltisne
2884 5034 2915 5073 a
2941 5020 3199 5075 militibus
3227 5022 3516 5092 incipiam?

1919 5104 1977 5160 In
2008 5116 2136 5177 quot
2164 5117 2379 5178 peccata
2410 5108 2463 5161 hi
2496 5109 2734 5178 quotidie
2757 5125 2861 5165 non
2895 5113 3190 5181 proruunt?
3218 5112 3513 5171 Contume-

1922 5199 2023 5254 lias
2051 5209 2105 5253 et
2132 5201 2367 5255 convicia
2398 5200 2653 5262 inferunt.
2686 5203 2977 5267 insaniunt,
3012 5204 3201 5259 alienis
3232 5206 3510 5262 calamita-

1920 5288 2059 5344 tibus
2112 5290 2467 5355 delectantur,
2519 5290 2659 5361 lnpis
2708 5292 2933 5358 similes,
2964 5294 3170 5350 scelere
3223 5312 3509 5365 numquam

1917 5381 2103 5447 vaCui,
2132 5381 2234 5435 nisi
2278 5383 2396 5451 quis
2428 5380 2623 5437 dixerit
2647 5399 2797 5438 mare
2823 5385 3071 5442 fluctibus
3116 5402 3327 5443 vacare.
3380 5389 3509 5456 Qua:

1914 5473 2076 5526 animi
2099 5474 2357 5543 aegritudo
2388 5491 2495 5527 non
2525 5474 2644 5529 illos
2675 5477 2955 5546 exagitat?
2982 5478 3099 5547 quis
3130 5479 3353 5535 morbus
3401 5497 3503 5535 non

1913 5569 2145 5619 animam
2179 5566 2413 5633 ipsorum
2445 5568 2699 5623 obsidet?
2722 5569 3041 5640 Equalibus
3065 5571 3207 5625 enim
3234 5572 3496 5637 invident,

1914 5671 2062 5710 vanae
2088 5656 2268 5725 gloriae
2293 5658 2507 5713 student
2531 5676 2545 5723 ;
2579 5658 2820 5715 subditos
2846 5661 2945 5715 sibi
2974 5677 3133 5717 avare
3159 5662 3501 5731 delraudaut,

1913 5749 1978 5806 iis
2018 5750 2108 5820 qui
2135 5750 2341 5821 litigant
2370 5761 2425 5806 ct
2463 5753 2527 5807 ad
2552 5767 2611 5810 se
2638 5757 2789 5826 quasi
2818 5756 2883 5812 ad
2912 5770 3126 5828 portum
3152 5757 3483 5829 confugiunt,

1981 5907 1996 5939 ³
2033 5904 2221 5970 uorel.,
2244 5921 2271 5957 ε
2290 5910 2476 5969 pueris.
