4186 6494
660 458 758 516 591

665 570 844 630 hostili
864 575 920 624 et
954 562 1163 636 perjuro
1191 555 1369 612 animo
1384 559 1523 608 sunt.
1544 548 1684 617 Quot
1702 542 1840 636 apud
1857 539 1976 595 illos
1995 529 2230 606 rapinae?

664 670 794 733 quot
823 629 1072 716 fraudes!
1097 658 1224 721 quot
1265 641 1648 717 sycophantiae,
1672 646 1728 692 et
1761 629 2108 689 fraudulenta:
2139 639 2234 679 ue-

663 717 1030 826 gotiationes?
1065 717 1197 814 quot
1246 737 1578 792 adulationes
1626 723 1895 790 serviles?
1947 717 2184 790 Agedum
2214 754 2230 781 ,

663 811 862 900 ξὴτίειὶ
891 841 1057 909 legem
1085 811 1303 902 singulis
1322 838 1566 897 aptemus
1596 840 1611 877 :
1646 820 1744 887 Qui
1760 815 1940 909 dixerit
1959 811 2108 909 fratrs:
2120 824 2229 872 suo,

677 932 860 996 Fatue,
891 901 1004 982 reus
1025 925 1116 980 erit
1141 901 1378 993 gelidum
1396 915 1544 988 ignis.
1566 912 1663 979 ραι
1683 904 1953 979 respexerit
1979 901 2235 957 mulierem

670 1026 740 1084 ad
763 1016 1213 1094 concupiscendum
1239 1029 1371 1078 eam,
1388 1011 1501 1081 jam
1531 1005 1798 1060 mchatus
1823 1010 1892 1054 est
1914 1013 2024 1053 eam
2052 996 2104 1050 in
2125 1009 2236 1048 cor-

672 1121 734 1173 de
770 1131 881 1172 suo.
925 1090 1059 1165 'Nisi
1102 1107 1213 1178 quis
1240 1100 1575 1158 humilius-erit
1599 1113 1653 1152 se
1691 1095 1819 1149 sicut
1844 1090 2106 1164 parvulus,
2136 1101 2236 1142 non

670 1207 879 1262 intrabit
915 1209 973 1258 in
1011 1175 1218 1271 regnum
1247 1195 1483 1250 castorum
1515 1187 1728 1256 (Matth.
1760 1185 1813 1240 5.
1843 1182 1933 1241 22.
1957 1181 2048 1236 28.
2074 1186 2118 1233 et
2149 1175 2234 1271 Ιβῖ

672 1299 751 1369 ι).
777 1295 846 1357 ,lli
873 1309 997 1349 vero
1023 1263 1325 1359 arrogantia
1357 1290 1575 1337 utuntur
1600 1276 1852 1334 adversus
1872 1268 2110 1326 subditos
2135 1263 2236 1320 sibi

675 1355 916 1446 traditos.
949 1355 1256 1442 trementes,
1282 1383 1337 1431 et
1353 1369 1715 1432 formidantes,
1746 1362 1940 1436 quibus
1965 1365 2088 1416 sunt
2113 1355 2240 1426 ipsis

671 1479 802 1535 feris
849 1473 1187 1529 acerbiores:
1215 1464 1354 1522 nihil
1390 1479 1484 1534 pro
1522 1459 1735 1514 Christo
1767 1455 2035 1514 facientes,
2062 1448 2239 1504 omnia

677 1583 774 1639 pro
798 1573 1004 1629 ventre,
1041 1575 1137 1631 pro
1160 1556 1414 1629 pecuniis,
1437 1566 1534 1624 pro
1557 1563 1688 1604 Vana
1714 1545 1899 1618 gloria.
1934 1543 2017 1597 Au
2039 1539 2242 1596 scelera

671 1634 859 1715 eorum
894 1653 1068 1710 verbis
1116 1646 1384 1706 numerari
1416 1639 1656 1715 possint?
1680 1637 1816 1706 Quid
1847 1634 2118 1690 irrisiones
2140 1644 2248 1686 me-

672 1765 917 1813 morem,
967 1751 1136 1800 risum
1184 1739 1406 1796 elfusum
1430 1776 1446 1803 ,
1489 1728 1857 1802 intempestiva
1909 1724 2171 1795 colloquia
2202 1722 2243 1791 ‘,

677 1845 926 1896 obscaena
979 1831 1151 1892 dicta?
1202 1829 1330 1886 Nam
1375 1827 1442 1882 do
1476 1822 1702 1881 avaritia
1752 1818 1882 1875 nihil
1925 1814 2242 1873 dicendum:

680 1927 1120 2006 quemadmodum
1150 1924 1293 1982 enim
1316 1921 1349 1976 ii
1373 1919 1462 1992 qui
1489 1919 1542 1973 in
1560 1913 1828 1972 montibus
1841 1919 1963 1968 sunt
1977 1906 2244 1971 monachi,

682 1997 751 2082 ne
793 2022 968 2080 sciunt
1017 2018 1231 2089 quidem
1263 2013 1390 2086 quid
1429 2013 1499 2066 sit
1525 2008 1748 2066 avaritia
1779 2023 1794 2064 :
1829 2005 1900 2060 ita
1943 2012 1998 2060 et
2027 1997 2246 2066 isti,sed

680 2115 952 2172 contrario
977 2111 1156 2166 modo.
1201 2106 1278 2165 Illi
1305 2104 1447 2161 enim
1469 2100 1607 2172 quod
1638 2095 1816 2169 procul
1843 2094 1909 2150 ab
1934 2092 2036 2148 hoc
2063 2089 2252 2147 morbo

683 2208 811 2271 sint,
837 2203 890 2260 id
917 2203 1192 2274 ignorant;
1241 2196 1295 2251 bi
1337 2207 1464 2248 vero
1490 2190 1639 2261 quasi
1668 2188 1767 2243 boc
1791 2183 1979 2241 morbo
2004 2180 2159 2244 ebrii,
2185 2193 2252 2235 ne

685 2269 920 2362 sentiunt
937 2269 1174 2362 ‘quidem
1203 2292 1456 2358 quantum
1483 2282 1549 2337 sit
1578 2278 1774 2334 malum
1803 2293 1819 2331 :
1843 2271 2080 2344 nequitia
2108 2269 2250 2327 enim

689 2389 759 2444 ita
785 2369 997 2443 omnem
1025 2383 1272 2437 virtutem
1302 2376 1371 2435 ab
1389 2375 1476 2434 eis
1493 2372 1714 2445 expulit,
1741 2377 2046 2439 tantamque
2075 2378 2252 2438 tyran-

689 2477 868 2533 nidem
889 2480 1124 2538 exercet,
1152 2479 1209 2527 ut
1227 2467 1529 2526 furentibus
1559 2465 1660 2521 illis
1685 2461 1885 2523 nullum
1903 2457 2104 2516 crimen
2128 2470 2254 2527 gra-

695 2583 756 2624 ve
782 2567 1022 2622 videatur
1050 2576 1187 2618 esse.
1239 2558 1344 2616 Sed
1392 2556 1476 2612 his
1505 2556 1722 2622 relictis,
1754 2552 1983 2631 vultisne
2026 2547 2091 2603 ad
2121 2546 2256 2601 alios

688 2657 1044 2718 modestiores
1074 2650 1427 2712 accedamus?
1455 2651 1565 2720 Ago
1612 2648 1789 2717 igitur,
1815 2642 2059 2714 opificum
2085 2636 2257 2693 artiﬁ-

686 2765 919 2822 cumque
937 2763 1104 2820 genus
1125 2745 1397 2802 adeamus.
1421 2742 1484 2798 Hi
1506 2740 1648 2795 enim
1670 2735 1898 2792 maxime
1926 2732 2169 2788 videntur
2193 2744 2259 2785 ex

691 2840 1143 2918 justiszlaboribus
1174 2836 1557 2904 sudoribusque
1587 2831 1747 2886 vitam
1775 2827 1875 2884 sibi
1923 2841 2130 2896 parare.
2151 2821 2264 2877 Ve-

695 2913 815 2994 rum
863 2934 916 2992 hi
960 2943 1173 3005 quoque
1209 2928 1308 2983 nisi
1347 2925 1447 2982 sibi
1486 2921 1796 2989 attendant,
1827 2918 1995 2976 multa
2017 2916 2140 2972 inde
2159 2913 2260 2971 sibi

697 3028 832 3086 mala
853 3031 1148 3095 congerunt
1179 3036 1193 3075 :
1225 3034 1345 3074 nam
1373 3013 1529 3086 justis
1563 3011 1813 3083 operibus
1853 3009 2088 3079 iniquum
2132 3021 2264 3062 ven-

696 3119 854 3176 dendi
883 3126 937 3174 et
976 3111 1188 3171 emendi
1217 3107 1430 3166 modum
1456 3105 1727 3176 adjiciunt,
1757 3113 1812 3158 et
1837 3115 1979 3169 stupe
2025 3097 2262 3153 avaritias

699 3213 993 3284 iuramenta
1012 3248 1026 3273 ,
1057 3203 1286 3276 periuria
1309 3241 1327 3268 ,
1353 3197 1626 3254 mendacia
1671 3191 2030 3264 superaddunt
2058 3207 2072 3243 :
2105 3187 2264 3257 hujus

702 3307 825 3363 vita
849 3301 1006 3358 rebus
1029 3295 1224 3352 addicti
1253 3303 1514 3361 terraeque
1540 3286 1704 3355 affixi,
1731 3284 1862 3340 nihil
1891 3297 1995 3337 non
2021 3288 2182 3352 agunt
2210 3290 2268 3336 ut

701 3393 954 3466 pectutias
982 3388 1250 3457 colligant,
1282 3396 1382 3438 nec
1404 3387 1592 3436 curant
1615 3392 1708 3434 eas
1729 3371 2049 3465 pauperibus
2077 3385 2260 3442 eroga—

705 3457 784 3551 re,
806 3497 916 3538 sem
925 3490 1122 3549 perque
1149 3473 1430 3530 facultates
1445 3484 1639 3542 augere
1650 3457 1884 3524 student.
1908 3463 2036 3534 Quis
2055 3475 2273 3519 enarra-

706 3549 779 3630 rit
821 3569 1056 3628 cci-vicia
1087 3566 1171 3620 his
1197 3563 1265 3620 de
1291 3561 1466 3618 causis
1509 3558 1714 3630 prolata
1735 3599 1749 3623 ,
1775 3552 2146 3618 contumelias,
2175 3549 2268 3606 fm-

709 3679 860 3727 uora,
889 3673 1094 3723 usuras,
1127 3661 1281 3727 pacta
1309 3653 1525 3709 multam
1544 3649 1787 3706 fraudem
1816 3644 2082 3712 habentia,
2103 3644 2274 3714 impu-

712 3757 890 3813 dentes
915 3746 1338 3821 negotiationes?
1596 3742 1602 3747 ’

779 3848 832 3904 3.
875 3842 1191 3899 Prcdiorum
1221 3852 1525 3912 possessores
1543 3834 1721 3905 iniqui.
1753 3862 1824 3875 ——
1850 3831 2043 3886 Verum
2073 3829 2118 3885 si
2169 3829 2276 3898 ph»

707 3948 815 4006 cet,
860 3937 945 3992 his
996 3935 1230 4000 omissis,
1265 3931 1332 3988 ad
1367 3917 1516 3985 ‘alios
1555 3927 1862 3992 veniamus,
1892 3925 1981 3994 qui
2031 3921 2274 3977 videntur

711 4032 961 4104 justiores
983 4043 1122 4084 esse.
1156 4025 1379 4095 Quinam
1404 4022 1475 4078 illi
1491 4019 1655 4076 sunt?
1681 4017 1780 4086 Qui
1806 4032 1960 4087 agros
1982 4013 2276 4087 possident,

711 4136 766 4181 et
789 4140 854 4181 ex
887 4133 1042 4178 terrae
1065 4119 1320 4174 fructibus
1338 4114 1594 4171 ditantur.
1640 4110 1775 4180 Quid
1805 4109 1908 4164 illis
1936 4107 2167 4178 iniquius
2195 4120 2280 4160 re—

715 4215 988 4286 iterantur?
1017 4214 1075 4270 Si
1095 4211 1211 4281 quis
1227 4210 1369 4266 enim
1391 4206 1657 4278 perquirat
1677 4217 1780 4275 quo
1803 4211 1954 4272 pacto
1970 4214 2090 4255 cum
2116 4198 2281 4253 mise-

717 4311 796 4366 ris
820 4307 1064 4380 agricolis
1089 4319 1146 4360 se
1171 4309 1390 4374 gerant,
1416 4298 1535 4353 illos
1556 4294 1795 4350 barbaris
1823 4290 2162 4347 irnmaniores
2190 4289 2285 4343 de-

721 4400 1030 4474 prehendet.
1081 4395 1211 4451 Nam
1244 4393 1306 4448 iis
1345 4390 1430 4461 qui
1459 4390 1599 4443 fame
1643 4385 1973 4439 tabescentes
1999 4395 2092 4450 per
2122 4387 2286 4433 totam

728 4470 879 4546 vitam
913 4490 1152 4543 laborant
1175 4527 1189 4547 ,
1219 4480 1492 4552 vectigalia
1538 4478 1816 4546 imponunt
1857 4470 2206 4527 intolerabilia
2232 4475 2287 4522 et

724 4591 996 4655 perpetua,
1053 4577 1419 4644 laboriosaque
1462 4568 1773 4634 ministeria,
1823 4564 1976 4636 quasi
2027 4563 2191 4618 asinis
2232 4568 2287 4616 et

727 4673 902 4741 mulis,
930 4673 1035 4726 imo
1059 4670 1209 4740 quasi
1239 4665 1501 4734 lapidibus
1532 4664 1767 4732 ipsorum
1796 4657 2109 4728 corporibus
2135 4662 2288 4710 uten-

728 4780 828 4834 tes,
855 4780 1026 4836 neque
1051 4762 1133 4817 vel
1163 4759 1423 4815 tantillum
1453 4756 1718 4824 respirare
1747 4753 1979 4807 sinentes
1999 4791 2014 4814 ,
2060 4747 2154 4802 sed
2179 4747 2291 4802 sive

729 4859 842 4930 agri
895 4857 1116 4920 feraces,
1147 4854 1258 4909 sive
1299 4849 1508 4906 steriles
1532 4847 1639 4902 sint
1658 4887 1672 4911 ,
1696 4844 1813 4915 pari
1839 4841 1997 4897 modo
2023 4845 2285 4910 torquent,

732 4965 830 5007 nec
875 4947 959 5003 vel
1009 4945 1278 4999 minimum
1317 4942 1484 4996 venia:
1515 4938 1643 5007 ipsis
1673 4933 2003 4998 concedunt;
2034 4946 2135 5002 quo
2167 4929 2292 4999 quid

734 5038 1086 5096 miserabilius
1117 5033 1293 5096 fuerit,
1319 5029 1530 5100 quando
1559 5039 1667 5083 tota
1696 5027 1870 5081 hieme
1919 5025 1969 5077 iu
2025 5023 2293 5077 laboribus

735 5139 997 5190 transacta
1019 5172 1034 5195 ,
1068 5127 1288 5197 frigore,
1323 5123 1577 5178 imbribus
1603 5137 1664 5176 ac
1692 5121 1884 5189 vigiliis
1908 5117 2097 5183 attriti,
2121 5115 2299 5170 vacuis

737 5225 1000 5290 munibus,
1047 5218 1223 5274 adhuc
1269 5215 1538 5272 debitores
1589 5213 1860 5277 recedunt,
1901 5217 2301 5280 procuratorum

741 5325 1000 5371 tormenta
1021 5353 1036 5376 ,
1068 5307 1391 5379 raptationes
1417 5346 1432 5370 ,
1463 5304 1770 5358 exactiones
1789 5344 1804 5367 ,
1836 5301 2182 5357 abductiones
2206 5340 2221 5363 ,
2254 5307 2307 5353 et

739 5404 1057 5464 inevitabilia
1085 5399 1378 5457 ministeria
1407 5395 1576 5465 magis
1611 5396 1889 5458 timentes,
1917 5407 2076 5464 quam
2109 5401 2308 5446 tantam

1384 438 1439 494 S.
1478 428 1751 492 JOANNIS
1778 412 2249 482 CHRYSOS’I‘OMI
2293 409 2604 468 ARCIIIEP.
2641 408 3170 468 CONSTANTINOP.

3807 399 3914 459 ltili

2340 526 2466 584 dum
2489 541 2592 582 non
2620 525 2802 582 sinunt
2831 527 2974 597 ipsos
3001 526 3082 580 vel
3110 535 3324 595 parvam
3349 533 3656 576 mensuram
3687 515 3905 572 domum

2338 618 2558 681 referre,
2583 617 2677 673 sed
2705 626 2872 673 totum
2899 617 3124 673 fructum
3153 615 3332 686 inique
3357 615 3408 669 in
3434 612 3592 668 doliis
3606 611 3723 670 suis
3741 609 3913 664 inclu-

2341 711 2491 770 dunt.
2522 709 2890 785 modicamque
2919 707 3196 780 pecuniam
3247 720 3344 776 pro
3369 703 3469 760 hac
3493 718 3551 757 re
3591 700 3722 772 ipsis
3749 697 3911 769 proji-

2337 804 2501 857 ciunt.
2534 801 2674 858 Nova
2699 815 2908 872 quoque
2933 802 3235 871 excogitant
3255 813 3429 855 usura:
3455 808 3671 868 genere,
3702 807 3821 863 quae
3847 805 3913 846 ne

2339 893 2615 966 gentilium
2660 893 2873 964 quidem
2903 892 3107 964 legibus
3130 892 3504 963 permittuntur
3524 931 3540 957 ,
3568 886 3915 955 usurariaquc

2338 995 2454 1041 acta
2485 987 2782 1042 rescribunt
2830 985 3175 1050 exsecranda,
3202 981 3396 1054 quibus
3429 995 3535 1037 non
3565 976 3913 1035 centesimam

2341 1078 2523 1144 sortis,
2556 1076 2649 1132 sed
2678 1075 2950 1150 dimidium
2973 1078 3190 1146 exigunt
3219 1091 3232 1127 :
3263 1080 3319 1128 ct
3346 1072 3480 1136 haec,
3507 1084 3628 1126 eum
3659 1070 3725 1136 is,
3751 1081 3782 1121 a
3810 1081 3916 1135 quo

2341 1168 2578 1240 exigunt,
2620 1176 2677 1222 et
2700 1180 2918 1222 uxorem
2968 1173 3023 1222 et
3066 1165 3264 1222 liberos
3307 1163 3455 1230 alet,
3487 1173 3796 1232 pauperque
3824 1157 3916 1226 sit,

2342 1261 2430 1330 qui
2455 1260 2564 1316 suis
2593 1259 2865 1317 laboribus
2889 1268 2943 1316 et
2979 1273 3159 1320 aream
3189 1267 3244 1314 et
3267 1255 3551 1314 toreularia
3582 1253 3786 1323 implet.
3811 1249 3919 1308 Sed

2345 1352 2477 1408 nihil
2507 1354 2696 1409 borum
2725 1354 2975 1424 cogitant.
3000 1352 3180 1420 Quare
3204 1359 3502 1421 opportune
3522 1347 3836 1420 prophetam
3867 1346 3920 1401 in

2346 1447 2577 1503 medium
2623 1445 2946 1502 adducamus
2975 1443 3264 1510 dicentem,
3289 1441 3613 1513 Obstupesee,
3641 1437 3842 1504 cretum,
3873 1445 3923 1490 et

2349 1545 2593 1610 horresce,
2623 1551 2799 1596 terra:
2824 1542 2878 1595 in
2905 1549 3158 1610 quantam
3203 1537 3469 1593 feritatem
3516 1547 3689 1605 genus
3733 1530 3923 1586 buma-

2348 1651 2478 1692 uum
2502 1631 2778 1705 prorupit?
2798 1631 2922 1688 nec
2948 1643 3105 1701 porro
3133 1628 3273 1694 dico,
3303 1643 3410 1684 non
3432 1626 3570 1699 quod
3590 1633 3755 1690 artes,
3785 1622 3925 1693 agri-

2348 1726 2608 1783 culturam
2644 1733 2699 1781 οι
2723 1723 2963 1778 militiam
2990 1721 3262 1787 criminer,
3284 1719 3381 1777 sed
3424 1731 3524 1774 nos
3566 1716 3734 1788 ipsos.
3789 1713 3926 1770 Nam

2352 1817 2630 1875 Cornelius
2654 1815 2898 1872 centurio
2923 1824 3071 1882 erat,
3094 1822 3150 1870 et
3173 1812 3368 1868 Paulus
3391 1810 3673 1876 coriarius,
3703 1817 3760 1864 et
3805 1813 3929 1878 post

2353 1910 2783 1982 praedicationem
2811 1915 2926 1964 arte
2949 1922 3043 1964 sua
3075 1906 3360 1971 utebatur;
3388 1916 3441 1961 et
3464 1902 3627 1959 David
3654 1916 3746 1957 rex
3774 1908 3928 1965 erat;

2351 2001 2454 2060 Job
2496 2015 2626 2057 vero
2667 1999 2952 2056 multorum
2987 1996 3306 2069 prmdiorum
3336 1994 3606 2057 dominus,
3634 1989 3934 2045 innumeris

2359 2093 2629 2150 fruebatur
2657 2089 2939 2156 reditibus,
2960 2087 3153 2160 quibus
3179 2085 3311 2141 nihil
3330 2086 3520 2139 borum
3545 2081 3933 2151 impedimento

2357 2186 2454 2242 fuit
2479 2183 2546 2242 ad
2573 2185 2818 2239 virtutem
2851 2179 3150 2236 colendam.
3204 2176 3332 2233 flata
3357 2175 3536 2246 itaque
3562 2172 3740 2228 omnia
3778 2169 3936 2240 cogi-

2358 2286 2531 2332 tantes
2559 2317 2574 2340 ,
2602 2273 2891 2343 decemque
2915 2271 3078 2328 millia
3109 2269 3305 2327 talenta
3327 2269 3381 2324 in
3407 2272 3640 2324 mentem
3671 2276 3937 2320 revocan-

2357 2379 2458 2436 tes,
2492 2367 2617 2426 binc
2666 2366 2948 2423 incitamur
2993 2373 3055 2420 ut
3095 2376 3261 2436 pauca
3303 2361 3393 2417 illa
3443 2365 3501 2417 et
3540 2357 3664 2414 vilia
3690 2353 3940 2429 proximo

2359 2464 2711 2521 remittamus.
2757 2458 2887 2516 Nam
2934 2456 3170 2512 rationes
3200 2452 3352 2510 nobis
3378 2447 3663 2508 reddenda
3689 2453 3848 2504 erunt
3867 2444 3941 2500 de

2361 2554 2642 2627 praeceptis
2686 2551 2838 2608 nobis
2891 2548 3116 2614 traditis,
3155 2559 3256 2601 nec
3307 2543 3599 2616 poterimus
3629 2580 3647 2606 ,
3679 2537 3942 2610 quidquid

2363 2645 2575 2702 tandem
2620 2642 2905 2706 faciamus,
2934 2636 3115 2695 omnia
3162 2634 3486 2707 persolvere.
3527 2631 3754 2699 ideoque
3785 2628 3945 2684 nobis

2366 2740 2505 2795 Deus
2528 2738 2667 2792 viam
2695 2734 2906 2790 facilem
2936 2729 3166 2802 aperuit,
3197 2744 3299 2799 qua
3329 2728 3507 2784 omnia
3531 2724 3744 2781 solvere
3764 2719 3945 2792 possi-

2365 2846 2505 2894 mus,
2531 2827 2851 2886 oblivionem
2879 2823 2999 2881 dico
3026 2822 3359 2893 iniuriarum.
3388 2816 3459 2874 lit
3480 2817 3640 2888 igitur
3662 2813 3789 2869 illud
3821 2827 3948 2882 pro-

2341 2924 2434 2980 ‘be
2450 2923 2736 2986 discamus,
2764 2916 3043 2974 audiamus
3070 2913 3209 2970 ultra
3232 2906 3501 2982 progressi
3530 2905 3838 2978 parabolam
3866 2912 3950 2958 to-

2368 3025 2493 3072 tam.
2533 3013 2744 3070 Oblatas
2781 3019 2873 3076 est,
2901 3009 3042 3067 enim
3063 3048 3078 3074 ,
3105 3005 3306 3076 inquit,
3332 3016 3464 3058 unus
3490 3001 3578 3070 qui
3613 2997 3819 3054 debebat
3872 2997 3952 3052 illi

2365 3111 2536 3163 decent
2561 3105 2723 3161 millia
2750 3103 2960 3159 talenta.
2981 3099 3100 3156 Non
3123 3098 3331 3154 habetue
3358 3104 3524 3149 autem
3556 3091 3647 3147 illo
3671 3094 3807 3145 stude
3833 3089 3952 3144 red-

2366 3201 2524 3266 deret,
2557 3198 2713 3270 jussit
2761 3212 2873 3251 eunt
2914 3193 3084 3259 tendi,
3111 3201 3159 3245 et
3183 3203 3394 3244 uxorem
3421 3189 3551 3257 ejus,
3575 3194 3620 3240 et
3639 3184 3794 3253 ﬁlios.
3841 3182 3954 3238 Cur

2370 3307 2587 3348 uxorem
2605 3288 2826 3361 quaso?
2849 3287 2961 3344 Non
2989 3300 3059 3344 ex
3081 3281 3395 3340 crudelitate
3415 3279 3498 3334 vel
3524 3275 3915 3334 inhumanitate
3936 3293 3950 3330 :

2373 3400 2494 3441 nam
2524 3385 2575 3440 in
2601 3381 2743 3440 aliud
2780 3380 3157 3438 detrimentum
3198 3372 3495 3436 incidisset,
3522 3385 3644 3426 cum
3674 3381 3809 3423 uxor
3835 3365 3954 3436 ejus

2375 3491 2428 3536 et
2475 3481 2588 3551 ipsa
2629 3491 2785 3534 serva
2831 3481 3000 3539 esset;
3046 3469 3142 3528 sed
3190 3485 3254 3526 ex
3283 3464 3538 3524 ineffabili
3587 3460 3950 3534 providentia.

2379 3570 2500 3628 Vult
2527 3569 2668 3626 enim
2693 3567 2840 3623 illum
2871 3564 2958 3620 tali
2984 3559 3397 3619 comminatione
3426 3552 3867 3626 perterrefacere,
3897 3555 3958 3604 ut

2376 3666 2443 3721 ad
2465 3659 2868 3734 supplicandum
2913 3654 3207 3720 induceret,
3237 3665 3304 3707 ne
3343 3646 3684 3703 venderctur.
3727 3642 3782 3699 Si
3809 3641 3958 3697 enim

2309 3811 2313 3813 .
2379 3766 2594 3829 propter
2617 3753 2852 3810 debitum
2878 3751 2928 3805 id
2955 3749 3202 3811 fecisset,
3231 3760 3337 3806 non
3363 3741 3640 3797 annuisset
3677 3736 3793 3808 ejus
3819 3737 3960 3806 peti-

2382 3851 2533 3913 tioni,
2576 3860 2749 3917 neque
2784 3844 3008 3917 gratiam
3051 3839 3304 3895 dedisset.
3350 3834 3458 3889 Cur
3501 3846 3630 3903 ergo
3673 3838 3961 3900 antequam

2381 3945 2614 4001 rationes
2653 3941 2790 3996 datae
2821 3944 3002 3993 essent
3026 3933 3260 3989 debitum
3305 3943 3414 3982 non
3444 3925 3680 3982 dimisit?
3706 3920 3778 3979 Ut
3800 3920 3964 3977 doce-

2383 4046 2466 4094 ret
2507 4043 2704 4106 quanto
2748 4034 2922 4102 ipsum
2965 4027 3142 4083 debito
3183 4022 3511 4086 absolveret;
3539 4028 3599 4074 ut
3637 4017 3736 4072 hac
3757 4016 3966 4071 ratione

2387 4131 2474 4186 ille
2499 4123 2852 4196 indulgentior
2871 4122 3010 4176 circa
3039 4129 3354 4173 conservum
3386 4121 3548 4168 esset.
3567 4109 3622 4166 Si
3652 4108 3795 4163 enim
3819 4113 3968 4176 post-

2387 4234 2544 4294 quam
2585 4215 2748 4272 dcbiti
2787 4207 3204 4283 magnitudinem
3245 4204 3451 4268 didicit,
3483 4210 3539 4256 et
3585 4200 3856 4269 ingentem
3884 4210 3970 4251 re-

2373 4311 2722 4381 missionem,
2752 4316 3067 4359 conservum
3108 4312 3259 4353 suum
3301 4307 3407 4350 tam
3448 4306 3636 4363 aspere
3683 4289 3830 4361 egit:
3867 4286 3970 4342 nisi

2394 4379 2537 4459 illum
2565 4399 2758 4454 talibus
2780 4393 3028 4452 remediis
3053 4391 3198 4460 prius
3219 4386 3510 4449 lenivisset,
3533 4397 3636 4455 quo
3659 4397 3761 4438 non
3783 4378 3972 4436 crude.

2396 4494 2556 4549 litatis
2581 4501 2922 4561 processurus
2947 4484 3093 4542 erat?
3121 4481 3257 4551 Quid
3281 4480 3440 4551 igitur
3470 4475 3598 4537 ille?
3630 4473 3721 4530 26.
3759 4472 3972 4525 Patien-

2395 4589 2515 4641 tiam
2560 4584 2687 4637 habe
2713 4585 2766 4636 in
2805 4597 2901 4644 me,
2930 4587 2974 4632 et
3003 4575 3172 4631 omnia
3214 4571 3422 4626 reddam
3461 4569 3566 4623 tibi.
3606 4565 3695 4621 27.
3737 4563 3976 4618 Miserius

2396 4687 2560 4731 autem
2597 4673 2829 4728 dominus
2863 4669 2988 4724 servi
3015 4667 3174 4729 illius,
3203 4662 3393 4716 dimisit
3417 4676 3550 4722 eum,
3582 4667 3628 4714 et
3653 4655 3878 4710 debitum
3901 4655 3978 4707 di-

2399 4769 2530 4821 misit
2555 4766 2620 4821 ei.
2648 4760 2890 4818 Vidistiu’
2919 4773 3127 4813 rursum
3155 4753 3492 4824 benignitatis
3520 4743 3980 4820 magnitudinem?

2405 4859 2717 4917 Dilationem
2772 4862 2970 4922 tantum
3017 4846 3230 4919 petebat
3277 4857 3496 4906 servus;
3544 4840 3634 4896 ille
3679 4852 3806 4893 vero
3859 4836 3982 4906 plus

2407 4966 2564 5022 quam
2594 4948 2804 5020 petebat
2826 4943 3107 5007 concessit,
3124 4938 3492 4997 remissionem
3516 4934 3674 4989 totius
3698 4929 3866 4987 debiti
3905 4938 3981 4983 at-

2408 5019 2513 5113 que
2553 5019 2784 5096 veniam.
2834 5035 2914 5091 Ab
2942 5033 3090 5089 initio
3118 5045 3306 5100 nempe
3332 5027 3460 5082 dare
3499 5024 3735 5088 volebat,
3761 5019 3858 5076 sed
3891 5032 3983 5075 no-

2412 5139 2552 5194 lebat
2578 5136 2775 5190 donum
2801 5145 2865 5186 ex
2894 5144 2952 5184 se
2991 5136 3155 5182 totum
3186 5137 3304 5178 esse
3324 5164 3340 5187 ,
3366 5119 3461 5177 sed
3487 5119 3605 5189 eius
3640 5113 3987 5186 supplicatio-

2413 5246 2530 5286 nem
2593 5223 2958 5287 intervenire,
3011 5234 3076 5273 ne
3129 5219 3470 5272 incoronatus
3515 5211 3606 5267 ille
3662 5207 3986 5265 discederet.

2411 5322 2562 5391 Quod
2587 5330 2762 5376 tamen
2803 5324 2967 5370 totum
2993 5326 3060 5367 ex
3091 5310 3200 5363 Deo
3225 5321 3364 5371 esse,
3394 5302 3603 5361 etiamsi
3627 5301 3716 5357 ille
3743 5312 3988 5369 procum-

2417 5418 2548 5471 bcns
2591 5407 3002 5482 supplicaverit,
3043 5417 3203 5459 causa
3251 5395 3614 5455 concessionis
3653 5389 3991 5448 declaravit:

743 5503 955 5565 famem,
984 5507 1298 5564 tantumque
1327 5489 1690 5560 naufragium?
1712 5487 1839 5557 Quis
1869 5485 2194 5542 enarrat-erit
2226 5499 2312 5539 ne-
2421 5508 2652 5562 Μίδεω,
2696 5505 2859 5569 enim,
2886 5500 3072 5571 inquit,
3112 5494 3312 5550 dimisi,
3335 5491 3435 5546 mi.
3481 5491 3730 5544 “tamen
3756 5483 3835 5539 sic
3863 5496 3994 5553 qum

743 5592 1054 5663 gotiationes
1079 5597 1133 5642 et
1161 5585 1474 5642 commercia
1507 5597 1624 5652 quae
1653 5596 1746 5652 per
1771 5578 1892 5634 illos
1919 5577 2205 5633 exercent?
2235 5577 2311 5632 Ex

749 5688 981 5754 ipsorum
1011 5678 1279 5734 laboribus
1296 5673 1573 5730 toreularia
1592 5684 1645 5729 et
1669 5668 2053 5728 subtorcularia
2083 5668 2311 5740 replent,

813 5842 829 5874 ³
871 5841 970 5900 alii,
997 5835 1224 5889 dissoluta
1247 5830 1496 5896 colloquia.

2421 5615 2524 5669 que
2566 5595 2778 5652 volebat
2826 5603 2884 5647 ut
2922 5593 3010 5647 ille
3055 5586 3249 5659 aliquid
3296 5582 3543 5640 conferre
3590 5579 3882 5640 videretur,
3934 5586 3998 5628 ne

2425 5690 2587 5746 nimio
2609 5689 2910 5744 afficeretur
2957 5682 3195 5754 pudore;
3225 5688 3389 5750 utque
3432 5674 3647 5746 propria
3694 5671 3997 5728 calamitate

2423 5782 2699 5838 institutus
2718 5823 2731 5850 ,
2765 5777 3038 5849 indulgens
3065 5785 3325 5830 conservo
3355 5767 3516 5824 foret.
