4186 6482
328 402 426 461 593

394 519 447 572 4.
485 514 744 570 Parabola
784 512 1179 569 misericordium
1223 509 1475 565 consecuti
1518 516 1565 561 et
1613 513 1787 575 postea
1821 518 1913 556 ne-

325 609 490 679 ytnuis
514 615 899 662 commentatur.
928 632 998 645 -—
1024 603 1307 673 ﬂuensque
1348 614 1477 670 ergo
1509 598 1598 657 ille
1647 597 1819 650 bonus
1863 606 1913 647 et

325 708 577 768 acceptus
607 696 738 751 fuit:
770 711 891 750 nam
914 694 1189 749 confessus
1214 702 1298 749 est
1319 702 1373 746 et
1406 684 1651 761 promisit
1677 701 1735 741 se
1760 684 1915 740 debi-

324 800 435 844 tum
458 788 788 844 redditurum
820 803 961 853 esse,
987 785 1234 857 procidit,
1253 794 1307 839 et
1330 782 1555 853 rogavit,
1576 796 1671 834 sua
1700 786 1914 849 peccata

322 879 625 944 damnavit,
656 878 933 949 debitique
955 876 1368 947 magnitudinem
1398 871 1650 943 agnovit:
1683 869 1777 925 sed
1798 885 1917 940 qua:

320 980 617 1041 sequuntur
642 970 852 1042 indigna
872 969 1137 1040 prioribus
1152 976 1297 1023 sunt.
1315 968 1573 1037 Egressus
1594 964 1799 1030 statim,
1820 976 1919 1015 nec

318 1064 494 1117 multo
508 1061 695 1133 elapso
716 1070 978 1131 tempore,
1001 1059 1097 1116 sed
1116 1059 1317 1123 statim,
1337 1074 1458 1114 cum
1482 1069 1723 1127 praesens
1743 1053 1919 1109 adhuc

318 1153 643 1210 beneﬁcium
678 1162 860 1221 esset,
897 1151 1038 1208 dono
1059 1193 1074 1219 ,
1105 1164 1310 1217 necnon
1339 1150 1587 1205 libertate
1625 1163 1655 1202 a
1694 1145 1916 1201 domino

317 1246 418 1302 sibi
450 1260 706 1301 concessa
730 1244 795 1299 ad
822 1244 1112 1314 nequitiam
1144 1257 1271 1298 usus
1289 1251 1393 1297 est.
1416 1240 1506 1297 28.
1536 1238 1662 1294 Cum
1682 1238 1918 1291 invenis-

317 1347 391 1391 set
429 1338 579 1394 enim
625 1352 780 1391 unum
809 1352 873 1391 ea:
914 1335 1165 1388 conservis
1188 1375 1204 1396 ,
1250 1334 1336 1403 qui
1365 1331 1572 1387 debebat
1599 1329 1677 1384 illi
1716 1336 1917 1382 centum

320 1428 564 1482 denarios
585 1470 603 1495 ,
633 1425 917 1494 suﬂ'ocabat
961 1443 1075 1480 eum
1107 1425 1318 1480 dicens:
1348 1423 1526 1479 Redde
1568 1425 1703 1491 quod
1744 1420 1911 1474 debes.

324 1517 577 1574 Vidistin'
614 1517 817 1573 domini
865 1514 1325 1572 misericordiam?
1355 1513 1584 1569 vidistin’
1604 1510 1747 1567 servi
1787 1525 1913 1564 cru-

321 1608 597 1665 delitatem
619 1608 642 1662 ι
666 1608 860 1664 Audite
882 1609 969 1678 qui
1018 1622 1116 1678 pro
1144 1606 1382 1677 pecuniis
1413 1604 1527 1659 tunc
1554 1602 1749 1657 facitis.
1780 1600 1913 1656 Cum

322 1703 466 1758 enim
495 1715 594 1770 pro
620 1700 853 1771 peccatis
875 1699 928 1754 id
952 1715 1056 1754 non
1092 1698 1251 1754 liceat
1278 1697 1486 1761 facere,
1515 1703 1716 1765 quanto
1739 1694 1915 1749 minus

322 1808 420 1865 pro
447 1792 735 1865 pecuniis?
760 1791 895 1860 Quid
936 1792 1096 1863 igitur
1134 1790 1265 1846 ille?
1305 1790 1397 1845 29.
1442 1787 1751 1848 Putientiant
1791 1785 1917 1840 [tabe

321 1885 375 1938 in
402 1901 499 1949 me,
522 1894 569 1938 et
588 1884 759 1938 omnia
785 1882 994 1939 reddam
1017 1882 1123 1937 tibi.
1152 1880 1243 1937 llle
1268 1895 1395 1938 vero
1416 1896 1484 1935 ne
1510 1879 1671 1935 verba
1698 1877 1915 1949 quidem

321 1976 591 2031 reveritus
621 1982 727 2040 est,
756 1988 853 2047 per
875 1990 993 2045 quae
1023 1972 1137 2043 ipse
1157 1981 1401 2029 servatus
1431 1970 1621 2027 fuerat.
1649 1969 1780 2023 Nam
1800 1969 1914 2040 ipse

322 2066 407 2123 bis
443 2066 602 2122 dictis
630 2081 658 2120 a
690 2066 877 2121 decem
908 2065 1133 2119 millium
1167 2064 1487 2120 talentorum
1535 2062 1718 2116 debito
1756 2060 1915 2115 abso-

320 2156 468 2215 lutus
492 2169 577 2215 est
599 2175 612 2211 :
644 2173 742 2214 nec
765 2166 974 2229 portum
998 2155 1267 2228 cognovit,
1292 2169 1387 2226 per
1400 2169 1560 2226 quem
1579 2152 1912 2222 naufragium

320 2249 633 2322 effugisset:
664 2264 763 2305 nec
791 2246 1198 2321 supplicationis
1226 2246 1415 2302 modus
1444 2245 1644 2300 domini
1673 2244 1915 2315 benigni-

320 2354 485 2401 tatem
516 2345 570 2398 in
599 2349 834 2398 mentem
890 2340 989 2411 ipsi
1036 2339 1304 2396 revocavit
1330 2355 1345 2404 ;
1393 2336 1489 2393 sed
1520 2336 1613 2392 illa
1639 2336 1818 2391 omnia
1846 2351 1914 2393 ex

318 2436 542 2491 avaritia
567 2476 583 2501 ,
612 2433 933 2489 crudelitate
960 2440 1015 2489 et
1057 2431 1255 2487 duritie
1296 2429 1557 2501 abjiciens
1596 2445 1662 2484 ex
1692 2429 1871 2483 animo
1894 2469 1910 2495 ,

318 2528 432 2583 fera
464 2528 651 2599 quavis
675 2528 869 2582 saevius
896 2539 1215 2580 conservum
1247 2522 1559 2578 sull‘ocabat.
1592 2521 1728 2589 Quid
1757 2519 1910 2588 facis,

316 2635 353 2675 ο
382 2618 582 2675 homo?
612 2634 716 2673 non
736 2618 905 2675 sentis
930 2658 947 2686 ,
993 2629 1051 2672 ut
1079 2617 1307 2687 teipsum
1353 2614 1586 2685 decipies
1610 2656 1628 2680 ,
1674 2613 1909 2685 gladium

316 2719 507 2766 contra
541 2719 594 2766 te
618 2710 804 2780 adigas
828 2750 843 2775 ,
874 2724 938 2765 ac
966 2708 1286 2765 sententiam
1316 2707 1624 2778 donumque
1652 2706 1912 2763 revoces?

314 2801 421 2858 Sed
455 2802 585 2858 nihil
613 2802 802 2857 horum
829 2802 1121 2872 cogitavit,
1151 2816 1250 2855 nec
1276 2815 1453 2855 rerum
1479 2814 1696 2855 suarum
1725 2813 1909 2854 recor-

316 2893 476 2948 datus
518 2903 597 2949 eSt
617 2934 632 2958 ,
668 2907 841 2961 neque
869 2893 1032 2947 cessit
1071 2892 1289 2947 omnino
1314 2907 1328 2946 :
1357 2907 1679 2962 quamquam
1706 2906 1812 2946 non
1843 2890 1911 2946 de

317 2988 537 3057 paribus
565 2986 878 3057 supplicatio
893 2996 1027 3041 erat.
1050 2985 1147 3040 Hic
1163 3000 1392 3056 namque
1426 2999 1521 3055 pro
1540 2984 1725 3041 decem
1753 2983 1913 3039 milli-

317 3081 419 3136 bus
448 3080 683 3146 talentis,
708 3080 796 3135 ille
826 3095 923 3149 pro
951 3094 1164 3137 centum
1191 3082 1426 3137 denariis
1456 3081 1802 3149 precabatur;
1824 3080 1910 3136 ille

316 3186 637 3229 conservum
662 3213 677 3238 ,
710 3170 798 3227 hic
843 3171 1160 3238 dominum;
1193 3172 1280 3226 hic
1308 3173 1596 3242 perfectam
1633 3173 1907 3227 remissio-

319 3279 443 3320 nem
469 3263 695 3333 accepit,
730 3262 819 3317 ille
839 3262 1150 3318 dilationem
1185 3263 1435 3332 petebat:
1468 3272 1515 3316 et
1543 3281 1605 3317 ne
1628 3263 1770 3317 illaut
1792 3262 1907 3333 qui-

314 3358 431 3411 dem
457 3356 542 3410 hic
564 3356 805 3409 concessit
828 3355 947 3410 illi:
971 3354 1059 3411 30.
1092 3353 1157 3409 In
1187 3371 1434 3410 carcerem
1464 3356 1605 3411 enim
1626 3355 1769 3410 illum
1788 3372 1910 3409 con-

260 3468 281 3495 \
315 3449 455 3522 iecit.
492 3448 583 3502 3|.
622 3445 857 3502 Videntes
880 3457 1049 3502 autem
1072 3449 1316 3512 conservi,
1347 3458 1735 3503 accusaverunt
1758 3447 1905 3501 illum

312 3538 457 3608 apud
481 3537 781 3602 dominum,
816 3538 1115 3607 dominoque
1140 3536 1476 3592 retulerunt'.
1498 3537 1573 3593 Ne
1600 3537 1906 3593 hominibus

314 3630 533 3701 quidem
561 3628 664 3684 hoc
693 3628 949 3696 placebat,
973 3628 1166 3683 nedum
1196 3627 1324 3683 Deo.
1342 3631 1457 3687 Una
1473 3647 1604 3703 ergo
1616 3628 1907 3683 contrista-

312 3719 358 3772 ti
375 3719 603 3773 suntvel
626 3718 699 3773 illi
722 3719 810 3789 qui
843 3719 972 3774 nihil
992 3719 1276 3774 debebant.
1298 3718 1432 3787 Quid
1465 3735 1593 3790 ergo
1619 3718 1905 3774 dominus?

313 3808 405 3864 32.
457 3807 616 3864 Serve
640 3826 851 3879 nequam
877 3808 897 3839 ’
918 3852 934 3877 ,
962 3827 1109 3864 autne
1147 3811 1366 3864 debitum
1410 3812 1539 3865 illud
1585 3812 1751 3865 dimisi
1780 3811 1901 3876 tibi,

312 3901 434 3971 quia
479 3902 671 3971 rogasti
715 3917 811 3955 me.
861 3902 946 3956 55.
996 3899 1183 3955 Nonne
1244 3903 1464 3972 oportuit
1505 3913 1554 3956 et
1596 3912 1643 3956 te
1682 3904 1906 3957 Misereri

310 3994 543 4048 conservi
565 3994 657 4059 tui,
680 3995 807 4048 sicut
827 4006 873 4046 et
902 4010 992 4065 ego
1015 3994 1084 4047 tui
1108 3994 1339 4049 misertus
1357 4011 1467 4048 sum
1491 3994 1517 4049 Ρ
1538 3995 1668 4055 Vide
1690 4012 1903 4051 rursum

312 4084 778 4140 mansuetudinem
806 4084 1025 4140 domini.
1044 4083 1177 4139 Cum
1201 4085 1290 4140 illo
1308 4086 1508 4156 judicio
1532 4086 1828 4156 contendit,
1850 4097 1905 4144 et

314 4193 438 4234 sese
471 4186 695 4249 purgat,
720 4178 917 4232 donum
946 4188 1293 4233 revocaturus
1318 4196 1333 4241 ;
1362 4179 1469 4233 imo
1505 4195 1633 4236 vero
1658 4196 1760 4235 non
1790 4182 1903 4251 ipse

310 4271 609 4337 revocavit,
638 4270 731 4325 sed
767 4271 809 4324 is
834 4271 920 4339 qui
950 4280 1248 4341 acceperat.
1279 4270 1405 4327 ideo
1434 4271 1596 4327 dicit:
1631 4271 1792 4328 Omne
1810 4276 1903 4330 de-

309 4363 473 4417 bitum
500 4362 630 4417 illud
656 4364 825 4418 dimisi
844 4364 933 4417 tibi
956 4404 972 4429 ,
999 4365 1118 4430 quia
1136 4364 1329 4435 rogasti
1346 4381 1444 4418 me.
1474 4365 1656 4420 Nonne
1682 4370 1904 4437 oportuit

310 4462 359 4508 et
389 4464 437 4507 te
462 4453 690 4508 misereri
733 4455 957 4508 conservi
998 4454 1115 4508 tui?
1146 4455 1254 4509 Etsi
1302 4456 1446 4510 enim
1485 4471 1767 4511 onerosum
1809 4459 1901 4514 tibi

310 4546 579 4611 videatur,
599 4555 653 4600 at
676 4546 913 4616 oportuit
938 4546 1003 4600 ad
1032 4545 1236 4601 lucrum
1269 4549 1533 4617 respicere
1553 4548 1660 4618 jam
1684 4549 1897 4615 factum,

310 4646 368 4692 et
395 4636 461 4691 ad
490 4635 745 4691 futurum.
779 4636 847 4691 Et
872 4638 915 4691 si
947 4652 1234 4693 onerosum
1280 4640 1347 4691 sit
1378 4647 1700 4707 praeceptum
1721 4682 1736 4705 ,
1764 4656 1901 4710 prae-

311 4728 481 4782 mium
511 4728 744 4797 Cogitare
775 4728 1012 4797 oportuit
1035 4745 1049 4791 ;
1072 4737 1230 4798 atque
1252 4729 1304 4781 in
1330 4738 1510 4804 mente
1534 4745 1769 4796 versare,
1795 4747 1898 4786 non

309 4818 454 4887 quod
488 4818 584 4873 ille
610 4817 705 4872 tibi
729 4818 982 4873 damnum
1012 4818 1223 4884 inferat,
1256 4819 1347 4875 sed
1377 4820 1517 4889 quod
1545 4820 1711 4876 Deum
1736 4831 1788 4876 tu
1820 4822 1901 4877 ol-

310 4908 524 4975 l'eudas,
554 4924 711 4980 quem
738 4910 965 4980 simplici
987 4910 1291 4979 precatione
1317 4911 1559 4981 placasti.
1584 4914 1647 4967 Et
1670 4914 1712 4967 si
1740 4916 1897 4971 etiam

309 5001 391 5055 sic
426 5000 521 5055 tibi
544 5015 833 5056 onerosum
862 5002 1093 5066 videtur,
1126 5002 1170 5056 si
1204 5011 1253 5055 te
1280 5002 1523 5059 laedentis
1551 5005 1754 5061 amicus
1784 5010 1896 5071 tias,

308 5092 469 5162 longe
498 5092 713 5163 gravius
740 5093 843 5148 erit
880 5092 932 5147 in
959 5092 1258 5164 gehennam
1296 5086 1533 5151 incidere
1560 5116 1571 5150 :
1602 5107 1655 5152 et
1695 5098 1739 5153 si
1773 5098 1900 5154 illud

307 5184 410 5253 ipsi
438 5183 737 5251 retulisses,
762 5193 889 5251 tunc
906 5184 1271 5255 cognovisses,
1298 5186 1347 5239 id
1376 5188 1542 5242 multo
1573 5188 1741 5244 levius
1758 5205 1897 5245 esse.

310 5276 376 5329 Et
402 5290 524 5330 cum
556 5274 721 5329 millia
748 5266 946 5330 talenta
975 5276 1197 5332 deberet
1220 5319 1235 5343 ,
1265 5277 1406 5333 Deus
1434 5295 1537 5335 non
1560 5282 1763 5336 vocavit
1791 5297 1901 5337 ma-

308 5365 459 5432 lum,
492 5380 594 5421 nec
636 5365 827 5435 injuria
866 5365 1079 5432 aﬂecit,
1114 5368 1208 5423 sed
1240 5369 1491 5424 misertus
1536 5381 1620 5427 est
1648 5390 1661 5426 :
1689 5373 1901 5443 quando

305 5466 486 5511 autem
517 5458 659 5513 circa
701 5474 1025 5514 conservum
1068 5460 1315 5515 immanis
1357 5460 1578 5517 eli'ectus
1613 5473 1734 5530 est,
1777 5473 1901 5520 tunc

304 5547 464 5616 dicit,
493 5547 651 5605 Seras
677 5554 912 5620 nequam.
936 5550 1151 5617 Audite,
1174 5554 1318 5606 avari
1346 5570 1361 5619 ;
1394 5569 1516 5608 nam
1544 5569 1639 5610 vos
1666 5556 1780 5611 lucc
1818 5571 1903 5612 re-

370 5705 387 5736 ¹
412 5684 871 5821 ῐῐιηνάωηξηοῖιιε
897 5707 1184 5777 retulerunt,
1206 5725 1317 5772 quas
1354 5710 1404 5762 in
1446 5714 1597 5766 Savil.
1627 5723 1677 5769 et
1709 5719 1907 5781 optimis

370 5766 446 5813 rid.
475 5765 679 5821 absunt.
702 5782 751 5818 tn
800 5773 955 5817 'raoro
976 5773 1252 5821 omisimus.

302 5766 446 5814 codd.
475 5765 679 5823 absunt,
702 5766 751 5818 in
779 5765 955 5821 (ςγδιρο
976 5765 1252 5823 omisimus.

364 5828 387 5860 ³
410 5829 534 5890 Alit,
566 5830 717 5883 Serve
739 5843 949 5899 aequmst
970 5837 1014 5881 et
1037 5829 1223 5896 ignare.

1314 393 1378 451 IN
1413 386 1819 450 ιιιττιιτειιιι
1855 382 2084 441 1103131..
2127 386 2257 443 LXI.
2300 388 2370 443 al.
2414 388 2570 445 LXII.

3528 393 3631 449 59$

2025 502 2279 571 spiciuut.
2308 505 2523 569 Audite,
2541 505 2990 564 immisericordes
3015 515 3069 564 et
3093 507 3368 574 crudeles,
3400 524 3491 564 vos
3522 526 3629 564 non

2024 596 2143 652 aliis
2172 612 2293 653 esse
2318 599 2565 656 crudeles
2590 641 2606 664 ,
2637 601 2732 656 sed
2761 602 2911 657 vobis
2936 602 3085 673 ipsis.
3112 600 3245 657 Cum
3272 617 3405 673 ergo
3439 605 3625 658 volue-

2022 689 2097 743 ris
2138 688 2357 759 injurias
2392 691 2444 745 in
2477 702 2708 748 mentem
2739 709 3024 761 revocare,
3048 695 3283 764 cogitate
3311 704 3497 750 contra
3541 705 3623 751 tc-

2024 779 2197 848 ipsum
2228 780 2344 834 illas
2375 797 2636 838 revocare
2657 826 2672 849 ,
2707 799 2812 839 non
2841 795 3025 840 contra
3055 785 3255 851 alium;
3284 793 3338 839 te
3367 792 3455 838 tua
3496 800 3620 855 pec-

2022 879 2139 923 cata
2185 871 2441 940 colligere
2464 914 2479 937 ,
2510 887 2615 926 non
2666 874 2916 943 proximi.
2947 873 3028 929 Tu
3076 873 3293 945 quidem
3318 916 3334 940 ,
3366 873 3622 944 quidquid

2022 970 2207 1015 contra
2239 962 2385 1015 illum
2418 964 2531 1033 agis
2552 1006 2565 1027 ,
2595 975 2649 1018 ut
2674 966 2831 1019 homo
2853 966 2999 1036 agis,
3021 975 3076 1021 et
3106 966 3157 1020 in
3185 965 3439 1035 praesenti
3473 965 3571 1018 vita
3604 981 3620 1029 ;

2024 1052 2166 1109 Deus
2194 1070 2324 1109 vero
2352 1072 2457 1110 non
2489 1056 2587 1123 sie,
2621 1058 2712 1115 sed
2737 1058 2922 1127 majori
2953 1070 3003 1113 te
3032 1066 3086 1113 et
3109 1070 3314 1114 aeterno
3342 1057 3453 1113 illic
3491 1074 3619 1126 sup-

2024 1145 2181 1215 plicio
2202 1145 2399 1201 afficiet
2427 1165 2440 1201 :
2468 1162 2588 1201 nam
2620 1149 2693 1203 ait
2726 1170 2740 1205 :
2769 1150 2857 1205 δι.
2890 1147 3130 1203 Tradidit
3155 1165 3272 1204 eum
3301 1146 3577 1204 tortoribus
3601 1189 3619 1214 ,

2021 1235 2181 1290 donec
2220 1252 2368 1291 autne
2412 1237 2636 1292 debitum
2667 1239 3013 1308 persolveret;
3054 1238 3107 1294 id
3149 1249 3266 1307 est,
3314 1249 3621 1310 perpetuo;

2023 1342 2310 1397 numquam
2352 1331 2493 1384 enim
2524 1328 2715 1384 solvet.
2746 1329 2880 1397 Quia
2910 1344 2975 1386 ex
3004 1328 3268 1386 beneficio
3296 1344 3402 1386 non
3433 1330 3616 1385 melior

2019 1420 2276 1488 evasisti,
2308 1436 2472 1476 unum
2518 1422 2874 1493 relinquitur,
2910 1430 2969 1476 ut
2988 1422 3252 1493 supplicio
3292 1422 3620 1479 emenderis.

2020 1512 2169 1568 Licet
2188 1515 2394 1584 gratiae,
2418 1524 2473 1569 et
2499 1514 2639 1570 dona
2670 1514 2765 1570 Dei
2793 1516 2909 1571 sine
2930 1514 3243 1587 ptenitentia
3271 1514 3411 1571 sint:
3436 1524 3489 1569 at
3516 1523 3632 1567 tan-

2022 1612 2131 1659 tum
2162 1605 2329 1660 valuit
2363 1605 2596 1676 nequitia
2623 1645 2639 1671 ,
2691 1614 2750 1660 ut
2786 1605 2927 1661 hanc
2962 1604 3135 1677 legem
3183 1604 3437 1661 solveret.
3481 1602 3620 1673 Quid

2018 1713 2147 1768 ergo
2177 1698 2491 1769 injuriarum
2520 1699 2895 1756 recordatione
2936 1698 3174 1756 deterius
3196 1739 3212 1766 ,
3255 1714 3377 1768 quas
3415 1697 3620 1753 donum

2018 1789 2259 1845 divinum
2287 1791 2392 1847 tale
2416 1806 2479 1846 ac
2503 1800 2705 1847 tantum
2738 1800 2988 1849 evertere
3021 1791 3233 1863 possit?
3258 1790 3442 1861 Neque
3468 1790 3621 1846 illum

2018 1882 2356 1953 simpliciter,
2404 1884 2498 1939 sed
2524 1884 2692 1941 iratus
2732 1885 2972 1941 tradidit.
3020 1884 3249 1952 Quando
3288 1885 3430 1940 enim
3458 1885 3620 1955 jussit

2020 1975 2170 2030 illum
2193 1976 2375 2044 vendi,
2402 1976 2509 2031 non
2536 1975 2835 2033 irativerba
2862 1984 3055 2043 erant;
3088 1976 3210 2033 ideo
3238 1990 3346 2031 non
3375 1975 3425 2031 id
3458 1975 3576 2030 fecit
3602 1993 3618 2041 ;

2018 2065 2113 2121 sed
2138 2065 2237 2121 hoc
2260 2067 2477 2123 occasio
2505 2066 2723 2138 grandis
2752 2066 3133 2122 misericordia:
3161 2066 3257 2124 fuit
3280 2084 3295 2120 :
3323 2079 3465 2121 nunc
3491 2079 3620 2119 vero

2018 2157 2399 2228 indignationis
2428 2172 2635 2229 magnte
2659 2158 2924 2214 sententia
2954 2167 3055 2225 est,
3080 2157 3323 2228 supplicii
3351 2169 3511 2227 atque
3535 2157 3619 2212 ul-

2019 2250 2198 2306 tionis.
2229 2250 2365 2318 Quid
2392 2265 2521 2322 ergo
2546 2249 2648 2307 sibi
2674 2252 2787 2305 vult
2811 2249 3105 2322 parabola?
3131 2251 3220 2306 55.
3255 2248 3346 2306 Sic
3368 2250 3504 2304 nobis
3534 2252 3620 2321 [ιι-

2018 2341 2111 2394 ciet
2158 2339 2320 2396 Pater
2364 2358 2503 2396 meus
2527 2382 2543 2408 ,
2591 2342 2762 2413 inquit
2786 2384 2802 2409 ,
2831 2342 2928 2397 nisi
2957 2342 3250 2396 remiseritis
3278 2342 3620 2412 unusquisque

2018 2432 2169 2501 fratri
2197 2449 2289 2487 suo
2316 2432 2379 2487 de
2407 2432 2562 2487 corde
2589 2443 2751 2488 castra
2780 2442 2989 2504 peccata
3016 2433 3267 2504 ipsorum.
3299 2432 3416 2489 Non
3445 2432 3579 2488 dixit
3600 2474 3616 2496 ,

2017 2523 2176 2579 Pater
2223 2536 2438 2589 veSter;
2492 2523 2627 2590 sed,
2678 2522 2838 2578 Pater
2888 2540 3047 2579 meus.
3093 2522 3211 2579 Non
3244 2524 3385 2578 enim
3425 2523 3619 2594 dignus

2016 2624 2100 2671 est
2129 2616 2206 2672 sic
2236 2616 2509 2688 improbus
2537 2624 2593 2672 et
2619 2615 2941 2672 inhumanus
2964 2657 2981 2686 ,
3012 2616 3101 2689 qui
3134 2616 3301 2672 Deum
3334 2626 3488 2671 vocet
3512 2615 3616 2672 Pa-

2016 2717 2172 2765 trem.

2087 2803 2140 2858 5.
2178 2803 2289 2857 Duo
2317 2802 2477 2874 igitur
2506 2801 2594 2857 hic
2624 2802 2835 2872 qumrit,
2862 2810 2919 2856 ιιι
2946 2811 3163 2872 peccata
3190 2811 3373 2857 nostra
3396 2800 3617 2857 damnc-

2016 2910 2155 2956 mus,
2181 2906 2231 2950 et
2255 2894 2372 2948 aliis
2396 2894 2773 2959 remittamus;
2806 2902 2861 2948 et
2886 2894 2989 2948 hoc
3016 2902 3239 2963 propter
3267 2894 3417 2961 illud,
3448 2907 3506 2948 ut
3536 2893 3613 2948 ia-

2014 2987 2168 3042 cilius
2208 2985 2335 3041 illud
2361 2986 2431 3040 sit
2466 2986 2613 3055 (nam
2640 2983 2730 3056 qui
2760 2985 2959 3055 cogitat
2990 2995 3205 3054 peccata
3246 2999 3341 3039 sua
3369 3025 3383 3049 ,
3425 2984 3617 3040 indul-

2011 3078 2222 3149 gentior
2254 3079 2357 3131 erit
2384 3090 2646 3131 conservo
2666 3074 2723 3145 );
2756 3090 2930 3144 neque
2968 3075 3145 3131 solum
3175 3088 3271 3129 ore
3293 3116 3309 3139 ,
3332 3075 3426 3128 sed
3453 3074 3618 3130 corde

2014 3169 2389 3226 dimittendum
2418 3177 2521 3233 est,
2553 3182 2621 3223 ne
2648 3176 2835 3223 contra
2859 3182 2957 3222 nos
2980 3167 3216 3237 gladium
3244 3167 3519 3238 adigamus
3545 3168 3617 3221 ob

2016 3264 2330 3333 injuriarum
2377 3260 2715 3315 memoriam.
2757 3258 2894 3326 Quid
2934 3260 3076 3313 enim
3112 3258 3202 3313 tibi
3240 3268 3448 3313 tantum
3487 3260 3615 3315 mali

2014 3357 2191 3411 intulit
2214 3354 2305 3426 qui
2345 3352 2568 3409 offendit
2590 3353 2608 3385 ί
2631 3393 2647 3419 ,
2687 3358 2946 3422 quantum
2974 3350 3068 3405 tibi
3098 3350 3263 3406 infers
3287 3391 3301 3417 ,
3332 3365 3452 3405 cum
3477 3352 3613 3406 iram

2011 3448 2191 3502 animo
2233 3460 2415 3501 versas
2436 3485 2453 3511 ,
2482 3452 2535 3500 et
2573 3442 2893 3499 sententiam
2937 3442 3029 3498 Dei
3062 3451 3114 3498 te
3140 3441 3486 3508 damnantem
3518 3443 3612 3499 tibi

2009 3538 2239 3595 attrahis
2261 3540 2285 3591 ἲ
2309 3535 2444 3592 Nam
2473 3535 2517 3591 si
2548 3545 2602 3590 tu
2625 3534 2813 3605 vigiles
2838 3544 2891 3589 et
2912 3532 3303 3604 philosopheris
3322 3575 3339 3598 ,
3372 3535 3423 3589 in
3451 3542 3615 3603 caput

2010 3632 2151 3687 illius
2182 3630 2378 3684 malum
2411 3635 2706 3699 torquetur,
2735 3637 2789 3682 et
2815 3625 2860 3681 is
2888 3626 2999 3695 ipse
3024 3630 3127 3680 erit
3156 3628 3244 3696 qui
3272 3626 3413 3681 male
3440 3626 3611 3697 patie-

2011 3732 2133 3778 tur:
2181 3721 2264 3775 sin
2305 3730 2359 3774 tu
2410 3732 2724 3788 perseveres
2772 3716 2999 3772 moleste
3026 3726 3081 3771 et
3108 3717 3343 3788 graviter
3388 3716 3605 3783 ferens,

2008 3814 2156 3871 solus
2184 3813 2437 3867 damnum
2468 3810 2673 3867 referes
2692 3850 2709 3876 ,
2744 3825 2849 3865 non
2876 3810 2944 3865 ab
2971 3809 3064 3864 illo
3087 3851 3103 3878 ,
3133 3810 3227 3865 sed
3254 3825 3284 3865 a
3314 3810 3506 3881 teipso.
3532 3810 3609 3868 Ne

2008 3904 2207 3959 dixeris
2239 3919 2389 3974 ergn,
2421 3902 2502 3957 Me
2527 3901 2852 3956 contumelia
2880 3899 3089 3967 affecit,
3121 3900 3475 3957 calumniatus
3502 3911 3607 3967 est,
3678 3942 3688 3953 .

2010 3996 2289 4050 innumera
2320 3993 2512 4049 intulit
2552 3992 2689 4047 mala
2715 4010 2732 4049 :
2768 4002 2973 4063 quanto
3000 3991 3145 4047 enim
3185 3978 3338 4063 plura
3364 3992 3565 4049 dixeris
3587 4034 3609 4061 ,

2011 4099 2158 4145 tanto
2204 4086 2372 4160 magis
2404 4088 2703 4144 beneficum
2749 4086 2898 4141 illum
2948 4085 3211 4142 ostendis.
3256 4086 3607 4143 Occasionem

2008 4185 2203 4253 quippe
2234 4182 2324 4237 tibi
2355 4180 2502 4237 dedit
2529 4190 2745 4250 peccata
2796 4178 3139 4249 deponendi;
3187 4180 3257 4234 ita
3304 4188 3361 4234 ut
3404 4187 3609 4250 quanto

2009 4275 2178 4344 magis
2206 4286 2258 4329 te
2285 4271 2483 4327 laeserit
2508 4312 2523 4335 ,
2556 4279 2701 4325 tanto
2729 4271 2989 4341 majorem
3021 4279 3363 4341 peccatorum
3396 4272 3489 4326 tibi
3524 4286 3609 4326 re-

2008 4367 2317 4421 missionem
2362 4364 2690 4425 conciliabit.
2730 4364 2863 4419 Nam
2906 4365 2951 4420 si
2997 4364 3259 4432 velimus,
3307 4380 3467 4421 nemo
3509 4380 3608 4422 nos

2009 4460 2205 4515 laedere
2247 4460 2440 4530 poterit
2469 4458 2549 4530 (a)
2581 4476 2594 4513 :
2624 4457 2717 4515 sed
2744 4468 2799 4514 et
2836 4458 2937 4529 ipsi
2963 4459 3160 4514 inimici
3194 4459 3345 4514 nobis
3369 4462 3608 4517 maxime

2006 4564 2249 4623 prosunt.
2282 4552 2487 4623 Ecquid
2520 4552 2588 4608 de
2632 4552 2942 4608 hominibus
2969 4552 3205 4623 loquor?
3244 4553 3365 4623 Ipso
3391 4553 3607 4610 diabolo

2005 4648 2133 4718 quid
2172 4647 2482 4703 sceleratius
2510 4647 2635 4702 est?
2673 4650 2922 4703 Attamen
2949 4648 3019 4702 ab
3052 4647 3148 4703 illo
3186 4662 3431 4717 magnam
3466 4647 3607 4704 bene

2005 4740 2197 4810 agendi
2226 4740 2564 4794 occasionem
2596 4748 2905 4794 mutuamur
2924 4783 2936 4801 .
2965 4748 3023 4794 ut
3050 4738 3151 4795 Job
3172 4741 3503 4810 comprobat.
3547 4740 3606 4798 Si

2005 4846 2168 4902 porro
2205 4832 2448 4886 diabolus
2478 4822 2690 4887 occasio
2718 4843 2800 4887 est
2838 4846 3180 4898 coronarum,
3211 4847 3307 4887 cur
3331 4834 3606 4890 inimicum

2007 4924 2204 4981 times?
2233 4923 2367 4979 Vide
2401 4933 2599 4994 quanta
2630 4923 2854 4979 lucreris
2875 4967 2889 4991 ,
2924 4924 3051 4979 dum
3094 4925 3434 4981 inimicorum
3484 4944 3604 4981 mo-

2004 5018 2186 5074 lestias
2213 5017 2324 5073 fers
2364 5019 2643 5087 patienter.
2675 5018 2855 5072 Primo
2886 5018 3101 5089 quidem
3127 5059 3144 5084 ,
3176 5017 3228 5073 id
3255 5020 3395 5089 quod
3426 5022 3604 5077 maxi-

2008 5126 2151 5164 mum
2180 5118 2300 5175 est,
2341 5119 2679 5179 peccatorum
2707 5110 3119 5177 remissionem;
3147 5113 3385 5168 secundo
3426 5130 3609 5183 perse-

2006 5202 2298 5256 verantiatu
2330 5213 2381 5257 et
2429 5202 2737 5272 patientiam
2766 5242 2779 5261 .
2832 5205 2992 5257 tertio
3012 5245 3025 5268 ,
3058 5206 3523 5261 mansuetudinem
3553 5218 3608 5263 et

2007 5295 2408 5364 benignitatem.
2438 5293 2538 5361 Qui
2564 5294 2707 5349 enim
2735 5296 2905 5349 nescit
2931 5295 3088 5349 irasci
3114 5296 3371 5351 adversus
3402 5312 3493 5352 eos
3513 5299 3610 5369 qui

2008 5401 2068 5441 se
2114 5385 2432 5451 nlleuduut,
2480 5385 2649 5440 multo
2676 5386 2845 5456 magis
2890 5401 3015 5457 erga
3055 5386 3259 5441 amicos
3302 5389 3445 5441 mitis
3484 5392 3607 5443 ιιι-ιι.
3703 5456 3710 5463 ,

2009 5480 2240 5547 Quarto,
2270 5478 2412 5546 quod
2435 5491 2650 5547 semper
2678 5480 2754 5532 ira
2787 5477 2939 5532 vacui
2967 5478 3158 5547 simus,
3188 5479 3274 5533 cui
3306 5479 3459 5555 buunt
3478 5482 3608 5535 nihil

2074 5588 2286 5661 *IASavilq
2313 5590 2435 5652 Quid
2459 5589 2588 5640 enim
2611 5590 2816 5653 oﬂ'ensor
2847 5589 2935 5641 tibi
2962 5595 3150 5642 tantum
3173 5591 3291 5644 mall
3314 5590 3499 5655 inferre
3521 5606 3607 5657 po-

2181 5712 2407 5787 solemne
2429 5713 2610 5787 dictum
2656 5714 3001 5787 Chrysostp'mi,
3053 5724 3198 5787 Nemo
3243 5715 3443 5787 lwyitnr
3460 5717 3608 5787 uisio

2009 5776 2181 5888 ieégso.
2206 5783 2305 5835 Qua
2328 5776 2391 5828 de
2414 5787 2472 5826 re
2500 5776 2673 5827 labrum
2693 5776 2865 5828 edidit.
2884 5776 3105 5842 V.supra
3128 5786 3277 5830 ἰὀιιιο
3299 5781 3344 5841 5,
3373 5782 3465 5829 col.
3500 5781 3609 5831 559-
