4186 6474
650 398 755 457 5*θὸ

650 536 750 591 par
777 533 892 574 esse
924 518 1104 588 possit.
1138 516 1265 570 Nam
1293 514 1402 585 ⁴ιιιιί
1437 526 1719 583 numquam
1760 509 2038 570 irascitur,
2074 505 2220 560 nullo

657 625 885 668 maerore
914 611 1186 680 mentitur,
1213 616 1276 663 ιιι
1306 607 1561 678 liquidum
1583 613 1684 670 est,
1714 616 1888 671 neque
1917 600 2074 653 vitam
2102 607 2222 667 aget

645 705 704 758 in
742 703 888 757 vanis
932 701 1198 756 laboribus
1251 698 1671 766 doloribusque:
1723 693 1810 763 qui
1851 692 1992 746 enim
2044 690 2222 744 odisse

652 793 840 854 nescit,
865 806 964 846 nec
991 790 1174 846 dolore
1196 788 1440 852 afﬁcitur,
1461 787 1552 842 sed
1575 785 1774 840 deliciis
1802 783 2052 851 milleque
2067 780 2221 836 bonis

651 883 854 936 fruitur.
883 881 1060 951 Itaque
1083 895 1179 935 nos
1196 880 1339 948 ipsos
1355 876 1615 946 supplicio
1640 873 1920 936 ofﬁcimus,
1940 871 2065 925 dum
2088 871 2221 924 alios

651 975 774 1029 odio
801 975 1094 1039 habemus;
1121 973 1256 1028 sicut
1283 979 1338 1026 et
1376 969 1528 1024 nobis
1559 965 1812 1021 beneﬁcia
1853 963 2178 1019 conferimus
2201 1002 2215 1025 ,

649 1065 774 1119 dum
810 1065 1104 1134 diligimus.
1151 1061 1229 1116 Ad
1273 1061 1426 1126 luce,
1469 1057 1782 1114 venerabilis
1824 1055 1952 1126 ipsis
1993 1051 2220 1108 inimicis

649 1157 753 1212 eris
779 1198 793 1221 ,
825 1154 1031 1211 etiamsi
1057 1153 1327 1208 dmmenes
1353 1159 1535 1206 essent
1558 1167 1572 1215 ;
1601 1149 1706 1202 imo
1728 1147 1934 1217 potius,
1968 1144 2010 1200 si
2049 1143 2118 1196 ita
2145 1142 2219 1196 sis

648 1249 866 1305 aﬁ‘ectus
889 1290 904 1314 ,
938 1261 1092 1303 nemo
1121 1245 1216 1300 tibi
1257 1244 1503 1299 inimicus
1532 1243 1632 1297 erit
1661 1258 1674 1296 :
1723 1237 1858 1308 quod
1899 1244 2072 1290 autem
2094 1248 2215 1289 om-

650 1342 796 1397 nium
838 1339 1123 1410 maximum
1153 1337 1487 1407 primumque
1516 1341 1596 1389 est
1619 1375 1631 1398 ,
1663 1331 1757 1387 Dei
1799 1326 2217 1385 misericordiam

652 1435 742 1487 tibi
772 1430 1028 1487 attrahis:
1057 1437 1216 1500 atque
1239 1426 1444 1484 etiamsi
1477 1423 1796 1495 peccaveris,
1821 1420 2027 1476 veniam
2053 1419 2221 1487 impe-

649 1524 851 1587 trabis;
899 1522 943 1576 si
983 1521 1118 1576 bene
1149 1519 1319 1590 egeris
1361 1516 1618 1586 majorem
1661 1525 1904 1568 assumes
1951 1508 2215 1564 ﬁduciam.

650 1614 777 1670 illud
800 1629 926 1684 ergo
951 1626 1316 1681 assequamur,
1346 1609 1610 1663 nemiuem
1644 1604 1764 1660 odio
1795 1602 2010 1667 habere,
2041 1609 2098 1655 ut
2123 1614 2220 1654 nos

650 1707 787 1762 Deus
812 1713 990 1761 amet:
1020 1713 1077 1759 ut
1097 1701 1304 1758 etiamsi
1323 1701 1506 1756 decem
1531 1699 1752 1752 millium
1785 1695 2104 1750 talentorum
2133 1693 2219 1747 de-

651 1800 846 1854 bitores
885 1799 1078 1862 simus,
1109 1796 1273 1849 nostri
1304 1795 1641 1849 misereatur.
1665 1787 1769 1845 Sed
1797 1788 1952 1842 ltesus
1979 1785 2123 1840 fuisti
2153 1784 2219 1839 ab

647 1891 785 1946 illo?
811 1890 1059 1945 Miserare
1089 1889 1236 1943 ilium
1263 1927 1278 1951 ,
1320 1899 1422 1940 nec
1462 1883 1586 1940 odio
1616 1882 1810 1937 habeas
1835 1897 1849 1945 ;
1881 1881 2000 1950 lnge
2030 1878 2174 1932 illum
2199 1917 2213 1940 ,

647 1997 746 2036 nec
775 1980 1052 2035 averseris.
1087 1977 1199 2033 Non
1227 1977 1367 2033 enim
1391 1983 1444 2029 tu
1471 1973 1742 2030 ollendisti
1768 1972 1955 2038 Deum,
1979 1969 2071 2026 sed
2093 1969 2214 2032 ille;

646 2080 703 2124 tu
749 2085 876 2126 vero
913 2068 1076 2138 probe
1125 2083 1234 2123 rem
1272 2065 1522 2138 gessisti,
1563 2065 1606 2119 si
1639 2064 1898 2135 patienter
1927 2061 2128 2116 tuleris.
2160 2059 2216 2114 In

646 2169 876 2216 mentem
904 2174 1116 2224 revoca,
1145 2158 1447 2224 Christum,
1476 2171 1597 2212 cum
1623 2165 1765 2212 esset
1791 2152 2175 2224 cruciﬁgendus
2200 2192 2217 2215 .

650 2268 745 2322 pro
771 2252 948 2322 seipso
975 2249 1216 2322 gavisum
1241 2291 1256 2318 ,
1287 2259 1340 2305 et
1364 2264 1462 2320 pro
1491 2247 1921 2318 cruciﬁgentibus
1961 2247 2220 2317 lacryma-

648 2353 756 2398 tum
782 2342 965 2401 fuisse.
1001 2342 1091 2398 Sic
1118 2357 1216 2397 nos
1261 2349 1470 2410 oportet
1513 2353 1632 2396 esse
1655 2338 1910 2394 aﬁ‘ectos:
1951 2345 2002 2391 et
2023 2345 2220 2406 quanto

647 2435 816 2508 magis
858 2435 1135 2501 lzedimur,
1175 2440 1324 2488 tanto
1358 2432 1524 2501 magis
1549 2431 1805 2486 debemus
1828 2444 1926 2484 nos
1965 2429 2219 2483 laedentes

646 2529 864 2584 deﬂere.
895 2525 1055 2582 Nobis
1093 2525 1235 2580 enim
1267 2522 1430 2578 multa
1459 2521 1584 2577 inde
1622 2522 1761 2577 bona
1792 2519 2086 2584 accedunt;
2115 2520 2219 2574 illis

649 2635 775 2675 vero
804 2628 1008 2673 contra.
1055 2614 1160 2672 Sed
1189 2629 1368 2670 coram
1396 2614 1642 2669 omnibus
1670 2612 2008 2668 contumeliis
2044 2611 2221 2666 affecit

654 2721 710 2767 et
733 2709 1067 2766 verberavit?
1085 2707 1226 2778 Ergo
1246 2721 1424 2761 coram
1441 2704 1690 2760 omnibus
1715 2719 1833 2760 sese
1856 2703 2151 2772 deturpavit
2166 2711 2220 2756 et

647 2799 1013 2856 dehonestavit
1036 2839 1050 2862 ,
1083 2808 1136 2853 et
1163 2795 1305 2852 mille
1337 2803 1701 2850 accusatorum
1729 2809 1818 2848 ora
1841 2794 2075 2863 aperuit,
2105 2794 2219 2863 plu-

649 2905 839 2962 resque
857 2889 951 2944 tibi
977 2887 1151 2944 texuit
1171 2900 1395 2942 coronas
1419 2926 1433 2950 ,
1463 2885 1656 2940 multos
1679 2884 1946 2953 patientia:
1967 2894 2069 2940 tua:
2090 2899 2218 2955 prae-

648 2997 810 3038 cones
833 2978 1065 3050 collegit.
1092 2977 1199 3034 Sed
1223 2975 1360 3046 apud
1391 2974 1523 3029 alios
1541 2990 1626 3030 me
1653 2973 2004 3030 calumniatus
2028 2983 2130 3031 est.
2153 2976 2218 3031 Et

648 3075 772 3146 quid
797 3074 896 3129 hoc
917 3113 931 3136 ,
960 3087 1079 3128 cum
1112 3071 1252 3126 Deus
1282 3069 1350 3124 sit
1379 3068 1450 3123 de
1479 3067 1561 3122 his
1589 3068 1820 3123 rationes
1847 3069 2174 3138 expetiturus
2197 3111 2213 3135 ,

651 3181 754 3220 non
781 3171 955 3218 autem
995 3161 1070 3217 illi
1095 3161 1182 3231 qui
1208 3159 1532 3214 audierunt?
1569 3159 1679 3214 Sibi
1710 3174 1939 3228 namque
1965 3159 2062 3228 ipsi
2089 3174 2217 3229 sup-

647 3256 787 3327 plicii
824 3268 1036 3309 causam
1059 3251 1295 3317 curavit,
1319 3260 1376 3304 nt
1403 3265 1507 3305 non
1538 3249 1697 3304 modo
1724 3249 1791 3304 de
1829 3250 1940 3303 suis
1968 3249 2175 3344 delictis
2197 3292 2212 3316 ,

1352 391 1408 444 S.
1455 386 1728 446 JOANNIS
1762 383 2229 444 CIIBYSOSTUMI
2270 383 2584 443 ARCHIEP.
2626 384 3160 446 CONS’I‘ANTINOP.

3799 390 3902 449 593

2330 506 2421 560 sed
2450 505 2514 559 de
2543 506 2604 560 iis
2635 507 2790 561 etiam
2813 548 2826 570 ,
2856 520 2975 576 qua:
3015 514 3198 561 contra
3228 518 3286 559 se
3312 502 3560 573 loquutus
3588 512 3669 559 est
3695 545 3710 568 ,
3739 509 3887 564 ratio-

2326 612 2446 653 nem
2468 599 2537 653 sit
2557 599 2877 653 redditurus.
2911 599 2985 654 'l'e
3006 598 3096 653 ille
3126 597 3264 669 apud
3289 597 3528 653 homines
3551 597 3900 655 calumniatus

2324 700 2438 758 est,
2466 691 2580 761 ipse
2601 705 2730 746 vero
2744 687 2891 761 apud
2923 691 3086 745 Deum
3114 698 3196 745 est
3221 699 3520 744 accusatus.
3559 687 3612 745 Si
3643 704 3772 745 vero
3789 689 3903 744 btet:

2327 782 2419 836 tibi
2451 797 2553 836 non
2576 783 2681 836 sint
2711 784 2861 845 satis,
2890 782 3062 852 cogita
3092 780 3371 836 Dominum
3403 794 3619 851 quoque
3636 787 3787 834 tuum
3809 797 3888 835 ca-

2324 875 2535 929 lumniis
2559 874 2852 943 impetitum
2873 872 3061 936 fuisse,
3079 881 3138 927 et
3157 887 3187 926 a
3211 881 3393 926 satana
3414 879 3468 927 et
3487 871 3554 925 ab
3568 870 3896 939 hominibus,

2323 974 2483 1035 atque
2509 963 2644 1034 apud
2667 977 2760 1019 eos
2789 978 2921 1033 quos
2948 962 3179 1018 maxime
3200 961 3451 1032 diligebat
3475 979 3489 1024 ;
3523 962 3662 1018 illius
3690 978 3901 1034 quoque

2323 1055 2634 1125 Unigenitus
2677 1054 2940 1110 similiter.
2981 1053 3106 1110 Ideo
3153 1054 3397 1118 dicebat:
3433 1053 3495 1108 Si
3528 1063 3722 1125 patrem
3752 1055 3900 1126 fami-

2323 1146 2416 1202 lias
2440 1146 2712 1202 Beelzebub
2739 1154 3058 1212 vocaverunt,
3098 1145 3252 1200 multo
3283 1146 3442 1217 magis
3471 1145 3768 1200 domesticos
3792 1147 3901 1216 ejus

2322 1237 2534 1308 (Matth.
2563 1239 2646 1294 10.
2669 1238 2784 1309 25).
2815 1237 2997 1307 Neque
3039 1237 3210 1293 solum
3247 1237 3597 1294 calumniatus
3639 1238 3788 1293 illum
3821 1249 3901 1296 est

2322 1329 2582 1400 malignus
2632 1329 2874 1397 daemon,
2902 1327 2997 1384 sed
3043 1328 3176 1384 ﬁdes
3209 1327 3288 1384 illi
3325 1328 3560 1384 adhibita
3602 1337 3684 1384 est
3708 1346 3721 1382 :
3749 1329 3899 1385 calu-

2321 1421 2657 1490 mniatusque
2680 1429 2781 1483 est,
2802 1436 2906 1474 non
2929 1419 2994 1475 de
3013 1419 3172 1475 rebus
3188 1418 3358 1486 nihili,
3374 1419 3470 1474 sed
3487 1419 3554 1474 de
3572 1420 3776 1490 magnis
3793 1421 3898 1476 eri-

2321 1511 2572 1567 minibus.
2598 1513 2729 1566 Nam
2765 1521 2820 1568 et
2858 1512 3239 1568 dmmoniacum
3282 1511 3430 1566 illum
3458 1513 3696 1578 vocavit,
3728 1522 3780 1568 et
3809 1512 3900 1570 de-

2321 1612 2593 1672 ceptorem
2624 1612 2680 1658 et
2700 1603 2809 1658 Deo
2835 1603 3216 1658 adversarium.
3245 1602 3315 1656 At
3338 1610 3613 1676 postquam
3641 1602 3900 1659 beneﬁcia

2322 1695 2591 1751 contulisti
2615 1737 2629 1762 ,
2665 1697 2802 1751 male
2834 1711 3021 1765 passus
3042 1695 3143 1751 es?
3172 1693 3402 1763 Ideoque
3426 1695 3658 1751 maxime
3694 1712 3794 1766 pro
3814 1698 3897 1752 in-

2317 1789 2511 1859 juriam
2542 1789 2801 1846 inferente
2828 1790 2949 1860 lnge
2973 1832 2988 1854 ,
3019 1803 3116 1859 pro
3147 1788 3316 1857 teipso
3338 1788 3530 1858 gaude,
3562 1789 3682 1859 quia
3711 1791 3900 1847 similis

2325 1881 2432 1936 Deo
2455 1881 2621 1936 tactus
2647 1897 2705 1937 es
2730 1923 2744 1947 ,
2775 1881 2876 1948 Qui
2899 1881 3054 1936 solent
3081 1897 3227 1935 suum
3257 1879 3381 1932 oriri
3409 1883 3530 1955 facit
3553 1898 3706 1952 super
3739 1883 3899 1938 malos

2318 1985 2367 2027 et
2390 1973 2544 2028 bonos
2573 1974 2783 2044 (Matth.
2809 1975 2862 2029 5.
2894 1975 3007 2045 45).
3040 1974 3192 2044 Quod
3218 1978 3263 2032 si
3293 1977 3457 2033 Deum
3497 1977 3696 2032 imitari
3736 1993 3896 2046 supra

2318 2065 2458 2120 vires
2486 2072 2602 2120 tuas
2626 2080 2744 2120 esse
2768 2065 3040 2122 videatur:
3067 2082 3383 2138 quamquam
3420 2067 3663 2123 studioso
3700 2067 3750 2123 id
3793 2083 3897 2123 non

2318 2155 2538 2212 difﬁcile
2562 2157 2632 2211 sit
2656 2175 2670 2211 ε
2693 2167 2924 2212 attamen
2941 2157 2986 2212 si
3014 2157 3064 2212 id
3082 2157 3178 2213 tibi
3202 2157 3478 2213 sublimius
3503 2158 3896 2234 esseivideatur,

2318 2262 2437 2315 age,
2466 2254 2518 2302 te
2544 2245 2608 2301 ad
2635 2262 2922 2302 conservos
2949 2248 3241 2304 ducamus:
3265 2249 3331 2304 ad
3351 2248 3664 2318 Josephum,
3693 2250 3785 2321 qui
3814 2250 3898 2305 in-

2323 2345 2538 2393 numera
2583 2355 2806 2409 passus,
2859 2339 3048 2397 fratres
3097 2355 3224 2397 suos
3266 2341 3562 2410 beneﬁciis
3589 2341 3801 2408 aﬁ‘ecit;
3834 2343 3898 2399 ad

2323 2429 2562 2502 Moysen,
2595 2431 2684 2500 qui
2715 2440 2832 2500 post
2862 2431 3008 2487 mille
3031 2432 3275 2498 insidias,
3308 2447 3404 2502 pro
3431 2432 3629 2488 Iudaeis
3653 2442 3900 2502 precatus

2321 2532 2402 2576 est
2427 2537 2442 2581 :
2475 2521 2541 2576 ad
2573 2521 2784 2577 beatum
2807 2523 3051 2589 Paulum,
3079 2523 3166 2594 qui
3197 2537 3316 2594 qum
3337 2538 3525 2593 passus
3544 2525 3612 2579 ab
3634 2523 3736 2579 illis
3759 2533 3900 2579 esset

2321 2627 2634 2667 enumerare
2660 2627 2764 2665 non
2807 2620 3046 2682 poterat,
3077 2622 3130 2669 et
3159 2621 3334 2669 tamen
3365 2615 3580 2683 optabat
3609 2615 3892 2670 anathema

2319 2717 2438 2757 esse
2464 2718 2558 2772 pro
2585 2703 2688 2758 illis
2713 2703 2885 2774 (Rom.
2911 2703 2966 2760 9.
2990 2704 3141 2776 3);ad
3166 2704 3497 2778 Stephanum
3527 2707 3617 2777 qui
3639 2707 3900 2778 lapidatus

2319 2804 2416 2860 est,
2443 2803 2494 2850 et
2523 2796 2726 2865 rogavit
2755 2806 2812 2850 nt
2853 2796 2956 2852 hoc
2985 2806 3259 2867 peccatum
3307 2799 3670 2853 remitteretur
3698 2798 3797 2853 eis.
3836 2797 3901 2853 Et

2320 2883 2434 2940 haec
2449 2886 2625 2939 omnia
2653 2886 2908 2956 cogitans,
2941 2887 3072 2942 iram
3091 2901 3304 2942 omnem
3328 2886 3482 2956 ejice,
3507 2895 3563 2942 ut
3584 2887 3722 2943 Deus
3741 2887 3896 2942 nobis

2320 2975 2496 3030 omnia
2527 2987 2739 3045 peccata
2757 2975 3024 3041 remittat,
3041 2978 3207 3047 gratia
3231 2987 3284 3031 et
3301 2977 3664 3033 misericordia
3691 2977 3899 3034 Domini

2319 3068 2487 3122 nostri
2515 3068 2642 3123 Iesu
2667 3067 2901 3134 Christi,
2931 3070 3145 3138 quicum
3184 3069 3329 3124 Patri
3357 3078 3414 3125 et
3450 3068 3669 3137 Spiritui
3715 3079 3901 3125 sancto

2318 3161 2506 3231 gloria,
2529 3161 2828 3229 imperium,
2851 3160 3046 3230 honor,
3073 3175 3213 3216 nunc
3231 3170 3286 3217 et
3309 3170 3612 3233 semper,et
3633 3161 3685 3217 in
3704 3162 3899 3218 simula

2319 3251 2660 3306 stimulorum.
2688 3253 2880 3306 Amen.

1828 3457 2169 3519 HOMILIA
2214 3455 2409 3517 LXII.
2455 3458 2539 3519 al.
2577 3457 2801 3519 LXIII.

646 3589 768 3644 Car.
807 3589 889 3644 I9.
918 3603 973 3642 v.
1005 3589 1054 3641 l.
1084 3586 1148 3641 Et
1174 3590 1359 3658 factum
1389 3594 1495 3649 est,
1527 3599 1638 3636 cum
1684 3592 2072 3636 consummasset
2124 3581 2217 3634 Je-

714 3697 799 3732 sua
827 3679 917 3733 hos
942 3692 1212 3742 semoues,
1241 3675 1468 3745 migrauit
1492 3691 1522 3726 a
1550 3671 1783 3737 σαιειωα,
1808 3681 1854 3725 et
1873 3672 2001 3725 venit
2023 3672 2073 3724 in
2093 3672 2218 3740 ﬁnes

713 3770 910 3824 Indiae
935 3779 1074 3823 trans
1100 3767 1394 3822 Iordanem.

717 3863 767 3915 ‘l.
813 3860 943 3916 Cum
981 3859 1053 3914 ob
1092 3859 1296 3914 illorum
1333 3855 1583 3912 invidiam
1631 3854 1936 3923 frequenter
1977 3853 2216 3908 Iudaeam

645 3953 960 4023 reliquisset,
987 3967 1123 4006 nunc
1146 3949 1355 4004 tandem
1384 3949 1434 4002 in
1460 3964 1524 4003 ea
1551 3948 1879 4011 immoratur,
1903 3946 2025 4016 quia
2053 3960 2219 4015 prepe

646 4053 759 4097 erat
782 4043 1037 4113 passionis
1059 4050 1265 4109 tempus
1290 4055 1418 4093 :nec
1441 4047 1615 4093 tamen
1637 4037 2019 4106 Jerosolymam
2041 4051 2219 4090 ascen.

646 4134 744 4202 dit,
777 4134 867 4190 sed
901 4134 950 4188 in
982 4133 1172 4188 ﬁnibus
1204 4130 1399 4186 Iudaeae
1433 4138 1692 4185 versatur.
1733 4129 1799 4183 Et
1837 4131 2133 4184 venientem
2161 4126 2216 4181 2.

651 4223 890 4296 Seququ
911 4234 1026 4278 sunt
1051 4241 1163 4278 eum
1191 4223 1347 4277 turba:
1372 4223 1575 4287 multa,
1607 4232 1652 4276 et
1682 4222 1874 4276 curavit
1897 4237 1999 4276 eos.
2037 4220 2218 4289 Neque

645 4315 900 4370 doctrinae
929 4314 1229 4378 tradendae,
1261 4327 1432 4383 neque
1461 4311 1622 4382 signis
1649 4311 1867 4366 edendis
1892 4326 2103 4381 semper
2132 4311 2215 4366 in-

644 4407 881 4472 cumbit;
909 4406 1000 4461 sed
1033 4405 1188 4461 modo
1219 4405 1337 4472 hoc,
1370 4404 1527 4460 modo
1557 4404 1680 4460 illud
1707 4405 1832 4472 agit,
1861 4413 1919 4458 ut
1955 4404 2106 4459 saluti
2134 4418 2217 4460 se-

644 4499 916 4568 quentium
947 4507 1000 4552 et
1029 4497 1337 4552 hzerentium
1376 4495 1472 4551 sibi
1503 4495 1646 4549 varie
1675 4494 1996 4565 provideret,
2021 4510 2126 4565 quo
2153 4511 2219 4550 ex

649 4592 810 4660 signis
840 4590 943 4644 ﬁde
981 4589 1167 4660 dignus
1209 4589 1460 4659 magister
1490 4589 1539 4642 in
1573 4587 1635 4642 iis
1665 4604 1780 4658 qnte
1819 4587 2031 4643 dicebat
2068 4602 2218 4641 com-

648 4680 980 4750 probaretur,
1012 4695 1073 4732 ex
1101 4679 1338 4733 doctrina
1371 4693 1496 4732 vero
1525 4679 1795 4747 signorum
1826 4679 2031 4733 lucrum
2061 4692 2220 4748 auge-

647 4783 748 4825 ret.
781 4770 891 4824 Hoc
919 4779 1094 4825 autem
1122 4778 1236 4823 erat
1271 4770 1388 4823 illos
1427 4768 1490 4824 ad
1534 4769 1623 4823 Dei
1655 4769 2009 4838 cognitionem
2049 4768 2219 4823 addu-

645 4877 786 4916 cere.
823 4861 898 4915 'l'n
935 4876 1062 4914 vero
1101 4859 1227 4914 mihi
1263 4859 1420 4915 etiam
1459 4859 1582 4914 illud
1625 4861 1888 4931 perpende
1911 4903 1925 4926 ,
1955 4860 2220 4929 quomodo

647 4954 829 5023 plebes
879 4952 1108 5022 integras
1153 4967 1257 5005 uno
1301 4951 1459 5004 verbo
1503 4960 1912 5020 prietercurrant
1943 4952 2215 5022 discipuli,

644 5061 749 5098 non
775 5044 1085 5100 nominatim
1108 5041 1341 5109 singulos
1362 5041 1449 5112 qui
1480 5043 1643 5096 sanati
1675 5042 1881 5097 fuerant
1911 5040 2218 5097 referentes.

645 5134 759 5190 Non
792 5136 1039 5190 dicebant
1064 5135 1226 5198 enim,
1261 5133 1355 5188 Hic
1394 5142 1447 5187 et
1487 5131 1593 5196 hic,
1625 5133 1738 5200 sed,
1772 5134 1938 5198 Multi,
1971 5133 2222 5189 docentes

646 5238 700 5279 ut
734 5243 761 5280 a
796 5228 932 5282 fastu
960 5241 1255 5282 caveamus.
1290 5226 1522 5281 Sanabat
1547 5236 1719 5280 autem
1750 5226 1994 5283 Christus
2026 5237 2080 5281 ut
2120 5229 2223 5283 illis

651 5317 1011 5381 benefaceret,
1041 5333 1103 5371 ac
1135 5332 1223 5387 per
1265 5317 1383 5370 illos
1428 5315 1546 5369 aliis
1589 5317 1787 5371 multis.
1817 5317 1948 5370 Nam
1976 5319 2101 5372 dum
2133 5317 2166 5372 ii
2192 5333 2221 5372 a

651 5407 848 5462 morbis
875 5417 1221 5470 curarentur,
1253 5407 1369 5460 aliis
1400 5406 1514 5460 haec
1554 5407 1760 5460 occasio
1789 5417 1939 5474 erat,
1973 5417 2030 5463 ut
2061 5409 2222 5465 Deum

646 5509 1066 5570 cognoscerent;
1095 5500 1188 5556 sed
1221 5514 1322 5554 non
1350 5499 1670 5564 Pharisaeis;
1706 5500 1812 5553 imo
1836 5501 1909 5554 illi
1948 5511 2224 5571 pr0pterea

651 5594 818 5663 magis
844 5592 1151 5657 efferantur,
1183 5601 1234 5646 et
1259 5591 1515 5646 accedunt
1542 5591 1605 5645 ad
1632 5606 1750 5645 eum
1782 5593 2016 5646 tentandi
2045 5609 2221 5648 causa.

650 5686 783 5752 Quia
828 5684 968 5739 enim
1015 5698 1130 5753 quae
1175 5681 1307 5737 laeta
1349 5682 1555 5738 fuerant
1587 5697 1777 5753 capere
1809 5701 1912 5738 non
1944 5695 2222 5752 poterant,

655 5776 980 5843 problemata
1013 5774 1108 5843 ipsi
1151 5784 1472 5846 proponunt.
1504 5774 1632 5829 Nam
1661 5774 1974 5832 accedentes
2009 5774 2072 5830 ad
2109 5791 2227 5832 cum

2322 3589 2379 3636 et
2408 3589 2670 3636 tentantes
2694 3579 2939 3636 dicebant
2962 3599 2974 3634 :
2997 3582 3050 3637 3.
3075 3581 3136 3638 Si
3160 3583 3272 3637 licet
3297 3585 3487 3640 honuni
3511 3601 3823 3657 quacumque
3842 3604 3901 3644 es

2321 3687 2475 3726 causa
2521 3687 2726 3726 uxorem
2773 3673 3038 3727 dimittere.
3089 3672 3134 3728 Ο
3181 3674 3496 3730 stultitiam!
3541 3676 3804 3735 Putabant
3843 3695 3899 3734 se

2321 3777 2478 3832 posse
2506 3763 2888 3833 quaestionibus
2915 3763 3025 3818 suis
3055 3763 3149 3834 ipsi
3178 3779 3240 3820 os
3265 3765 3534 3832 claudere,
3557 3768 3765 3824 etiamsi
3789 3770 3898 3840 jam

2320 3855 2687 3925 experimento
2715 3856 3025 3911 didicissent
3049 3865 3304 3927 quantum
3345 3858 3396 3913 in
3437 3859 3519 3914 bis
3558 3860 3718 3917 rebus
3759 3863 3901 3917 vale-

2321 3955 2422 4001 ret.
2441 3945 2571 3999 Cum
2590 3945 2784 4001 scilicet
2806 3946 2870 4000 de
2887 3946 3106 4000 sabbato
3127 3947 3283 4002 multa
3302 3947 3664 4020 disseruerunt
3685 3950 3896 4022 (Matth.

2323 4037 2462 4104 12);
2490 4052 2608 4092 eum
2650 4037 2894 4091 dixerunt
2919 4080 2932 4101 ,
2964 4037 3288 4109 Blasphemat
3324 4040 3548 4109 (Matth.
3583 4042 3635 4098 9.
3676 4044 3750 4112 3)
3773 4086 3788 4108 ,
3817 4046 3898 4100 vel

2322 4128 2534 4197 quando
2562 4128 2843 4193 dicebant,
2890 4127 3204 4184 Datmonium
3252 4132 3396 4185 habet
3425 4131 3615 4201 (Joan.
3651 4134 3738 4190 10.
3769 4135 3896 4204 20);

2322 4233 2442 4272 cum
2469 4218 2753 4288 discipulos
2780 4219 3121 4287 increpabant
3144 4221 3282 4290 quod
3315 4236 3410 4291 per
3434 4233 3546 4278 sata
3570 4223 3894 4289 incederent,

2321 4323 2440 4362 cum
2471 4308 2536 4363 de
2566 4308 2724 4384 illatis
2751 4311 2993 4365 manibus
3033 4311 3235 4380 loqnuti
3274 4325 3399 4367 sum
3429 4313 3652 4384 (Matth.
3684 4315 3771 4372 12.
3798 4316 3861 4383 2)
3881 4357 3895 4384 ,

2324 4399 2516 4468 ubique
2543 4378 2659 4455 illtis
2689 4403 3004 4470 reprimens,
3038 4378 3503 4474 impudentemque
3543 4406 3776 4477 linguam
3807 4378 3896 4465 ob;

2323 4500 2552 4554 Struens,
2584 4490 2660 4544 sic
2686 4492 2890 4547 remisit
2919 4507 3010 4548 eos
3038 4492 3225 4564 (Marc.
3261 4495 3312 4550 7.
3341 4496 3420 4564 5).
3453 4498 3696 4555 Attamen
3730 4516 3901 4570 neque

2325 4581 2394 4636 ita
2425 4583 2733 4638 abscedunt.
2760 4585 2900 4640 Talis
2925 4588 3121 4657 quippe
3142 4597 3225 4642 est
3253 4590 3506 4660 nequitia,
3536 4592 3653 4646 talis
3683 4594 3896 4658 invidia,

2324 4677 2602 4744 impudens
2635 4693 2825 4747 nempe
2858 4690 3016 4749 atque
3044 4681 3326 4750 petulans:
3352 4681 3559 4738 etiamsi
3593 4685 3784 4742 millies
3817 4701 3903 4743 re-

2326 4769 2600 4838 primatur,
2630 4769 2822 4825 millies
2849 4784 3056 4824 rursum
3087 4772 3267 4827 instat.

2397 4859 2774 4916 Pharisteorum
2812 4865 3019 4918 astutia.
3047 4895 3115 4904 ——
3141 4864 3219 4924 Tu
3262 4880 3388 4920 vero
3427 4867 3554 4921 mihi
3597 4870 3905 4928 consideres

2325 4952 2481 5006 velim
2526 4953 2952 5023 interrogationis
2992 4955 3391 5025 malignitatem.
3426 4958 3540 5013 Non
3572 4961 3710 5014 enim
3753 4961 3903 5018 diae-

2328 5042 2449 5098 runt
2475 5045 2520 5099 ei
2553 5064 2565 5098 :
2599 5045 2805 5100 Jussisti
2837 5063 3050 5102 uxorem
3079 5064 3183 5102 non
3211 5049 3509 5114 dimittere;
3539 5053 3645 5121 jam
3671 5054 3812 5108 enim
3841 5057 3906 5112 de

2330 5138 2427 5192 hac
2454 5137 2568 5208 lege
2597 5137 2919 5194 disseruerat
2949 5159 2961 5194 :
2987 5150 3217 5196 attamen
3249 5143 3534 5198 verborum
3565 5146 3774 5201 illorum
3797 5164 3906 5204 non

2329 5232 2703 5297 meminerunt,
2738 5233 2828 5287 sed
2861 5232 2982 5286 inde
3011 5233 3230 5304 profecti
3260 5248 3419 5302 sunt;
3449 5253 3630 5292 verum
3662 5249 3908 5307 putantes

2329 5337 2388 5376 se
2417 5322 2642 5391 majores
2669 5322 2886 5378 insidias
2922 5335 3199 5393 paraturos
3228 5341 3382 5390 esse,
3411 5344 3531 5382 enm
3561 5330 3759 5385 vellent
3784 5349 3908 5388 eum

2331 5413 2421 5466 illo
2448 5413 2687 5482 redigere
2714 5424 2769 5468 ut
2797 5425 2979 5470 contra
3012 5416 3175 5486 legem
3209 5417 3533 5488 IOqueretur,
3568 5437 3670 5475 non
3701 5423 3907 5487 dicunt.

2331 5503 2437 5556 Cur
2468 5503 2568 5558 hoc
2595 5513 2647 5558 et
2677 5505 2777 5559 hoc
2807 5507 3074 5561 statuisti?
3104 5508 3193 5562 sed
3221 5512 3371 5579 quasi
3412 5511 3541 5565 nihil
3585 5513 3784 5569 dictum
3826 5533 3906 5572 es-

2331 5604 2432 5660 set,
2467 5595 2810 5666 interrogant,
2843 5598 2897 5653 Si
2929 5599 3101 5665 liceat,
3133 5613 3407 5669 sperantes
3438 5603 3584 5658 illum
3614 5620 3672 5659 se
3699 5605 3802 5661 hoc
3831 5608 3909 5663 di-

2332 5687 2473 5742 xisse
2503 5702 2607 5741 non
2647 5689 3045 5744 recordaturnm
3072 5705 3188 5746 esse
3214 5711 3228 5754 ;
3261 5709 3485 5764 cumque
3514 5697 3679 5766 parati
3705 5711 3906 5766 essent,

2334 5782 2378 5836 si
2421 5780 2659 5848 diceret,
2693 5783 2850 5840 licere
2887 5784 3155 5841 dimittere
3178 5828 3192 5855 ,
3227 5787 3300 5842 illi
3338 5803 3608 5859 opponere
3642 5809 3759 5862 qnze
3797 5794 3910 5864 ipse
