4186 6482
234 469 330 525 m7

230 583 440 638 dixerat
461 627 476 648 ,
508 584 594 639 bis
621 586 796 644 verbis
825 604 838 640 :
865 585 976 639 Cur
1011 586 1276 639 contraria
1315 586 1536 640 dixisti?
1561 587 1606 640 si
1634 586 1821 641 eadem

229 690 412 730 rursus
437 692 562 746 quae
585 677 732 747 prius
753 678 978 743 diceret,
1001 676 1235 748 Moysen:
1261 677 1512 746 obiicere.
1536 679 1671 747 Quid
1697 696 1824 748 ergo

229 767 354 821 illo?
392 768 512 823 Non
553 769 684 823 dicit
717 785 728 820 :
757 765 863 823 Cur
900 785 980 822 me
1017 769 1218 823 tentatis
1241 811 1256 834 ,
1289 769 1566 841 hypocrita:
1594 771 1819 843 (Matth.

225 858 310 913 22.
346 859 500 931 £8)?
531 860 583 916 id
623 859 764 931 quod
815 873 997 930 postea
1035 860 1213 914 dixit:
1255 859 1348 914 scd
1390 860 1475 914 hic
1520 877 1624 917 non
1670 863 1818 917 item.

223 952 444 1020 Quare?
473 953 544 1011 Ut
580 969 703 1009 cum
735 955 968 1024 potentia
995 967 1092 1008 sua
1117 951 1582 1010 mansuetudinem
1609 970 1822 1025 quoque

223 1046 551 1102 ostenderet.
579 1046 760 1118 Neque
785 1047 924 1102 cnim
953 1062 1166 1114 semper
1195 1055 1357 1113 tacet,
1381 1063 1448 1102 ne
1472 1057 1659 1117 putent
1686 1048 1734 1102 id
1761 1064 1820 1104 se

198 1135 418 1203 .latcre;
450 1154 628 1210 neque
653 1153 867 1210 semper
892 1139 1181 1211 redarguit,
1211 1150 1268 1196 ut
1295 1155 1395 1195 nos
1422 1141 1615 1196 doceat
1637 1143 1818 1197 omnia

221 1239 502 1285 mansuete
524 1245 651 1286 esse
689 1231 926 1290 ferenda.
952 1219 1246 1302 Quomodo
1273 1250 1402 1305 ergo
1443 1234 1549 1290 illis
1589 1249 1816 1305 respon-

218 1319 347 1376 det?
369 1323 428 1379 4.
463 1321 587 1377 Non
612 1325 834 1394 legistis,
863 1327 983 1397 quia
1023 1326 1110 1397 qui
1153 1327 1272 1392 fecit
1301 1328 1583 1394 hominem,
1616 1345 1818 1383 mascu-

216 1411 322 1467 lum
350 1421 399 1466 et
428 1414 673 1484 [ciuium
713 1417 830 1486 fecit
870 1417 1000 1476 eos!
1028 1416 1097 1471 Et
1137 1417 1269 1473 dixit
1295 1433 1315 1471 :
1341 1419 1394 1474 5.
1430 1417 1710 1491 Propterea
1732 1438 1816 1476 re—

216 1502 404 1571 linquet
419 1505 578 1559 horno
601 1517 796 1574 patrem
814 1524 960 1562 suum
979 1519 1028 1563 et
1047 1519 1258 1567 matrem
1276 1527 1444 1577 suam,
1475 1522 1521 1566 et
1541 1513 1816 1568 udhtrrebit

214 1602 362 1653 uxori
396 1616 530 1664 suc,
557 1611 607 1656 et
650 1613 795 1656 erunt
820 1605 924 1661 duo
950 1604 1003 1658 in
1035 1623 1187 1660 corno
1211 1623 1315 1660 una
1339 1607 1491 1680 (Gen.
1522 1609 1576 1664 2.
1609 1610 1722 1682 24).
1758 1613 1810 1668 6.

213 1689 396 1763 Itaque
412 1695 532 1764 jam
551 1713 658 1750 non
675 1707 793 1752 sunt
816 1697 936 1760 duo,
957 1700 1050 1753 scd
1075 1717 1177 1754 uno
1196 1717 1337 1756 caro.
1364 1701 1515 1770 Quod
1534 1720 1652 1775 ergo
1675 1703 1814 1760 Deus

211 1785 498 1854 conjunxit,
549 1786 698 1840 homo
734 1804 833 1842 non
870 1799 1085 1860 separet.
1114 1789 1249 1847 Vide
1285 1792 1600 1862 sapientiam
1640 1799 1806 1866 magi-

210 1874 325 1928 stri.
368 1874 734 1948 Interrogatus
771 1879 943 1945 enim,
979 1880 1040 1936 Si
1082 1881 1218 1945 licet,
1267 1899 1374 1938 non
1417 1885 1600 1940 statim
1646 1886 1803 1956 dicit,

208 1961 322 2020 Non
349 1967 478 2022 licet
497 2011 512 2031 ,
545 1983 616 2024 ne
644 1971 1122 2040 perturbarentur;
1151 1973 1245 2028 sed
1272 1984 1556 2046 antequam
1587 1989 1808 2032 senten-

207 2055 333 2111 tiam
365 2057 605 2125 diceret,
637 2075 730 2130 per
756 2074 1069 2132 apparatum
1100 2065 1249 2120 illum
1277 2065 1328 2122 id
1360 2067 1560 2137 liquido
1585 2072 1767 2125 statuit
1790 2111 1804 2135 ,

203 2147 502 2203 ostendens
529 2149 700 2208 Patris
729 2153 810 2208 sui
835 2167 958 2209 esse
999 2165 1361 2227 praeceptum,
1392 2173 1490 2214 nec
1514 2158 1680 2231 Moysi
1708 2161 1805 2216 ad-

207 2250 482 2295 versatum
509 2257 570 2296 se
601 2241 702 2297 hoc
731 2245 1072 2314 pnecepisse.
1102 2246 1484 2304 Animadverte
1523 2259 1698 2306 autem
1738 2252 1806 2307 il-

206 2328 313 2386 lum
346 2348 455 2386 non
482 2350 514 2386 a
541 2335 816 2391 creatione
851 2336 1029 2392 solum
1066 2337 1197 2392 illud
1235 2339 1504 2395 allirmare
1525 2383 1540 2407 ,
1572 2342 1665 2397 sed
1691 2351 1749 2398 et
1772 2357 1802 2396 a

205 2434 474 2493 praecepto
510 2425 649 2494 ejus.
688 2424 802 2482 Non
842 2426 984 2482 enim
1013 2426 1181 2496 dixit,
1215 2429 1387 2499 ipsum
1418 2431 1611 2488 iecisse
1636 2449 1801 2489 unum

203 2520 405 2569 tantum
434 2514 706 2571 hominem
736 2532 1002 2594 unamque
1029 2519 1303 2576 mulierem
1326 2537 1341 2589 ;
1364 2520 1460 2577 sed
1483 2523 1646 2579 etiam
1667 2540 1802 2594 pnu-

203 2605 407 2673 cepisse
426 2647 443 2671 ,
473 2618 530 2661 ut
558 2622 696 2662 unus
727 2607 818 2662 uni
833 2587 1205 2678 copularetur.
1237 2610 1293 2668 Si
1325 2587 1580 2668 voluisset
1622 2624 1798 2670 autem

203 2692 337 2754 bam:
363 2697 586 2764 dimitti,
614 2699 774 2756 aliam
799 2700 944 2769 duci,
975 2717 1098 2758 cum
1137 2719 1300 2759 unum
1349 2705 1622 2762 hominem
1651 2707 1797 2774 fecit,

201 2789 392 2845 multas
439 2791 656 2847 fecisset
701 2793 977 2849 mulieres.
1025 2793 1191 2875 Nunc,
1218 2804 1396 2851 autem
1433 2806 1489 2853 et
1526 2813 1593 2854 ex
1637 2799 1799 2856 modo

197 2884 490 2939 creotioais
523 2895 578 2940 et
613 2899 686 2941 ex
725 2885 898 2941 forma
934 2887 1065 2958 legis
1104 2888 1372 2957 ostendit,
1407 2906 1570 2946 unum
1599 2891 1798 2952 debere

199 2989 409 3046 semper
434 2992 563 3032 cum
604 2991 702 3031 una
745 2975 986 3034 habitare
1005 3021 1024 3044 ,
1055 2995 1230 3052 neque
1258 2996 1508 3052 umquam
1535 2988 1794 3054 separari.

99 3082 107 3091 ”
200 3063 262 3119 Et
287 3066 407 3129 vide
433 3067 706 3137 quomodo
733 3067 874 3124 dicat
902 3087 917 3123 :
949 3069 1050 3136 Qui
1081 3072 1200 3140 fecit
1229 3089 1261 3125 α
1291 3073 1560 3143 principio,
1593 3092 1796 3130 mascu-

193 3155 298 3207 lum
327 3166 374 3209 et
399 3156 646 3227 [emissam
671 3155 788 3228 fecit
815 3173 934 3221 eos;
965 3158 1065 3214 hoc
1090 3170 1201 3226 est,
1225 3177 1291 3218 es
1323 3178 1424 3217 una
1457 3163 1637 3220 radice
1667 3163 1792 3221 lacti

195 3254 346 3311 sunt,
375 3255 432 3301 et
476 3248 528 3301 in
558 3263 723 3304 unum
754 3264 947 3322 corpus
987 3264 1373 3308 convenerunt.
1415 3253 1582 3310 Erunt
1609 3257 1788 3326 enim,

195 3334 392 3407 inquit,
422 3339 531 3392 duo
555 3338 608 3392 iu
635 3356 786 3394 carne
822 3357 944 3417 una2
985 3342 1185 3399 Deinde
1225 3346 1516 3402 ostendens
1550 3357 1789 3404 tremen-

187 3428 310 3484 dum
341 3447 466 3487 esse
503 3432 639 3487 hanc
666 3433 834 3503 legem
865 3450 1140 3504 accusare,
1171 3437 1447 3508 ipsamque
1475 3440 1648 3513 legem
1679 3451 1789 3496 sta-

193 3530 362 3582 tuens.
395 3538 509 3575 non
537 3520 690 3585 dixit,
718 3523 798 3580 Ne
823 3525 1140 3597 disjungntis
1172 3528 1349 3599 igitur,
1383 3547 1449 3586 ne
1481 3534 1740 3601 separetis
1767 3550 1784 3588 :

189 3611 278 3665 sed
311 3614 438 3683 quid
457 3618 487 3666 ?
516 3613 664 3680 Quod
690 3615 830 3672 Deus
862 3620 1146 3691 conjunxit,
1176 3623 1326 3678 homo
1356 3641 1455 3678 non
1480 3638 1695 3697 separet.
1728 3628 1785 3684 Si

190 3702 420 3777 Hoysem
447 3722 712 3778 opponas,
736 3725 836 3781 ego
859 3711 948 3765 tibi
977 3713 1174 3786 ltloysis
1197 3715 1480 3772 Dominum
1504 3719 1721 3776 alierum
1742 3723 1781 3789 ¹,

188 3795 418 3870 itemque
447 3815 485 3855 a
517 3810 755 3870 tempore
794 3801 1039 3859 lirmabo.
1083 3804 1218 3861 Nam
1267 3807 1410 3863 Deus
1449 3826 1477 3862 a
1523 3811 1782 3882 principio

187 3892 485 3947 masculum
510 3904 563 3947 ct
592 3893 844 3950 feminam
874 3899 996 3952 Fecit
1021 3914 1116 3954 eos
1144 3899 1311 3970 (Gen.
1344 3903 1393 3957 l.
1420 3903 1527 3973 27)
1554 3922 1566 3958 :
1595 3921 1658 3960 ac
1678 3923 1782 3962 .ve-

187 3984 476 4039 IllSlISSima
510 3984 592 4040 lex
625 3996 708 4041 t-st
730 4029 744 4052 ,
779 3987 901 4044 licet
938 3988 1179 4044 videatur
1208 4008 1348 4048 nunc
1370 4009 1401 4048 a
1433 4010 1519 4051 me
1551 3999 1778 4066 primum

184 4069 376 4137 induci,
402 4085 463 4129 et
490 4077 889 4134 accuratissime
912 4089 1107 4135 statuta
1136 4082 1250 4137 luit.
1277 4083 1461 4156 Neque
1485 4090 1628 4142 enim
1651 4091 1780 4145 sim-

184 4162 390 4232 pliciter
416 4166 705 4226 mulierem
734 4170 797 4224 ad
833 4173 999 4225 virum
1026 4171 1265 4239 adduxit,
1289 4177 1382 4231 scd
1409 4177 1569 4248 jussit
1591 4180 1646 4236 et
1667 4197 1779 4236 ma-

183 4263 315 4313 trem
344 4269 401 4314 et
428 4268 642 4332 patrem
688 4263 1008 4339 relinqui-rc.
1055 4265 1239 4337 Neque
1268 4268 1333 4323 ad
1367 4272 1645 4329 mulierem
1677 4292 1780 4332 ae-

183 4349 372 4406 cedere
399 4361 613 4408 tantum
637 4354 829 4423 jussit,
856 4357 949 4411 scd
979 4367 1032 4412 et
1073 4359 1146 4414 illi
1181 4361 1457 4419 adhaerere
1478 4404 1495 4431 ,
1523 4381 1590 4421 ex
1618 4367 1779 4424 modo

181 4440 386 4498 dicendi
413 4444 652 4515 disjungi
696 4462 802 4502 non
841 4465 1000 4520 posse
1031 4451 1331 4509 declarans.
1359 4455 1542 4527 Neque
1571 4458 1620 4513 id
1649 4461 1778 4516 satis

180 4531 389 4600 habuit,
420 4537 524 4591 sed
555 4546 608 4591 ct
634 4538 795 4593 aliam
834 4542 1089 4608 majorem
1119 4546 1554 4613 conjunctionem
1584 4551 1776 4620 exqui-

181 4625 295 4681 sivit
318 4646 332 4684 :
363 4627 535 4684 Erunt
562 4628 663 4684 duo
689 4632 742 4684 in
767 4649 919 4685 carne
944 4651 1062 4695 una,
1096 4637 1281 4707 inquit.

244 4717 294 4771 Ξ.
332 4720 544 4776 Deinde
586 4723 757 4792 prisca
801 4725 1020 4780 recitata
1063 4728 1174 4796 lege
1200 4771 1213 4792 ,
1244 4746 1363 4800 quo:
1396 4742 1448 4786 et
1486 4733 1647 4790 rebus
1669 4739 1688 4768 ²
1723 4746 1778 4792 et

180 4811 348 4868 verbis
385 4812 604 4868 inducta
642 4813 775 4880 fuit,
809 4828 1091 4888 ρυδιίιυειιιι
1133 4821 1274 4876 illam
1323 4822 1427 4878 lide
1463 4825 1677 4896 dignam
1710 4844 1772 4883 ex

179 4901 510 4973 Legislatore
539 4907 958 4972 demonstravit,
992 4927 1112 4964 cum
1142 4923 1404 4980 potestate
1434 4914 1580 4971 illam
1607 4919 1772 4973 inter-

180 5005 425 5062 pretatur,
459 5009 519 5051 et
547 4997 715 5068 legem
748 5001 915 5056 sancit
943 5003 1126 5056 dicens
1153 5022 1165 5056 ε
1195 5003 1514 5076 Quapmpter
1533 5010 1647 5079 jam
1673 5028 1773 5066 non

174 5097 281 5139 sunt
307 5087 433 5156 duo,
465 5091 554 5142 scd
584 5107 686 5144 una
711 5108 853 5146 caro.
879 5091 1029 5148 Sicut
1058 5111 1184 5165 ergo
1210 5113 1425 5152 Curtium
1449 5115 1631 5156 secare
1659 5117 1774 5156 $th-

177 5174 361 5232 Iestum
392 5190 516 5246 est,
545 5181 614 5235 ita
655 5194 708 5236 et.
749 5199 969 5239 uxorem
1010 5185 1263 5242 dirimere
1304 5188 1562 5259 iniquum.
1590 5193 1772 5265 Neque

177 5264 257 5322 hic
281 5273 452 5337 stetit,
483 5273 576 5326 διιά
607 5273 773 5328 Deum
800 5293 1011 5347 quoque
1035 5279 1213 5334 attulit
1235 5280 1417 5338 dicens
1445 5302 1456 5336 :
1486 5284 1636 5352 Quod
1654 5264 1772 5359 ergo

179 5359 304 5415 Deus
331 5367 600 5435 conjunxit
620 5407 634 5424 ,
664 5367 814 5420 homo
844 5384 943 5421 non
971 5379 1206 5439 separet;
1237 5375 1529 5430 Ostendens
1560 5378 1686 5434 illud
1717 5393 1770 5434 et

173 5463 350 5506 contra
399 5465 646 5509 naturam
691 5470 741 5510 ct
783 5469 966 5513 contra
1009 5460 1177 5532 legem
1207 5477 1329 5519 esse
1357 5482 1370 5516 :
1400 5477 1587 5522 contra
1615 5481 1760 5524 natu.

177 5558 281 5597 ram
301 5587 316 5609 ,
349 5549 473 5618 quia
513 5565 615 5600 una
650 5565 777 5604 caro
808 5551 1143 5618 dissecatnr;
1173 5565 1359 5609 contra
1405 5557 1574 5626 legem
1601 5601 1616 5623 ,
1645 5563 1765 5629 quin

176 5649 297 5690 cum.
319 5639 462 5695 [iens
487 5641 829 5706 coniunxerit
852 5683 866 5707 ,
896 5655 946 5699 et
971 5643 1190 5714 jusserit
1221 5664 1326 5701 non
1354 5662 1606 5717 Separare
1625 5695 1640 5718 ,
1675 5669 1766 5708 vos

234 5790 255 5872 ί
285 5789 479 5872 έὲἓιέδ
505 5801 716 5857 ·⁴¹⁰9⁶⁸¹”
736 5808 966 5858 “won”!
992 5811 1079 5862 ego
1117 5813 1211 5851 που
1257 5804 1406 5865 α’πὲνο
1430 5805 1515 5854 tibi
1539 5817 1760 5872 .lioysmt,

177 5849 255 5899 scd
278 5849 549 5906 norninant.

233 5935 252 5964 '
285 5942 414 5988 tinus
433 5939 601 5999 habet,
632 5941 800 5992 litt-riu
831 5958 932 6006 pro,
961 5944 1116 5996 rebus.

475 6035 721 6096 Parum
807 6041 920 6100 du.
973 6041 1193 6100 LVIII.

1230 473 1291 528 IN
1335 472 1740 529 MA'I‘TIIASL‘M
1789 473 2017 530 IIOSIIL.
2061 479 2220 535 LXII.
2258 483 2329 537 al.
2375 483 2560 539 LXIII.

3433 505 3535 562 598

1933 589 1985 645 id
2031 591 2208 650 {nocte
2251 598 2486 658 tentatis.
2527 599 2668 668 Quid
2703 603 2861 672 igitur
2907 621 3028 676 post
3073 610 3189 667 ha-c
3228 602 3533 674 litt'icndunt

1930 683 2080 736 erat?
2118 700 2296 742 nonne
2333 689 2714 758 quiescendum
2741 737 2756 760 ,
2805 711 2984 753 nonne
3024 700 3288 759 laudanda
3320 722 3381 761 ea
3413 724 3534 779 qua:

1927 772 2068 829 dicta
2095 777 2289 832 erant?
2316 795 2495 836 nonne
2521 784 2777 842 admirari
2807 790 3092 859 oportebat
3129 793 3277 852 illaut
3317 772 3522 871 sapien-

1929 865 2098 920 tiam?
2125 885 2303 925 nonne
2331 872 2714 945 obstupescere
2737 878 2806 935 de
2835 891 2978 936 tanta
3003 898 3127 940 cum
3153 886 3312 946 Patre
3335 865 3527 949 conso-

1926 959 2146 1014 nantia?
2176 962 2282 1017 Sed
2314 963 2444 1020 nihil
2473 965 2664 1023 horum
2699 969 2918 1040 faciunt,
2945 986 2995 1030 et
3016 979 3170 1047 quasi
3195 985 3530 1043 contentiose

1925 1049 2074 1106 aiunt
2105 1069 2119 1107 :
2152 1053 2204 1109 7.
2239 1055 2506 1122 Quomodo
2545 1077 2664 1132 ergo
2709 1061 2914 1135 Moyses
2943 1067 3104 1137 jussit
3140 1072 3265 1126 dare
3302 1075 3529 1134 libellum

1924 1147 2156 1216 repudii,
2184 1159 2232 1203 et
2261 1151 2514 1208 dimittere
2551 1155 2696 1210 illam
2727 1158 2744 1228 (
2761 1158 2916 1214 Deut.
2955 1162 3044 1220 24.
3077 1165 3138 1236 ι)
3162 1167 3186 1221 ?
3214 1167 3325 1226 Hoc
3366 1190 3528 1245 porro

1923 1251 2029 1290 non
2060 1236 2132 1292 illi
2158 1237 2430 1298 debebant
2447 1245 2702 1323 objicere,
2730 1251 2824 1305 sed
2848 1251 3096 1312 Christus
3123 1258 3226 1314 illis
3254 1236 3524 1323 :attamen

1923 1344 2028 1384 non
2055 1333 2227 1401 carpit
2253 1335 2388 1402 illos,
2422 1353 2594 1410 neque
2618 1342 2747 1398 dicit
2770 1345 2870 1412 eis,
2893 1347 2938 1402 N
2961 1348 3036 1405 hil
3056 1349 3161 1406 hoc
3185 1353 3252 1408 ad
3281 1338 3402 1422 me;
3425 1362 3522 1417 sed

1923 1423 2061 1479 hanc
2101 1426 2460 1498 objectionem
2501 1434 2684 1489 solvit.
2731 1440 2893 1509 Atqui
2941 1441 2984 1495 si
3025 1447 3303 1514 oppositus
3342 1449 3521 1508 Veteri

1920 1517 2267 1578 Testamento
2296 1521 2518 1590 fuisset,
2551 1544 2655 1583 non
2688 1545 2786 1600 pro
2814 1532 2999 1606 Moyse
3032 1536 3397 1609 disputasset;
3431 1562 3522 1600 tte-

1919 1623 2024 1679 que
2049 1627 2114 1667 ex
2148 1613 2213 1668 iis
2238 1630 2358 1684 qua:
2387 1620 2554 1674 semel
2587 1623 2657 1676 ab
2698 1623 2850 1678 initio
2881 1624 3017 1695 facta
3059 1640 3220 1699 sunt,
3250 1633 3394 1692 dicta
3427 1653 3520 1694 sua

1917 1702 2328 1775 conﬁrmasset,
2367 1725 2543 1782 neque
2583 1715 2870 1773 ostendere
2917 1721 3214 1780 studuisset
3257 1741 3353 1781 sua
3396 1745 3520 1786 cum

1917 1795 2106 1863 priscis
2150 1797 2258 1854 illis
2299 1804 2624 1862 consentire.
2660 1807 2771 1862 Etsi
2807 1825 2938 1867 vero
2975 1815 3140 1870 multa
3175 1818 3277 1873 alia
3309 1819 3522 1894 Moyses

1911 1888 2150 1954 jusserit,
2186 1899 2296 1945 tum
2324 1892 2392 1948 de
2417 1894 2569 1962 cibis,
2603 1906 2715 1953 tum
2739 1899 2806 1956 de
2830 1901 3067 1962 sabbatis
3091 1923 3106 1974 ;
3132 1924 3232 1963 cur
3257 1888 3520 1984 nusquam

1915 1977 2060 2033 illum
2089 1979 2190 2051 ipsi
2226 1995 2524 2054 opponunt,
2549 1999 2612 2043 .ut
2643 1988 2744 2046 hoc
2769 1993 2930 2049 loco?
2954 1994 3088 2063 Quia
3128 1998 3180 2054 id
3206 1977 3517 2074 studebant,

1915 2078 1972 2123 ut
2011 2069 2246 2128 virorum
2286 2076 2683 2136 multitudinem
2725 2094 2913 2141 contra
2964 2087 3112 2145 illum
3157 2087 3515 2154 concitarent.

1914 2160 2045 2216 Nam
2075 2163 2204 2220 illud
2224 2164 2395 2223 Judaei
2424 2169 2792 2231 indifferenter
2818 2177 3196 2252 observabant,
3223 2201 3518 2261 omnesque

1911 2253 1963 2308 id
1992 2255 2149 2326 vulgo
2178 2256 2508 2318 iactitabant.
2546 2263 2669 2322 ldeo
2691 2283 2812 2323 cum
2848 2273 3015 2328 multa
3043 2276 3096 2331 in
3127 2290 3311 2336 monte
3339 2253 3516 2341 disse-

1910 2347 2120 2416 ruisset,
2157 2351 2315 2421 hujus
2345 2364 2547 2411 tantum
2581 2361 2818 2416 mandati
2848 2381 2991 2422 nunc
3018 2371 3344 2428 mentionem
3373 2374 3516 2432 lece-

1909 2449 2050 2495 runt.
2081 2442 2330 2500 Attamen
2363 2447 2648 2505 inelfabilis
2672 2452 2761 2506 illa
2788 2453 3060 2526 Sapientia
3089 2476 3188 2531 pro
3214 2463 3298 2520 his
3326 2465 3516 2526 defen-

1905 2531 2112 2590 sionem
2158 2547 2312 2606 parat
2348 2547 2404 2594 et
2441 2538 2570 2596 dicit
2603 2560 2618 2596 :
2650 2543 2704 2600 8.
2753 2549 3008 2613 Quoniam
3039 2550 3242 2624 Moyses
3267 2557 3339 2610 ad
3363 2559 3513 2614 duri-

1901 2626 2028 2680 tiam
2056 2629 2226 2684 cordis
2255 2632 2408 2686 vestri
2436 2634 2507 2688 ita
2540 2634 2650 2707 lege
2691 2641 2949 2711 prtvcepit.
2993 2640 3177 2715 Neque
3208 2645 3354 2702 illum
3382 2650 3512 2708 sinit

1903 2720 2244 2777 accusatione
2282 2722 2466 2794 impoti
2497 2744 2511 2778 :
2541 2743 2665 2783 nam
2698 2730 2811 2800 ipse
2841 2745 2958 2789 erat
2984 2736 3073 2806 qui
3105 2738 3273 2810 legem
3306 2741 3382 2797 illi
3411 2744 3508 2798 de-

1903 2807 2092 2877 derat;
2129 2812 2226 2868 sed
2271 2813 2418 2870 illum
2454 2833 2484 2871 a
2520 2820 2676 2890 culpa
2721 2822 2947 2892 liberat,
2974 2836 3028 2882 et
3057 2807 3225 2886 totum
3260 2847 3313 2887 in
3349 2847 3510 2905 caput

1902 2901 2116 2959 illorum
2142 2909 2443 2974 convertit;
2473 2911 2615 2980 quod
2640 2913 2801 2970 etiam
2830 2916 3026 2990 ubique
3052 2919 3198 2976 facit.
3226 2921 3360 2979 Nam
3382 2901 3505 2983 cum

1898 2993 2191 3065 discipulos
2220 3001 2397 3070 spicas
2422 3003 2679 3062 vellentes
2704 3009 3144 3082 criminarentur,
3176 3017 3322 3088 ipsos
3345 3034 3507 3076 accu-

1900 3096 2110 3144 satores
2151 3089 2204 3144 in
2251 3093 2407 3163 culpa
2449 3109 2574 3152 esse
2615 3101 2852 3157 ostendit
2881 3121 2895 3158 :
2927 3114 2985 3161 et
3019 3122 3142 3163 cum
3187 3110 3505 3169 incusabant

1896 3181 2039 3251 quod
2079 3182 2241 3240 illotis
2275 3188 2522 3244 manibus
2549 3194 2964 3265 manducareut,
2998 3200 3144 3270 ipsos
3171 3218 3295 3259 esse
3328 3215 3504 3262 trans-

1893 3287 2174 3344 gressores
2218 3281 2643 3350 comprobabat,
2673 3295 2727 3340 et
2767 3303 2889 3343 cum
2930 3289 2998 3346 de
3039 3292 3304 3363 sabbato,
3339 3307 3503 3369 atque

1895 3363 2124 3436 ubique,
2167 3377 2222 3422 ut
2265 3367 2370 3425 hoc
2410 3370 2550 3427 loco.
2599 3373 2804 3432 Deinde
2843 3379 2966 3449 quia
3016 3380 3068 3436 id
3110 3383 3251 3453 quod
3291 3363 3503 3444 dixerat

1891 3470 2181 3513 onerosum
2208 3469 2342 3529 erat,
2371 3462 2766 3538 admodumque
2806 3469 2927 3525 illos
2950 3473 3226 3543 carpebat,
3253 3477 3322 3532 ad
3347 3489 3500 3538 vete-

1890 3561 2004 3602 rem
2036 3564 2224 3607 rursus
2251 3551 2422 3623 lcgeui
2454 3570 2760 3614 sermonem
2789 3560 2896 3616 cito
2928 3565 3221 3635 transfert,
3249 3580 3500 3642 repetens

1890 3638 1943 3694 id
1975 3643 2117 3711 quod
2155 3658 2318 3713 supra
2349 3645 2522 3702 dixit:
2552 3650 2596 3702 Α
2634 3651 2888 3720 principio
2928 3665 3097 3710 autem
3127 3675 3228 3714 non
3257 3638 3356 3731 fuit
3383 3664 3496 3732 sic;

1890 3731 1940 3788 id
1974 3743 2056 3790 est
2075 3777 2090 3800 ,
2123 3753 2189 3791 ex
2217 3738 2378 3794 rebus
2405 3739 2535 3808 ipsis
2562 3745 2832 3800 contraria
2865 3746 3007 3804 Deus
3035 3763 3064 3801 a
3095 3751 3358 3823 principio
3383 3731 3496 3811 sta?

1893 3827 2009 3882 tuit.
2047 3826 2126 3885 Ne
2169 3829 2408 3887 dicerent
2443 3833 2588 3889 enim
2624 3848 2638 3888 :
2669 3835 2824 3894 Unde
2870 3840 3041 3910 palam
3089 3843 3246 3900 nobis
3283 3849 3390 3903 erit
3426 3851 3496 3905 ob

1887 3917 2138 3976 duritiam
2183 3933 2421 3980 nostram
2470 3928 2573 3983 hoc
2616 3929 2819 3986 dixisse
2863 3933 3149 4006 Dloysem?
3199 3939 3324 3998 hinc
3372 3944 3494 4000 illos

1887 4025 2101 4067 rursum
2131 4016 2454 4084 comprimit.
2488 4018 2623 4075 Nam
2663 4022 2709 4076 si
2750 4022 2866 4079 haec
2905 4027 2988 4082 ιω
3023 4018 3286 4102 praecipitia
3318 4036 3492 4092 utilis-

1888 4117 1990 4171 que
2019 4103 2226 4172 fuisset,
2257 4123 2362 4162 non
2394 4107 2482 4164 illa
2508 4111 2613 4166 alia
2639 4128 2667 4165 a
2699 4115 2962 4187 principio
2990 4118 3112 4175 data
3139 4120 3326 4180 luisset
3351 4143 3365 4179 :
3389 4143 3491 4183 nec

1888 4195 1964 4250 sic
1988 4197 2328 4256 eli‘orma‘ssct
2363 4202 2522 4270 Deus,
2555 4222 2730 4277 neque
2758 4210 2879 4265 talia
2907 4212 3113 4270 diceret
3139 4232 3154 4270 :
3180 4215 3235 4273 9.
3266 4216 3376 4291 Ego
3396 4236 3491 4275 au-

1886 4299 1984 4343 tem
2007 4290 2120 4345 dico
2148 4294 2305 4360 vobis,
2333 4299 2452 4364 quia
2478 4300 2783 4368 quicumque
2808 4304 3059 4360 dimiserit
3080 4324 3293 4364 uxorem
3319 4329 3486 4377 suam,

1883 4397 2090 4453 excepto
2111 4400 2265 4439 causa
2288 4389 2655 4459 fornicationis,
2685 4404 2732 4448 et
2759 4394 2914 4449 aliam
2939 4399 3160 4468 duxerit,
3187 4404 3485 4462 mute/tatur.

1884 4473 2170 4546 Postquam
2195 4479 2315 4534 illos
2335 4481 2400 4535 ad
2425 4482 2698 4545 silentium
2722 4490 3000 4558 compulit,
3023 4506 3146 4547 cum
3170 4497 3488 4555 auctoritate

1883 4565 2054 4640 legem
2077 4573 2283 4639 statuit,
2314 4585 2366 4627 ut
2391 4591 2514 4631 cum
2539 4577 2606 4633 de
2626 4579 2783 4646 cibis,
2808 4593 2863 4637 et
2886 4599 3009 4640 cum
3030 4585 3098 4640 de
3119 4586 3342 4646 sabbato
3361 4607 3487 4663 age-

1882 4669 1984 4714 ret.
2017 4661 2148 4717 Nam
2176 4664 2244 4719 de
2274 4666 2407 4720 cibis
2426 4710 2441 4730 ,
2475 4681 2758 4741 postquam
2789 4673 2908 4730 illos
2933 4676 3335 4749 confutaverat,
3361 4661 3482 4739 cum

1883 4753 2054 4808 turbis
2083 4757 2350 4839 disseruit,
2383 4761 2588 4825 dicens.
2623 4780 2730 4818 non
2762 4765 2811 4819 id
2841 4768 2983 4835 quod
3012 4769 3310 4840 ingreditur
3334 4774 3484 4830 eoin-

1881 4846 2103 4914 quiuat'e
2125 4835 2395 4906 hominem
2419 4853 2634 4921 (Matth.
2663 4857 2747 4912 I5.
2775 4856 2863 4926 Η)
2885 4875 2900 4924 ;
2925 4869 2978 4914 et
3003 4835 3333 4931 de'sabbato,
3358 4879 3480 4920 cum

1880 4937 1998 4991 illos
2028 4941 2430 5011 conlutavisset,
2462 4945 2588 5001 dicit
2628 4965 2638 5000 :
2669 4946 2854 5020 Itaque
2882 4951 2994 5004 licet
3021 4953 3073 5006 in
3099 4953 3306 5010 sabbato
3332 4953 3484 5011 bene.

1880 5030 2049 5098 facere
2073 5031 2285 5103 (Matth.
2323 5035 2401 5091 l2.
2432 5039 2520 5108 15)
2547 5056 2558 5092 :
2593 5039 2679 5094 hic
2708 5057 2921 5112 quoque
2943 5044 3132 5100 eodem
3159 5045 3340 5104 modo.
3372 5048 3477 5105 Sed

1877 5122 2020 5190 quod
2065 5125 2136 5180 ibi
2179 5127 2401 5192 accidit,
2445 5129 2529 5183 hic
2571 5148 2782 5202 quoque
2811 5136 3007 5190 evenit.
3042 5135 3191 5193 Sicut
3224 5140 3365 5195 enim
3408 5143 3479 5198 ibi

1878 5211 2077 5270 Judwis
2106 5215 2370 5284 refutatis,
2398 5220 2643 5291 diaCIpUII
2683 5225 2877 5280 turbati
2908 5238 3053 5295 sunt,
3083 5239 3138 5285 et
3162 5232 3479 5289 accedentes

1877 5305 1941 5359 ad
1966 5322 2089 5361 eum
2116 5325 2238 5363 cum
2270 5310 2426 5365 Petro
2451 5312 2701 5370 dixerunt
2729 5335 2742 5370 :
2777 5316 2990 5389 Expone
3013 5321 3157 5379 nobis
3181 5327 3479 5393 parabolam

1877 5397 2007 5452 lianc
2035 5398 2053 5469 (
2075 5399 2264 5458 Matt/1.
2293 5405 2377 5459 I5.
2410 5403 2516 5478 56)
2547 5425 2558 5459 :
2586 5409 2666 5464 sic
2693 5424 2835 5466 nunc
2859 5427 3078 5485 quoque
3103 5417 3298 5473 turbati
3327 5418 3478 5478 dice-

1876 5488 2004 5544 bant
2030 5506 2047 5539 :
2077 5492 2164 5548 l0.
2194 5493 2254 5549 Si
2277 5495 2346 5548 ita
2369 5508 2440 5551 est
2466 5514 2626 5553 causa
2646 5499 2887 5568 hominis,
2919 5506 3472 5575 eapsdit'notrnaberc.

1878 5582 2083 5637 Etenim
2112 5600 2252 5640 nunc
2278 5588 2469 5644 melius
2490 5606 2656 5661 quam
2671 5604 2826 5649 antea
2848 5595 3048 5653 dictum
3071 5597 3470 5658 intellexerunt.

1876 5670 2107 5744 Ideoque
2135 5685 2259 5733 tunc
2287 5680 2550 5737 siluerunt
2576 5702 2589 5748 ;
2621 5701 2762 5742 nunc
2788 5701 2938 5757 vero,
2969 5690 3094 5763 quia
3124 5693 3354 5763 objectio
3382 5709 3473 5751 te-

1873 5770 2197 5841 sponsioque
2225 5775 2454 5842 prodiit,
2482 5786 2534 5832 et
2567 5779 2915 5853 interrogatio
2942 5798 3064 5840 cum
3093 5775 3468 5857 esplicatione,

1873 5861 2062 5930 lexque
2088 5865 2284 5920 clarior
2314 5868 2449 5923 facta
2490 5881 2606 5936 est,
2639 5885 2969 5947 mterrogant
3014 5879 3164 5934 illum
3203 5889 3257 5934 et
3291 5879 3469 5952 palam

1873 5955 2239 6012 contradicere
2264 5974 2369 6014 non
2403 5965 2600 6019 audent
2632 5967 2811 6037 :quod
2839 5981 3016 6024 autem
3047 5988 3107 6026 ea
3139 5973 3188 6024 in
3220 5985 3277 6026 re
3305 5987 3470 6041 grave

3094 6073 3134 6133 9
