4186 6476
716 461 817 516 590

713 587 761 625 et
793 587 1072 628 onerosum
1107 571 1329 633 videtur,
1357 570 1407 623 in
1433 565 1974 624 medium-adducunt,
2003 562 2240 617 dicentes
2272 578 2284 614 :

713 666 776 725 Si
804 666 874 718 ita
894 677 962 720 est
985 681 1137 718 causa
1159 659 1374 715 heminis
1396 675 1507 712 cum
1533 674 1705 722 uxore,
1736 672 1834 710 non
1861 654 2059 725 expedit
2085 653 2286 708 nubere.

713 764 842 819 Nam
872 759 1023 812 valde
1047 770 1331 810 onerosum
1352 753 1626 807 videbatur
1649 763 1866 803 uxorem
1889 748 2030 801 omni
2055 745 2286 816 nequitia

716 854 922 922 plenam
951 849 1167 912 habere,
1196 855 1250 901 et
1280 845 1523 909 tolerare,
1555 831 1972 910 indomitamque
2002 838 2167 894 ἴοι-λιιι
2205 840 2288 892 in-

714 955 796 996 ltts
827 956 1060 995 δεῖς-πρ.

783 1036 836 1088 3.
881 1032 1222 1103 Virginitatem
1266 1028 1495 1085 Christus
1536 1026 1728 1081 occulte
1765 1024 2012 1096 quomodo
2057 1023 2284 1078 suadeat.

715 1129 879 1183 Suum
911 1125 1143 1178 mutitare
1167 1139 1347 1193 corpus
1375 1126 1534 1191 nefas.
1561 1118 1802 1173 Doctrina
1829 1118 1891 1170 de
1915 1118 2020 1186 {ato
2051 1127 2096 1170 et
2122 1133 2289 1170 ncces-

680 1237 681 1240 ‘
711 1196 858 1272 sitate
885 1215 1181 1288 perniciosa.
1214 1241 1285 1253 —-
1312 1213 1373 1266 Et
1402 1220 1459 1265 ut
1486 1211 1659 1265 discas
1679 1249 1694 1274 ,
1725 1208 1827 1262 hoc
1854 1207 1974 1262 illos
2001 1206 2284 1260 admodum

714 1311 954 1365 turbasse
979 1349 994 1372 ,
1021 1307 1227 1360 Marcus
1256 1301 1565 1359 referendus
1603 1312 1686 1357 est
1711 1299 1892 1355 dicens
1919 1299 2036 1352 illos
2064 1297 2284 1352 seorsim

711 1402 815 1470 ipsi
843 1403 1088 1471 loqttutos
1108 1413 1243 1452 esse.
1277 1396 1411 1462 Quid
1437 1405 1535 1458 est,
1573 1394 1634 1450 Si
1667 1394 1738 1448 ita
1774 1403 1847 1446 est
1889 1408 2042 1444 causa
2071 1390 2287 1444 hominis

712 1514 829 1552 cum
847 1511 1006 1548 uxore
1023 1495 1213 1561 (Marc.
1236 1491 1320 1546 l0.
1347 1489 1413 1545 10
1430 1488 1540 1562 )‘tld
1557 1487 1725 1555 est,Si
1745 1489 1816 1542 ita
1831 1486 2105 1556 conjuncti
2123 1493 2275 1548 sunt,

715 1600 775 1644 nt
796 1602 963 1641 unum
988 1585 1098 1640 sint
1120 1601 1134 1647 ;
1161 1583 1264 1644 vel.
1283 1580 1341 1636 Si
1374 1582 1475 1636 hac
1494 1580 1560 1635 de
1581 1595 1745 1635 causa
1774 1580 1852 1634 sic
1870 1579 1953 1631 vir
1982 1576 2278 1631 adstrictus

715 1688 874 1734 estut
903 1690 1116 1745 semper
1146 1674 1554 1743 prevaricetur,
1586 1685 1708 1725 cum
1733 1669 1912 1738 ejicit:
1945 1669 2116 1722 levius
2134 1677 2280 1720 certe

719 1770 1040 1837 faciliusque
1055 1775 1138 1821 est
1153 1773 1341 1819 contra
1359 1774 1565 1816 naturae
1577 1761 2074 1829 concupiscentiam
2087 1771 2138 1812 et
2152 1773 2282 1811 cono

719 1874 801 1916 tra
820 1861 1058 1930 seipsum
1099 1868 1328 1923 certare,
1351 1871 1514 1926 quam
1537 1862 1721 1909 contra
1749 1854 2049 1921 improbam
2086 1850 2284 1904 mulie-

723 1950 1016 2017 reanuid
1039 1949 1203 2018 igitur
1229 1946 1515 2001 Christus?
1535 1943 1651 1997 Non
1681 1944 1835 2009 dixit,
1863 1941 2036 1996 Etiam
2067 1939 2280 1994 facilius

726 2052 806 2096 est
831 2059 846 2104 ;
872 2050 920 2095 e',
953 2043 1056 2096 hoc
1077 2039 1259 2103 facito,
1285 2053 1351 2092 ne
1366 2037 1551 2107 1egem
1580 2035 1708 2089 illud
1731 2050 1849 2088 esse
1869 2041 2117 2103 putarent
2141 2046 2155 2085 :
2187 2031 2279 2086 sed

706 2126 879 2180 intulit
913 2145 924 2177 :
960 2124 1080 2179 Non
1127 2141 1297 2180 omnes
1340 2126 1548 2191 capiunt
1577 2163 1592 2187 ,
1632 2123 1720 2176 sed
1747 2121 1922 2188 quibus
1962 2123 2133 2174 datum
2188 2131 2279 2175 est.

729 2218 836 2270 ’iem
855 2216 1077 2278 extollit,
1101 2227 1151 2270 et
1173 2231 1412 2286 magnam
1434 2229 1553 2269 esse
1580 2212 1796 2276 indicat,
1815 2223 1972 2283 atque
2007 2213 2105 2266 hoc
2127 2214 2282 2268 modo

705 2305 920 2360 attraltit
951 2316 1000 2361 ct
1044 2305 1305 2361 hortatur.
1331 2305 1435 2361 Sed
1465 2305 1550 2360 hic
1577 2303 2048 2360 contradictionem
2080 2305 2278 2360 videas.

709 2396 824 2465 lpse
855 2397 995 2452 enim
1039 2412 1283 2466 magnunt
1314 2395 1438 2450 illud
1474 2410 1594 2450 esse
1624 2394 1782 2456 dicit;
1815 2395 1889 2449 illi
1924 2410 2049 2450 vero
2080 2396 2285 2450 levissi-

707 2505 850 2542 mum
879 2508 891 2542 :
924 2499 1205 2558 utrumque
1239 2499 1384 2543 certe
1419 2487 1698 2543 commode
1742 2486 1975 2551 factum;
2011 2497 2065 2541 ut
2092 2497 2142 2544 et
2170 2490 2284 2557 ipse

703 2581 949 2650 magnam
980 2581 1232 2634 fateretur
1259 2595 1380 2634 esse
1399 2621 1411 2642 .
1443 2589 1496 2632 ut
1524 2580 1640 2632 illos
1660 2579 1994 2634 ardentiores
2023 2580 2276 2645 efﬁceret,

704 2681 760 2726 et
797 2687 858 2725 ex
887 2671 1040 2726 dictis
1083 2672 1326 2743 superius
1357 2672 1428 2725 illi
1460 2671 1785 2726 levissimum
1829 2671 2193 2738 ostenderent,
2227 2683 2284 2728 ut

703 2763 806 2820 hoc
842 2766 999 2820 modo
1042 2765 1114 2819 illi
1159 2765 1512 2834 virginitatem
1551 2774 1616 2836 et
1661 2765 2038 2820 cnntincntiatn
2069 2765 2282 2835 prmfer-

704 2868 840 2910 rent.
866 2855 996 2924 Quia
1041 2856 1184 2912 enim
1213 2855 1280 2910 de
1308 2855 1608 2926 virginitate
1652 2856 1792 2924 loqui
1824 2870 2108 2911 onerosum
2139 2858 2283 2912 vide-

703 2945 860 3001 batur
886 2962 1005 3002 esse
1033 2988 1047 3012 ,
1077 2963 1143 3002 ex
1176 2946 1304 3001 dura
1353 2949 1482 3018 legis
1531 2949 1850 3003 necessitate
1873 2989 1887 3012 ,
1921 2948 2036 3002 illos
2082 2951 2132 3003 in
2162 2949 2278 3016 ejus

700 3037 1040 3106 cupiditatem
1087 3039 1321 3092 attraxit.
1355 3037 1554 3092 Deinde
1599 3048 1655 3091 ut
1705 3048 2086 3092 commonSIret
2122 3053 2278 3108 posse

701 3129 840 3182 illaut
889 3128 1122 3191 servari,
1150 3126 1264 3181 ait:
1298 3127 1384 3182 19..
1417 3128 1549 3182 Sunt
1594 3129 1848 3191 eunuchi,
1883 3130 1968 3196 qui
2007 3143 2071 3182 ea:
2112 3139 2278 3183 ventre

701 3219 876 3270 matris
902 3218 972 3270 ita
995 3218 1099 3270 nati
1132 3227 1246 3271 sunt
1281 3233 1297 3271 :
1327 3229 1370 3270 et
1393 3228 1510 3271 sunt
1543 3219 1780 3282 eunuchi,
1811 3220 1897 3286 qui
1921 3221 2124 3273 castrati
2161 3230 2276 3274 sunt

699 3308 761 3360 ub
784 3307 1067 3360 hominibus
1089 3344 1096 3358 .
1135 3317 1180 3361 et
1207 3302 1321 3360 sunt
1347 3309 1584 3373 eunuchi,
1613 3309 1697 3376 qui
1725 3325 1776 3361 se
1803 3319 2139 3363 castraverunt
2163 3327 2278 3379 pro-

700 3409 808 3468 pter
830 3415 1038 3468 regnum
1064 3398 1338 3462 calorum;
1365 3400 1445 3453 his
1482 3399 1687 3454 occulte
1723 3401 1841 3455 illos
1889 3401 1953 3456 ad
1984 3401 2084 3457 hoc
2111 3419 2277 3473 genus

700 3490 818 3543 vita:
844 3488 1180 3559 deligendum
1218 3489 1506 3556 inducens,
1539 3500 1591 3544 ct
1622 3491 1755 3545 hanc
1797 3493 2046 3548 virtutem
2075 3496 2276 3550 servari

699 3598 857 3650 posse
883 3580 1134 3650 suadens,
1163 3597 1226 3636 ac
1259 3582 1301 3636 si
1332 3582 1534 3638 diceret
1565 3602 1576 3636 :
1607 3583 1788 3654 Cogita
1821 3586 1944 3655 quid
1977 3587 2197 3653 faceres,
2231 3590 2274 3642 si

698 3691 764 3729 ex
794 3683 978 3728 natura
1011 3674 1128 3728 talis
1153 3689 1319 3739 esses,
1350 3685 1441 3729 aut
1471 3676 1514 3730 si
1544 3675 1767 3745 idipsum
1797 3693 1888 3746 per
1915 3679 2016 3731 vim
2044 3689 2093 3733 et
2135 3679 2274 3746 iniu-

697 3765 828 3820 riam
860 3780 1044 3834 passus
1069 3766 1260 3820 esses?
1281 3765 1404 3834 quid
1451 3766 1649 3822 faceres
1676 3782 1793 3820 cum
1823 3768 2081 3837 ejusmodi
2113 3771 2276 3822 volu—

697 3864 838 3923 ptate
866 3855 1101 3924 privatus
1125 3895 1140 3920 ,
1173 3855 1368 3908 nullam
1403 3856 1525 3911 hinc
1557 3857 1852 3913 mercedem
1894 3861 2274 3929 exspectares?

696 3945 904 4001 Gratias
933 3945 1089 4014 igitur
1118 3961 1256 4000 nunc
1303 3951 1400 4016 age
1441 3947 1550 4002 Dco
1574 3989 1587 4008 .
1616 3948 1754 4018 quod
1801 3963 1895 4017 pro
1939 3950 2185 4004 mercede
2223 3961 2275 4004 et

695 4039 906 4094 coronis
928 4038 1052 4093 illud
1077 4039 1464 4109 patiaris,quod
1497 4041 1610 4095 sine
1640 4043 1851 4094 coronis
1873 4042 2140 4110 patiuntur
2166 4043 2270 4107 illi;

696 4132 802 4187 luto
833 4148 956 4187 vero
1001 4133 1125 4186 illud
1157 4149 1260 4186 non
1307 4133 1374 4186 ita
1402 4131 1621 4196 durum,
1652 4133 1742 4187 sed
1769 4133 1922 4202 longe
1954 4135 2119 4188 levius
2145 4145 2226 4188 est
2257 4151 2269 4187 :

696 4239 819 4278 nam
864 4234 915 4278 et
963 4239 1056 4294 spe
1116 4225 1363 4292 praemii,
1410 4234 1465 4278 et
1506 4233 1663 4278 tanta)
1707 4227 1913 4278 virtutis
1951 4228 2270 4281 conscientia

696 4317 965 4385 mitigatur
992 4358 1005 4381 ,
1036 4331 1204 4386 neque
1235 4317 1394 4370 tantis
1433 4316 1732 4386 cupiditatis
1761 4315 2002 4372 fluctibus
2021 4320 2270 4387 jactatur.

698 4407 810 4460 Non
840 4407 979 4461 enim
1027 4408 1134 4475 ipsa
1168 4406 1391 4461 membri
1417 4409 1705 4476 amputatio
1736 4407 1804 4462 ita
1831 4408 2020 4462 fluetus
2047 4411 2161 4464 illos
2189 4426 2274 4466 sc-

695 4498 823 4553 dare
851 4507 904 4552 et
934 4498 1362 4567 tranquillitatem
1395 4514 1580 4567 parere
1609 4499 1770 4562 solet,
1801 4509 1858 4554 ut
1901 4501 2118 4554 rationis
2161 4501 2269 4555 fre-

697 4607 856 4659 num;
914 4590 1020 4644 into
1069 4591 1223 4660 longe
1279 4591 1447 4660 magis
1499 4590 1598 4644 huc
1652 4589 1803 4645 freno
1863 4592 2098 4646 sedatur.
2148 4593 2271 4648 ldeo

697 4685 852 4755 igitur
903 4683 1018 4739 illos
1065 4683 1370 4747 recensuit,
1397 4693 1453 4736 ut
1482 4682 1577 4736 hos
1609 4684 2030 4738 incitaret:natn
2075 4685 2118 4738 si
2165 4701 2270 4739 non

703 4775 803 4828 ltttc
832 4775 1108 4838 tenderet,
1138 4774 1259 4842 quid
1304 4775 1400 4827 sibi
1450 4774 1609 4827 vellet
1654 4774 1738 4828 illa
1787 4777 2150 4829 cunuchorum
2184 4791 2270 4830 rc-

693 4868 876 4921 censio
899 4865 921 4918 ἲ
945 4867 1073 4919 Cum
1113 4875 1288 4919 autem
1319 4865 1478 4930 dicit,
1509 4865 1714 4934 Seipsos
1761 4877 2134 4933 castrarerunt,
2166 4884 2270 4921 non

695 4954 1053 5011 membrorum
1098 4956 1511 5025 amputationem
1559 4955 1721 5018 dicit;
1751 4957 1886 5010 absit
1914 4973 1930 5015 ;
1960 4957 2055 5012 sed
2084 4973 2271 5027 prava-

697 5067 808 5103 rntn
853 5049 1228 5118 cogitationtun
1270 5048 1653 5116 expulsioneut.
1683 5047 1812 5102 Nam
1839 5051 1927 5118 qui
1970 5052 2268 5105 membrum

692 5141 916 5206 excidit,
953 5139 1309 5196 tnaledietioni
1360 5139 1620 5193 obnoxius
1673 5149 1786 5203 est,
1818 5149 1873 5192 ut
1917 5139 2104 5192 Paulus
2151 5143 2266 5196 ait:

696 5231 900 5286 Utinam
937 5230 1293 5286 abscinduntur
1312 5231 1394 5300 qui
1423 5247 1507 5283 vos
1533 5231 1825 5284 conturbant
1855 5231 1872 5301 (
1902 5231 2014 5284 Gal.
2050 5232 2102 5286 5.
2131 5232 2194 5284 19.
2224 5234 2266 5304 ).

695 5329 769 5381 Ae
791 5326 910 5397 jure
952 5326 1170 5388 merito;
1205 5338 1324 5376 nam
1355 5325 1441 5392 qui
1475 5324 1595 5378 talis
1621 5333 1722 5387 est,
1754 5325 1938 5378 eadem
1969 5325 2269 5393 aggreditur

694 5432 810 5485 qua!
842 5414 1118 5470 homicida:
1139 5455 1153 5481 ,
1182 5423 1234 5468 et
1261 5413 1324 5467 iis
1349 5414 1437 5483 qui
1467 5414 1557 5468 Dei
1589 5415 1910 5469 creationem
1941 5416 2267 5468 calumnian-

694 5518 778 5563 tur
809 5505 893 5563 dat
916 5507 1248 5561 occasionem
1275 5545 1289 5569 ,
1322 5503 1844 5573 Manieltzeormnque
1871 5521 1962 5558 ora
1986 5507 2176 5571 aperit,
2209 5520 2270 5560 ae

693 5598 913 5668 perinde
945 5606 1122 5666 peccat
1150 5606 1306 5666 atque
1334 5596 1365 5649 ii
1389 5596 1524 5664 apud
1553 5597 1795 5663 gentiles,
1824 5596 1911 5665 qui
1943 5595 2265 5650 ntutilantur.

695 5689 924 5749 Membra
957 5691 1094 5745 cnim
1122 5697 1392 5757 amputare
1420 5687 1697 5743 diabolica:
1724 5699 1804 5742 est
1832 5691 2154 5757 operationis
2174 5731 2186 5749 .
2217 5698 2270 5743 et

692 5794 1042 5840 satantcarunt
1078 5780 1383 5834 insidiarum
1428 5794 1562 5848 opus
1611 5779 1801 5834 fultab
1850 5780 2035 5842 initio;
2081 5789 2134 5833 ut
2175 5779 2265 5832 Dei

692 5872 957 5944 opiﬁcium
986 5873 1374 5929 calumnicutur
1401 5891 1415 5940 ;
1447 5883 1606 5943 utque
1649 5889 1675 5927 a
1711 5873 1814 5930 Deo
1846 5873 2038 5927 factum
2071 5871 2261 5926 animal

1352 459 1406 510 S.
1449 453 1722 512 .lOANNIS
1759 447 2234 506 CllRYSOSTOMl
2276 444 2590 501 ARCHIEP.
2635 443 3167 501 CONSTANTINUP.

3875 451 3979 508 600

2399 556 2716 611 labefactent
2743 574 2760 621 ;
2787 565 2843 610 ιιι
2874 572 2977 612 non
3018 558 3290 629 proposito
3331 556 3616 617 voluntatis
3641 603 3654 628 ,
3683 562 3776 619 sed
3811 581 3981 620 mem-

2397 651 2614 705 brorum
2653 659 2854 704 naturae
2881 659 3045 717 totum
3088 653 3383 709 tribuentes
3411 696 3424 720 ,
3454 655 3531 710 sic
3569 657 3718 710 ntulti
3765 659 3881 711 sine
3914 659 3978 712 ti~

2398 761 2545 799 more
2567 753 2868 812 peccarent,
2895 746 3042 814 quasi
3073 747 3330 799 rationem
3355 763 3458 800 non
3480 758 3658 802 essent
3688 749 3978 804 reddituri:

2395 851 2459 892 ae
2486 836 2766 905 dupliciter
2795 833 2897 890 hoc
2925 835 3120 891 animal
3153 835 3402 892 laederent
3426 880 3439 902 ,
3473 849 3579 892 tum
3626 840 3764 908 quod
3811 856 3980 894 ment-

2396 929 2490 984 bra
2514 938 2866 998 amputarent,
2898 941 3004 983 tum
3029 931 3168 999 quod
3195 932 3480 986 voluntatis
3505 934 3738 986 studium
3763 950 3792 987 a
3827 935 3981 988 bonis

2395 1023 2706 1078 exltibendis
2755 1021 3091 1090 impedirent.
3133 1023 3281 1077 Hanc
3317 1041 3473 1094 porro
3512 1025 3757 1080 diabolus
3804 1027 3980 1097 legem

2393 1116 2706 1180 constituit;
2737 1125 2931 1184 prwter
2968 1115 3108 1168 dicta
3148 1124 3325 1170 autem
3371 1117 3512 1171 aliud
3553 1120 3840 1187 pessimum
3885 1120 3968 1171 do-

2392 1222 2508 1275 gma
2540 1205 2815 1265 inducens.
2835 1220 3024 1275 nempe
3052 1207 3120 1260 de
3147 1206 3254 1261 fato
3279 1219 3329 1262 et
3358 1211 3695 1274 necessitate,
3723 1209 3820 1264 hac
3852 1226 3979 1265 veru

2393 1307 2570 1364 parata
2611 1296 2715 1359 via,
2755 1295 3051 1350 libertatem
3084 1295 3239 1365 nobis
3267 1313 3296 1350 a
3331 1298 3438 1354 Deo
3464 1300 3638 1354 datam
3669 1301 3979 1362 labefactat,

2390 1385 2618 1440 suadens
2648 1385 2769 1438 vitia
2801 1400 2918 1439 esse
2964 1387 3258 1452 naturalia;
3291 1388 3562 1460 multaque
3588 1391 3690 1445 alia
3724 1393 3845 1447 inde
3873 1393 3981 1446 do-

2389 1490 2564 1548 gmata
2596 1494 2752 1547 prava
2788 1479 3144 1535 disseminans
3165 1523 3179 1545 ,
3211 1483 3416 1536 etiamsi
3448 1483 3496 1536 id
3537 1499 3639 1538 non
3672 1498 3858 1555 aperte
3903 1487 3978 1538 fa-

2389 1570 2510 1623 ciat.
2563 1569 2705 1638 Talia
2762 1571 2956 1640 quippe
3009 1582 3131 1626 sunt
3179 1573 3372 1628 diaboli
3429 1575 3721 1644 perniciosa
3776 1576 3976 1631 toxica.

2389 1660 2720 1731 Quapropter
2748 1679 2897 1732 rogo,
2929 1663 3064 1718 hanc
3091 1663 3351 1735 fugiamus
3390 1668 3738 1738 iniquitatem.
3771 1670 3977 1724 Prmter

2390 1767 2451 1806 ea
2478 1754 2618 1807 enim
2648 1769 2765 1822 qua:
2791 1753 3020 1808 diximus
3044 1797 3057 1820 ,
3089 1771 3190 1810 non
3225 1757 3494 1826 mitigatur
3520 1760 3642 1813 inde
3670 1761 3933 1830 cupiditas
3959 1805 3975 1824 ,

2389 1841 2496 1894 imo
2525 1845 2580 1896 lit
2607 1843 2881 1898 ardentior
2906 1862 2918 1898 :
2945 1859 3153 1915 sperata
3183 1862 3409 1917 namque
3437 1849 3649 1904 aliunde
3681 1852 3852 1906 fontes
3879 1852 3914 1906 h
3935 1872 3980 1903 ιο

2390 1930 2498 1997 bet,
2522 1944 2573 1986 et
2611 1933 2821 1988 aliunde
2857 1934 3102 1989 fluctibus
3140 1938 3385 2007 agitatur.
3414 1939 3511 1992 Alii
3540 1942 3679 1994 enim
3712 1957 3773 1996 ex
3817 1958 3978 1997 cerc-

2389 2023 2505 2088 bro,
2537 2026 2625 2078 alii
2655 2043 2716 2080 ex
2746 2027 2937 2083 lumbis
2965 2041 3184 2083 (nstrum
3217 2032 3343 2084 oriri
3385 2031 3586 2088 dicunt.
3621 2037 3685 2087 At
3722 2051 3820 2104 ego
3866 2055 3976 2091 non

2385 2115 2596 2170 aliunde
2622 2116 2845 2173 dixerim
2874 2135 3030 2188 quam
3059 2121 3124 2175 ab
3151 2122 3329 2175 animo
3351 2123 3549 2178 lascivo
3573 2166 3586 2187 ,
3613 2135 3662 2179 et
3690 2130 3975 2194 rogitatio-

2385 2222 2509 2261 num
2542 2211 2782 2287 neglectu
2814 2231 2825 2265 :
2856 2213 2897 2266 si
2941 2213 3149 2267 animus
3180 2222 3485 2284 temperans
3523 2217 3622 2280 sit,
3650 2217 3852 2270 ttullmtt
3907 2237 3973 2274 ex

2387 2304 2730 2356 naturalibus
2757 2303 2996 2356 motibus
3031 2304 3296 2354 damnum
3329 2309 3523 2353 ttrttur.
3554 2299 3626 2353 De
3667 2300 3774 2354 illis
3807 2301 3978 2368 igitur

2381 2394 2649 2448 eunuchis
2676 2394 2912 2458 locutus,
2943 2395 3036 2463 qui
3072 2393 3271 2448 frustra
3297 2391 3536 2447 eunuchi
3562 2399 3710 2452 sunt,
3739 2393 3841 2444 nisi
3871 2394 3905 2462 i1
3927 2395 3973 2447 si

2386 2495 2566 2540 mente
2623 2496 2676 2540 et
2722 2487 2905 2540 animo
2957 2495 3318 2554 temperantes
3383 2483 3488 2536 sint
3518 2519 3530 2538 .
3562 2494 3615 2536 et
3651 2484 3718 2537 de
3775 2484 3842 2538 iis
3876 2486 3971 2553 qui

2384 2588 2604 2646 propter
2637 2592 2861 2646 regnum
2892 2577 3152 2630 caelorum
3185 2575 3559 2646 virginitatem
3595 2577 3970 2639 servant,jant

2384 2676 2599 2738 perorat
2632 2667 2717 2722 his
2744 2669 2924 2722 verbis
2953 2686 2965 2722 :
2996 2669 3100 2732 Qui
3129 2670 3318 2736 poterit
3337 2684 3543 2738 capere,
3565 2668 3779 2735 capiat:
3813 2669 3976 2721 hinc-

2383 2775 2488 2828 que
2505 2761 2739 2816 validius
2766 2759 3091 2826 inflammat,
3115 2761 3260 2829 quod
3291 2777 3405 2815 rem
3435 2759 3708 2830 insignem
3735 2769 3784 2811 et
3804 2775 3972 2823 gran-

2380 2852 2502 2906 dem
2527 2866 2646 2907 esse
2670 2853 3029 2918 demonstret,
3066 2868 3165 2906 nec
3195 2868 3306 2907 rem
3333 2853 3474 2906 intra
3509 2853 3641 2922 legis
3661 2852 3971 2906 necessita-

2381 2954 2486 2998 tem
2525 2945 2774 3009 includil,
2803 2945 2872 2999 oh
2901 2944 3233 2999 ineffabilem
3270 2946 3739 3000 mansuetudinem
3777 2960 3966 2999 Suam.

2379 3034 2443 3090 Et
2484 3037 2582 3092 hoc
2612 3037 2771 3101 dixit,
2824 3038 3061 3092 maxime
3103 3053 3219 3092 rem
3259 3053 3382 3093 esse
3420 3039 3733 3108 possibilem
3772 3048 3971 3091 ostenn

2375 3126 2533 3190 deus,
2569 3136 2627 3180 ut
2655 3129 2829 3196 major
2857 3129 2981 3182 inde
3023 3131 3296 3195 cupiditas
3325 3131 3589 3183 voluntati
3621 3139 3920 3183 accrescat.

2449 3218 2502 3270 ι.
2549 3215 2737 3288 Magna
2765 3221 2941 3289 gratia:
2979 3235 3072 3288 ape
3096 3229 3204 3289 eget
3237 3221 3516 3290 virginitas.
3550 3251 3622 3261 ο-
3646 3222 3750 3276 Sed
3791 3224 3834 3276 si
3877 3240 3970 3280 res

2378 3325 2442 3365 ex
2471 3312 2740 3366 voluntate
2765 3322 2866 3377 est,
2889 3313 3118 3382 inquies.
3143 3312 3410 3382 quomodo
3434 3314 3484 3368 in
3511 3314 3768 3384 principio
3792 3316 3926 3370 dixit
3951 3336 3966 3371 :

2383 3399 2500 3455 Non
2530 3419 2697 3456 omnes
2733 3404 2957 3470 capiunt,
2984 3403 3071 3456 sed
3107 3403 3285 3474 quibus
3313 3404 3486 3457 datum
3527 3406 3641 3461 est?
3679 3405 3745 3462 Ut
3788 3408 3971 3465 discas

2381 3509 2626 3562 magnum
2658 3509 2776 3548 esse
2805 3505 3098 3558 certamen,
3125 3511 3226 3549 non
3259 3506 3315 3550 ut
3340 3507 3536 3552 sortem
3559 3498 3841 3568 quamdam
3873 3517 3974 3556 ne-

2379 3587 2664 3640 cessariam
2690 3585 3016 3654 imagineris.
3043 3585 3109 3639 lis
3135 3587 3275 3640 enim
3319 3587 3496 3640 datum
3537 3598 3616 3642 est
3647 3590 3735 3659 qui
3778 3591 3973 3647 vuiueo

2381 3677 2504 3730 rint.
2533 3677 2619 3730 Sic
2649 3691 2810 3746 porro
2848 3676 3014 3744 dixit,
3045 3686 3101 3731 ut
3129 3675 3437 3733 ostenderet
3485 3694 3675 3749 magno
3716 3697 3972 3750 superna:

2377 3765 2559 3836 gratia:
2585 3766 2780 3820 auxilio
2817 3780 2949 3836 npus
2981 3765 3178 3822 habere
3221 3783 3341 3821 eum
3381 3768 3470 3838 qui
3518 3767 3618 3824 hoc
3656 3769 3754 3824 ittit
3789 3783 3974 3827 certa-

2379 3875 2522 3922 men,
2555 3873 2659 3927 quo
2684 3859 2838 3927 plane
2868 3859 3070 3914 fruetur
3094 3860 3333 3930 quisquis
3360 3861 3606 3916 voluerit.
3638 3863 3783 3918 Solet
3804 3868 3973 3936 quip-

2382 3964 2446 4017 pe
2470 3948 2568 4002 hac
2596 3949 2665 4002 ttti
2701 3965 2828 4003 voce
2857 3949 3079 4018 quando,
3097 3949 3163 4004 de
3194 3965 3381 4020 magna
3408 3952 3654 4020 quapiam
3683 3968 3740 4008 re
3765 3955 3970 4024 agitur,

2378 4050 2434 4092 ιιι
2458 4039 2667 4107 quando
2687 4040 2814 4094 dicit
2842 4057 2854 4091 :
2895 4037 3042 4093 Vobis
3072 4041 3246 4093 datum
3284 4052 3355 4096 est
3385 4059 3531 4097 nosse
3551 4045 3784 4114 mysteria
3811 4044 3973 4112 (Luc.

2378 4130 2428 4183 8.
2461 4130 2565 4199 tu).
2593 4130 2742 4198 Quod
2770 4139 2944 4184 autem
2977 4131 3080 4186 hoc
3108 4132 3176 4186 sit
3207 4148 3389 4186 verum
3417 4175 3430 4197 ,
3462 4149 3526 4188 ex
3570 4135 3814 4204 praesenti
3846 4137 3974 4192 loco

2380 4232 2542 4290 patet.
2591 4222 2719 4276 Nam
2764 4223 2806 4274 si
2855 4235 3144 4290 supernum
3187 4225 3522 4278 solummodo
3560 4235 3699 4281 esset
3738 4226 3970 4293 donum,

2380 4311 2616 4380 nihilque
2646 4311 2711 4364 de
2738 4326 2834 4364 suo
2863 4311 3114 4366 afferrent
3156 4313 3188 4366 ii
3230 4315 3318 4384 qtti
3360 4317 3714 4385 virginitatem
3741 4307 3929 4372 colunt
3955 4363 3970 4382 ,

2377 4404 2642 4470 supettlue
2670 4401 2797 4470 ipsis
2826 4417 3046 4471 regnum
3068 4403 3318 4458 czelorum
3347 4407 3696 4475 promitteret,
3721 4423 3819 4460 nec
3851 4427 3973 4464 ιιιικ

2377 4495 2479 4548 rito
2510 4496 2626 4548 illos
2669 4510 2696 4548 a
2745 4497 2952 4550 ett-teris
2997 4497 3255 4551 eunuchis
3307 4498 3675 4567 distingueret.
3709 4500 3786 4553 'I'u
3836 4516 3973 4556 vero

2377 4588 2504 4640 mihi
2533 4588 2833 4656 perpende,
2875 4589 3142 4658 quomodo
3186 4590 3325 4644 unde
3367 4590 3454 4644 alii
3488 4592 3716 4657 maligne
3761 4603 3969 4661 agunt,

2377 4681 2462 4733 alii
2494 4681 2778 4734 lucrentur.
2813 4680 2943 4734 Nam
2971 4681 3161 4747 Judaei,
3191 4697 3309 4735 cum
3341 4683 3469 4736 nihil
3499 4684 3834 4744 didicissent,
3866 4686 3968 4740 ab-

2378 4771 2549 4824 ierunt
2579 4789 2590 4823 :
2621 4789 2723 4825 non
2766 4773 2904 4825 enim
2933 4783 2989 4825 ιιι
3028 4774 3296 4826 discerent
3336 4774 3730 4842 interrogabant
3756 4791 3768 4836 ;
3798 4774 3966 4830 diseio

2377 4861 2481 4930 puli
2509 4878 2635 4915 vero
2663 4864 2782 4917 inde
2811 4864 3013 4916 lucrum
3046 4865 3361 4918 retulerttnt.
3388 4866 3467 4920 l5.
3500 4863 3642 4918 Tunc
3671 4867 3823 4919 oblati
3844 4881 3970 4922 sunt

2376 4955 2421 5006 ei
2452 4957 2666 5022 pueruli,
2697 4966 2748 5008 ut
2783 4973 2960 5008 manus
2999 4957 3270 5025 imponeret
3301 4959 3390 5022 eis,
3416 4969 3462 5010 et
3489 4949 3673 5011 oraret.
3705 4956 3971 5028 Discipuli

2374 5055 2539 5097 autem
2581 5046 2957 5114 increpavcrunt
2983 5063 3082 5099 eos.
3116 5047 3199 5100 Μ.
3235 5045 3331 5099 Ille
3355 5063 3468 5100 vero
3498 5049 3624 5100 dixit
3655 5049 3723 5101 eis
3749 5064 3768 5102 :
3795 5047 3972 5104 Sinite

2376 5140 2608 5206 parvulos
2646 5140 2811 5191 reuire
2835 5141 2902 5190 ad
2944 5155 3061 5202 me;
3094 5141 3267 5191 talium
3295 5150 3365 5192 est
3405 5141 3536 5193 enim
3565 5157 3770 5209 regnum
3803 5143 3966 5194 ca'lo-

2375 5246 2505 5286 rum.
2537 5229 2620 5282 15.
2659 5228 2722 5281 Et
2746 5246 2859 5281 cum
2887 5229 3200 5298 imposuisset
3228 5231 3296 5283 eis
3320 5247 3519 5294 manus,
3546 5232 3666 5282 abiit
3687 5231 3820 5284 inde.
3849 5233 3966 5287 Cur

2373 5323 2614 5391 discipuli
2660 5336 2852 5390 pueros
2906 5322 3219 5390 abigebaut?
3271 5322 3550 5390 Dignitatis
3589 5337 3768 5375 causa.
3817 5325 3962 5390 Quid

2370 5427 2499 5481 ergo
2543 5413 2663 5466 ille?
2693 5413 2755 5469 Ut
2784 5413 2975 5467 doceat
3006 5415 3121 5467 illos
3150 5413 3389 5467 modeste
3417 5428 3624 5482 sapere.
3659 5413 3966 5487 fastumqne

2374 5505 2696 5559 mundanum
2725 5507 3038 5560 conculcare
3059 5549 3072 5570 ,
3105 5517 3157 5560 et
3200 5507 3416 5574 suscipit
3458 5516 3510 5560 et
3557 5507 3695 5560 ulnis
3723 5510 3964 5575 comple-

2373 5595 2564 5659 ctitur,
2612 5598 2904 5665 talibusque
2953 5613 3174 5666 regnum
3230 5597 3482 5650 Curiorum
3535 5598 3853 5666 pollicetur;
3915 5601 3965 5654 id

2373 5687 2512 5757 quod
2544 5688 2701 5741 etiam
2735 5689 2860 5742 dixit
2894 5691 3158 5759 superius.
3193 5688 3256 5742 Et
3289 5703 3385 5742 nos
3415 5690 3610 5756 itaque,
3638 5690 3680 5742 si
3715 5691 3966 5746 \‘ttltltllttS

2377 5779 2598 5833 heredes
2624 5795 2741 5835 esse
2773 5783 3019 5836 CLL‘lOl'ttltt
3047 5826 3058 5844 ,
3094 5781 3229 5836 hanc
3264 5783 3504 5834 virtutem
3537 5797 3655 5835 cunt
3686 5783 3965 5847 diligentia

2379 5886 2564 5943 magna
2593 5884 2878 5930 SCthllllﬂ'.
2913 5873 3021 5930 lloc
3060 5884 3138 5929 est
3169 5875 3308 5928 enim
3348 5872 3692 5942 pbiiosoﬂnia:
3722 5875 3940 5930 culmen
