4186 6480
215 447 298 503 6M
1221 445 1285 501 IN
1323 443 1728 500 MATTlleUll
1773 439 2000 499 IIOMIL.
2049 448 2202 508 LXII.
2237 454 2306 508 al.
2352 456 2532 515 LXIII.

211 565 489 636 simplicem
511 576 632 620 esse
654 575 775 617 cum
805 560 1112 631 prudentia:
1133 561 1246 614 lucc
1274 561 1379 614 vita
1410 566 1493 614 est
1520 557 1780 627 angelica.

213 661 386 714 Anima
423 659 566 714 enim
609 655 836 726 puerulo
879 654 1126 708 onmibus
1163 653 1324 707 animi
1373 650 1574 705 morbis
1619 663 1782 704 vacua

209 760 315 817 est;
347 766 446 806 non
477 748 790 804 memoriam
819 747 1008 802 retinet
1040 746 1372 814 injuriarnm,
1406 743 1500 798 sed
1530 757 1623 798 eas
1649 739 1782 795 infe-

209 851 374 898 rentes
412 841 522 896 adit
569 849 628 894 ut
669 840 904 900 amicos.
936 854 998 892 ac
1027 840 1069 892 si
1102 838 1229 892 nihil
1276 837 1471 891 factum
1523 844 1685 890 esset.
1717 834 1781 888 Et

207 935 528 1005 quantumvis
554 950 582 986 a
605 943 776 988 matre
801 932 1110 987 verberibus
1135 931 1390 992 caedatur.
1421 945 1538 984 eam
1566 944 1780 998 semper

205 1026 414 1096 quaerit,
444 1034 497 1081 et
526 1025 771 1080 omnibus
798 1025 1092 1094 anteponit.
1121 1023 1177 1078 Si
1205 1024 1442 1092 reginam
1468 1022 1567 1091 ipsi
1595 1031 1777 1124 ostcn:

205 1118 293 1174 das
343 1117 642 1172 diademate
695 1127 972 1178 ornatam,
1004 1131 1110 1169 ι.ι)ιι
1160 1115 1407 1185 praeferet
1453 1128 1570 1168 eam
1618 1115 1776 1166 matri

203 1209 378 1278 panius
419 1208 626 1263 detritis
668 1207 906 1274 vestitur,
930 1207 1195 1277 maletque
1245 1205 1388 1260 illam
1421 1205 1670 1259 incultam
1701 1206 1778 1256 vi-

201 1299 322 1355 dere
345 1340 362 1366 ,
391 1315 549 1370 quam
576 1299 812 1368 reginam
845 1298 1123 1369 magnifice
1167 1299 1436 1351 amictam.
1471 1296 1601 1350 Nam
1632 1295 1773 1366 quod

199 1407 364 1459 suum,
396 1393 536 1463 quod
565 1391 796 1446 alienum
828 1399 930 1455 est,
959 1406 1066 1446 non
1091 1407 1156 1445 ex
1189 1400 1498 1461 paupertate
1527 1391 1608 1446 vel
1634 1390 1772 1444 divi-

201 1487 297 1552 tiis,
324 1486 413 1541 sed
439 1502 503 1540 ex
531 1500 716 1540 amore
761 1485 1029 1540 :estimare
1073 1485 1209 1539 solet
1239 1502 1252 1538 :
1285 1494 1338 1538 et
1377 1485 1505 1538 nihil
1536 1485 1652 1553 plus
1683 1498 1772 1538 re-

198 1578 347 1644 quirit
369 1617 383 1641 ,
408 1591 566 1646 quam
599 1575 919 1639 necessaria,
955 1584 1114 1644 atque
1137 1585 1194 1629 ttt
1221 1577 1354 1630 lacte
1393 1577 1628 1643 repletus
1651 1581 1767 1634 est.

197 1669 361 1722 statim
393 1667 632 1723 abscedit
658 1682 686 1720 a
724 1682 972 1721 mamma.
1002 1666 1116 1721 Non
1148 1666 1333 1720 iisdem
1364 1706 1380 1732 ,
1408 1666 1598 1736 quibus
1640 1681 1768 1733 nos,

195 1761 431 1814 :crumnis
488 1761 748 1829 premitur
811 1759 1098 1828 parvulus,
1152 1774 1258 1813 non
1302 1758 1645 1828 pecuniarum
1688 1757 1770 1828 ja-

193 1860 328 1906 ctura
353 1895 366 1915 ,
400 1851 665 1922 rebusque
709 1850 1011 1916 similibus;
1057 1867 1156 1906 nec
1199 1850 1267 1905 de
1314 1850 1501 1906 iisdem
1524 1891 1539 1914 ,
1573 1851 1768 1921 quibus

194 1959 300 2008 nos,
329 1944 482 1999 ﬂuxis
509 1944 668 1999 rebus
695 1944 925 2010 lzetatur,
958 1959 1129 2015 neque
1157 1959 1444 2015 corporum
1474 1943 1772 2012 pulchritu-

191 2034 356 2089 dinem
410 2035 654 2091 miratur.
699 2035 824 2091 ldco
870 2036 1118 2091 dicebat:
1149 2035 1356 2090 Talium
1403 2045 1476 2090 est
1519 2036 1648 2088 enim
1687 2051 1768 2089 re-

191 2145 332 2201 gnum
360 2131 600 2183 celarunt
631 2149 650 2182 .-
682 2139 740 2183 ιιι
780 2146 845 2184 ex
879 2131 1151 2200 proposito
1180 2130 1469 2183 voluntatis
1504 2129 1592 2182 illa
1633 2144 1765 2199 ope-

191 2239 391 2288 remur,
436 2239 556 2294 quae
611 2233 798 2277 natura
843 2240 937 2277 sua
988 2223 1136 2294 pueri
1185 2223 1404 2278 faciunt.
1437 2222 1568 2290 Quia
1619 2223 1764 2277 enim

190 2313 425 2371 Pharis'ei
467 2331 571 2369 non
602 2314 838 2381 aliunde,
867 2330 1027 2385 quam
1053 2330 1081 2368 a
1113 2314 1343 2384 nequitia
1377 2323 1428 2368 et
1460 2313 1764 2383 arrogantia

187 2405 244 2458 ad
270 2406 527 2475 agendum
556 2404 867 2459 ferebamur
890 2447 904 2469 ,
938 2405 1059 2458 ideo
1090 2405 1284 2474 ubique
1313 2404 1603 2474 discipulos
1636 2419 1763 2458 suos

187 2495 441 2564 simplices
484 2511 605 2550 esse
641 2495 833 2564 jubet,
869 2496 1092 2565 illosque
1119 2496 1421 2550 subindicat
1445 2538 1458 2560 ,
1491 2496 1617 2550 dum
1663 2494 1763 2550 hos

188 2587 416 2640 instituit.
437 2586 580 2642 Nihil
604 2586 747 2641 enim
777 2588 846 2640 ita
870 2587 1173 2656 superbiam
1205 2589 1336 2657 parit
1365 2629 1378 2652 ,
1413 2598 1470 2641 ut
1498 2588 1763 2658 principa-

188 2689 262 2732 tus
297 2691 347 2735 et
376 2680 529 2749 primi
574 2694 879 2734 consessus.
911 2679 1172 2745 Quoniam
1209 2680 1366 2749 igitur
1394 2679 1636 2750 discipuli
1666 2696 1762 2750 per

186 2779 337 2826 totum
364 2781 621 2827 terrarum
653 2773 835 2827 orbem
864 2773 1088 2827 multum
1119 2772 1338 2828 honoris
1379 2776 1756 2844 conscquuturi

185 2873 341 2930 erant,
370 2864 606 2934 ipsorum
628 2863 836 2919 animos
862 2864 1140 2933 przevenit,
1173 2879 1273 2920 nec
1293 2865 1422 2920 sinit
1443 2880 1538 2920 eos
1566 2865 1758 2920 Imma-

186 2966 303 3008 num
317 2957 442 3026 quid
461 2957 597 3026 pati,
616 2971 715 3011 nec
729 2957 992 3012 honorem
1008 2973 1038 3012 a
1056 2962 1218 3028 vulgo
1229 2967 1504 3027 expetere,
1524 2959 1606 3014 vel
1625 2966 1753 3013 ante

184 3042 296 3098 illos
312 3045 808 3103 seseeﬂ’erre-Nam
824 3049 1040 3104 etiamsi
1056 3051 1170 3104 haec
1188 3065 1352 3119 parva
1365 3049 1653 3106 videantur
1671 3067 1758 3107 es-

186 3149 250 3200 se,
277 3140 496 3193 atmalis
525 3140 839 3210 ingentibus
856 3157 1078 3196 causam
1100 3143 1360 3212 praebent.
1387 3140 1480 3197 Sic
1504 3145 1648 3196 enim
1668 3145 1752 3198 in-

183 3227 616 3286 stitutil’harisazi
638 3233 689 3286 in
727 3234 998 3287 malorum
1025 3234 1242 3288 culmen
1260 3234 1647 3301 ascenderunt,
1665 3250 1754 3289 sa-

184 3313 484 3385 lutatioues,
513 3319 724 3389 primos
762 3337 1056 3378 consessus
1074 3332 1128 3377 et
1165 3324 1415 3378 incessus
1436 3324 1648 3378 medios
1665 3339 1755 3377 re-

179 3410 435 3477 quirentes
458 3430 472 3463 :
499 3410 624 3466 hinc
656 3412 706 3465 in
736 3412 1012 3466 ardentem
1035 3412 1216 3482 glori:e
1241 3413 1606 3483 cupiditatem,
1628 3417 1753 3472 inde

179 3517 294 3556 vero
335 3504 385 3558 in
427 3505 752 3572 impietatem
785 3504 916 3574 lapsi
960 3513 1103 3560 sunt.
1132 3505 1334 3562 Idcirco
1365 3508 1437 3562 illi
1468 3518 1748 3580 postquam

179 3595 414 3650 tentando
461 3596 800 3651 maledictum
831 3597 930 3652 sibi
957 3606 1316 3666 attraxerant,
1363 3614 1702 3658 recesserunt
1733 3623 1745 3659 :

178 3687 313 3751 pueri
340 3703 466 3742 vero
497 3688 924 3744 benedictionem
951 3689 1203 3757 habuere,
1238 3703 1424 3762 utpOIe
1448 3695 1552 3751 illis
1574 3699 1749 3752 omni-

177 3775 263 3831 bus
290 3779 570 3837 imtnunes.
604 3779 784 3836 Simus
823 3797 952 3853 ergo
994 3798 1093 3838 nos
1139 3794 1192 3838 ut
1241 3787 1421 3854 pueri,
1450 3796 1504 3842 et
1546 3789 1745 3844 malitia

174 3868 401 3926 infantes.
432 3871 619 3942 Neque
648 3873 788 3927 enim
819 3888 1123 3941 possumus,
1153 3892 1256 3928 non
1291 3892 1575 3945 possumus
1601 3890 1746 3935 certe

172 3961 264 4016 alio
289 3963 443 4018 modo
469 3964 664 4018 emtum
687 3965 868 4020 videre
901 3984 912 4017 :
947 3964 1040 4020 sed
1075 3982 1296 4022 necesse
1329 3984 1546 4035 prorsus
1577 3972 1627 4025 in
1654 3987 1747 4042 ge-

173 4050 384 4110 hennam
415 4056 655 4112 incidere
684 4072 806 4112 eum
845 4057 934 4126 qui
966 4059 1035 4111 sit
1062 4057 1428 4114 fraudulentus
1467 4071 1520 4116 et
1545 4063 1746 4132 impro-

170 4142 272 4198 bus.
305 4146 409 4201 lmo
433 4157 560 4202 ante
588 4148 887 4219 gehennam
925 4149 1009 4204 hic
1036 4165 1247 4220 quoque
1290 4162 1528 4208 extrema
1571 4156 1742 4223 patie-

170 4249 292 4289 mur.
314 4236 442 4292 Nam
472 4239 536 4293 Si
557 4240 719 4293 malua
748 4240 923 4308 (ueris,
958 4241 1146 4310 inquit,
1179 4245 1315 4296 solus
1345 4246 1546 4299 lmttries
1571 4247 1742 4314 mala;

167 4329 204 4380 si
227 4341 380 4384 autem
407 4333 567 4386 bonus
585 4375 598 4398 ,
629 4343 674 4386 et
717 4335 806 4387 tibi
836 4344 882 4387 et
915 4337 1144 4403 proximo
1176 4338 1333 4390 bonus
1353 4341 1450 4392 eris
1478 4338 1658 4407 (Prov.
1686 4342 1738 4394 9.

168 4418 278 4489 l2).
313 4423 716 4478 Animadvertas
762 4427 940 4487 enim,
975 4427 1042 4479 ita
1087 4442 1299 4496 queque
1344 4431 1518 4497 prisce
1561 4441 1738 4486 actum

164 4525 285 4566 esse.
316 4512 453 4568 Nihil
497 4515 644 4569 enim
672 4516 944 4572 scelestius
988 4516 1148 4572 Saule
1174 4518 1299 4584 fuit,
1334 4536 1507 4588 neque
1531 4522 1741 4592 simpli-

162 4600 263 4654 eius
293 4602 511 4660 Davide.
544 4606 672 4671 Quis
701 4621 828 4673 ergo
856 4607 1043 4660 fortior
1081 4607 1219 4663 fuit?
1248 4610 1440 4665 Annon
1472 4613 1554 4667 bis
1584 4614 1736 4670 illum

164 4706 258 4758 pra:
285 4697 525 4752 manibus
559 4697 740 4752 habuit
783 4699 944 4753 David
969 4742 982 4761 .
1015 4711 1069 4756 et
1099 4716 1219 4754 cum
1250 4712 1430 4770 posset
1456 4705 1733 4773 occidere,

160 4783 435 4842 abstinuit?
459 4803 640 4844 annon
685 4789 829 4844 illum
858 4792 1009 4861 quasi
1048 4808 1244 4864 sagena
1280 4804 1334 4849 et
1362 4812 1576 4853 carcere
1605 4814 1728 4854 con-

160 4873 343 4931 clusum
375 4878 566 4936 habuit
589 4923 605 4946 ,
635 4890 690 4936 et
719 4884 957 4952 pepercit
985 4886 1076 4941 ei?
1115 4886 1334 4942 Etiamsi
1370 4890 1458 4944 alii
1498 4893 1735 4947 concita-

159 4976 263 5020 rent
287 4968 485 5039 ipsum,
517 4972 727 5028 etiamsi
761 4974 850 5030 ille
899 4975 1204 5033 innumeras
1229 4980 1578 5049 querimoniae
1607 4999 1733 5040 cau-

157 5068 231 5110 sas
257 5058 495 5130 haberet,
517 5071 752 5120 attamen
781 5067 988 5123 salvum
1010 5070 1230 5129 dimisit.
1249 5072 1580 5144 Quamquam
1604 5076 1731 5133 Saﬁl

158 5145 308 5215 ipsum
334 5169 454 5209 cum
484 5165 599 5210 toto
619 5160 857 5214 exemita
881 5161 1279 5232 insequebatur,
1312 5165 1582 5238 Davidqne
1605 5185 1726 5226 cum

156 5243 317 5308 paucis
343 5246 580 5318 fugitivis
602 5253 748 5306 omni
789 5267 885 5322 spe
930 5253 1198 5311 destitutis
1237 5258 1452 5313 errabat
1498 5260 1730 5318 interce-

155 5342 287 5399 ptus,
316 5353 346 5392 a
373 5339 496 5397 loco
534 5341 588 5396 in
626 5341 804 5398 locum
859 5349 1125 5403 transiens
1155 5366 1168 5402 :
1200 5358 1436 5407 attamen
1477 5353 1728 5425 fugitivus

154 5438 311 5494 regem
363 5434 640 5502 superavit
669 5453 684 5490 :
715 5437 836 5505 quia
885 5438 976 5493 ille
1019 5455 1139 5494 cum
1180 5443 1524 5514 simplicitate
1551 5488 1569 5514 ,
1598 5448 1724 5503 Saﬁl

154 5528 256 5571 eum
278 5523 469 5579 malitia
492 5529 994 5585 eastrametabatur.
1009 5530 1144 5597 Quid
1165 5535 1308 5589 enim
1332 5537 1611 5594 scelestius
1634 5539 1730 5594 illo

151 5605 322 5680 luerit,
347 5617 436 5685 qui
467 5617 662 5674 ducem
692 5623 960 5679 exercitus
988 5625 1103 5690 sui,
1135 5628 1224 5696 qui
1256 5631 1432 5684 omnia
1462 5631 1598 5687 bella
1631 5650 1719 5688 re-

152 5707 222 5753 cte
245 5707 475 5777 gerebat,
506 5726 631 5766 cum
667 5713 912 5771 victoriis
938 5725 993 5771 et
1022 5720 1257 5789 trepazis,
1284 5723 1373 5792 qui
1402 5724 1613 5781 labores
1639 5726 1719 5782 fe-

153 5791 299 5862 rebat,
325 5808 379 5854 et
405 5817 638 5862 coronas
678 5805 790 5877 regi
822 5809 1060 5878 parabat,
1092 5791 1328 5870 tentabat
1358 5815 1648 5874 occidere?

3387 484 3489 540 602

1971 561 2023 616 ὅ.
2069 561 2271 621 1ηι·ἱ(1ἱα
2314 570 2456 626 bonis
2497 591 2694 646 quoque
2749 581 2854 636 suis
2915 584 3206 645 insidiatur.
3244 623 3318 635 —
3351 597 3490 653 Talis

1891 653 2088 758 quippe
2113 669 2195 758 est
2235 660 2429 717 invidia
2462 682 2476 718 :
2509 667 2664 724 bonis
2690 671 2802 742 ipsa
2847 680 3076 750 propriis
3113 689 3332 758 semper
3360 689 3482 746 insi.

1890 744 2096 816 diatur,
2129 749 2472 827 invidumque
2503 761 2753 820 tabefacit
2774 808 2789 833 ,
2834 744 2890 824 et
2921 744 3066 829 mille
3090 744 3487 839 calamitatibus

1891 839 2126 898 involvit.
2161 846 2322 904 Miser
2347 867 2475 923 ergo
2507 855 2610 921 ille,
2637 857 2809 916 donec
2838 863 3002 920 David
3029 868 3098 924 ab
3129 871 3220 927 illo
3239 879 3481 932 recessit.
3549 912 3555 919 -

1895 936 2256 996 miserabilem
2281 943 2426 1001 illam
2452 962 2636 1004 vocem
2660 953 2849 1024 lugens
2870 973 2977 1014 non
3002 950 3180 1018 emisit
3213 985 3225 1020 :
3252 967 3484 1023 Nimium

1885 1037 2136 1096 eoarclar,
2169 1030 2468 1106 alienigena:
2493 1038 2681 1097 bellant
2709 1047 2837 1101 milii
2858 1048 3119 1121 inferunt,
3156 1065 3204 1110 et
3230 1057 3485 1117 Dominus

1884 1123 2086 1214 recessit
2105 1140 2138 1177 a
2159 1141 2239 1178 me
2267 1126 2285 1198 (
2315 1127 2364 1183 l.
2403 1129 2531 1202 Reg.
2563 1132 2652 1190 28.
2686 1136 2817 1211 I5).
2847 1142 3148 1214 Antequam
3177 1147 3343 1207 David
3369 1153 3452 1208 dis

1884 1213 2136 1282 cederet,
2171 1233 2278 1274 non
2321 1222 2506 1280 incidit
2556 1228 2606 1282 in
2637 1229 2866 1302 bellum,
2894 1213 3014 1292 sed,
3034 1240 3086 1294 in
3117 1245 3402 1303 securitate
3432 1261 3479 1301 ll

1964 1308 2126 1404 gloria
2153 1310 2412 1382 degebat:
2442 1317 2609 1387 gloria
2637 1323 2832 1395 quippe
2857 1326 3009 1384 ducis
3035 1333 3087 1386 in
3111 1348 3290 1404 regem
3311 1347 3484 1396 trans-

1881 1396 2008 1451 ibat.
2041 1398 2224 1471 Neque
2249 1405 2392 1461 enim
2427 1418 2683 1480 tyrannus
2703 1426 2819 1471 erat
2838 1417 3032 1490 David,
3057 1396 3231 1495 neque
3254 1429 3424 1500 ipsum
3451 1451 3477 1487 a

1879 1490 2018 1544 solio
2057 1491 2293 1568 dejicere
2335 1501 2571 1557 tentabat
2615 1521 2630 1569 ;
2665 1506 2758 1561 sed
2800 1524 2898 1579 pro
2938 1512 3032 1568 illo
3074 1490 3331 1586 prrcclare
3367 1540 3480 1580 rem

1877 1583 2135 1651 gerebat,
2173 1588 2314 1645 bene
2339 1607 2462 1664 erga
2502 1595 2653 1651 illum
2681 1599 2902 1659 allectus
2928 1621 2942 1660 :
2975 1605 3029 1661 id
3057 1583 3197 1679 quod
3227 1614 3389 1670 etiant
3413 1632 3479 1674 ex

1878 1682 2228 1747 sequentibus
2261 1686 2602 1745 manifestum
2633 1691 2751 1749 fuit.
2783 1694 2919 1752 Nam
2951 1704 3205 1770 quamdiu
3252 1708 3354 1762 sub
3385 1710 3478 1766 illo

1881 1770 2144 1827 militabat
2170 1816 2184 1838 ,
2215 1774 2316 1851 legi
2345 1776 2574 1838 fortasse
2603 1785 2956 1857 subjectionis
2982 1792 3112 1849 illud
3148 1799 3443 1855 altribucnt
3463 1844 3478 1866 ,

1878 1863 1964 1930 qui
1996 1878 2100 1919 non
2128 1878 2376 1925 accurate
2401 1887 2512 1926 rem
2541 1877 2823 1946 explorant
2854 1898 2868 1935 :
2897 1883 2992 1956 sed
3023 1897 3304 1959 postquam
3329 1892 3479 1948 illum

1875 1971 1906 2010 e
1932 1973 2097 2029 regno
2120 1976 2220 2016 suo
2240 1966 2480 2034 expulit,
2504 1970 2630 2038 quid
2664 1972 2813 2028 illum
2843 1976 3202 2048 impediebat,
3229 1985 3354 2054 quid
3403 1987 3480 2042 illi

1877 2050 2135 2107 suadebat
2179 2064 2294 2109 uta
2345 2057 2488 2114 bello
2532 2062 2632 2131 ipsi
2677 2063 2960 2124 inferendo
3004 2050 3342 2132 abstineret?
3372 2078 3481 2134 imo

1875 2160 2022 2212 vero,
2055 2149 2181 2219 quid
2205 2166 2310 2206 non
2337 2153 2593 2212 incitabat
2615 2167 2672 2213 ut
2695 2175 2880 2216 necem
2907 2164 2980 2219 illi
3005 2165 3260 2224 infcrret?
3283 2173 3477 2229 Annon

1872 2239 2062 2302 semel,
2119 2241 2202 2296 bis
2253 2252 2306 2298 et
2353 2247 2554 2315 pluries
2599 2249 2699 2320 ipsi
2731 2253 3008 2311 insidiatus
3037 2271 3153 2313 erat
3203 2263 3477 2334 improbus

1873 2330 2000 2387 ille?
2042 2349 2221 2388 annon
2254 2337 2528 2395 beneficiis
2551 2343 2815 2400 allectus?
2853 2363 3029 2405 annon
3061 2369 3187 2420 erga
3211 2355 3474 2414 insontem

1870 2423 1924 2479 id
1957 2429 2180 2496 egerat?
2205 2446 2381 2487 annon
2416 2450 2538 2489 cum
2569 2437 2807 2506 periculo
2835 2455 2933 2497 Suo
2958 2444 3084 2500 Sail!
3120 2428 3396 2520 regnabat,
3421 2464 3475 2507 ct

1873 2518 2054 2573 salvus
2094 2523 2250 2576 erat?
2282 2539 2460 2580 annon
2493 2528 2587 2583 illo
2617 2530 2828 2588 vivente
2856 2543 2910 2590 et
2957 2518 3256 2608 imperante
3285 2559 3474 2599 errau-

1869 2611 1994 2667 tlmn
2036 2629 2249 2685 semper
2291 2619 2387 2688 ipsi
2415 2632 2531 2676 erat
2571 2632 2624 2678 et
2655 2624 2962 2695 fugiendum
2987 2672 3004 2698 ,
3033 2647 3096 2687 ac
3123 2634 3191 2688 de
3216 2639 3474 2693 extremis

1871 2707 2322 2775 periclitandum?
2360 2713 2497 2768 Nihil
2538 2725 2713 2773 tamen
2761 2735 2946 2777 eorum
3001 2724 3172 2794 ipsum
3218 2728 3473 2788 inducere

1867 2801 2038 2868 potuit
2057 2811 2113 2855 ut
2128 2803 2360 2872 gladium
2383 2819 2689 2865 cruentaret
2711 2829 2725 2866 :
2750 2812 2856 2868 imo
2876 2814 3236 2874 dormientem
3259 2821 3472 2890 videns,

1867 2902 2081 2961 captum
2109 2904 2165 2950 et
2192 2897 2367 2952 solum
2396 2900 2448 2954 in
2474 2901 2652 2958 medio
2696 2920 2918 2961 suorum
2952 2951 2966 2974 ,
3000 2924 3123 2964 cum
3156 2925 3318 2981 caput
3345 2915 3468 2984 ejus

1866 2987 2235 3058 contingeret,
2280 2991 2542 3064 multique
2568 3007 2751 3052 essent
2791 3001 2879 3069 qui
2914 3001 3061 3057 illum
3087 3006 3467 3074 concitabant,

1864 3076 2220 3150 dicebantque
2264 3083 2355 3140 Dei
2388 3095 2516 3141 nutu
2561 3089 2718 3146 talem
2764 3094 2862 3148 sibi
2894 3099 3346 3167 opportunitatem
3387 3103 3468 3157 of-

1838 3239 1839 3242 η
1865 3168 2012 3237 ferri,
2047 3174 2135 3228 ille
2161 3185 2214 3230 et
2243 3178 2527 3237 incitantes
2554 3198 2612 3238 se
2646 3185 2960 3257 increpavit,
2993 3201 3046 3245 et
3072 3209 3101 3246 a
3125 3195 3272 3251 C(L'de
3298 3198 3466 3253 absti-

1863 3266 2012 3332 nuit,
2045 3268 2360 3342 salvumque
2399 3281 2453 3329 et
2492 3289 2684 3332 sanum
2721 3279 2893 3349 ipsum
2939 3284 3154 3356 reliquit
3181 3306 3194 3342 :
3226 3305 3291 3344 ac
3317 3294 3466 3361 quazi

1863 3360 2104 3427 corporis
2131 3359 2244 3429 ejus
2270 3372 2468 3431 custos,
2503 3381 2567 3424 ac
2597 3380 2871 3438 protector
2892 3415 2907 3439 ,
2937 3391 3043 3430 non
3074 3376 3244 3434 hostis
3274 3359 3430 3438 fuerit
3449 3427 3463 3446 .

1861 3450 1939 3504 sic
1965 3453 2257 3508 exercitum
2287 3460 2558 3514 accusavit
2585 3462 2726 3528 quod
2758 3481 2935 3536 regem
2962 3472 3304 3538 prodidisset.
3329 3477 3465 3546 Quid

1862 3545 1985 3601 huic
2004 3548 2185 3604 animo
2215 3566 2308 3620 par
2328 3552 2483 3607 fuerit
2502 3555 2524 3608 ’ἒ
2543 3572 2661 3625 quae
2683 3564 3038 3617 mansuetudo
3061 3566 3183 3622 huic
3209 3571 3466 3640 aequalis?

1861 3635 1914 3690 ld
1934 3639 2074 3691 enim
2098 3655 2161 3694 ex
2185 3641 2360 3710 dictis,
2383 3645 2656 3717 multoque
2676 3652 2844 3721 magis
2865 3669 2927 3708 ex
2957 3655 3018 3709 iis
3057 3671 3178 3725 qua:
3195 3635 3356 3716 modo
3379 3662 3456 3716 fa.»

1856 3736 1944 3782 cta
1967 3741 2115 3800 sunt,
2131 3735 2608 3805 conspicerelicct.
2628 3739 2683 3794 Si
2698 3743 2842 3798 enim
2879 3748 3196 3815 pravitatem
3223 3765 3461 3808 nostram

1858 3824 2283 3891 consideremus,
2307 3836 2430 3883 tunc
2455 3831 2646 3888 melius
2665 3847 2970 3894 sanctorum
2996 3842 3243 3900 virtutem
3265 3861 3467 3917 cogno-

1857 3929 2088 3972 scemus.
2123 3919 2463 3993 Quapropter
2510 3925 2735 3982 obsecro
2767 3940 2822 3984 ut
2851 3932 2916 3987 ad
2947 3933 3157 3989 illorum
3208 3938 3460 3994 imitatio-

1859 4023 1981 4062 nem
2013 4024 2315 4067 curramus.
2348 4015 2479 4070 Nam
2520 4018 2562 4070 si
2601 4019 2826 4088 gloriam
2857 4039 3007 4079 amas
3033 4067 3046 4090 ,
3087 4037 3142 4081 et
3173 4028 3294 4085 ideo
3325 4048 3463 4102 pro—-

1855 4098 2000 4154 ximo
2032 4109 2121 4156 tuo
2171 4104 2439 4162 insidiaris
2466 4151 2479 4173 ,
2522 4119 2647 4164 tunc
2695 4115 2929 4171 maxime
2977 4117 3065 4173 illa
3114 4120 3309 4177 frueris
3339 4140 3461 4180 eum

1854 4190 2076 4260 gloriam
2114 4210 2374 4265 respuens
2395 4238 2409 4263 ,
2438 4200 2506 4254 ab
2537 4200 2744 4257 insidiis
2773 4205 3116 4265 abstinueris.
3143 4211 3292 4269 Sicut
3316 4218 3459 4270 enim

1855 4285 2203 4352 pecuniarum
2250 4298 2590 4361 contemptus
2619 4298 2860 4352 avaritiae
2890 4305 3193 4359 contrarius
3224 4318 3304 4361 est
3339 4326 3351 4363 :
3384 4310 3460 4362 sic

1853 4378 2077 4446 gloriam
2128 4384 2382 4450 consequi
2428 4394 2481 4438 et
2523 4388 2746 4456 gloriam
2799 4406 2982 4448 amare
3009 4407 3133 4451 sunt
3164 4403 3457 4457 Contraria.

1855 4469 1920 4523 Et
1968 4475 2012 4525 si
2042 4472 2257 4540 placet,
2291 4477 2502 4546 singula
2544 4490 2867 4539 scrutemur.
2909 4485 3042 4554 Quia
3082 4491 3229 4545 enim
3282 4495 3460 4550 nullus

1850 4564 2003 4620 nobis
2032 4566 2168 4622 inest
2190 4567 2450 4638 gehennte
2472 4572 2649 4638 timor,
2683 4589 2856 4645 neque
2878 4580 3025 4649 regni
3054 4581 3306 4637 caelorum
3331 4602 3456 4640 cura

1851 4657 1980 4726 ulla,
2016 4675 2228 4730 age,cx
2259 4665 2609 4731 praesentibus
2628 4667 2800 4723 adilla
2821 4686 2918 4726 vos
2962 4673 3298 4732 inducamus.
3323 4681 3452 4748 Qni-

1849 4766 1993 4815 nam,
2018 4768 2223 4821 quaeso,
2249 4755 2452 4809 ridiculi
2475 4759 2631 4811 sunt?
2652 4774 2829 4814 nonne
2846 4762 2880 4816 ii
2912 4763 2999 4832 qui
3028 4776 3249 4835 prOpter
3279 4772 3455 4825 multi-

1851 4842 2050 4897 tudinis
2072 4859 2256 4898 auram
2285 4847 2486 4916 agunt?
2509 4847 2738 4914 Quinam
2757 4866 2884 4905 vero
2912 4853 3200 4912 laudandi?
3219 4875 3396 4914 nonne
3420 4864 3454 4916 ii

1843 4939 1932 5008 qui
1954 4938 2225 5009 vulgarem
2246 4939 2456 4996 laudem
2473 4945 2859 4998 contemnunt?
2877 4945 3016 5017 Ergo
3031 4948 3075 5004 si
3100 4965 3249 5006 vana:
3268 4953 3452 5023 glorias

1844 5046 1996 5085 amor
2045 5034 2432 5103 vituperandus
2472 5043 2598 5101 est,
2632 5047 2685 5091 et
2735 5039 2780 5092 si
2825 5031 2976 5095 vana:
3017 5043 3201 5112 gloria:
3227 5048 3452 5118 cupidus

1845 5137 1951 5176 non
1981 5132 2157 5191 potest
2182 5139 2243 5179 ea
2274 5125 2326 5179 in
2356 5141 2414 5179 re
2455 5125 2626 5181 latere
2651 5169 2665 5194 ,
2704 5129 2860 5197 plane
2903 5133 3289 5203 vituperandus
3316 5140 3443 5203 erit,

1840 5231 2098 5287 amorque
2142 5218 2332 5288 gloria:
2369 5220 2471 5274 erit
2502 5220 2575 5274 illi
2607 5237 2765 5276 causa
2799 5223 3101 5281 dedecoris.
3133 5228 3318 5299 Neque
3347 5232 3446 5285 hac

1841 5311 2013 5365 solum
2045 5310 2113 5366 de
2138 5326 2297 5366 causa
2326 5311 2742 5383 dehonestatur,
2788 5319 2882 5374 sed
2911 5321 3073 5375 etiam
3110 5324 3250 5393 quod
3280 5327 3442 5380 multa

1840 5406 2012 5474 turpia
2045 5414 2098 5460 et
2139 5406 2353 5462 servilia
2396 5407 2576 5462 facere
2624 5419 2866 5478 cogatur.
2896 5411 2986 5468 Sic
3016 5416 3177 5470 etiam
3208 5433 3397 5473 omnes
3423 5462 3438 5484 ,

1839 5499 1930 5567 qui
1962 5498 2111 5554 luem
2152 5514 2252 5554 ceu
2285 5498 2528 5555 furentes
2556 5501 2796 5570 student,
2826 5505 2894 5558 ab
2920 5521 3108 5563 amore
3136 5509 3267 5564 lucri
3298 5525 3439 5580 saepe

1839 5589 1959 5645 laedi
2007 5590 2182 5645 solent
2223 5610 2236 5645 :
2281 5591 2476 5646 multas
2535 5595 2733 5664 quippe
2783 5595 2998 5653 fraudes
3046 5600 3334 5668 adhibent,
3384 5614 3438 5657 et

1835 5699 1994 5754 quam
2028 5683 2247 5738 minima
2280 5683 2426 5740 lucra
2458 5702 2646 5759 magna
2681 5689 2893 5757 pariunt
2919 5691 3258 5750 detrimenta.
3291 5693 3435 5762 Qua-

1835 5789 2055 5848 propter
2087 5777 2189 5833 hoc
2217 5781 2386 5848 ipsum
2423 5782 2472 5834 in
2517 5784 2860 5851 proverbium
2900 5789 3126 5842 transiit.
3161 5787 3249 5843 Sic
3269 5789 3432 5843 etiam

1835 5870 2031 5926 lascivo
2059 5913 2071 5936 ,
2105 5871 2488 5941 impedimento
2515 5875 2577 5929 ad
2615 5877 2938 5947 voluptatem
2990 5893 3068 5936 est
3100 5882 3209 5952 ipsc
3237 5883 3430 5938 nimius
