4186 6496
741 436 844 491 603

735 545 956 602 allectus
987 567 998 602 :
1033 562 1153 603 nam
1180 550 1308 604 viles
1335 549 1452 621 illos
1473 551 1807 605 elleiniuatos
1847 549 1996 620 quasi
2042 551 2298 619 mancipia

737 638 985 694 mulieres
1016 641 1288 694 traducunt
1317 657 1330 704 ;
1361 657 1528 710 neque
1549 642 1831 711 dignantur
1853 643 1957 696 illis
1984 650 2039 694 ut
2061 641 2186 694 viris
2206 639 2300 704 uti,

734 729 971 798 colaphis
998 743 1052 785 et
1079 733 1247 800 sputis
1272 733 1715 797 dehonestanlcs,
1746 737 2162 803 circumagentes
2182 775 2194 797 ,
2225 734 2301 786 ri-

733 821 920 874 dentes
945 821 1059 874 illus
1081 862 1094 884 ,
1127 833 1283 891 atque
1306 827 1478 878 omnia
1509 825 1635 894 ipsis
1680 826 2015 895 imperantes.
2046 826 2132 880 Sic
2171 820 2299 878 niliii

733 911 908 965 vilius.
932 911 1058 966 nihil
1077 913 1619 986 ahjectiusarrogante
1645 933 1704 970 ac
1727 933 1872 970 vana:
1889 917 2066 986 gloria:
2088 917 2297 986 cupido,

734 1001 819 1068 qui
849 1001 946 1054 sibi
979 1004 1219 1058 sublimis
1256 1016 1308 1060 ct
1338 1007 1475 1062 altus
1504 1007 1726 1061 videtur.
1759 1009 1886 1062 Nam
1915 1010 2297 1063 contentiosum

727 1101 808 1144 est
845 1091 1130 1148 humanum
1156 1112 1318 1165 genus
1339 1141 1355 1164 ,
1383 1108 1436 1153 et
1465 1100 1591 1153 nulli
1620 1099 1687 1152 ita
1718 1099 2029 1152 adversatur
2055 1108 2110 1152 ut
2145 1113 2296 1152 arro—

725 1181 866 1246 ganti
893 1223 907 1244 ,
936 1185 1200 1252 superbo,
1233 1196 1285 1242 et
1328 1189 1506 1256 gloria:
1547 1204 1721 1243 servo.
1755 1189 1869 1258 Ipse
1899 1205 2022 1243 vero
2052 1231 2065 1250 ,
2117 1198 2170 1241 ιιι
2199 1188 2296 1241 sibi

726 1269 871 1322 illum
897 1274 1209 1344 arrogantiae
1232 1277 1443 1332 modum
1464 1289 1660 1354 servet,
1689 1281 1838 1350 quasi
1860 1279 2106 1348 mancipii
2126 1279 2295 1332 cilicia

723 1361 858 1426 apud
886 1361 1078 1416 multos
1106 1364 1318 1419 exhibet
1342 1407 1357 1432 ,
1402 1367 1648 1421 adulatur
1673 1409 1688 1434 ,
1719 1379 2015 1423 asseutatur
2037 1409 2052 1433 ,
2093 1377 2146 1421 et
2182 1367 2296 1434 plus

1450 441 1502 494 S.
1545 439 1819 496 JO.\.\NIS
1857 435 2328 493 CIIRYSOSTOMI
2369 435 2680 491 ARCllllil’.
2722 435 3247 492 CONS'I‘ANTINUI'.

3881 441 3985 493 60⁸

2409 564 2564 615 quam
2594 547 2626 600 ii
2652 549 2740 616 qui
2773 563 2877 603 mre
2909 548 3071 617 empti
3102 559 3260 614 sunt,
3290 563 3348 603 se
3389 548 3712 617 gravissimze
3739 555 3983 606 servituti

2407 639 2642 708 salijicit.
2675 641 2795 694 lliec
2820 655 2944 709 ergo
2972 643 3145 694 omnia
3172 657 3290 695 cum
3321 641 3581 705 sciamus,
3629 641 3788 695 hosce
3815 642 3987 712 depo-

2409 743 2595 781 nanms
2635 729 2884 794 allectus,
2925 747 2990 784 ne
3018 739 3072 784 ct
3109 730 3192 784 hic
3233 744 3414 798 pmnas
3441 730 3661 796 demus,
3690 740 3743 787 et
3771 734 3877 786 illic
3926 735 3983 788 in

2408 829 2662 872 mternum
2702 821 3017 875 cruciemur.
3069 821 3285 875 Virtutis
3323 837 3448 890 ergo
3488 832 3752 877 amatores
3791 826 3982 878 simus.

2405 910 2492 965 Sic
2520 912 2660 965 enim
2701 913 2859 966 etiam
2889 921 3011 966 ante
3040 929 3259 982 rcgnnni
3282 953 3295 976 ,
3326 914 3608 967 tnaximum
3639 915 3720 968 hic
3748 912 3980 970 fructum

2405 1000 2751 1070 decerpemus
2771 1043 2783 1063 ,
2812 1012 2866 1056 et
2891 1002 3013 1056 illuc
3041 1005 3327 1072 migrantes
3353 1004 3566 1057 aeternis
3596 1006 3855 1074 potiemur
3877 1006 3979 1058 bo-

2405 1093 2485 1145 nis
2515 1110 2528 1145 :
2555 1108 2673 1161 qua:
2699 1096 2895 1147 utinam
2926 1110 3109 1147 omnes
3135 1109 3553 1163 consequamur,
3601 1097 3768 1164 gratia
3795 1105 3849 1149 et
3874 1093 3981 1148 ini-

2403 1185 2687 1240 sericordia
2713 1186 2918 1240 Domini
2945 1187 3069 1240 Jesu
3091 1186 3311 1249 Christi,
3333 1187 3413 1240 cui
3436 1187 3598 1256 gloria
3621 1197 3673 1242 et
3696 1188 3978 1257 imperium

2403 1277 2455 1331 in
2481 1279 2671 1333 saecula
2697 1279 3030 1333 saeculorum.
3057 1279 3246 1332 Amen.

1859 1571 2202 1633 HOMILIA
2243 1567 2467 1629 LXIII.
2510 1570 2593 1630 al.
2639 1571 2863 1630 LXIV.

721 1714 847 1768 Car.
892 1715 977 1771 I9.
1019 1734 1070 1772 v.
1116 1718 1204 1773 l6.
1246 1717 1312 1772 Et
1357 1737 1465 1774 ecce
1503 1738 1630 1774 unus
1677 1721 1915 1775 accedens
1980 1720 2107 1773 dixit
2174 1717 2290 1770 illi:

795 1804 1039 1875 Magister
1085 1808 1208 1863 bone
1227 1851 1241 1876 ,
1291 1811 1414 1881 quid
1437 1811 1666 1880 faciendo
1705 1812 1855 1864 vitam
1883 1822 2122 1866 wternam
2151 1811 2291 1865 here-

792 1899 959 1952 ditabo
973 1900 996 1952 .’

793 2036 844 2088 1.
871 2034 1211 2090 Pecuniarum
1227 2055 1367 2092 amor
1391 2040 1636 2093 maiorum
1656 2041 1874 2094 omnium
1901 2041 2065 2094 radix.
2085 2041 2288 2108 —Qni-

720 2125 838 2178 dam
883 2128 1023 2188 hunc
1063 2128 1312 2197 juvenem
1368 2140 1426 2183 ut
1469 2130 1851 2184 fraudulentum
1897 2141 1949 2185 et
1992 2132 2285 2200 improbum

719 2216 1101 2282 criminantur,
1135 2228 1197 2293 nt
1233 2220 1320 2288 qui
1355 2220 1589 2275 tentandi
1637 2235 1792 2274 causa
1835 2219 2014 2275 Jesum
2057 2221 2244 2275 adierit
2273 2240 2284 2275 :

721 2324 820 2377 ego
860 2323 983 2362 vero
1011 2309 1155 2363 illum
1184 2325 1397 2366 avarum
1439 2322 1492 2366 et
1519 2313 1853 2380 pecuniarum
1891 2323 2153 2368 amantem
2205 2313 2288 2366 di-

720 2413 843 2451 cere
889 2414 996 2451 non
1047 2399 1325 2467 dubitem,
1373 2402 1587 2472 quando
1630 2401 1871 2457 Christus
1927 2405 2086 2458 talem
2137 2404 2282 2458 illum

722 2504 843 2543 esse
887 2490 1269 2545 demonstravit
1295 2509 1309 2550 '.
1337 2492 1726 2550 fraudulentun.
1768 2512 1893 2550 vero
1923 2511 2250 2566 nequaquam
2270 2538 2286 2560 .

717 2578 1143 2648 quandoquidem
1193 2597 1297 2636 non
1343 2591 1508 2637 tntum
1539 2596 1618 2638 est
1663 2585 1729 2639 de
1772 2587 1992 2640 occultis
2041 2588 2290 2642 audacter

719 2669 978 2736 judicare,
1008 2687 1128 2726 cum
1154 2674 1381 2728 maxime
1410 2675 1475 2728 de
1496 2676 1738 2744 anpiam
1769 2677 2066 2731 accusando
2082 2679 2286 2748 agitur:

722 2768 882 2829 atque
926 2762 1083 2816 etiam
1126 2764 1262 2832 quod
1295 2764 1497 2818 Marcus
1541 2765 1686 2818 illam
1724 2768 2075 2836 suspicionem
2115 2784 2288 2824 remo-

721 2853 859 2913 verit,
881 2871 892 2904 :
920 2869 1038 2907 nam
1070 2856 1143 2908 ait
1175 2873 1185 2908 :
1211 2857 1488 2909 Accurreus
1514 2866 1558 2908 et
1580 2859 1908 2925 genuﬂectens
1929 2859 2133 2928 rogabat
2155 2876 2288 2925 eum;

717 2954 803 3005 et,
837 2944 1124 3012 Respiciens
1153 2945 1300 3000 Jesus
1327 2947 1499 3000 dilexit
1525 2964 1633 3001 eum
1664 2948 1682 3017 (
1710 2948 1868 3001 Marc.
1907 2949 1990 3003 10.
2027 2951 2112 3002 17.
2152 2951 2213 3005 21
2247 2951 2286 3020 ).

719 3033 823 3089 Sed
871 3037 1032 3089 multa
1073 3045 1155 3091 cst
1196 3039 1534 3106 pecuniarum
1585 3039 1820 3108 tyrannis
1843 3080 1856 3101 ,
1888 3040 2025 3107 quod
2054 3041 2135 3094 vel
2167 3041 2288 3094 hinc

715 3123 886 3192 palam
914 3135 994 3178 est
1027 3143 1038 3178 :
1072 3125 1194 3179 licet
1239 3128 1379 3180 enim
1426 3129 1642 3181 virtutes
1689 3128 1817 3181 alias
1855 3129 2088 3182 colamus
2113 3171 2128 3196 ,
2175 3130 2286 3184 haec

718 3214 894 3266 omnia
917 3216 1052 3269 bona
1074 3215 1370 3271 labefactat.
1395 3217 1517 3271 .Inrc
1538 3233 1662 3285 ergo
1682 3218 1870 3271 Paulus
1892 3219 2031 3273 illam
2052 3221 2285 3274 onmium

714 3305 973 3358 malorum
1002 3307 1230 3362 radicem
1257 3323 1376 3362 esse
1397 3309 1526 3361 dixit
1555 3325 1568 3360 :
1604 3309 1770 3362 Radix
1789 3311 1915 3362 enim
1937 3314 2154 3363 omnium
2180 3329 2263 3365 ma

715 3388 878 3440 lorum
901 3399 976 3440 est
1003 3391 1252 3458 avaritia(
1280 3393 1328 3445 1.
1364 3392 1490 3444 'l‘im.
1525 3393 1576 3444 ti.
1610 3393 1673 3446 10
1703 3395 1738 3460 ).
1771 3394 1943 3459 Quare
1973 3411 2100 3464 ergo
2138 3394 2290 3449 Citri-

714 3486 828 3529 stns
851 3476 918 3528 ita
943 3480 1211 3548 respondit
1240 3481 1310 3533 illi
1334 3481 1514 3536 dicens
1539 3494 1550 3528 :
1583 3482 1738 3535 Nemo
1760 3484 1914 3536 bonas
1936 3487 1960 3539 Ρ
1984 3485 2114 3551 Quia
2139 3487 2285 3541 illum

719 3575 772 3617 ιιι
801 3566 1095 3633 simplicem
1131 3569 1394 3623 hominem
1426 3569 1650 3623 habebat
1671 3581 1724 3624 ct
1750 3572 1922 3642 vulgo,
1951 3583 2004 3627 et
2034 3584 2087 3627 ιιι
2107 3573 2289 3630 docto-

719 3670 830 3708 rem
861 3655 1138 3711 Jndaicum
1167 3676 1178 3711 :
1208 3659 1430 3728 ideoque
1477 3670 1533 3713 ιιι
1564 3661 1720 3715 Ιιοηιο
1770 3662 1940 3732 ipsutn
1983 3664 2283 3735 alloquitur.

716 3745 843 3798 Nam
863 3762 1003 3814 sa-pc
1019 3749 1304 3803 secundum
1315 3752 1614 3820 rogantium
1630 3753 2221 3826 opinionetnrcspOndet
2247 3761 2284 3824 ²,

717 3843 902 3888 utcum
925 3835 1050 3890 dicit
1076 3858 1086 3890 :
1116 3837 1222 3892 Nos
1243 3840 1507 3893 adoramus
1529 3843 1660 3909 quod
1685 3843 1865 3895 scimus
1887 3843 2062 3915 (Joan.
2095 3847 2147 3900 4.
2170 3847 2282 3915 22);

715 3934 765 3978 et
785 3965 799 3988 ,
823 3925 883 3978 Si
907 3943 997 3997 ego
1021 3928 1350 3982 testimonium
1382 3931 1610 3998 prrhibeo
1637 3933 1697 3983 de
1717 3933 1924 4000 meipso,
1955 3935 2286 3990 testimonium

717 4033 876 4069 meum
898 4031 1084 4072 nonest
1105 4037 1269 4073 verum
1295 4021 1466 4090 (Joan.
1487 4023 1538 4077 5.
1564 4022 1672 4091 51).
1691 4022 1818 4077 Cum
1839 4026 1994 4094 igitur
2009 4028 2102 4093 ait,
2125 4027 2286 4082 Nemo

716 4111 892 4174 bonus,
927 4125 1028 4164 non
1058 4111 1156 4166 hoc
1185 4112 1306 4165 dicit
1337 4121 1392 4168 ut
1420 4129 1476 4166 sc
1503 4113 1696 4168 bonum
1729 4131 1828 4167 non
1861 4130 1980 4170 esse
2003 4118 2281 4186 siguilicet,

722 4199 860 4254 absit
886 4219 898 4254 :
926 4217 1029 4256 non
1052 4204 1190 4256 enim
1214 4204 1362 4267 dixit,
1392 4205 1523 4270 Quid
1549 4221 1624 4257 me
1644 4205 1767 4258 dicis
1795 4205 2016 4258 bonum?
2044 4224 2144 4260 non
2171 4225 2285 4262 sum

715 4292 885 4345 bonus
918 4310 930 4345 :
961 4293 1051 4348 sed
1073 4334 1088 4360 ,
1119 4279 1280 4349 Nemo
1330 4296 1484 4350 bonus
1516 4296 1715 4365 (Μαι-ε.
1756 4299 1837 4352 10.
1873 4299 1976 4367 18)
2004 4317 2016 4363 ;
2075 4301 2123 4354 id
2166 4313 2240 4356 est
2268 4345 2282 4368 ,

721 4383 896 4436 nullus
927 4383 1222 4438 hominum.
1255 4385 1370 4458 Ipse
1402 4402 1526 4440 vero
1559 4404 1677 4440 cum
1725 4388 1822 4441 hoc
1851 4390 2010 4454 dicit,
2045 4390 2146 4444 non
2188 4394 2284 4445 ho-

718 4475 887 4526 mines
927 4489 955 4526 a
999 4475 1234 4531 bonitate
1275 4476 1543 4542 excludit;
1572 4478 1666 4532 sed
1710 4481 2101 4547 comparatione
2151 4480 2283 4536 facta

715 4579 833 4616 cum
864 4564 955 4617 Dei
978 4565 1225 4621 bonitate.
1252 4567 1578 4637 Quapropter
1602 4569 1800 4635 adjicit,
1831 4567 1947 4623 Nisi
1965 4570 2098 4623 solus
2126 4571 2281 4625 Deus.

716 4655 895 4723 Neque
922 4655 1086 4718 dixit,
1121 4657 1228 4711 Nisi
1261 4657 1414 4712 Pater
1442 4674 1592 4712 meus
1615 4699 1629 4721 ,
1663 4669 1716 4712 ιιι
1745 4659 1916 4713 discas
1941 4701 1953 4723 ,
1981 4661 2148 4728 ipsmn
2182 4677 2284 4715 non

721 4760 780 4798 se
821 4746 1001 4813 juveni
1045 4747 1120 4800 illi
1149 4747 1587 4804 manifestavisse.
1629 4749 1715 4803 Sic
1743 4751 1900 4804 etiam
1932 4766 2089 4819 supra
2121 4752 2288 4806 malus

713 4836 923 4889 dicebat
958 4835 1198 4891 homines
1224 4839 1304 4892 his
1341 4839 1515 4893 verbis
1552 4861 1562 4895 :
1596 4840 1654 4894 Si
1680 4851 1846 4894 autem
1878 4857 1997 4906 vos,
2027 4859 2139 4894 eum
2178 4842 2285 4896 sitis

724 4927 865 5000 mali,
899 4929 1050 4981 nostis
1071 4929 1197 4980 bona
1218 4929 1335 4982 data
1359 4931 1478 4983 dare
1498 4932 1615 4999 ﬁliis
1643 4933 1812 4986 vestris
1831 4933 1847 5001 (
1868 4931 2048 4986 Matth.
2084 4934 2130 4986 7.
2166 4935 2219 4989 11
2241 4936 2281 5005 ).

709 5015 839 5070 Nam
873 5016 978 5071 illic
1017 5020 1183 5072 malos
1215 5021 1452 5084 vocavit,
1481 5037 1582 5074 non
1613 5023 1749 5090 quod
1782 5023 1872 5076 toti
1905 5035 2104 5079 naturze
2135 5027 2286 5080 mali-

711 5109 835 5165 tiam
863 5108 1227 5172 adscriberet;
1259 5127 1376 5163 natn
1416 5110 1564 5176 illud,
1605 5110 1734 5176 Vos,
1764 5128 1867 5166 non
1896 5130 2080 5168 omnes
2112 5116 2282 5170 homi-

718 5212 811 5251 nes
842 5199 1096 5266 siguilicat
1120 5241 1134 5264 ,
1164 5199 1255 5254 sed
1289 5200 1558 5254 hominum
1596 5202 1883 5257 bonitatem
1911 5219 2027 5257 cum
2063 5205 2152 5259 Dei
2184 5209 2276 5259 bo-

712 5288 872 5341 nitate
895 5303 1228 5357 comparans,
1251 5291 1592 5368 sicloiluntns
1615 5302 1726 5355 CSt;
1754 5293 1973 5362 ideoque
1995 5295 2278 5363 subjunxil,

714 5376 913 5441 Quanto
952 5378 1111 5449 magis
1145 5378 1298 5434 Pater
1336 5390 1490 5434 vester
1539 5382 1674 5436 dabit
1715 5381 1844 5436 bona
1872 5385 2144 5454 petentibus
2180 5402 2231 5439 se
2256 5387 2282 5438 .’

709 5467 910 5536 Ecquid
936 5468 1081 5524 illum
1112 5469 1367 5541 urgebat,
1400 5471 1602 5541 inquies
1622 5513 1638 5538 ,
1665 5482 1754 5526 aut
1778 5474 1900 5543 quid
1929 5474 2190 5529 commodi
2215 5491 2278 5531 ex

711 5558 1010 5627 huiusmodi
1038 5563 1330 5630 responso!
1355 5563 1607 5616 Paulatim
1636 5563 1778 5616 illum
1805 5564 1870 5618 ad
1898 5565 2084 5618 altiora
2111 5566 2276 5622 addu-

711 5650 782 5702 cit
807 5689 822 5714 ,
866 5662 1027 5721 atque
1053 5651 1275 5709 instituit
1299 5662 1355 5708 ut
1377 5655 1522 5710 omni
1551 5655 1619 5710 sit
1641 5654 1945 5713 adulatlonc
1975 5673 2167 5714 vacuus
2190 5698 2206 5726 ,
2247 5676 2275 5714 ιι

772 5807 787 5837 ¹
814 5806 959 5871 Editi,
986 5809 1246 5860 secundum
1269 5808 1530 5874 opinionem
1565 5811 1818 5861 multarunt
1844 5806 2111 5872 respondet.

2398 1715 2725 1785 terrenisque
2747 1717 3013 1772 abducens
3037 1717 3144 1772 Deo
3170 1718 3458 1787 coniungit,
3485 1716 3776 1787 suadetque
3796 1715 3976 1769 futura

2393 1819 2648 1873 quarrcre,
2679 1806 3011 1876 discereque,
3039 1810 3156 1876 quis
3196 1810 3262 1861 sit
3291 1823 3417 1862 vere
3445 1808 3614 1861 bonus
3633 1848 3649 1874 ,
3675 1808 3792 1877 quis
3818 1807 3971 1860 radix

2394 1904 2446 1948 et
2462 1895 2579 1950 fons
2595 1897 2854 1960 omnium,
2879 1899 3078 1968 ipsique
3097 1899 3352 1953 honorem
3374 1899 3586 1952 referre.
3609 1897 3736 1951 Nam
3758 1899 3977 1967 quando

2393 1986 2558 2052 dicit,
2589 1986 2763 2041 Nolite
2800 1990 3092 2058 magistrum
3123 2005 3297 2041 vocare
3340 2005 3486 2056 super
3512 1999 3697 2041 terram
3736 1990 3751 2055 (
3777 1987 3971 2040 Matth.

2392 2076 2482 2132 25.
2512 2075 2615 2146 9),
2643 2086 2750 2131 tum
2777 2079 2828 2132 in
2852 2079 3296 2147 comparationem
3319 2081 3396 2132 sui
3418 2080 3484 2132 ita
3510 2077 3656 2144 dicit,
3678 2089 3784 2132 tum
3807 2081 3972 2134 etiam

2393 2178 2449 2220 ut
2478 2167 2684 2223 discant
2717 2170 2856 2238 quod
2885 2173 2952 2222 sit
2994 2171 3219 2237 primum
3261 2184 3434 2223 rerum
3475 2170 3709 2222 omnium
3737 2170 3971 2222 initium.

2391 2257 2572 2326 Neque
2607 2261 2747 2314 enim
2780 2260 3040 2313 modicum
3069 2259 3278 2328 juvenis
3320 2259 3408 2313 ille
3452 2259 3705 2313 hactenus
3735 2259 3972 2314 studium

2391 2350 2698 2406 ostenderat
2770 2363 2823 2406 et
2860 2366 3094 2406 amorem
3123 2394 3135 2414 ,
3171 2353 3240 2406 ita
3270 2361 3324 2405 ut
3347 2392 3364 2417 ,
3412 2366 3532 2406 cum
3577 2351 3665 2405 alii
3703 2361 3975 2405 tentarent

2393 2444 2684 2511 Christum,
2718 2445 2806 2500 alii
2839 2460 2934 2515 pro
2962 2445 3161 2499 morbis
3189 2454 3278 2499 aut
3308 2445 3417 2498 suis
3445 2453 3534 2498 aut
3561 2443 3782 2499 aliorum
3813 2459 3971 2499 acce—

2391 2534 2612 2602 derent,
2645 2537 2756 2604 ipse
2788 2551 2883 2605 pro
2914 2535 3016 2589 vita
3052 2547 3251 2590 aeterna
3299 2536 3502 2590 veniret
3541 2545 3698 2605 atque
3737 2534 3969 2589 interro-

2391 2636 2558 2696 garct.
2604 2626 2822 2696 Pinguis
2860 2637 3002 2681 certe
3030 2635 3168 2680 terra
3200 2636 3252 2691 et
3291 2625 3478 2680 fertilis
3520 2641 3646 2695 ager
3670 2637 3815 2690 erat,
3871 2627 3969 2681 sed

2391 2719 2664 2786 spinarum
2711 2718 2991 2771 multitudo
3032 2732 3213 2771 semen
3243 2716 3538 2770 sutioeavit.
3589 2715 3990 2794 Animadverte,

2392 2806 2532 2861 enim
2577 2823 2734 2876 quam
2783 2807 2850 2861 sit
2892 2817 3102 2875 paratus
3146 2805 3209 2859 ad
3252 2805 3606 2860 obediendum
3657 2806 3918 2860 mandatis
3954 2827 3970 2860 :

2396 2899 2530 2964 Quid
2556 2900 2786 2970 faciendo
2806 2941 2820 2964 ,
2863 2899 3030 2968 inquit
3049 2941 3062 2966 ,
3093 2899 3245 2951 vitam
3273 2908 3512 2952 «sternam
3551 2898 3809 2968 possidebo
3827 2900 3853 2952 .’
3877 2899 3972 2952 Sic

2392 2998 2666 3057 promptus
2711 3004 2830 3044 esse
2861 2988 2924 3042 ad
2952 2987 3242 3058 parendum
3271 2987 3562 3041 videbatur.
3595 2987 3743 3054 Quod
3773 2988 3815 3042 si
3847 2997 3974 3042 ten-

2391 3086 2505 3132 tans
2533 3079 2844 3133 accessisset
2868 3119 2882 3141 ,
2916 3077 3043 3132 illud
3086 3086 3230 3132 certe
3258 3077 3409 3131 nobis
3449 3077 3767 3133 dcclarasset
3806 3093 3974 3131 evan-

2390 3169 2593 3239 gelista,
2621 3170 3062 3239 quemadmodum
3093 3178 3147 3223 et
3171 3170 3220 3221 in
3249 3168 3365 3221 aliis
3397 3167 3639 3233 faciebat,
3670 3179 3724 3223 ιιι
3753 3169 3802 3221 in
3836 3169 3972 3237 legis

2389 3259 2626 3314 doctore.
2657 3258 2711 3313 Si
2741 3275 2868 3314 vero
2909 3260 3020 3326 ipse
3046 3258 3299 3321 siluisset,
3334 3273 3436 3311 non
3469 3258 3678 3312 sivisset
3721 3256 3972 3312 Christus

2391 3350 2559 3420 ipsum
2589 3351 2751 3406 latere
2771 3393 2785 3414 .
2816 3350 2910 3406 sed
2938 3353 3021 3406 vel
3047 3359 3230 3418 aperte
3256 3350 3425 3417 ipsum
3458 3348 3810 3417 redargui-set
3829 3389 3846 3414 ,
3879 3349 3971 3403 vel

2390 3443 2596 3496 occulte
2621 3443 2873 3512 tetigisset
2899 3482 2913 3506 ,
2962 3459 3026 3497 ne
3056 3442 3322 3496 videretur
3347 3441 3620 3508 decepisse
3659 3449 3711 3494 et
3755 3440 3924 3496 latere
3947 3483 3965 3504 ,

2391 3532 2575 3602 sicque
2603 3532 2760 3586 laesus
2790 3532 2968 3586 fuisse.
3003 3532 3220 3586 Sicnim
3252 3540 3460 3586 tentans
3490 3532 3822 3594 accessisset,
3856 3547 3970 3587 non

2391 3638 2622 3678 intercus
2647 3623 2716 3676 ob
2742 3623 2828 3676 illa
2859 3638 2974 3691 qua!
3019 3623 3252 3675 nutrierat
3297 3623 3624 3676 recessisset.
3666 3613 3774 3676 Hoc
3819 3622 3966 3676 enim

2390 3728 2672 3782 numquam
2702 3729 2764 3766 ex
2796 3713 3073 3767 Phariszcis
3101 3714 3289 3782 aliquis
3315 3721 3396 3766 est
3422 3727 3630 3782 passus,
3660 3713 3752 3768 sed
3773 3714 3971 3768 confu-

2391 3805 2482 3858 t.iti
2507 3805 2673 3874 magis
2693 3804 3116 3873 indignabantur.
3146 3804 3240 3858 llic
3261 3819 3386 3858 vero
3416 3819 3518 3857 non
3547 3806 3641 3867 sic,
3673 3804 3766 3858 sed
3799 3806 3973 3859 tristis

2387 3894 2533 3958 abit;
2579 3895 2715 3964 quod
2750 3894 2955 3964 signum
2990 3908 3091 3947 non
3125 3909 3342 3961 parvum
3368 3902 3476 3954 est.
3509 3893 3680 3962 ipsum
3707 3908 3808 3947 non
3840 3909 3968 3948 cum

2391 3985 2528 4037 mala
2578 3985 2848 4038 voluntate
2895 3984 3216 4048 accessisse,
3260 3985 3354 4038 sed
3402 4000 3522 4038 cum
3573 3983 3968 4045 imbecilliore.

2388 4087 2442 4130 et.
2485 4092 2608 4130 vere
2655 4077 2814 4128 vitam
2865 4075 3260 4141 concupivisse;
3311 4074 3410 4128 sed
3439 4074 3748 4142 gravissimo
3795 4073 3972 4128 fuisse

2390 4167 2576 4219 morbo
2639 4165 2927 4218 detentum.
2983 4164 3116 4218 Cum
3165 4163 3387 4217 dixisset
3438 4178 3568 4232 ergo
3619 4163 3822 4218 Iesus:
3871 4164 3968 4218 17.

2391 4258 2450 4321 Si
2492 4259 2561 4311 vis
2602 4258 2668 4309 ad
2710 4258 2861 4310 vitam
2896 4261 3112 4320 intrare,
3156 4272 3297 4309 serva
3332 4258 3569 4310 mandata
3603 4271 3622 4309 :
3663 4257 3789 4312 dicit
3831 4257 3971 4333 ille,

2391 4350 2673 4412 Quantam?
2722 4363 2825 4400 non
2893 4358 3099 4402 tentans
3142 4389 3155 4412 ,
3223 4346 3398 4410 absit;
3460 4346 3557 4400 scd
3597 4345 3735 4415 quod
3774 4347 3970 4401 existi-

2387 4449 2556 4493 tnaret
2599 4439 2699 4492 alia
2747 4436 2985 4508 qumdam
3036 4452 3155 4492 esse
3207 4437 3450 4490 mandata
3499 4445 3692 4505 praeter
3735 4437 3969 4504 legalis,

2387 4545 2504 4599 qua:
2543 4531 2702 4583 vitam
2733 4530 2831 4582 sibi
2866 4539 3080 4597 possent
3123 4529 3342 4592 allerre;
3371 4528 3510 4596 quod
3557 4526 3823 4582 desiderio
3864 4529 3970 4582 lla-

2386 4621 2584 4689 grantis
2610 4629 2740 4675 erat.
2778 4618 2972 4672 Deinde
2993 4660 3007 4683 ,
3038 4634 3158 4672 cum
3195 4619 3419 4672 dixisset
3441 4616 3602 4672 Jcsus
3647 4617 3776 4686 legis
3807 4633 3969 4672 man-

2385 4710 2501 4763 data
2529 4751 2541 4773 ,
2595 4708 2864 4780 respondit
2891 4708 2979 4762 ille
3010 4724 3026 4760 :
3054 4708 3143 4762 20.
3181 4707 3303 4761 ch
3329 4708 3495 4761 omnia
3525 4709 3714 4762 servavi
3748 4707 3808 4760 ab
3837 4707 3972 4762 ado-

2387 4800 2619 4852 lescentia
2645 4816 2774 4854 mea.
2807 4797 2986 4866 Neque
3017 4796 3100 4851 hic
3128 4799 3286 4852 tinem
3315 4797 3458 4860 fecit,
3489 4799 3585 4853 sed
3611 4814 3792 4854 rursus
3817 4814 3972 4868 quae-

2386 4891 2528 4956 sivit,
2568 4891 2704 4957 Quid
2731 4891 2898 4943 adhuc
2919 4891 3040 4943 mihi
3065 4890 3244 4944 deest?
3266 4889 3405 4959 quod
3438 4901 3492 4944 et
3527 4884 3696 4961 ipsum
3743 4880 3966 4959 δίεπιή

2386 4993 2498 5036 erat
2544 4983 2686 5036 illum
2750 4980 3015 5036 desiderio
3059 4983 3308 5051 flagrasse
3351 4995 3364 5033 :
3410 4996 3508 5035 nec
3567 4980 3970 5051 parvum'iliud

2385 5083 2518 5136 era',
2546 5072 2687 5142 quod
2716 5072 2814 5127 sibi
2847 5080 3054 5139 putaret
3079 5069 3272 5140 aliquid
3301 5069 3506 5135 deesse,
3541 5085 3710 5140 neque
3743 5079 3969 5140 putaret

2385 5163 2508 5216 satis
2535 5178 2653 5217 csse
2684 5178 2767 5228 ea,
2796 5178 2912 5228 qua:
2942 5161 3079 5214 dicta
3108 5161 3331 5225 inerant,
3357 5171 3413 5214 ut
3441 5171 3676 5230 optatum
3703 5175 3968 5230 asseque-

2385 5263 2546 5307 rcl'Jt'.
2577 5254 2711 5321 Quid
2757 5268 2884 5322 ergo
2913 5251 3152 5306 Christus
3177 5251 3206 5303 i‘
3229 5251 3357 5318 Quia
3399 5267 3643 5322 magnum
3688 5252 3968 5322 quidpiam

2384 5354 2742 5412 przccepturus
2768 5354 2880 5397 erat
2906 5385 2920 5401 .
2952 5345 3162 5413 praemia
3198 5345 3340 5412 prius
3385 5344 3674 5411 proponit,
3702 5353 3754 5398 et
3783 5345 3917 5398 dicit
3952 5362 3969 5398 :

2381 5435 2472 5490 “Il.
2504 5435 2560 5489 Si
2584 5436 2652 5488 vis
2675 5440 2922 5505 perfectus
2949 5452 3073 5497 esse,
3102 5435 3244 5496 vade.
3279 5435 3430 5487 vende
3446 5437 3616 5488 omnia
3645 5448 3763 5503 quae
3781 5435 3965 5500 habes,

2381 5538 2428 5582 et
2477 5528 2541 5579 da
2571 5529 2921 5597 pauperibus:
2954 5537 3006 5580 et
3032 5525 3230 5580 habebis
3271 5529 3563 5580 thesaurum
3605 5527 3657 5581 in
3695 5529 3870 5582 cretis:
3917 5538 3969 5582 et

2381 5621 2488 5674 veni
2509 5662 2523 5686 ,
2554 5636 2755 5688 sequere
2780 5636 2874 5671 me.

2451 5713 2502 5764 ‘2.
2547 5712 2728 5765 \‘iden‘
2759 5720 2887 5779 quot
2928 5709 3129 5773 bravia,
3172 5720 3301 5780 quot
3347 5722 3570 5765 catenas
3619 5710 3740 5764 huic
3781 5711 3969 5765 stadio

2383 5805 2596 5861 tribuit?
2625 5804 2680 5863 Si
2714 5821 2836 5861 vero
2865 5806 3140 5871 tentasset,
3170 5818 3273 5858 non
3301 5804 3414 5860 hinc
3444 5803 3517 5860 illi
3544 5803 3789 5860 dixisset.
3811 5803 3970 5861 Nunc
