4186 6488
244 425 342 480 605

245 551 410 599 autem
454 551 508 595 et
553 541 702 606 dicit,
741 545 796 593 et
842 545 898 590 ttt
936 535 1083 590 illum
1121 529 1371 594 attrahat,
1421 541 1666 595 magnam
1719 528 1820 593 Ipsa

249 634 542 691 mercedem
558 631 812 694 ostendit,
835 638 1109 697 totumque
1130 624 1245 694 ejus
1263 621 1518 676 voluntati
1546 616 1820 685 relinquit,

247 727 343 781 sub
362 725 547 779 umbra
579 724 805 794 quadam
847 720 1152 789 relinquens
1190 731 1254 770 ea
1279 729 1396 784 qua:
1428 713 1480 766 in
1507 711 1605 765 hac
1635 707 1823 774 admo-

249 820 442 874 nitione
482 819 660 888 gravia
690 832 808 872 esse
838 814 1152 868 videbantur
1189 827 1202 863 :
1248 807 1492 877 ideoque,
1536 813 1822 871 antequam

245 919 511 964 certamen
557 919 610 963 et
660 909 892 962 laborem
922 905 1145 964 diceret.
1188 899 1427 954 bravium
1454 894 1711 977 ostendit,
1737 892 1823 946 di-

244 1013 363 1053 cens
393 1019 406 1052 :
436 999 498 1053 Si
550 1000 622 1052 eis
669 1000 915 1069 perfectus
960 1011 1086 1060 esse,
1134 1002 1188 1046 et
1241 1001 1365 1045 tunc
1415 987 1618 1056 adjicit,
1659 985 1825 1038 Vende

243 1091 406 1143 omnia
429 1107 544 1160 qua:
563 1091 732 1155 Itebes,
762 1099 808 1142 et
839 1089 906 1141 da
936 1083 1276 1157 pauperibus;
1297 1082 1584 1149 statimque
1607 1077 1819 1147 praunia

243 1183 385 1246 dicit,
434 1182 754 1253 llabebisque
782 1183 1070 1235 thesaurum
1110 1178 1163 1232 in
1205 1177 1348 1241 calo,
1381 1185 1426 1229 et
1459 1173 1590 1237 ueni,
1619 1187 1824 1240 sequere

244 1291 334 1327 me.
361 1274 492 1328 Nam
516 1275 596 1330 vel
627 1275 773 1344 sequi
804 1274 969 1336 illum,
1004 1287 1191 1341 magna
1223 1285 1426 1324 merces
1451 1278 1554 1322 est.
1582 1267 1644 1320 Et
1670 1267 1824 1319 Imbe-

242 1365 312 1420 bis
339 1367 630 1419 thesaurum
669 1365 721 1417 in
759 1364 912 1418 catis.
950 1363 1082 1432 Quia
1107 1362 1249 1417 enim
1276 1361 1344 1415 de
1370 1359 1605 1430 pecuniis
1642 1373 1820 1412 sermo

239 1457 371 1513 erat,
396 1447 661 1518 illumque
684 1451 1022 1517 hortabatur,
1039 1462 1098 1507 ut
1118 1469 1177 1508 se
1195 1455 1450 1509 omnibus
1468 1456 1822 1525 exspoliaret,

239 1540 527 1595 ostendens
540 1556 646 1595 non
662 1558 760 1598 sua
778 1544 877 1598 sibi
901 1543 1125 1611 auferri,
1146 1547 1240 1600 sed
1257 1536 1465 1617 augeri,
1485 1549 1647 1602 etiam
1667 1547 1819 1619 plura

237 1629 308 1684 illi
345 1631 456 1695 dat,
485 1647 648 1701 quam
679 1632 793 1702 ipse
819 1635 1059 1703 praebere
1078 1637 1398 1704 juberetnr;
1445 1653 1620 1707 neque
1661 1638 1817 1708 plura

244 1717 414 1784 modo,
441 1718 537 1773 sed
566 1729 711 1774 tanto
743 1720 964 1790 majora,
995 1732 1194 1791 quanto
1235 1722 1404 1792 majus
1438 1723 1628 1776 crelum
1658 1737 1816 1793 quam

243 1818 372 1864 terra
413 1819 518 1876 est,
567 1811 674 1866 imo
701 1811 828 1880 quid
870 1811 1111 1868 ulterius.
1142 1811 1472 1868 Thesaurum
1511 1825 1688 1868 autem
1719 1828 1819 1882 ap-

241 1902 414 1972 pellat,
462 1906 666 1975 przcmii
709 1906 1092 1976 przestantiam,
1141 1905 1508 1972 stabilitatem,
1554 1906 1815 1961 securita-

239 2003 442 2065 temque
468 1996 586 2065 ejus
614 1997 910 2063 declarans,
942 2009 1194 2068 quantum
1235 2014 1330 2069 per
1359 1997 1586 2052 humana
1628 1998 1814 2052 subiu-

234 2085 407 2143 dicare
438 2097 644 2159 poterat
673 2091 928 2145 audienti.
959 2090 1074 2145 Non
1102 2107 1228 2160 ergo
1257 2093 1386 2144 satis
1424 2099 1507 2146 est
1536 2091 1814 2161 pecuniam

236 2190 604 2242 contemnere;
648 2181 742 2236 sed
788 2191 997 2253 oportet
1041 2199 1302 2253 pauperes
1359 2184 1537 2245 alere;
1586 2193 1640 2238 et
1690 2195 1814 2240 ante

235 2271 403 2324 omnia
431 2269 700 2326 Christum
729 2276 900 2344 sequi,
937 2274 986 2329 id
1014 2285 1116 2334 est,
1143 2276 1318 2330 omnia
1351 2275 1497 2345 jussa
1525 2276 1641 2344 ejus
1664 2291 1814 2330 coma

233 2361 392 2430 plere,
422 2377 544 2418 esse
569 2364 805 2434 quotidie
834 2375 1072 2434 paratum
1100 2367 1165 2420 ad
1196 2367 1390 2431 czedes,
1414 2376 1467 2421 et
1486 2367 1551 2421 ad
1584 2377 1810 2422 mortem

231 2453 607 2520 quotidianam.
658 2457 746 2508 Ait
774 2457 913 2510 enim
949 2474 962 2510 :
998 2455 1058 2512 Si
1101 2458 1212 2527 quis
1241 2459 1346 2511 vult
1373 2468 1484 2528 post
1520 2476 1599 2511 nte
1622 2460 1806 2527 venire,

231 2544 428 2616 abneget
454 2550 797 2617 semetipsum,
827 2559 872 2602 et
895 2549 1040 2604 tollat
1069 2567 1264 2604 crucem
1297 2568 1460 2618 suam,
1502 2563 1546 2606 et
1570 2563 1810 2622 sequatur

229 2638 471 2708 πίδακι.
501 2641 556 2696 9.
589 2640 705 2710 25);
738 2641 878 2712 quod
916 2643 1153 2709 profecto
1184 2645 1488 2699 mandatum
1536 2649 1805 2716 proprium

230 2731 482 2791 fundendi
516 2735 828 2803 sanguinem
877 2741 1046 2804 majus
1074 2745 1174 2797 est.
1205 2753 1362 2805 quam
1395 2739 1632 2808 pecunia:
1672 2755 1806 2794 cou-

228 2830 447 2893 tentptus
477 2843 489 2879 :
522 2827 611 2896 qui
637 2835 810 2881 tamen
835 2843 938 2882 non
969 2844 1150 2898 parum
1182 2830 1388 2884 confert
1416 2832 1482 2885 ad
1513 2833 1637 2887 illud
1659 2848 1808 2888 asse-

225 2917 507 2985 quendum.
556 2918 646 2975 22.
690 2917 816 2974 Cum
864 2921 1086 2975 audisset
1135 2931 1302 2976 autem
1333 2923 1648 2990 adolescens,
1681 2926 1804 2978 abiit

225 2992 390 3060 tristis.
419 3008 576 3075 Quod
625 3025 730 3063 non
761 3011 876 3064 sine
915 3026 1073 3067 causa
1099 3013 1356 3068 accidisse
1387 3015 1458 3069 illi
1487 3015 1803 3086 significavit

223 3100 532 3167 evangelista
556 3100 738 3154 dicens
777 3118 791 3154 :
822 3100 1044 3157 Habebat
1064 3105 1198 3158 enim
1235 3107 1570 3173 possessiones
1593 3107 1798 3164 multas.

285 3188 471 3245 Ditn'tes
497 3192 786 3261 cupidiores
810 3204 926 3247 sunt
948 3211 1098 3257 quam
1118 3197 1200 3266 qui
1227 3197 1423 3250 modica
1447 3198 1672 3268 gaudent
1694 3201 1801 3268 for—

221 3286 349 3334 tuna.
381 3282 622 3339 Avaritia:
641 3286 713 3339 vis
740 3297 946 3354 quanta.
975 3318 1047 3328 —
1073 3289 1188 3343 Non
1215 3291 1291 3344 sic
1317 3291 1460 3346 enim
1491 3291 1799 3347 detinentur

220 3371 272 3438 ii,
302 3375 490 3443 quibus
519 3393 698 3447 pauca:
727 3379 1027 3448 facultates,
1057 3392 1115 3436 ut
1144 3383 1175 3436 ii
1204 3383 1291 3453 qui
1314 3385 1477 3438 multa
1504 3400 1683 3441 rerum
1705 3401 1798 3440 co-

219 3464 296 3532 pia
327 3463 575 3535 fruuntur
602 3482 618 3523 :
647 3478 769 3525 tunc
793 3474 934 3525 enim
955 3474 1234 3529 violentior
1257 3475 1551 3545 cupiditas:
1577 3476 1625 3531 id
1653 3477 1792 3547 quod

218 3552 414 3610 dicendi
457 3557 619 3612 finem
649 3575 754 3615 non
801 3561 1009 3630 faciam,
1057 3580 1248 3635 nempe
1285 3568 1594 3622 accessione
1631 3583 1792 3638 opum

217 3646 460 3716 majorem
480 3653 1000 3718 accendiflannnam,
1025 3667 1078 3712 et
1092 3673 1424 3727 possessores
1449 3662 1793 3731 pauperiores

218 3738 365 3806 efllei,
398 3745 519 3813 quia
551 3745 790 3814 pluribus
817 3749 1174 3818 corripiuntur
1197 3753 1594 3821 cupiditatibus,
1628 3765 1681 3811 et
1712 3758 1792 3810 in-

217 3831 489 3903 digentiam
534 3840 702 3909 magis
744 3841 998 3896 sentiunt.
1047 3843 1141 3898 llic
1181 3846 1574 3902 animadvertas
1603 3850 1786 3913 velim,

215 3935 452 3992 quantam
484 3930 700 3986 morbus
727 3933 830 3985 vim
862 3934 1181 3991 exhibuerit.
1212 3936 1362 3992 Illum
1394 3939 1535 3993 enim
1558 3941 1787 4010 quicum

214 4017 394 4085 gaudio
431 4030 485 4075 et
528 4023 802 4079 alacritate
849 4039 1168 4089 accesserat,
1220 4029 1307 4083 ubi
1352 4031 1595 4088 Christus
1630 4035 1792 4103 jussit

215 4111 453 4176 pecunias
481 4113 736 4177 sbjicem,
768 4117 835 4170 ita
863 4117 1039 4173 obruit
1063 4130 1115 4173 et
1147 4120 1354 4187 afflixit,
1387 4132 1442 4177 ut
1473 4140 1540 4179 nc
1557 4141 1785 4194 respon-

215 4197 406 4254 sionem
447 4203 662 4273 quidem
695 4206 867 4273 daret,
912 4210 1005 4263 sed
1034 4212 1218 4277 silens,
1251 4215 1438 4279 tristis,
1483 4227 1538 4271 et
1567 4231 1788 4273 mmstus

214 4289 386 4344 abiret.
419 4293 556 4360 Quid
591 4296 748 4366 igitur
771 4297 1052 4355 Christus?
1078 4302 1167 4357 25.
1206 4304 1370 4371 Quam
1394 4307 1594 4377 diﬁicile
1613 4310 1788 4365 divites

214 4382 456 4441 intrabunt
492 4391 548 4442 in
592 4407 800 4461 regnum
853 4393 1124 4448 calorum!
1153 4413 1255 4451 non
1295 4402 1548 4470 pecunias
1577 4403 1785 4473 vitupe-

214 4487 348 4540 rans,
378 4477 470 4534 sed
499 4494 594 4533 eos
619 4482 706 4549 qui
733 4482 1037 4539 detinentur
1057 4485 1125 4540 ab
1150 4486 1297 4556 ipsis;
1322 4490 1375 4545 Si
1399 4491 1616 4548 difficile
1644 4493 1783 4549 divi-

215 4575 304 4628 tes.
329 4569 481 4644 longe
510 4572 779 4629 difﬁcilius
822 4578 988 4631 avari.
1039 4578 1170 4633 Nam
1216 4583 1258 4634 si
1299 4597 1392 4636 sua
1442 4601 1546 4638 non
1582 4585 1782 4657 largiri,

215 4659 640 4730 impedimentum
685 4677 768 4723 est
805 4669 869 4724 ad
921 4687 1141 4742 regnum
1169 4676 1578 4745 assequendum,
1609 4681 1784 4735 aliena

214 4766 407 4822 rapere,
436 4757 609 4829 cogita
633 4769 886 4829 quantum
915 4762 1088 4832 ignem
1130 4767 1450 4822 accumulet.
1477 4769 1584 4824 Cur
1606 4779 1782 4825 autem

212 4839 469 4913 discipulis
514 4848 663 4912 dicit,
707 4849 926 4906 difficile
964 4851 1182 4908 divitem
1225 4856 1276 4910 in
1304 4873 1522 4926 regnum
1565 4861 1779 4928 intrare,

212 4932 291 5000 qui
319 4950 574 5006 pauperes
600 4949 772 5005 erant,
807 4941 1044 5014 nihilque
1065 4945 1444 5013 possidebant?
1473 4950 1637 5005 Docet
1667 4952 1786 5008 illos

213 5039 272 5076 ne
289 5026 353 5084 de
379 5039 688 5098 paupertate
711 5033 1049 5102 erubescant,
1079 5047 1134 5092 et
1173 5041 1430 5095 rationem
1463 5044 1655 5112 reddit,
1687 5060 1787 5101 rur

214 5118 330 5172 nihil
356 5135 447 5175 eos
480 5122 678 5178 habere
718 5126 1043 5194 permiserit.
1082 5129 1368 5198 Postquam
1409 5144 1585 5190 autem
1627 5136 1780 5204 dixit,

211 5220 311 5262 rem
335 5225 452 5267 esse
477 5211 772 5281 difticilem,
793 5231 905 5271 rem
928 5233 1033 5271 non
1056 5235 1214 5289 posse
1236 5221 1373 5289 fieri,
1395 5235 1575 5294 postea
1604 5239 1784 5284 osten-

208 5294 296 5363 dit,
326 5315 420 5356 nec
447 5302 608 5359 modo
653 5303 767 5360 fieri
798 5323 905 5362 non
946 5324 1123 5378 posse,
1169 5314 1262 5369 sed
1291 5331 1356 5370 ex
1386 5322 1784 5388 comparatione

211 5383 332 5444 facta
357 5396 544 5449 cameli
570 5406 729 5465 atque
757 5414 904 5465 acus,
934 5402 1131 5472 aliquid
1154 5405 1288 5461 ultra
1311 5383 1779 5470 addere-videtur:

211 5492 319 5535 nam
347 5485 444 5550 ait,‘
462 5485 553 5542 24.
598 5487 830 5545 Facilius
855 5504 930 5548 est
971 5499 1218 5553 camelum
1261 5518 1352 5570 per
1388 5505 1617 5574 foramen
1660 5526 1781 5563 acus

211 5576 438 5642 tramire,
478 5597 629 5649 quam
676 5582 879 5638 diuitem
926 5587 1118 5643 intrare
1165 5593 1219 5646 in
1263 5611 1471 5666 regnum
1519 5583 1778 5658 calortbn.

211 5659 350 5760 Ibide
391 5672 691 5726 ostenditur
719 5689 825 5729 non
870 5691 1056 5746 parum
1085 5659 1350 5740 mercedis
1379 5691 1552 5756 parari
1597 5690 1779 5760 diviti—

208 5753 332 5821 bus,
375 5763 461 5826 qui
510 5763 871 5836 philosophari
918 5774 1144 5839 possint.
1175 5774 1312 5832 Ideo'
1339 5753 1430 5836 Dei
1470 5797 1607 5854 Optls
1649 5753 1781 5843 illbd

210 5860 315 5905 esse
331 5856 576 5924 asseruit,
604 5867 659 5913 ut
681 5858 780 5915 dec
798 5875 996 5933 araret,
1022 5882 1208 5940 magna
1228 5887 1360 5943 opus
1377 5890 1496 5932 esse
1508 5879 1673 5948 gratia
1703 5881 1774 5948 ei,

1246 417 1309 470 IN
1347 410 1758 470 MATTIIA‘LUM
1799 408 2030 464 IIOMIL.
2073 409 2256 464 LXIII.
2296 411 2368 466 al.
2412 410 2592 466 LXIV.

3433 414 3533 466 606

1934 521 2024 592 qui
2055 520 2106 575 id
2137 533 2483 589 suscepturus
2523 532 2684 576 esset.
2729 523 3059 579 Perturbatis
3099 538 3230 594 ergo
3259 518 3534 594 discipulis

1931 612 2107 667 dixit:
2138 611 2228 667 26.
2281 610 2392 667 Hoc
2435 614 2576 680 apud
2623 614 2849 670 homines
2904 615 3218 680 impossibile
3261 627 3354 680 est,
3394 624 3533 687 apud

1931 704 2097 759 Deum
2121 715 2291 759 autem
2319 706 2488 760 omnia
2506 708 2763 777 possibilia
2787 717 2924 761 sunt.
2954 707 3064 762 Cur
3083 719 3260 763 autem
3283 709 3530 779 discipuli

1934 799 2245 864 turbantur,
2295 799 2385 868 qui
2433 814 2730 868 pauperes,
2774 802 2880 854 imo
2925 800 3212 856 admodum
3267 819 3532 873 pauperes

1931 892 2092 946 sunt?
2116 909 2212 949 cur
2238 908 2366 963 ergo
2397 892 2708 947 turbantur?
2740 894 2814 949 De
2828 895 3115 949 multarunt
3134 895 3328 950 amissa
3356 897 3528 955 salute

1929 983 2195 1050 dolentes,
2222 985 2311 1054 qui
2343 999 2531 1053 magna
2570 1000 2695 1054 erga
2726 999 2916 1040 omnes
2939 988 3161 1040 caritate
3188 987 3526 1058 tenebantur,

1929 1083 1982 1129 et
2004 1074 2114 1144 jam
2139 1076 2512 1144 magistrorum
2531 1077 2734 1130 viscera
2761 1077 3038 1147 gerebant.
3063 1077 3351 1135 Timebant
3371 1082 3526 1153 igitur

1930 1166 2332 1236 tremebantque
2358 1182 2454 1237 pro
2483 1175 2594 1221 toto
2621 1168 2773 1232 orbe,
2806 1168 2894 1222 tali
2939 1170 3207 1225 sententia
3248 1174 3523 1238 cbmmoti,

1928 1256 1998 1310 ita
2030 1266 2085 1310 ut
2111 1258 2274 1310 multa
2305 1267 2523 1327 egerent
2548 1259 2934 1314 consolatione.
2963 1259 3076 1327 Qua
3105 1259 3174 1314 de
3199 1277 3360 1317 causa
3382 1273 3526 1331 post-

1925 1363 2084 1416 quam
2135 1349 2282 1417 prius
2322 1349 2628 1418 inspexerat
2670 1357 2788 1414 ‘cos,
2823 1349 2958 1405 dixit
2986 1367 3001 1405 :
3035 1351 3163 1417 Qua:
3192 1352 3525 1423 impossibilia

1923 1451 2038 1494 sunt
2065 1441 2206 1511 apud
2247 1442 2495 1505 homines,
2537 1441 2799 1512 possibilia
2827 1453 2946 1498 sunt
2985 1445 3131 1514 apud
3161 1443 3325 1499 Deum
3355 1445 3375 1519 (
3393 1446 3521 1503 Luc.

1926 1533 2014 1587 l8.
2039 1532 2152 1603 27).
2180 1531 2425 1588 Jucundo
2450 1535 2592 1589 enim
2623 1549 2686 1589 ac
2705 1545 2985 1591 mansueto
3005 1548 3226 1608 aspectu
3253 1538 3372 1593 illos
3400 1541 3515 1596 hor-

1923 1638 2047 1678 rore
2091 1624 2254 1678 animi
2303 1634 2489 1695 captos
2539 1627 2685 1696 prius
2723 1628 3049 1692 consolatus,
3079 1639 3135 1684 et
3161 1632 3404 1701 angustia
3435 1633 3520 1688 illa

1922 1714 2096 1768 soluta
2149 1715 2302 1786 (hoc
2357 1716 2502 1771 enim
2549 1718 2867 1787 significavit
2927 1721 3253 1791 evangelista
3311 1723 3521 1790 dicens,

1922 1801 2215 1875 Respiciens
2233 1803 2274 1876 ).
2329 1815 2452 1860 tunc
2497 1807 2674 1862 verbis
2713 1809 2834 1864 illos
2881 1811 3054 1890 erigit,
3102 1811 3196 1868 Dei
3227 1815 3520 1881 potentiam

1922 1896 1974 1950 in
2005 1897 2238 1952 medium
2267 1898 2561 1967 adducens,
2591 1909 2646 1956 et
2665 1902 2743 1958 sic
2771 1902 3018 1957 fiduciam
3049 1905 3261 1960 indidit.
3301 1907 3356 1962 Si
3392 1909 3521 1963 velis

1919 1998 2096 2043 autem
2129 1990 2347 2046 modum
2377 2007 2590 2064 quoque
2613 1992 2875 2061 ediscere,
2907 2004 2961 2049 et
2981 2011 3087 2067 quo
3106 2007 3260 2067 pacto
3286 1998 3360 2065 id,
3379 2002 3517 2070 quod

1921 2080 2249 2150 impossibile
2288 2092 2389 2145 est,
2423 2085 2676 2152 possibile
2710 2085 2818 2151 fiat,
2867 2087 3014 2142 audi.
3078 2088 3193 2143 Non
3222 2097 3366 2146 enim
3399 2093 3520 2148 ideo

1918 2171 2073 2239 dixit,
2125 2190 2242 2245 quae
2289 2177 2633 2246 impossibilia
2677 2188 2801 2233 sunt
2849 2178 3196 2251 hominibus,
3245 2187 3519 2256 possibilia

1919 2277 2037 2318 esse
2070 2266 2197 2332 Deo,
2231 2277 2288 2321 ttt
2319 2269 2499 2323 animo
2524 2269 2797 2336 concidas,
2827 2281 2877 2326 et
2904 2273 2973 2326 ab
3003 2273 3068 2326 iis
3091 2276 3240 2344 quasi
3269 2279 3518 2349 impossi-

1915 2354 2112 2412 bilibns
2149 2359 2398 2427 absistas,
2443 2361 2536 2416 sed
2578 2371 2636 2416 ut
2665 2362 2930 2419 intellecta
2967 2364 3218 2422 facinoris
3248 2373 3518 2442 magnitu-

1914 2445 2060 2511 dine,
2104 2447 2312 2505 facilius
2354 2466 2468 2506 rem
2516 2453 2877 2523 aggredieris,
2923 2465 2977 2512 et
3019 2457 3268 2516 invocato
3319 2463 3426 2518 Deo
3457 2474 3516 2520 ut

1915 2537 2072 2606 opem
2106 2539 2205 2592 tibi
2237 2540 2290 2592 in
2322 2539 2408 2595 his
2438 2541 2687 2609 pulchris
2729 2546 3129 2606 certaminibus
3159 2562 3404 2622 praestet,
3434 2555 3523 2610 vi-

1911 2636 2023 2683 tam
2054 2633 2444 2701 consequaris.

1983 2717 2038 2772 3.
2079 2718 2360 2786 Quomodo
2387 2723 2546 2792 igitur
2575 2723 2625 2778 id
2659 2725 2773 2780 fieri
2799 2729 3005 2795 possit?
3033 2730 3087 2786 Si
3115 2747 3246 2802 opes
3267 2735 3509 2808 abjicias,

1910 2809 1954 2863 si
1981 2813 2235 2878 pecunias
2259 2828 2503 2879 evacues,
2549 2817 2591 2870 si
2620 2833 2647 2869 a
2675 2820 2814 2874 mala
2855 2825 3286 2894 concupiscentia
3316 2831 3508 2888 absce-

1909 2900 2023 2956 das.
2065 2903 2215 2968 Quod
2259 2907 2400 2960 enim
2449 2908 2498 2961 id
2540 2925 2643 2964 non
2687 2913 2787 2967 soli
2818 2914 2927 2970 Deo
2973 2894 3254 2985 tribuattir,
3284 2925 3377 2979 sed
3406 2925 3508 2983 hoc

1908 2993 2030 3050 ideo
2050 2995 2263 3062 dixerit,
2292 3009 2351 3055 ut
2385 3002 2461 3056 rei
2505 3003 2877 3062 difficultatem
2919 3014 3262 3080 exprimeret,
3293 3019 3415 3073 andi
3441 3035 3504 3076 ea

1906 3102 2026 3155 qua:
2051 3099 2363 3158 sequuntur.
2394 3093 2555 3149 Petro
2600 3112 2830 3169 namque
2858 3100 3090 3166 dicente,
3130 3105 3222 3161 27.
3251 3106 3382 3164 Ecce
3411 3127 3505 3166 nos

1907 3180 2203 3248 reliquimus
2228 3186 2420 3250 omnia,
2469 3197 2516 3239 et
2539 3191 2738 3259 sequuti
2751 3208 2925 3248 sumus
2942 3204 3007 3258 te,
3036 3205 3090 3252 et
3115 3197 3502 3272 interrogante,

1909 3272 2046 3338 Quid
2069 3290 2189 3345 ergo
2217 3279 2312 3358 erit
2336 3281 2520 3335 nobis?
2545 3285 2849 3340 mercedem
2881 3288 2983 3343 illis
3005 3299 3266 3355 statuens,
3289 3295 3503 3366 subjun-

1904 3368 1977 3420 xit
2008 3387 2020 3420 :
2051 3367 2140 3423 29.
2186 3369 2250 3422 Et
2278 3373 2580 3446 quicumque
2612 3378 2870 3447 reliquerit
2899 3382 3106 3437 domum
3128 3386 3207 3442 uel
3230 3405 3401 3458 agros,
3425 3394 3503 3447 vel

1900 3461 2103 3528 fratres,
2133 3462 2212 3516 vel
2239 3479 2452 3531 sorores,
2487 3465 2565 3520 uel
2592 3479 2805 3537 patrem,
2838 3473 2916 3527 vel
2940 3487 3169 3543 matrem,
3209 3483 3500 3552 centuplum

1898 3551 2112 3622 accipiet
2137 3555 2190 3607 in
2215 3557 2454 3625 presenti
2481 3560 2690 3626 steculo,
2720 3571 2768 3615 et
2796 3563 2950 3618 vitam
2989 3578 3235 3622 aeternam
3267 3551 3498 3638 posside-

1898 3642 1989 3695 bit.
2020 3643 2109 3699 Sic
2153 3647 2295 3715 quod
2323 3647 2652 3718 impossibile
2679 3662 2781 3716 est,
2815 3653 2874 3709 fit
2915 3659 3188 3726 possibile.
3219 3661 3323 3717 Sed
3361 3681 3498 3736 quo.

1897 3737 2079 3801 modo,
2101 3739 2331 3809 inquies,
2351 3741 2465 3797 ba:c
2493 3744 2798 3813 relinquere
2821 3751 3074 3818 possibile
3090 3757 3207 3809 est?
3228 3762 3498 3826 quomodo

1896 3839 2071 3896 potest
2097 3830 2160 3894 is,
2189 3832 2278 3902 qui
2303 3841 2444 3887 tanta
2469 3838 2813 3907 pecuniarum
2830 3841 3123 3911 cupiditate
3144 3847 3366 3904 obrutus
3389 3861 3494 3920 est,

1896 3924 2076 3978 statim
2105 3928 2424 3996 emergere?
2447 3927 2500 3984 Si
2528 3931 2746 4002 incipiat
2775 3947 2907 4002 opes
2937 3950 3219 4005 evacuare,
3244 3952 3298 3997 et
3318 3957 3497 4013 snper-

1895 4015 1996 4069 ﬂua
2026 4018 2329 4085 pnncidere.
2368 4021 2441 4075 Ita
2470 4023 2613 4077 enim
2645 4034 2696 4079 et
2729 4025 2950 4084 ulterius
2976 4033 3250 4100 procedet,
3278 4044 3332 4090 et
3361 4035 3496 4093 faci-

1892 4107 1995 4162 lius
2029 4119 2208 4176 postea
2232 4121 2433 4169 curret.

1964 4201 2158 4255 Avarus
2202 4204 2457 4260 sitibundo
2504 4217 2551 4260 et
2590 4208 2895 4280 febricitanti
2923 4214 3125 4284 similis,
3168 4221 3323 4275 simili
3344 4226 3496 4280 modo

1892 4295 2151 4348 curandus
2180 4306 2271 4351 est.
2297 4298 2468 4354 —Ne
2509 4300 2686 4372 itaque
2730 4304 2885 4359 simul
2933 4303 3102 4364 totum
3143 4316 3492 4383 aggrediaris,

1891 4386 1987 4442 sed
2036 4388 2234 4442 sensim
2280 4399 2334 4444 et
2379 4391 2630 4460 paulatim
2671 4409 2770 4465 per
2813 4395 2949 4454 hanc
2996 4403 3192 4457 scalam
3233 4410 3490 4479 ascende,

1890 4494 2009 4548 quas
2023 4479 2090 4534 ad
2111 4482 2299 4535 calum
2325 4489 2377 4537 te
2404 4482 2639 4547 adducit,
2659 4485 2703 4539 si
2728 4486 2944 4544 difficile
2973 4491 3064 4545 tibi
3089 4493 3300 4563 videtur
3322 4509 3490 4555 totum

1890 4572 2048 4626 simul
2078 4573 2311 4642 assequi.
2344 4573 2804 4641 Quemadmodum
2835 4581 2978 4635 enim
3021 4582 3405 4647 febricitantes.
3438 4604 3493 4647 et

1890 4665 1979 4735 qui
2007 4681 2183 4720 acrem
2221 4665 2381 4724 bilem
2411 4668 2551 4723 intus
2593 4671 2794 4726 habent
2823 4677 3228 4747 cxuberantem,
3260 4699 3382 4740 cum
3412 4687 3489 4740 ci-

1890 4754 2016 4811 bum
2042 4767 2097 4812 et
2125 4767 2308 4828 potum
2353 4761 2594 4828 sorbent,
2627 4779 2734 4818 non
2765 4767 2925 4821 modo
2971 4785 3078 4824 non
3109 4773 3250 4828 sitim
3283 4779 3491 4833 exstin-

1888 4858 2076 4920 guunt,
2100 4851 2194 4904 sed
2225 4853 2386 4907 etiam
2411 4851 2680 4910 flammam
2711 4860 3045 4916 succendunt
3076 4880 3090 4917 :
3123 4865 3202 4921 sic
3239 4877 3293 4923 et
3320 4872 3488 4940 avari,

1889 4965 2010 5007 cum
2040 4951 2162 5008 huic
2187 4969 2366 5024 pravas
2387 4955 2690 5033 cupiditati,
2713 4957 2819 5015 bile
2839 4962 3054 5026 acriori,
3087 4968 3341 5033 pecunias
3358 4969 3488 5026 atl'e-

1888 5053 2035 5112 runt,
2081 5044 2224 5100 illam
2257 5030 2424 5117 magis
2469 5047 2819 5107 inflammant.
2865 5051 3006 5108 Nihil
3050 5058 3192 5111 enim
3238 5060 3317 5116 sic
3345 5061 3487 5116 illam

1889 5135 2061 5199 sedat,
2097 5147 2156 5190 ut
2184 5139 2228 5192 si
2255 5139 2454 5194 interea
2472 5156 2499 5196 a
2524 5142 2656 5198 lucri
2680 5144 2972 5214 cupiditate
2996 5148 3321 5218 discedatur,
3351 5154 3491 5209 sicut

1888 5231 2049 5284 etiam
2073 5247 2251 5287 acrem
2279 5233 2441 5288 bilem
2465 5234 2617 5291 sedat
2650 5237 2801 5292 cibus
2835 5241 3076 5295 modicus
3104 5252 3158 5297 et
3185 5247 3482 5302 evacuatio.

1887 5322 1992 5379 Sed
2021 5323 2170 5392 illud,
2200 5325 2428 5396 inquies,
2454 5328 2723 5396 quomodo
2746 5331 2877 5385 lict?
2901 5331 2956 5387 Si
2984 5335 3184 5404 cogites
3206 5343 3277 5398 te,
3296 5353 3489 5408 quam-

1887 5414 1976 5468 diu
2008 5414 2206 5471 divitiis
2225 5417 2433 5484 afllues,
2465 5434 2753 5490 numquam
2781 5423 2923 5477 sitim
2949 5427 3290 5495 exstinguere
3306 5443 3488 5499 posse,

1889 5507 1980 5563 sed
2012 5509 2132 5579 plus
2163 5508 2396 5565 habendi
2427 5511 2678 5581 cupidine
2715 5515 2767 5567 in
2802 5515 2975 5572 tabem
3009 5517 3284 5587 lapsorum
3325 5538 3486 5578 esse:

1889 5599 1933 5655 si
1985 5611 2161 5656 autem
2211 5615 2343 5674 Opes
2387 5602 2723 5673 deposueris,
2767 5605 2905 5662 hanc
2928 5609 3301 5680 aagritudiucm
3329 5629 3486 5684 posse

1888 5693 2177 5764 deponere.
2227 5695 2347 5750 Noli
2390 5711 2518 5766 ergo
2569 5699 2718 5768 plura
2767 5701 2967 5757 circum
3004 5720 3281 5776 aggerere.
3321 5723 3389 5763 ne
3418 5725 3482 5765 ea

1889 5789 2227 5858 persequaris
2253 5803 2375 5860 quas
2401 5805 2509 5845 non
2542 5802 2767 5860 possunt
2801 5795 3151 5866 apprehendi,
3193 5809 3247 5855 et
3262 5799 3488 5857 incurs-

1891 5880 1985 5936 bili
2015 5881 2205 5936 morbo
2234 5880 2468 5951 labores,
2517 5883 2714 5955 talique
2755 5885 2904 5944 rabie
2933 5902 3216 5964 correptus
3245 5893 3486 5953 omnium
