4186 6478
664 395 768 452 60⁸1

665 506 996 565 miserrimus
1016 506 1110 565 sis.
1141 500 1423 573 Responde
1440 500 1574 556 mihi
1606 518 1624 557 :
1653 513 1809 569 quem
1844 497 2085 555 dicamus
2125 505 2237 551 tor-

664 601 813 670 queri
842 610 895 667 et
931 597 1179 661 cruciari,
1210 605 1400 651 eumue
1422 595 1510 663 qui
1536 592 1733 647 lautum
1754 591 1930 647 cibum
1974 601 2030 646 et
2057 600 2236 661 potum

666 691 860 757 mtpiat,
883 702 981 741 nec
1010 686 1176 755 possit
1199 685 1391 755 optatis
1412 684 1517 739 frui
1542 702 1557 740 :
1584 699 1653 737 an
1675 698 1796 738 eum
1823 681 1913 753 qui
1934 680 2238 751 huiusmodi

666 777 1147 847 concupiscentiam
1188 791 1295 831 non
1329 775 1525 829 habet?
1563 773 1751 829 Procul
1789 772 1950 827 dubio
1987 771 2240 840 concupi-

665 885 922 938 sccntcm,
954 873 1044 943 qui
1075 887 1177 926 non
1207 871 1374 941 possit
1397 850 1459 926 ἐει
1486 884 1604 939 qure
1642 868 1972 937 concupiscit
2005 866 2234 935 assequi.

665 965 794 1020 Nam
840 966 909 1019 ita
956 966 1206 1019 miserum
1255 972 1357 1031 est,
1401 962 1870 1031 concupiscentem
1915 968 2097 1031 optato
2140 958 2239 1015 frui

666 1073 770 1111 non
789 1071 965 1125 posse,
998 1070 1102 1110 nec
1115 1056 1382 1110 sitientem
1410 1054 1611 1118 bibere,
1637 1062 1692 1107 ut
1711 1052 2009 1123 gehennam
2038 1051 2241 1106 descri-

666 1150 811 1203 here“
840 1150 1022 1203 volens
1060 1147 1321 1215 Christus,
1359 1145 1464 1206 boc
1502 1145 1643 1201 illam
1683 1144 1843 1199 modo
1882 1143 2148 1215 depingat,
2186 1151 2241 1197 et

668 1240 885 1295 divitem
918 1239 1127 1293 inducat
1169 1238 1362 1292 ardore
1400 1238 1711 1300 cruciatum,
1760 1238 1851 1307 qui
1893 1250 2012 1290 cum
2038 1242 2238 1303 guttam

663 1344 814 1395 aquae
864 1336 1121 1397 posceret.
1169 1342 1267 1393 nec
1303 1326 1391 1382 illa
1442 1326 1541 1380 frui
1588 1334 1787 1395 posset,
1818 1328 1885 1379 ita
1927 1324 2242 1394 puniebatur

664 1418 830 1489 (Luc.
861 1418 975 1487 l6).
1001 1418 1183 1487 itaque
1214 1417 1277 1483 is,
1308 1417 1394 1486 qui
1426 1416 1673 1486 pecunias
1705 1415 1950 1484 despicit,
1980 1413 2240 1484 Cupidita-

668 1518 777 1564 tcm
803 1508 1040 1575 sedavit;
1067 1509 1153 1577 qui
1172 1516 1345 1562 autem
1374 1506 1636 1562 ditescere
1658 1506 1828 1577 cupit,
1854 1516 1909 1559 et
1934 1506 2083 1574 plura
2109 1519 2239 1559 con-

666 1616 877 1669 gerere,
908 1602 1049 1655 illam
1072 1600 1237 1668 magis
1262 1600 1423 1662 auxit,
1457 1608 1508 1653 et
1536 1612 1819 1689 numquam
1843 1597 1999 1652 linem
2031 1597 2242 1664 assequi

667 1690 808 1757 valet
826 1691 876 1743 ‘;
905 1689 1112 1745 etiamsi
1139 1688 1281 1745 enim
1312 1689 1583 1743 innumera
1612 1689 1807 1742 talenta
1828 1687 2112 1756 acceperit,
2139 1687 2241 1741 alia

667 1784 778 1852 pari
806 1796 1025 1837 numero
1052 1781 1423 1849 cottcupiscit;
1457 1780 1500 1834 si
1523 1779 1638 1834 haec
1661 1783 2034 1848 consequatur.
2060 1793 2244 1833 rursus

666 1874 827 1943 duplo
862 1875 1007 1943 plura
1034 1872 1324 1935 desiderat,
1362 1872 1605 1940 uittaque
1634 1884 1969 1940 progressus,
2014 1880 2242 1935 montes,

668 1975 885 2029 terram,
913 1979 1060 2019 mare
1089 1971 1144 2020 et
1172 1964 1359 2019 omnia
1376 1963 1474 2017 sibi
1506 1978 1693 2015 aurum
1733 1960 1869 2017 efﬁci
1910 1969 2077 2031 optat,
2106 1976 2245 2016 novo

666 2067 720 2112 et
741 2055 957 2111 terribili
1012 2057 1201 2111 furoris
1240 2070 1433 2125 genere
1477 2054 1784 2117 insaniens,
1833 2055 2241 2123 quitlttuntquam

672 2150 836 2217 possit
855 2148 1137 2218 exstingui.
1165 2150 1334 2216 Atque
1356 2159 1414 2202 ut
1443 2148 1641 2210 discas,
1667 2162 1771 2203 non
1796 2148 2115 2213 accessione,
2148 2148 2241 2204 sed

670 2241 1021 2301 :thstractione
1062 2240 1161 2299 hoc
1187 2240 1380 2293 malum
1411 2240 1525 2293 sisti
1568 2253 1723 2309 posse
1756 2257 1771 2293 :
1801 2239 1849 2294 si
1879 2249 1929 2295 te
1961 2240 2245 2310 aliquando

670 2324 901 2386 absurda
946 2332 1155 2386 volandi
1204 2331 1399 2401 cupido
1441 2332 1750 2397 incesseret,
1799 2333 2067 2402 quomodo
2104 2334 2242 2388 illam

670 2424 1070 2494 restingueres?
1105 2440 1172 2478 an
1220 2439 1340 2478 cum
1382 2423 1483 2477 alis
1520 2424 1745 2493 aliisque
1787 2425 2150 2480 instrumentis
2180 2426 2244 2480 ad

671 2518 774 2571 hoc
802 2515 1169 2571 concinnatis?
1190 2529 1256 2568 an
1284 2516 1377 2570 tibi
1398 2515 1797 2585 persuadendo.
1824 2532 1936 2579 rem
1964 2532 2067 2571 non
2093 2532 2246 2585 posse

672 2609 808 2671 ﬁeri,
858 2622 955 2662 nec
1002 2607 1139 2661 ultra
1168 2606 1219 2659 id
1261 2605 1568 2660 tentandum
1617 2606 1774 2660 esse?
1802 2603 1911 2662 [hic
1942 2606 2058 2661 sine
2085 2606 2247 2662 dubio

670 2700 937 2757 suasione.
975 2698 1194 2761 Verum,
1239 2698 1468 2769 inquies,
1518 2697 1645 2751 illud
1691 2696 2016 2766 impossibile
2046 2708 2147 2751 est.
2179 2701 2246 2753 At

670 2791 826 2860 longe
851 2789 1226 2857 impossibilius
1260 2798 1343 2843 est
1380 2788 1505 2844 huic
1538 2786 1813 2856 cupiditati
1855 2788 2135 2861 terminum
2163 2790 2246 2842 in-

672 2880 873 2933 venite.
915 2878 1141 2933 Facilius
1179 2877 1373 2947 quippe
1416 2885 1519 2942 est,
1562 2876 1805 2932 homines
1849 2878 2045 2941 volare,
2087 2892 2244 2947 quam

672 2969 977 3027 accessione
1005 2967 1345 3037 cupiditatem
1373 2967 1613 3036 explere.
1654 2967 1879 3034 Quando
1906 2969 2048 3023 enim
2077 2969 2247 3037 possi-

672 3059 792 3113 bilia
821 3059 1205 3121 desideramus,
1250 3072 1345 3127 spe
1401 3058 1608 3113 fruendi
1638 3072 1735 3112 nos
1762 3058 2026 3115 consolari
2061 3072 2247 3129 possu-

675 3168 824 3215 mus;
854 3150 1067 3221 quando
1107 3157 1287 3204 autem
1318 3148 1663 3217 impossibilia
1686 3156 1828 3213 sunt,
1869 3164 2033 3203 unum
2057 3164 2247 3203 curan-

674 3242 799 3296 dum
822 3253 923 3306 est,
954 3249 1009 3295 ut
1027 3256 1056 3295 a
1082 3239 1369 3309 cupiditate
1396 3239 1483 3293 illa
1509 3254 1607 3295 nos
1636 3238 1978 3307 abducamus,
1999 3254 2118 3295 cum
2143 3241 2246 3297 alia

675 3332 883 3393 ratione
907 3346 1010 3385 non
1035 3330 1296 3399 possimus
1316 3329 1479 3384 animi
1497 3330 1936 3400 tranquillitatem
1971 3331 2245 3400 consequi.

674 3422 751 3478 Nc
790 3422 963 3491 itaque
1006 3422 1061 3476 in
1100 3435 1310 3478 cassum
1348 3421 1657 3487 doleamus,
1693 3430 1952 3493 perpetuo
1987 3421 2247 3478 furentem

679 3515 1018 3583 pecuniarum
1059 3522 1318 3575 amorem,
1365 3514 1453 3582 qui
1483 3521 1767 3583 numquam
1808 3514 2023 3584 reprimi
2054 3525 2245 3585 potest,

677 3605 997 3681 rt-ji‘cientea,
1026 3602 1095 3665 ad
1117 3604 1278 3659 alium
1309 3602 1657 3673 appellamus,
1693 3604 1782 3674 qui
1808 3619 1906 3659 nos
1936 3606 2102 3674 possit
2126 3606 2251 3663 bea-

677 3706 759 3750 tos
799 3694 1032 3757 eﬂicere,
1063 3696 1257 3765 quique
1282 3694 1501 3747 multum
1552 3694 1745 3749 habeat
1792 3695 2129 3760 facilitatem;
2158 3712 2250 3752 su-

680 3802 975 3858 pernosque
1005 3786 1282 3841 thesauros
1309 3786 1766 3855 concupiscamus.
1790 3786 1971 3858 Neque
1991 3790 2130 3844 enim
2162 3789 2257 3847 hic.

678 3878 828 3933 labor
854 3888 1053 3945 tantus,
1079 3887 1134 3934 et
1166 3880 1370 3933 lucnln
1410 3861 1675 3935 inell'abiie
1701 3887 1801 3942 est,
1839 3890 2136 3951 nec,potest
2159 3884 2248 3953 qui

682 3971 855 4047 vigilat
896 3971 1261 4053 etprmaeutia
1290 3970 1533 4041 despicit,
1573 3986 1820 4040 umquam
1845 3988 1875 4026 a
1911 3988 2075 4043 scopo
2095 3974 2250 4029 aber-

678 4077 798 4117 rare
822 4080 835 4117 :
869 4069 926 4117 ttt
952 4070 1135 4115 contra
1160 4061 1249 4131 qui
1281 4062 1382 4116 illis
1401 4062 1567 4126 servit
1592 4071 1647 4118 et
1669 4062 1878 4119 deditus
1903 4073 2005 4134 est,
2032 4067 2251 4123 omnino

681 4153 749 4206 ab
778 4152 880 4210 illis
907 4151 1141 4219 excidet.

748 4244 802 4298 4.
843 4240 969 4297 ilzcc
1006 4244 1183 4313 itaque
1220 4242 1399 4298 omnia
1425 4242 1602 4298 animo
1639 4253 1909 4314 reputans,
1940 4246 2131 4301 malam
2161 4262 2251 4317 pe-

676 4334 950 4391 cuniarum
963 4333 1444 4400 concupiscentiam
1465 4334 1532 4388 ab
1554 4334 1731 4389 animo
1753 4345 1843 4389 tuo
1860 4336 2050 4403 abjice.
2071 4336 2253 4408 Neque

678 4424 819 4479 enim
848 4422 1025 4495 dicere
1051 4421 1243 4492 possis,
1274 4422 1417 4478 illam
1448 4423 1585 4479 bona
1612 4426 1891 4494 praesentia
1917 4426 2066 4492 dare,
2086 4441 2247 4498 atque

681 4530 709 4567 a
738 4514 924 4569 futuris
966 4514 1235 4582 spoliare:
1272 4529 1391 4569 nam
1440 4517 1647 4573 etiamsi
1684 4515 1791 4573 hoc
1823 4506 1991 4581 esset,
2014 4528 2251 4574 extrema

682 4616 860 4685 tamqu
878 4604 989 4659 hmo
1009 4614 1092 4659 est
1118 4619 1272 4674 pana
1294 4616 1457 4675 atque
1484 4606 1819 4675 supplicium,
1844 4610 1915 4662 At
1936 4622 2049 4663 non
2069 4611 2140 4664 ita
2167 4596 2256 4668 res

682 4714 741 4752 se
770 4698 948 4754 habet.
972 4698 1122 4763 ,Nam
1163 4708 1359 4768 prater
1400 4701 1732 4771 gehennam,
1773 4702 1932 4756 etiam
1970 4712 2253 4772 antequam

683 4790 767 4843 illa
795 4789 1059 4855 adveniat,
1102 4789 1268 4851 hieto
1311 4792 1361 4844 in
1391 4793 1690 4860 graviorem
1739 4792 2256 4865 ultionemconjicit.

684 4880 895 4935 Etenim
916 4880 1342 4948 concupiscentia
1361 4881 1449 4947 illa
1470 4881 1663 4945 multas
1685 4882 1872 4955 domos
1886 4886 2097 4950 evertit,
2119 4886 2256 4942 bella

682 4968 861 5041 gravia
888 4970 1158 5034 excitavit,
1180 4978 1237 5025 et
1263 4969 1492 5043 violenta
1514 4982 1683 5046 morte
1708 4974 1905 5030 multos
1922 4974 2081 5045 vitam
2100 4976 2257 5033 linire

683 5061 895 5131 coegit;
944 5060 1051 5115 imo
1094 5069 1231 5119 ante
1262 5058 1377 5127 inec
1414 5062 1647 5135 pericula
1688 5066 2254 5140 animatquobilitatem

683 5152 987 5221 labefactat.
1016 5168 1265 5224 cumque,
1295 5152 1504 5223 quiille
1530 5154 1714 5209 morbo
1743 5167 1926 5231 captus
1952 5167 2263 5227 esset,timi-

688 5240 807 5300 dum
835 5253 888 5305 cl
930 5232 1236 5321 ignavnm',
1276 5244 1531 5300 audacem
1577 5257 1633 5300 et
1674 5249 1979 5305 mendacem
2010 5261 2065 5307 et
2098 5266 2257 5322 syco-

688 5337 963 5406 phantqm,
1000 5344 1055 5395 et
1100 5345 1459 5408 raptoretnet
1483 5352 1722 5401 avarum,
1749 5346 1803 5393 et
1830 5340 2037 5409 quidvis
2076 5350 2254 5396 extre.

687 5442 839 5487 mum,
855 5425 1073 5495 dixeris,
1101 5441 1244 5494 saepe
1268 5426 1461 5480 effecit.
1496 5426 1601 5481 Sed
1631 5426 1933 5497 fretjuenter
1959 5441 2008 5484 te
2032 5430 2258 5488 fortasse

688 5519 953 5575 demulcet
975 5534 1039 5573 ae
1074 5517 1268 5587 decipit
1292 5519 1495 5587 argenti
1540 5518 1814 5588 splendor,
1842 5521 2121 5577 multitudo
2148 5539 2259 5579 scr-

688 5626 893 5675 vorum,
924 5607 1117 5669 aedium
1156 5609 1563 5689 magniﬁcentia,
1612 5619 1667 5665 et
1702 5606 1946 5665 clieutela
1978 5612 2064 5669 illa
2099 5630 2257 5687 quam

754 5739 948 5809 [simul
987 5737 2087 5809 debﬂwQunumnmnamorholibemtur.

755 5805 779 5837 ³
809 5803 1029 5865 quidam,
1063 5815 1257 5855 servum
1293 5810 1335 5854 et
1360 5803 1593 5868 ignarum.

1397 386 1454 441 S.
1487 383 1761 442 JOANNIS
1784 378 2253 440 CllllYSOSTOMl
2290 377 2604 445 ARCHIEP.
2646 376 3175 435 CONSTANTINOP.

3817 380 3930 437 608

2351 496 2405 551 in
2436 494 2549 550 foro
2579 492 2780 550 babes?
2806 493 2957 561 Quod
2986 491 3277 548 remedium
3300 488 3505 545 vulneri
3537 494 3727 546 tanto?
3744 492 3798 548 Si
3824 510 3931 549 cn-

2343 589 2590 658 gitaveris
2630 586 2898 658 quomodo
2929 586 3010 640 bis
3046 583 3310 640 afficiatur
3334 584 3547 637 anima:
3587 598 3743 654 quam
3770 594 3929 640 teuc-

2343 680 2581 743 brosam,
2596 679 3097 747 descrtam,turpcm
3119 692 3181 730 ac
3199 677 3490 753 deformem
3511 676 3651 730 illam
3675 676 3927 733 reddant:

2344 770 2389 824 si
2420 779 2592 829 tecum
2623 780 2839 840 reputes
2872 778 3067 838 quanta
3097 767 3233 821 mala
3262 768 3398 821 hanc
3437 768 3927 838 concupiscentiam

2342 863 2661 917 comitentur
2691 903 2708 928 ,
2778 876 2897 917 cum
2960 862 3171 931 quantis
3236 859 3506 915 laboribus
3568 870 3621 914 et
3674 860 3930 929 periculis

2344 954 2581 1024 pecunias
2610 962 2921 1016 serventur;
2967 951 3076 1007 imo
3132 966 3417 1021 numquam
3473 966 3639 1020 usque
3663 951 3729 1006 ad
3760 952 3925 1005 linem

2343 1055 2655 1112 servantur;
2684 1045 2777 1101 sed
2811 1060 2933 1100 cum
2975 1044 3209 1098 omnium
3237 1053 3460 1101 conatus
3484 1042 3748 1114 effugeris,
3775 1059 3930 1099 mors

2343 1138 2631 1193 adveniens
2676 1139 2727 1193 in
2770 1153 2959 1192 manus
3004 1138 3334 1193 inimicorum
3382 1145 3590 1191 tuorum
3645 1135 3755 1190 hmc
3809 1145 3928 1191 tra-

2343 1229 2512 1293 duxit,
2568 1238 2620 1285 te
2666 1244 2794 1284 vero
2835 1228 2903 1283 ab
2929 1228 3012 1283 his
3041 1228 3307 1283 desertum
3329 1226 3543 1296 abripit,
3578 1227 3707 1281 nihil
3724 1226 3928 1282 borum

2344 1319 2690 1385 auferentem,
2734 1322 2833 1374 uisi
2871 1320 3088 1375 vulnera
3120 1319 3405 1389 vicemque
3437 1327 3664 1382 tantum,
3688 1334 3805 1388 quae
3833 1334 3929 1373 se-

2344 1426 2465 1465 cum
2514 1409 2752 1466 referens
2795 1412 2970 1465 anima
3018 1411 3140 1465 hinc
3169 1410 3381 1480 migrat.
3409 1409 3539 1465 Cum
3568 1425 3696 1480 ergo
3726 1409 3933 1464 videris

2344 1501 2645 1570 quempiam
2711 1500 3003 1571 magnificis
3064 1500 3300 1555 vestibus
3352 1500 3591 1557 exterius
3636 1491 3930 1570 fulgcnletia

2348 1590 2619 1660 multoque
2636 1590 2885 1658 stipatum
2905 1590 3172 1653 satellitio,
3190 1589 3698 1660 ejusconscientiam
3716 1591 3930 1656 evolve,

2346 1683 2642 1753 multasque
2688 1683 2829 1738 intus
2868 1682 3075 1738 videbis
3112 1698 3355 1747 araneas,
3383 1687 3725 1754 cineremque
3765 1683 3936 1751 pluri-

2347 1788 2513 1829 mum.
2540 1771 2722 1844 Cogita
2754 1773 2971 1829 Paulum
2994 1783 3051 1829 et
3077 1773 3291 1828 Petrum
3323 1792 3337 1828 :
3370 1774 3543 1844 cogita
3586 1773 3842 1835 Joannem
3870 1781 3935 1829 et

2346 1862 2555 1927 Eiiam;
2585 1864 2692 1917 imo
2721 1864 2894 1933 potius
2923 1864 3092 1934 ipsum
3122 1864 3219 1918 Dei
3248 1864 3463 1927 Filium,
3487 1864 3578 1933 qui
3608 1879 3712 1919 non
3742 1862 3934 1919 habuit

2350 1954 2434 2008 ubi
2455 1963 2613 2023 caput
2634 1971 2787 2010 suum
2818 1954 3119 2012 reclinaret.
3146 1955 3275 2024 Ejus
3303 1956 3540 2011 imitator
3556 1966 3694 2022 esto,
3720 1972 3933 2013 necnon
3960 2024 3963 2025 ν

2346 2045 2461 2113 ejus
2487 2060 2784 2109 servorum,
2828 2058 2879 2102 et
2926 2045 3321 2101 inaestimabiles
3349 2046 3467 2102 illas
3492 2046 3703 2102 divitias
3731 2048 3931 2117 cogita.

2346 2134 2496 2202 Quod
2520 2136 2566 2191 si
2588 2144 2865 2207 postquam
2895 2137 3013 2191 illas
3039 2138 3362 2206 respexeris,
3385 2151 3414 2190 a
3436 2137 3784 2193 saecularibus
3810 2138 3935 2193 istis

2346 2227 2543 2282 divitiis
2572 2228 2960 2295 obtenebrcris,
3002 2228 3154 2299 quasi
3204 2228 3254 2283 in
3281 2227 3509 2298 quodam
3538 2227 3812 2300 naufragio
3852 2230 3934 2283 fu-

2349 2330 2499 2375 rente
2529 2328 2863 2387 tempestate,
2903 2319 3025 2374 audi
3052 2318 3368 2375 sententiam
3398 2318 3593 2375 Christi
3640 2319 3935 2386 dicentem,

2351 2411 2679 2479 impossibile
2704 2426 2823 2467 esse
2844 2412 3059 2467 divitem
3090 2412 3289 2466 intrare
3314 2412 3366 2465 in
3397 2426 3617 2482 regnum
3652 2404 3935 2468 caalorum.

2350 2501 2429 2554 Ad
2458 2502 2593 2554 hanc
2624 2501 2938 2556 sententiam
2970 2504 3153 2557 confer
3177 2510 3231 2557 tu
3255 2511 3485 2569 montes,
3515 2511 3733 2570 terram,
3760 2519 3933 2570 mare;

2348 2600 2402 2646 et
2425 2592 2625 2656 omnia,
2656 2593 2701 2646 si
2723 2593 2803 2645 vis
2822 2591 3143 2662 cogitatione
3160 2608 3351 2647 aurum
3368 2593 3547 2661 facito,
3574 2589 3809 2663 nihilque
3835 2609 3938 2663 per

2352 2685 2589 2741 invenies
2607 2685 2924 2740 detrimento
2944 2686 3037 2739 tibi
3060 2685 3184 2741 hinc
3209 2686 3511 2756 importato.
3537 2685 3607 2741 Et
3635 2696 3687 2757 tu
3711 2686 3937 2757 quidem

2350 2784 2425 2830 tot
2456 2791 2719 2831 memoras
2760 2791 2913 2831 terra:
2938 2777 3145 2848 jugera,
3177 2744 3368 2832 domos
3382 2777 3589 2843 decem,
3609 2744 3691 2832 vid
3722 2744 3937 2847 viginti,

2351 2867 2536 2922 balnea
2561 2867 2800 2933 totidem,
2825 2882 3009 2922 servos
3035 2868 3198 2932 mille,
3218 2879 3312 2921 aut
3331 2868 3409 2923 bis
3438 2867 3598 2930 mille.
3632 2882 3821 2923 currus
3847 2885 3940 2922 ar-

2347 2960 2553 3029 genteis
2578 2960 2787 3014 laminis
2808 2958 2890 3015 vel
2906 2975 3037 3015 auro
3054 2969 3299 3030 opertos:
3317 2974 3416 3029 ego
3440 2968 3615 3015 autem
3631 2960 3772 3027 dico,
3791 2962 3939 3032 quod

2349 3052 2393 3104 si
2414 3052 2640 3123 quisque
2656 3049 2802 3106 dives
2818 3051 2955 3105 inter
2974 3065 3087 3115 ves,
3108 3050 3207 3105 hac
3224 3050 3406 3106 relicta
3428 3061 3739 3122 paupertate
3779 3051 3797 3123 (
3819 3052 3939 3110 lucc

2350 3146 2490 3200 enim
2524 3157 2806 3215 paupertas
2834 3144 2948 3208 fuit,
2975 3154 3279 3214 comparata
3300 3162 3423 3201 cum
3460 3148 3526 3202 iis
3548 3164 3665 3219 qua:
3688 3147 3937 3205 dicturus

2349 3236 2489 3308 sum)
2503 3245 2669 3291 totum
2684 3236 2979 3307 possideret
2995 3238 3198 3300 orbem,
3220 3236 3498 3307 siquisque
3516 3246 3591 3291 tot
3604 3237 3817 3293 haberet
3832 3238 3937 3292 bo-

2351 3328 2544 3391 miucs,
2576 3336 2706 3397 quot
2730 3338 2855 3383 sunt
2879 3336 3157 3396 per-totam
3188 3338 3385 3384 terram
3406 3338 3462 3384 et
3482 3346 3651 3395 mare,
3673 3332 3718 3386 si
3740 3331 3938 3401 singuli

2354 3428 2550 3474 terram
2582 3429 2636 3475 et
2656 3435 2807 3477 mare
2834 3420 3109 3487 haberent,
3138 3432 3191 3477 et
3212 3422 3407 3492 ubique
3426 3422 3645 3478 aedilicia
3666 3424 3936 3491 eturbes,

2353 3520 2406 3565 et
2429 3519 2638 3579 gentes,
2665 3524 2825 3581 atque
2851 3510 3084 3581 undique
3112 3528 3208 3580 pro
3230 3527 3365 3583 aqua
3398 3524 3452 3569 et
3478 3514 3709 3571 fontibus
3745 3531 3939 3573 aurum

2353 3603 2483 3672 ipsis
2514 3602 2719 3667 ﬂueret,
2754 3602 2874 3659 illos
2902 3604 2989 3674 qui
3015 3604 3085 3658 ita
3124 3604 3315 3659 divites
3336 3614 3537 3670 essent,
3567 3608 3802 3677 singulos
3826 3624 3937 3664 non

2352 3694 2508 3764 pretii
2541 3694 2698 3748 trium
2730 3692 3009 3749 obolorum
3037 3708 3157 3749 esse
3186 3694 3461 3761 ducerem,
3506 3696 3550 3749 si
3583 3712 3748 3763 regno
3775 3699 3938 3753 caelo-

2352 3800 2469 3839 rum
2498 3785 2822 3840 exciderent.
2850 3784 2981 3840 Nam
3004 3785 3049 3840 si
3077 3802 3214 3840 nunc
3246 3785 3317 3839 ita
3342 3785 3601 3844 ﬂuxarum
3632 3788 3939 3844 divitiarum

2352 3876 2529 3948 cupidi
2552 3877 2856 3933 cruciantur
2897 3878 2939 3933 si
2993 3894 3100 3933 non
3138 3879 3437 3949 acquirant,
3498 3880 3543 3934 si
3587 3878 3937 3937 inelfabilium

2352 3968 2613 4024 honorum
2646 3970 2877 4038 aliquem
2904 3984 3117 4024 sensum
3149 3970 3396 4034 habeant,
3425 3971 3547 4040 quid
3578 3970 3680 4024 illis
3716 3971 3781 4025 ad
3805 3985 3938 4027 con-

2354 4063 2668 4118 solationem
2714 4064 2845 4117 satis
2882 4063 3022 4116 erit?
3050 4062 3191 4117 Nihil
3219 4071 3381 4116 certe.
3427 4062 3503 4118 Ne
3530 4062 3658 4117 mihi
3687 4077 3815 4134 ergo
3845 4077 3939 4131 pe-

2354 4155 2634 4211 cuniarum
2677 4155 2884 4225 copiam
2936 4169 3252 4220 recenseas;
3310 4156 3402 4209 sed
3450 4155 3623 4226 cogita
3676 4164 3945 4225 quantum

2355 4246 2607 4307 damnum
2636 4248 2756 4302 hinc
2788 4247 3034 4301 hauriant
3058 4246 3266 4302 illarum
3297 4255 3585 4313 amatores,
3617 4249 3704 4317 qui
3733 4263 3830 4317 pro
3872 4247 3944 4302 iis

2354 4342 2515 4397 cmlos
2533 4339 2802 4405 amittunt,
2835 4340 3169 4410 idipsumque
3200 4340 3489 4406 patiuntur,
3520 4353 3583 4393 ac
3620 4340 3665 4393 si
3695 4339 3815 4409 quis
3840 4339 3941 4393 ho-

2357 4448 2489 4488 nore
2536 4433 2651 4499 illo,
2703 4433 2793 4503 qui
2838 4431 2890 4487 in
2938 4432 3082 4503 regia
3132 4431 3381 4495 habetur,
3434 4432 3653 4498 amisso,
3681 4435 3945 4490 stercoris

2357 4538 2606 4579 acervum
2638 4524 2917 4593 possidens
2950 4523 3228 4594 glorietur,
3255 4524 3494 4577 etaltum
3527 4523 3597 4579 de
3622 4523 3714 4578 illo
3741 4524 3941 4593 sapiat.

2357 4612 2533 4668 Nihilo
2560 4614 2700 4667 enim
2732 4614 2937 4677 melior,
2976 4614 3084 4668 imo
3123 4615 3274 4684 pejor
3301 4622 3385 4670 est
3411 4614 3717 4670 divitiarum
3746 4629 3942 4670 cumn-

2359 4704 2462 4769 lus,
2491 4720 2651 4774 quam
2668 4703 2761 4759 ille
2784 4718 3027 4758 acervus.
3054 4702 3187 4761 Nam
3214 4713 3421 4759 stercus
3444 4714 3525 4759 est
3554 4703 3627 4771 ad
3650 4704 3945 4775 agricultu-

2361 4810 2472 4851 ram
2523 4795 2670 4862 utile,
2718 4810 2925 4855 necnon
2967 4795 3034 4851 ad
3080 4794 3267 4851 balnea
3313 4795 3671 4851 calefacienda
3696 4797 3736 4863 ',
3777 4807 3833 4852 et
3871 4798 3946 4854 ad

2360 4886 2600 4958 quaedam
2644 4887 2867 4953 similia;
2898 4902 3083 4943 aurum
3115 4902 3241 4947 vero
3267 4887 3549 4942 snﬂ'ossutu
3577 4888 3644 4943 ad
3676 4887 3804 4941 nihil
3843 4886 3980 4941 ho--

2363 4994 2478 5051 rum
2525 4978 2766 5034 adhiberi
2815 4986 3027 5049 potest:
3057 4988 3216 5050 atque
3259 4978 3457 5033 utinam
3503 4979 3689 5033 inutile
3733 4988 3949 5034 tantum

2360 5080 2534 5137 esset;
2569 5088 2709 5129 nunc
2725 5080 2901 5127 autem
2930 5072 3126 5127 multas
3146 5071 3358 5127 habenti
3380 5071 3654 5126 succendit
3671 5070 3942 5139 fornaccs,

2360 5147 2461 5221 nisi
2507 5180 2574 5220 eo
2622 5173 2679 5221 ut
2725 5173 2936 5233 oportet
2979 5174 3194 5219 utatur:
3226 5164 3367 5219 mille
3412 5165 3607 5233 quippe
3635 5163 3773 5218 maia
3816 5152 3953 5219 hine'

2360 5258 2625 5311 oriuntur.
2641 5255 2977 5323 Quapropter
2992 5254 3159 5308 exteri
3181 5253 3467 5322 scriptores
3481 5268 3659 5309 arcem
3681 5253 3946 5309 malorum

2361 5349 2633 5418 avaritiam
2677 5346 2909 5413 vocant;
2945 5349 3131 5411 beatus
3154 5362 3282 5402 vero
3309 5347 3524 5412 Paulus,
3554 5347 3710 5415 longe
3748 5346 3948 5403 melius

2362 5450 2559 5497 etcum
2595 5441 2794 5509 majore
2832 5439 3093 5508 emphasi,
3125 5438 3355 5497 radicem
3400 5438 3661 5492 malorum
3703 5437 3945 5494 omnium

2364 5533 2529 5604 ipsam
2567 5533 2845 5602 appellavit
2875 5529 2963 5602 (1.
2994 5529 3126 5582 Tim.
3155 5530 3207 5583 6.
3238 5529 3307 5583 10
3333 5526 3375 5598 ).
3402 5527 3525 5582 Haec
3554 5528 3730 5598 itaque
3765 5529 3948 5583 omnia

2364 5624 2678 5696 cogitantes,
2702 5622 3014 5677 :emuicmur
3032 5636 3094 5677 ea
3116 5636 3233 5691 qua:
3256 5619 3417 5690 digna
3441 5628 3563 5675 sunt
3578 5619 3948 5675 mmulatione:

2363 5742 2622 5863 mw:
2643 5739 2781 5792 savii.
2805 5738 3071 5803 legentium
3115 5746 3266 5800 esset,
3310 5738 3657 5801 preparatus,
3684 5747 3789 5800 pro,
3822 5738 3962 5787 cate-
