4186 6478
297 425 400 483 ωε)

294 517 720 612 nonmagnilica
755 531 999 598 editicia,
1047 545 1153 586 non
1199 528 1466 583 uberrima
1510 521 1744 597 (st-mdia;
1793 518 1888 575 sed

294 638 438 690 virm
463 646 557 704 (ιιι
585 642 834 700 magnam
878 624 1019 696 apud
1058 623 1226 679 Deum
1272 618 1519 674 lldueiaut
1548 614 1765 678 habent,
1794 612 1886 685 qui

1260 411 1328 467 ιε
1365 403 1775 465 MATTIIEUM
1817 402 2047 463 llOMlL.
2089 398 2387 457 LXIV.'al.
2432 394 2594 453 LXV.

3501 390 3611 447 MO

2008 532 2132 584 res;
2163 526 2221 572 ut
2245 525 2447 573 :eterna
2474 513 2612 570 bona
2635 526 3053 583 consequamur,
3090 511 3263 582 gratia
3286 520 3342 568 et
3367 508 3610 581 benigni-

2004 618 2113 665 tate
2161 606 2371 663 Domini
2421 605 2590 661 nostri
2633 603 2768 660 Jesu
2793 601 3014 669 Christi.
3061 601 3282 673 quicum
3323 599 3471 657 Patri
3502 616 3609 658 una

294 728 348 782 in
369 691 509 781 caelo
536 691 729 779 divites
753 727 896 783 sunt,
913 691 1007 788 qui
1048 713 1330 770 thesauros
1354 711 1474 766 illos
1503 706 1800 779 possident,
1824 718 1891 758 ac
1996 718 2119 757 eum
2140 699 2339 771 Spiritu
2360 705 2549 753 sancto
2566 695 2756 788 gloria,
2776 693 2970 759 honor,
2997 694 3304 765 imperium,
3332 691 3605 760 adoratto,

295 833 425 875 vero
450 812 693 886 opulenti
717 820 864 877 sunt,
888 808 979 881 qui
1004 815 1222 878 propter
1242 802 1516 860 Christum
1539 808 1666 855 sunt
1684 810 1887 869 paupe-

302 952 1974 993 ______________________.

1997 810 2140 850 nune
2185 800 2240 847 et
2272 805 2529 862 semper,
2569 798 2625 844 et
2674 787 2730 844 in
2782 786 2981 843 saecula
3034 784 3379 842 saeculorum.
3412 787 3605 842 Amen.

1454 1031 1790 1099 HOMILIA
1835 1026 2062 1091 LXIV.
2107 1024 2193 1088 al.
2242 1022 2441 1085 LXV.

297 1202 432 1258 Cn.
482 1198 569 1254 i9.
611 1212 668 1251 γ.
707 1194 800 1250 27.
845 1191 998 1247 Tunc
1033 1187 1345 1261 respondens
1391 1183 1576 1239 Petrus
1623 1180 1752 1236 dixit
1794 1178 1843 1234 ei
1878 1193 1898 1233 :

371 1287 510 1344 Ecce
532 1302 625 1341 nos
646 1285 942 1353 reliquimus
956 1280 1147 1345 omnia,
1175 1287 1221 1333 et
1245 1275 1443 1347 sequuti
1464 1288 1641 1329 sumus
1672 1280 1720 1325 te
1740 1265 1899 1339 ;quid

376 1396 499 1451 ergo
520 1378 616 1432 erit
643 1375 785 1431 nobis
812 1375 839 1429 1

374 1449 449 1529 ιζ
472 1471 728 1540 Quaenam
757 1465 963 1531 Omnia,
986 1462 1144 1520 beate
1168 1461 1327 1516 Petre
1350 1458 1376 1513 γ
1400 1456 1665 1512 calamum
1692 1449 1899 1508 lrete?

303 1562 662 1620 naviculam?
718 1555 938 1614 artem?
993 1553 1237 1610 llazceine
1290 1549 1470 1605 omnia
1520 1547 1658 1603 dicis
1716 1543 1847 1599 mihi
1876 1543 1902 1596 l

304 1654 514 1721 Etiam,
557 1652 747 1724 inquit.
799 1648 907 1705 Sed
956 1664 1061 1703 non
1105 1661 1199 1715 per
1242 1641 1588 1698 ambitionem
1616 1636 1901 1709 quamdam

313 1748 430 1803 hac
458 1744 611 1809 dico,
660 1741 753 1799 sed
786 1751 845 1796 ut
881 1756 978 1811 per
1018 1738 1157 1793 hanc
1200 1733 1907 1804 interrogationempaupe-

304 1853 422 1892 rum
460 1834 672 1906 plebem
712 1831 1067 1888 introducam.
1092 1828 1228 1897 Quia
1258 1826 1402 1883 enim
1439 1823 1575 1879 dixit
1600 1819 1856 1877 Dominus
1886 1836 1901 1873 :

302 1927 365 1982 Si
406 1928 483 1982 eis
523 1925 773 1997 perfectus
800 1938 928 1989 esse,
960 1920 1117 1976 vende
1143 1934 1259 1990 quc
1282 1916 1455 1980 habes,
1483 1924 1530 1969 et
1558 1914 1629 1968 da
1652 1912 1900 1983 pauperi-

303 2022 432 2082 bus,
471 2028 520 2073 et
559 2016 762 2072 habebis
799 2016 1090 2069 thesaurum
1130 2013 1184 2066 in
1227 2009 1353 2066 ctelo
1379 2007 1593 2081 (Matth.
1619 2005 1708 2061 19.
1734 2002 1850 2074 Si)
1886 2020 1901 2058 :

303 2128 376 2169 ne
404 2112 527 2184 quis
550 2124 844 2181 pauperum
875 2106 1020 2163 dicat
1046 2122 1060 2159 :
1088 2103 1227 2173 Quid
1257 2117 1386 2173 ergo
1410 2100 1435 2154 τ
1461 2099 1506 2155 si
1534 2113 1639 2153 non
1671 2096 1899 2152 habeam

309 2204 708 2275 possessionem
730 2242 745 2269 ,
776 2214 885 2255 non
914 2213 1129 2271 possum
1158 2210 1281 2251 esse
1312 2190 1631 2265 perfectus?
1665 2190 1901 2245 interro-

305 2305 396 2362 gat
429 2293 625 2348 Petrus
645 2332 659 2353 .
691 2298 748 2346 ut
785 2298 841 2346 tu
873 2303 1075 2359 panper
1097 2288 1273 2342 discas
1292 2326 1309 2352 ,
1338 2283 1470 2338 nihil
1500 2290 1552 2337 te
1582 2280 1707 2335 hinc
1727 2280 1904 2334 minus

304 2383 507 2439 habere
527 2372 553 2447 ;’
590 2382 881 2451 interrogat
928 2377 1118 2433 Petrus
1138 2418 1153 2442 ,
1184 2386 1241 2429 ut
1263 2390 1350 2439 ne,
1374 2372 1419 2427 si
1448 2387 1477 2425 a
1520 2371 1679 2426 Petro
1707 2369 1757 2423 id
1789 2367 1907 2423 eili-

306 2492 465 2540 scas,
514 2473 726 2530 dubites
775 2470 1015 2541 (etenim
1058 2465 1401 2537 imperfectus
1443 2463 1619 2518 adhuc
1661 2470 1807 2526 erat,
1855 2469 1909 2515 et

295 2563 511 2637 Spiritu
557 2561 839 2630 vacuus),
893 2557 990 2615 sed
1041 2567 1100 2613 ut
1146 2574 1176 2611 a
1210 2557 1468 2625 magistro
1500 2554 1639 2609 Petri
1686 2559 1904 2620 accepta

308 2653 600 2719 sententia,
649 2651 907 2708 conlidas.
950 2647 1410 2718 Quemadmodum
1454 2645 1597 2701 enim
1630 2658 1729 2698 nos
1773 2641 1905 2696 laci-

310 2761 453 2814 mus,
482 2761 604 2800 cum
633 2759 731 2815 pro
754 2742 873 2798 aliis
891 2741 1225 2811 disputantes
1247 2755 1332 2794 res
1350 2737 1502 2793 nobis
1523 2735 1865 2790 attribuimus
1888 2751 1903 2787 :

310 2841 391 2895 sic
418 2849 473 2893 et
511 2836 787 2907 apostolus
810 2835 969 2901 fecit,
994 2850 1117 2889 eum
1154 2848 1250 2904 pro
1296 2832 1428 2887 orbe
1472 2841 1586 2886 toto
1616 2830 1775 2885 talem
1804 2827 1903 2897 ipsi

310 2929 789 2998 interrogationem
839 2926 1050 2980 obtulit.
1113 2925 1244 2978 Nam
1294 2924 1434 2994 quod
1482 2938 1545 2978 ca
1587 2938 1704 2990 quac
1747 2919 1813 2973 ad
1849 2934 1908 2974 se

312 3020 631 3091 spectabant
650 3019 761 3088 jam
789 3017 935 3073 clare
960 3016 1144 3079 sciret,
1179 3016 1351 3086 palam
1372 3024 1453 3068 est
1473 3013 1542 3067 ab
1580 3011 1647 3067 iis
1670 3027 1788 3081 qua:
1817 3026 1907 3065 su-

312 3126 407 3182 pra
461 3102 602 3164 dicta
642 3116 769 3161 sunt
804 3124 820 3162 :
852 3106 1055 3162 etenim
1103 3105 1190 3175 qui
1231 3104 1410 3158 claves
1451 3103 1598 3172 regni
1648 3101 1905 3156 cst-lorum

312 3202 439 3258 inde
461 3202 575 3272 jam
600 3209 920 3271 acceperat,
947 3197 1115 3254 multo
1144 3196 1315 3267 magis
1359 3195 1426 3249 de
1450 3195 1661 3249 ett-teris
1689 3208 1808 3263 quae
1851 3192 1904 3246 in

310 3295 447 3350 caelo
505 3303 665 3361 sunt,
719 3291 992 3348 condidere
1050 3289 1254 3345 debuit.
1298 3287 1680 3342 Animadverte
1726 3294 1905 3339 autem

310 3386 583 3457 quomodo
621 3393 870 3440 accurate
913 3381 1235 3453 respondeat
1278 3379 1343 3434 ad
1386 3394 1450 3434 ea
1493 3393 1611 3448 quae
1656 3376 1904 3432 Christus

312 3478 590 3548 qttmrebat
618 3494 632 3529 :
669 3492 793 3531 nam
826 3470 912 3530 ﬁlo
938 3490 967 3529 a
992 3474 1155 3529 divite
1195 3472 1305 3527 duo
1334 3471 1448 3525 hmo
1481 3469 1796 3539 expetebat.
1845 3478 1905 3523 ut

308 3586 406 3625 sua
433 3570 586 3624 daret
618 3569 959 3640 pauperibus,
989 3577 1048 3622 et
1075 3573 1393 3636 sequeretur
1418 3578 1496 3616 se.
1539 3560 1771 3632 Ideoque
1797 3560 1900 3616 Pe-

311 3673 424 3718 trus
456 3670 568 3721 lucc
596 3666 702 3720 duo
729 3663 909 3734 ponit,
935 3671 988 3716 et
1016 3658 1159 3731 quod
1184 3656 1532 3728 reliquerint,
1563 3654 1787 3731 etquod
1821 3669 1909 3708 se-

315 3767 550 3825 quantur
580 3773 595 3821 ;
620 3772 741 3809 nam
767 3754 841 3807 ait
867 3772 879 3807 :
909 3751 1044 3805 Ecce
1071 3766 1162 3803 nos
1185 3748 1482 3816 reliquimus
1508 3748 1677 3800 onfiu'a
1698 3787 1713 3813 ,
1745 3756 1793 3798 et
1826 3761 1906 3799 se-

306 3850 449 3919 quuti
484 3864 658 3902 sumus
700 3857 766 3900 te.
798 3844 931 3900 Nam
978 3844 1287 3910 relinquunt
1314 3847 1371 3892 ut
1411 3849 1707 3908 sequantur
1729 3878 1745 3903 ,
1777 3834 1907 3890 faei-

314 3918 523 4011 liusque
576 3948 693 3994 erat
737 3936 887 4008 sequi
934 3944 1215 4007 postquam
1267 3918 1633 4001 reliquerant,
1682 3938 1737 3984 et
1779 3930 1903 3999 quia

307 4033 677 4103 reliquerant,
710 4030 957 4085 ﬁduciam
1016 4026 1145 4097 ipsis
1188 4033 1243 4078 et
1284 4022 1534 4102 gaudium
1576 4020 1899 4077 conciliavit.

305 4124 443 4193 Quid
492 4139 618 4193 ergo
664 4123 753 4177 ille
780 4126 804 4175 τ
841 4120 932 4176 28.
975 4118 1132 4173 Amen
1172 4118 1283 4171 dico
1328 4115 1465 4170 vobis
1487 4158 1501 4182 ,
1532 4116 1668 4186 quod
1696 4131 1783 4169 eos
1817 4116 1903 4181 qui

306 4216 503 4284 sequuti
541 4217 657 4269 estis
697 4231 796 4281 me,
836 4216 888 4267 in
914 4212 1311 4283 regeneratione,
1346 4227 1459 4263 cum
1500 4209 1685 4264 sederit
1732 4209 1902 4265 Filius

307 4307 524 4359 hominis
546 4306 597 4358 in
617 4305 797 4358 throno
824 4305 1100 4372 maiestatis
1124 4318 1232 4355 sua:
1259 4340 1276 4366 ,
1305 4301 1537 4356 sedebitis
1562 4312 1609 4354 et
1630 4318 1717 4355 vos
1745 4318 1901 4370 super

308 4398 515 4452 thronos
555 4398 840 4462 duodecim,
877 4396 1165 4467 judicantes
1202 4394 1469 4447 duodecim
1511 4393 1669 4447 tribus
1700 4392 1891 4447 Israel.

305 4488 443 4557 Quid
478 4488 687 4557 igitur?
732 4502 797 4541 an
825 4486 1011 4551 ludas,
1068 4485 1312 4555 inquies,
1359 4484 1611 4538 sedebit?
1654 4484 1891 4538 Minime.

312 4578 595 4646 Quomodo
626 4578 787 4649 igitur
814 4577 942 4632 dicit
965 4617 981 4642 ,
1026 4573 1094 4629 Et
1120 4577 1205 4629 vos
1230 4591 1384 4645 super
1402 4576 1667 4629 duodecim
1690 4576 1898 4630 thronos

304 4670 539 4725 sedebitis
564 4669 591 4724 γ
624 4669 892 4739 quomodo
923 4662 1207 4738 promissio
1237 4667 1325 4720 illa
1358 4666 1665 4736 implebitur
1693 4665 1717 4719 ἲ
1758 4667 1895 4721 Audi

302 4759 597 4832 quomodo.
624 4758 730 4815 Lex
759 4769 836 4815 est
873 4774 903 4814 a
949 4758 1056 4812 Deo
1098 4757 1291 4828 posita,
1338 4772 1430 4826 per
1452 4755 1736 4811 Jeremiam
1766 4772 1895 4826 pro-

306 4850 520 4919 phetam
550 4848 751 4905 iudicis
797 4851 966 4917 lecta,
1013 4864 1131 4919 qua:
1172 4849 1250 4904 sic
1278 4847 1437 4903 habet
1480 4864 1496 4903 :
1537 4848 1615 4901 Ad
1644 4865 1895 4903 summam

304 4945 485 5010 loquar
510 4958 663 5011 super
708 4953 903 5013 gentem
950 4952 997 4997 et
1033 4959 1186 5011 super
1214 4958 1457 5013 regnum,
1494 4951 1550 4994 ut
1587 4943 1819 5014 auferam
1846 4952 1894 4996 et

306 5035 552 5105 perdam;
577 5046 621 5090 et
651 5036 696 5089 si
739 5052 980 5089 conversa
1005 5036 1157 5106 fuerit
1183 5052 1305 5106 gens
1330 5035 1421 5089 illa
1441 5051 1471 5086 a
1498 5035 1646 5089 malis
1664 5036 1792 5102 suis,
1815 5053 1893 5091 me

301 5148 497 5200 (μέσφα
540 5132 793 5201 ρωηὶιεὺὶι
824 5131 1107 5194 malorum,
1151 5143 1261 5197 quae
1307 5129 1521 5199 cogitaui
1547 5130 1717 5199 facere
1763 5131 1887 5189 illis.

301 5222 369 5276 Et
392 5223 461 5276 ad
482 5240 725 5277 summam
758 5224 937 5294 loquar
972 5239 1125 5292 super
1152 5232 1347 5292 gentem
1370 5233 1417 5276 et
1441 5240 1671 5293 regnum,
1701 5233 1755 5275 ut
1770 5236 1896 5275 rem.

301 5314 502 5382 diﬁcem
528 5324 575 5369 et
606 5315 829 5385 plantem
865 5330 883 5368 :
913 5324 960 5367 et
998 5315 1043 5368 si
1084 5314 1294 5386 fecerint
1320 5316 1513 5368 malum
1548 5316 1600 5368 in
1624 5324 1888 5385 conspectu

300 5422 430 5471 meo,
461 5418 513 5459 ut
541 5424 639 5462 non
661 5408 875 5461 audiant
903 5422 1072 5461 vocem
1100 5422 1282 5471 meam,
1320 5423 1399 5460 me
1420 5424 1613 5477 quoque
1642 5408 1891 5477 panitebit

299 5507 575 5565 bonorum,
606 5515 721 5568 quia
748 5499 943 5553 locutus
968 5516 1079 5553 sum
1104 5509 1158 5552 ut
1188 5502 1406 5571 {acerem
1432 5500 1502 5552 eis
1531 5501 1552 5563 (
1571 5497 1682 5551 Jer.
1714 5499 1801 5553 18.
1826 5498 1889 5552 7-

302 5590 409 5660 10).
445 5588 702 5657 ldipsum,
727 5590 919 5660 inquit,
942 5590 1169 5645 servabo
1198 5589 1359 5644 etiam
1384 5590 1435 5642 in
1460 5588 1635 5643 bonis.
1664 5588 1888 5643 Etiamsi

298 5685 439 5738 enim
469 5684 656 5737 dixero
684 5698 774 5737 me
805 5681 1256 5737 remdiﬁeaturum
1303 5696 1423 5736 esse
1445 5723 1458 5744 ,
1502 5682 1545 5737 si
1576 5696 1635 5735 se
1663 5681 1892 5749 promis-

296 5779 446 5831 sione
486 5776 734 5845 indignos
778 5776 1138 5841 reddiderint,
1173 5776 1224 5831 id
1254 5792 1358 5830 nntt
1392 5776 1597 5829 iaciam.
1648 5775 1703 5830 ld
1750 5776 1888 5843 quod

296 5875 451 5927 etiam
500 5873 670 5938 primo
713 5871 912 5925 lifttllllll
958 5871 1144 5924 accidit
1178 5890 1187 5921 :
1222 5868 1430 5922 Tremor
1458 5870 1597 5921 enim
1623 5911 1634 5931 ,
1679 5865 1880 5937 inquit,

2005 1182 2168 1228 vester
2205 1181 2253 1227 et
2284 1171 2437 1226 timor
2465 1170 2564 1226 erit
2589 1185 2746 1240 super
2772 1170 2910 1242 feras
2945 1166 3104 1239 (Gen.
3130 1167 3187 1225 9.
3213 1167 3275 1240 3)
3296 1179 3501 1240 meque
3530 1177 3612 1225 ta-

2005 1278 2128 1319 men
2149 1262 2199 1317 id
2228 1260 2426 1317 l‘actum
2456 1269 2539 1316 est
2572 1277 2588 1316 :
2615 1274 2738 1316 nam
2761 1258 2850 1315 ille
2878 1273 2940 1315 se
2960 1258 3050 1315 tali
3082 1258 3312 1330 imperio
3337 1258 3611 1330 indignum

2008 1353 2243 1409 reddidit
2268 1369 2283 1420 ;
2315 1351 2768 1423 quemadmodum
2797 1362 2853 1405 et
2880 1350 3068 1407 Judas.
3105 1350 3182 1406 Ne
3209 1350 3354 1406 enim
3386 1367 3451 1406 ex
3479 1368 3614 1423 snp-

2010 1448 2152 1519 plicii
2180 1446 2444 1501 sententia
2476 1442 2830 1516 desperantes
2859 1444 3079 1515 quidam
3110 1442 3359 1500 duriores
3387 1443 3612 1512 tierent,

2009 1554 2144 1593 neve
2169 1553 2236 1593 ex
2279 1538 2547 1593 bonorum
2587 1536 2946 1606 promissione
2971 1536 3063 1591 alii
3096 1536 3376 1607 segniores
3414 1536 3613 1595 evade-

2009 1640 2164 1695 rent,
2196 1631 2436 1700 utrisque
2461 1628 2759 1684 remedium
2787 1623 3007 1682 adhibet
3034 1627 3260 1683 dicens:
3289 1628 3346 1684 Si
3376 1630 3614 1685 minatus

2011 1724 2165 1776 fuero
2185 1762 2201 1785 ,
2232 1736 2300 1775 ne
2323 1720 2582 1790 desperes
2613 1736 2630 1774 :
2675 1727 2831 1790 potes
2856 1718 3007 1789 enim,
3028 1718 3399 1788 paenitentiam
3427 1736 3613 1793 agere,

2009 1811 2437 1882 sententiamque
2458 1825 2631 1867 meam
2662 1811 2895 1874 solvere,
2928 1821 2982 1865 ut
3009 1808 3257 1865 Ninivita:
3287 1829 3303 1866 :
3331 1811 3453 1867 etsi
3482 1813 3608 1869 boni

2009 1903 2283 1974 quidpiam
2313 1901 2641 1973 promittam,
2677 1919 2743 1956 ttc
2759 1901 2942 1972 segnis
2961 1902 3037 1957 sis
3061 1902 3134 1959 ob
3162 1904 3615 1973 promissionem:

2012 2011 2137 2051 nam
2167 1995 2213 2050 si
2242 1994 2495 2066 indignus
2535 1992 2797 2060 reddaris,
2829 1992 2961 2048 nihil
2989 2002 3042 2048 te
3061 1993 3276 2063 juvabit
3304 1995 3614 2066 promissio,

2016 2085 2112 2142 sed
2135 2085 2311 2156 maius
2337 2086 2663 2157 supplicium
2685 2086 2790 2142 erit
2821 2103 2835 2139 :
2859 2100 2961 2157 ego
2988 2086 3135 2142 enim
3167 2088 3425 2156 promitto
3453 2087 3505 2147 ei
3526 2089 3621 2161 qui

2012 2177 2205 2249 dignus
2233 2188 2337 2234 est.
2371 2178 2575 2234 Idcirco
2604 2186 2732 2233 tunc
2753 2192 2969 2248 quoque
2990 2176 3285 2249 discipulos
3308 2179 3614 2251 alloquens,

2014 2285 2122 2326 non
2150 2269 2472 2340 simpliciter
2498 2268 2762 2339 promittit
2786 2285 2801 2332 ;
2835 2283 2943 2323 non
2969 2269 3115 2323 enim
3141 2269 3487 2326 solummodo
3519 2273 3619 2338 ait,

2027 2360 2141 2423 Vos,
2193 2358 2287 2415 sed
2325 2359 2496 2425 addit,
2553 2357 2658 2427 Qui
2686 2358 2888 2427 sequuti
2914 2359 3035 2415 estis
3071 2376 3185 2426 me,
3231 2368 3292 2415 ut
3320 2372 3375 2417 et
3421 2359 3615 2418 ludam

2013 2453 2254 2522 ejiceret,
2284 2464 2339 2509 et
2389 2466 2486 2509 eos
2536 2452 2627 2522 qui
2668 2461 2852 2521 postea
2902 2452 3062 2507 futuri
3106 2463 3262 2511 erant
3302 2453 3620 2511 attraheret.

2014 2546 2198 2617 Neque
2226 2547 2369 2603 enim
2405 2544 2472 2599 ad
2511 2544 2634 2600 illos
2670 2543 2871 2600 dictum
2901 2554 2984 2600 est
3011 2544 3179 2609 solos,
3211 2561 3389 2619 neque
3428 2548 3496 2603 ad
3525 2547 3622 2605 Ju-

2015 2638 2138 2693 dam
2161 2681 2175 2703 ,
2208 2638 2298 2709 qui
2342 2653 2402 2694 se
2442 2637 2717 2708 indignum
2769 2636 3023 2693 reddidit.
3055 2638 3340 2709 Discipulis
3368 2654 3499 2712 ergo
3540 2642 3623 2697 ῆι.

2016 2739 2133 2784 tura
2184 2729 2449 2800 promittit
2502 2727 2735 2783 dicendo
2790 2745 2805 2784 :
2850 2726 3105 2785 Sedebitis
3146 2746 3302 2799 super
3352 2730 3622 2787 duodecim

2017 2825 2225 2875 thronos
2256 2837 2275 2874 :
2302 2819 2646 2875 sublimiores
2682 2818 2827 2874 enim
2869 2818 3043 2874 elTecti
3093 2820 3225 2874 nihil
3276 2823 3621 2891 praesentium

2015 2914 2331 2981 qnmrelmnl
2365 2927 2380 2976 ;
2413 2910 2627 2966 caeteris
2657 2921 2838 2965 autem
2884 2913 3170 2982 prmaentia
3216 2928 3432 2985 quoque
3464 2916 3623 2985 polli-

2014 3012 2166 3057 cetur
2194 3003 2378 3058 dicens
2420 3020 2435 3057 :
2486 3001 2578 3057 29.
2622 3002 2943 3073 Quicumque
2975 3003 3224 3057 dimiserit
3262 3008 3483 3075 fratres,
3531 3015 3623 3061 aut

2014 3111 2235 3159 sorores,
2264 3103 2351 3148 aut
2383 3104 2601 3164 patrem,
2645 3100 2736 3147 aut
2762 3104 2995 3160 matrem,
3028 3103 3118 3147 aut
3144 3111 3376 3159 uxorem,
3425 3106 3515 3151 aut
3552 3100 3619 3167 ﬁ-

2015 3185 2130 3248 lios,
2162 3194 2252 3238 aut
2278 3200 2463 3255 agros,
2495 3194 2706 3254 propter
2741 3199 2923 3238 nomen
2953 3200 3142 3249 meum,
3172 3187 3463 3255 centuplum
3488 3191 3624 3244 acci-

2016 3280 2118 3349 piet
2146 3278 2197 3331 in
2236 3277 2340 3332 hoc
2372 3278 2606 3342 sweulo,
2649 3285 2696 3331 et
2732 3277 2889 3330 vitam
2920 3286 3161 3331 cateruam
3203 3280 3498 3347 possidebit.
3542 3282 3623 3340 Ne

2013 3369 2230 3440 quidam
2265 3370 2420 3425 enim‘
2444 3368 2599 3433 illud,
2656 3367 2778 3435 Vos,
2826 3368 3134 3432 audientes,
3183 3370 3315 3427 illud
3351 3374 3504 3443 quasi
3552 3374 3624 3432 ad

2012 3462 2307 3532 discipulos
2343 3462 2522 3516 solum
2559 3461 2839 3527 pertinens
2878 3462 3188 3532 acciperent
3230 3460 3343 3536 (de
3373 3466 3622 3524 maximis

2014 3556 2205 3627 loquor
2246 3554 2389 3612 etde
2419 3555 2605 3626 primis
2631 3554 2851 3610 sedibus
2882 3553 2940 3624 ),
2982 3555 3034 3609 in
3064 3570 3158 3611 eos
3184 3556 3278 3627 qui
3312 3559 3621 3616 mercedem

2011 3649 2280 3717 accepturi
2329 3656 2485 3702 erant
2527 3660 2833 3702 sermonem
2884 3646 3146 3710 extendit,
3200 3656 3256 3703 et
3301 3650 3621 3718 promissio-

2013 3755 2135 3793 nem
2164 3738 2322 3792 latins
2349 3736 2562 3792 dill'udit
2591 3737 2645 3790 in
2677 3745 2848 3791 totum
2873 3736 3080 3801 urbem,
3109 3747 3273 3809 atque
3290 3754 3357 3795 ex
3387 3756 3621 3810 praesen.

2014 3830 2154 3883 tibus
2188 3827 2365 3883 futura
2410 3826 2714 3882 conﬁrmat.
2754 3827 3039 3898 Diseipulis
3068 3840 3249 3884 autem
3283 3831 3618 3902 irrexordio,

2010 3935 2133 3975 eum
2164 3918 2341 3974 adhuc
2372 3917 2793 3989 imperfectiores
2819 3928 3023 3985 essent,
3047 3934 3115 3974 ex
3155 3922 3513 3990 praesentibus
3541 3924 3621 3980 lo—

2009 4011 2294 4083 quebatur.
2339 4010 2474 4065 Cum
2524 4010 2675 4073 enim
2720 4008 2946 4064 abduxit
2996 4024 3091 4066 eos
3140 4026 3210 4066 ex
3267 4013 3403 4067 mari
3456 4023 3511 4069 et
3551 4032 3621 4073 ex

2009 4114 2126 4159 arte
2164 4118 2261 4158 sua
2285 4146 2300 4169 ,
2345 4103 2611 4173 iussitque
2639 4100 2941 4156 naviculam
2980 4101 3257 4168 deserere,
3292 4119 3399 4159 non
3428 4106 3617 4173 caelos,

2011 4212 2119 4252 non
2149 4196 2373 4251 thronos
2395 4195 2716 4252 memoravit
2747 4211 2762 4260 ;
2790 4194 2885 4248 sed
2918 4210 3005 4249 res
3036 4206 3354 4265 praesentes,
3380 4197 3569 4256 dicens
3600 4220 3613 4255 :

2010 4290 2224 4344 Faciam
2254 4306 2340 4344 vos
2369 4289 2644 4359 piscatores
2674 4290 2935 4341 hominum
2961 4286 3177 4354 (Matth.
3203 4290 3257 4343 4.
3293 4289 3417 4362 l9);
3464 4303 3615 4362 post-

2006 4396 2166 4451 quam
2193 4390 2371 4435 autcm
2408 4380 2529 4434 illos
2557 4377 2902 4433 sublimiores
2924 4376 3199 4446 eﬂ‘ecerat,
3225 4389 3351 4436 tunc
3395 4381 3607 4438 denum:

2008 4476 2169 4528 etiam
2197 4472 2267 4527 de
2287 4471 2598 4528 caalc-stibus
2624 4471 2878 4541 loquitur.

2075 4567 2130 4622 2.
2173 4566 2309 4634 Quid
2338 4565 2439 4620 sibi
2471 4564 2584 4619 vult
2621 4562 2748 4618 illud
2772 4605 2787 4629 ,
2825 4561 3124 4616 Judicautes
3153 4564 3422 4619 duodecim
3453 4570 3615 4624 tribus

2004 4658 2221 4713 Israel?
2269 4658 2323 4713 Id
2369 4667 2473 4722 est,
2505 4655 2947 4712 condemnantes.
2991 4655 3176 4727 Neque
3213 4659 3355 4712 enim
3382 4668 3441 4713 ut
3465 4660 3615 4729 judi-

2004 4767 2095 4807 ces
2138 4750 2404 4807 sedebunt
2438 4768 2450 4805 :
2492 4749 2587 4804 sed
2616 4750 2753 4804 sicut
2787 4749 3028 4819 reginam
3056 4749 3236 4805 Austri
3258 4752 3601 4809 condemna-

2006 4854 2177 4898 turam
2219 4853 2433 4914 gentem
2477 4843 2623 4897 illam
2670 4841 2922 4908 dicebat,
2975 4850 3031 4896 et
3078 4840 3341 4897 Ninivitas
3385 4859 3604 4916 quoque

2000 4937 2453 4993 condemnaturos
2501 4950 2625 4990 esse
2676 4933 2910 5005 (Matth.
2964 4934 3053 4987 l2.
3104 4934 3198 4989 l2.
3242 4936 3306 4989 41
3336 4934 3354 5005 )
3384 4953 3397 4988 :
3430 4936 3510 4991 sic
3556 4950 3611 4993 et

2000 5030 2224 5100 apostoli
2255 5028 2708 5084 eondemnabunt.
2738 5027 2969 5098 Ideoque
2999 5042 3105 5083 non
3132 5026 3295 5093 dixit,
3328 5028 3528 5086 Gentes
3556 5042 3612 5087 et

1996 5124 2185 5177 orbem
2206 5163 2220 5188 ,
2252 5120 2346 5177 sed
2371 5162 2387 5188 ,
2418 5119 2599 5174 Tribus
2626 5118 2811 5173 Israel.
2841 5120 2978 5186 Quia
3008 5119 3153 5173 ettim
3195 5118 3247 5174 in
3286 5120 3477 5177 iisdem
3510 5139 3608 5176 nn-

2000 5215 2111 5271 triti
2154 5224 2308 5271 erant
2346 5224 2401 5269 et
2449 5212 2654 5283 legihus
2693 5222 2747 5267 et
2796 5212 3043 5267 moribus
3094 5222 3149 5266 ct
3186 5212 3445 5268 institutis
3498 5225 3605 5269 tam

1997 5308 2165 5363 Judaei
2201 5323 2359 5377 quam
2404 5305 2671 5375 apostoli,
2714 5320 2837 5357 cum
2866 5303 3036 5358 Judaei
3072 5302 3347 5367 dicerent,
3381 5319 3443 5359 se
3478 5305 3603 5360 ideo

2000 5400 2212 5457 Christo
2254 5400 2475 5455 credere
2515 5413 2621 5451 non
2651 5397 2918 5467 pomisse,
2950 5396 3075 5465 quia
3103 5395 3187 5451 lex
3228 5396 3477 5451 mandata
3513 5398 3600 5467 ip-

1997 5498 2109 5550 sius
2146 5494 2383 5563 recipere
2418 5488 2768 5561 prohibebat,
2808 5487 2892 5542 his
2920 5487 2973 5541 in
3004 5486 3242 5541 medium
3290 5488 3591 5557 productis,

1996 5587 2087 5658 qui
2114 5585 2358 5641 eamdem
2392 5586 2565 5654 legem
2595 5591 2922 5652 acceperant
2943 5591 2995 5635 et
3016 5580 3379 5646 crediderant,
3409 5596 3599 5637 omnes

1997 5682 2117 5735 illos
2139 5680 2465 5734 condemnat
2498 5696 2511 5732 :
2547 5677 2597 5731 id
2629 5677 2772 5745 quod
2798 5677 2962 5730 etiam
2988 5675 3100 5744 jam
3131 5674 3267 5728 dixit
3299 5690 3318 5729 :
3358 5673 3595 5744 ldeoju-

1995 5776 2129 5827 dices
2178 5774 2327 5826 uestri
2373 5781 2518 5824 erunt
2554 5768 2725 5840 (Ibid.
2760 5786 2807 5825 υ.
2855 5770 2924 5823 ‘27
2954 5771 2992 5837 ).
3046 5768 3113 5822 Et
3160 5768 3286 5838 quid
3343 5782 3594 5834 magnum

1998 5866 2123 5933 ipsis
2174 5864 2415 5935 promisit
2439 5907 2451 5931 ,
2490 5883 2517 5895 ο·
2550 5866 2697 5925 qu‘i-s
2721 5904 2734 5928 ,
2770 5864 2813 5916 si
2850 5862 2897 5915 i-J
2923 5905 2934 5927 ,
2986 5860 3126 5930 quod
3175 5858 3367 5915 habent
3416 5858 3595 5927 regina
