4186 6478
660 400 770 452 ’611

673 509 852 566 Austri
881 515 934 565 et
970 507 1234 573 Ninivittc,
1274 506 1501 561 habituri
1536 508 1705 562 sunt?
1732 506 1890 561 Certe
1924 506 2089 561 multa
2125 505 2226 559 alia

662 602 776 656 illis
814 610 968 655 antea
998 600 1255 670 promisit,
1277 607 1337 653 et
1382 608 1563 667 postea
1600 600 1760 653 etiam
1798 597 2070 667 promittet
2102 615 2116 652 :
2147 612 2233 651 ne-

667 708 776 762 quo
795 691 922 745 illud
964 691 1133 744 solum
1161 691 1600 759 est-praemium.
1652 690 1893 760 Alioquin
1926 700 2102 745 autem
2149 688 2233 743 hic

673 798 874 851 quoque
931 781 1127 851 aliquid
1190 782 1362 850 majus
1415 781 1962 836 subindicavit.-Nam
2009 780 2076 835 de
2128 780 2233 835 illis

667 874 974 942 simpliciter
1025 875 1155 928 dixit
1204 891 1218 926 :
1268 872 1373 926 Viri
1425 872 1667 926 Ninivita:
1720 881 1955 941 surgent,
2004 880 2051 925 et
2098 888 2233 923 con-

665 966 966 1019 demnabam
1026 967 1387 1034 generationem
1448 964 1622 1028 hanc;
1684 973 1769 1029 et,
1817 961 2012 1033 Regina
2061 961 2232 1015 Austri

665 1058 1010 1112 condemnabit
1038 1073 1058 1111 :
1082 1058 1149 1112 de
1180 1058 1259 1112 Itis
1286 1074 1411 1112 vero
1457 1072 1560 1112 non
1584 1058 1891 1124 simpliciter
1924 1072 1939 1108 :
1975 1053 2066 1109 sed
2094 1066 2253 1123 quo»

648 1147 873 1201 modo?
904 1146 1028 1202 Cum
1064 1149 1245 1202 sederit
1274 1147 1437 1201 Filius
1462 1149 1675 1202 hominis
1705 1149 1755 1200 in
1802 1144 2228 1214 sedentajestatis

660 1256 787 1299 suat.
815 1252 932 1293 tunc
957 1240 1184 1294 udeln'tis
1211 1249 1259 1293 et
1283 1256 1365 1293 vos
1393 1255 1542 1309 super
1569 1240 1832 1293 duodecim
1858 1239 2063 1291 thronos
2084 1252 2103 1299 ;
2132 1250 2223 1289 os-

664 1331 888 1385 tendens
908 1330 1060 1399 ipsos
1102 1342 1157 1385 et
1196 1341 1607 1398 conregnaturos
1628 1370 1643 1392 ,
1669 1343 1722 1385 et
1750 1330 1930 1398 gloria:
1953 1338 2225 1383 consortes

660 1422 882 1475 futuros.
913 1420 1043 1475 Nam
1075 1418 1135 1474 Si
1169 1422 1492 1483 sustinemus,
1521 1421 1716 1487 inquit,-
1737 1430 1783 1472 et
1812 1418 2223 1488 conregnabimus

662 1510 758 1579 (2.
783 1510 914 1563 Tim.
953 1510 1007 1566 ἓ..
1038 1510 1162 1582 li).
1191 1511 1373 1579 Neque
1396 1512 1535 1564 enim
1578 1510 1751 1562 throni
1786 1509 1966 1564 sedum
2016 1506 2218 1577 signiﬁ-

657 1611 777 1655 cant
800 1617 819 1653 Δε
847 1602 1003 1656 solus.
1038 1603 1233 1669 quippe
1263 1603 1375 1667 ipse
1396 1615 1640 1654 sessurus
1679 1609 1732 1652 et
1753 1600 2083 1667 iudicaturus
2103 1608 2219 1663 est;

662 1694 758 1749 sed
790 1709 885 1763 per
911 1693 1129 1748 thronos
1157 1694 1274 1748 illos
1294 1693 1550 1747 honorem
1577 1704 1629 1746 et
1656 1692 1875 1762 gloriam
1905 1691 2221 1746 ineffabilem

655 1786 988 1856 signiﬁcavit.
1019 1784 1113 1839 llis
1142 1786 1318 1855 itaque
1351 1785 1463 1837 lucc
1494 1784 1625 1837 dixit
1662 1802 1675 1837 :
1712 1782 1930 1851 reliquis
1958 1799 2082 1837 vero
2108 1796 2220 1837 ont-

660 1878 816 1931 nihus
862 1878 1021 1929 vitam
1063 1885 1352 1941 a-ternam,
1397 1884 1449 1928 et
1499 1874 1585 1927 hie
1625 1878 1946 1944 centuplum.
1990 1872 2047 1928 Si
2096 1888 2223 1926 vero

657 1968 897 2031 reliquis.
928 1967 1093 2021 multo
1116 1968 1279 2034 magis
1308 1967 1583 2032 apostolis,
1614 1965 1771 2018 etiam
1806 1966 1854 2017 in
1882 1963 1981 2017 hoc
2003 1964 2219 2016 smculo.

656 2059 712 2113 Id
739 2059 876 2127 quod
899 2060 1056 2113 etiam
1086 2060 1277 2112 evenit.
1320 2058 1539 2112 Calam‘o
1568 2058 1709 2112 enim
1737 2068 1790 2111 et
1816 2057 2013 2110 retibus
2033 2056 2216 2109 dimis-

657 2154 763 2218 sis,
790 2154 1027 2206 omnium
1060 2152 1194 2205 bona
1230 2152 1282 2204 in
1309 2166 1401 2205 sua
1437 2161 1694 2219 poutstate
1720 2150 2000 2213 habebant,
2030 2147 2217 2201 dontoc

657 2257 773 2295 runt
802 2242 970 2310 pretia
997 2251 1050 2295 et
1084 2257 1354 2311 agrorum,
1388 2242 1602 2310 ipsaque
1622 2255 1844 2307 corpora
1866 2240 2213 2293 credentium.

656 2330 787 2386 Nam
830 2332 989 2384 etiam
1019 2332 1151 2385 mori
1184 2346 1279 2399 pro
1308 2332 1433 2398 ipsis
1462 2345 1605 2399 saepe
1626 2331 1935 2392 voluissent,
1978 2340 2033 2381 ut
2059 2330 2218 2383 etiam

656 2425 848 2479 Paulus
896 2426 1072 2477 multis
1128 2424 1474 2489 testificatur,
1505 2437 1625 2477 cum
1658 2422 1791 2475 dixit
1823 2440 1833 2473 :
1870 2422 1930 2475 Si
1975 2422 2180 2487 possetis
2202 2462 2216 2486 ,

655 2518 801 2571 etiam
828 2516 997 2569 oculos
1020 2530 1203 2569 vestros
1228 2516 1422 2569 avulso:
1450 2516 1569 2565 mihi
1591 2515 1849 2568 dedissetis
1873 2514 2012 2584 (Gal.
2032 2515 2084 2568 4.
2106 2515 2215 2581 15).

658 2608 787 2663 Cum
827 2618 1002 2661 autem
1038 2606 1194 2670 dicit,
1229 2605 1539 2673 Quicumque
1565 2606 1821 2675 reliquerit
1852 2621 2080 2670 uxorem,
2113 2620 2219 2658 non

657 2701 769 2753 vult
801 2699 1091 2753 dirimenda
1117 2712 1235 2753 esse
1258 2697 1588 2751 matrimonia
1614 2714 1628 2759 ;
1658 2697 1751 2750 sed
1781 2697 1916 2750 sicut
1939 2695 2007 2750 de
2045 2695 2221 2749 anima

658 2792 892 2858 dicebat,
936 2791 1035 2857 Qui
1060 2790 1329 2860 perdiderit
1353 2790 1574 2841 animam
1599 2804 1741 2841 suam
1767 2796 1971 2856 propter
2000 2802 2076 2838 me
2095 2828 2109 2851 ,
2139 2786 2220 2837 in-

656 2884 813 2937 veniet
840 2898 947 2934 eam
986 2882 1005 2951 (
1038 2881 1221 2934 Matth.
1267 2880 1354 2933 10.
1384 2879 1453 2934 39
1486 2882 1503 2947 )
1536 2894 1679 2933 :non
1723 2879 1822 2932 hoc
1868 2878 2001 2931 dixit
2032 2887 2089 2931 ut
2125 2890 2219 2930 nos

655 2975 956 3029 occidamus
987 2990 1000 3037 ;
1034 2966 1208 3043 neque
1254 2985 1309 3025 ut
1343 2974 1461 3027 ideo
1506 2986 1816 3041 St‘pHI'CIIIUS
1859 2971 2000 3024 illam
2040 2984 2071 3023 a
2096 2985 2217 3025 cor-

659 3084 807 3137 pore,
840 3069 930 3123 sed
961 3079 1015 3121 ut
1045 3068 1290 3121 omnibus
1319 3068 1566 3136 pietatem
1592 3080 1959 3135 pnrponantus
1992 3083 2007 3118 :
2035 3065 2136 3119 hoc
2164 3073 2220 3119 et

657 3159 725 3213 de
752 3173 917 3213 uxore
960 3167 1013 3211 et
1056 3156 1120 3211 de
1151 3157 1399 3211 fratribus
1426 3156 1572 3211 dicit.
1613 3156 1827 3210 Videtur
1854 3163 2028 3210 autem
2058 3156 2215 3210 etiam

657 3248 1092 3319 persequutiones
1118 3247 1203 3301 hic
1244 3247 1603 3301 subindicare.
1645 3246 1775 3300 Nam
1805 3246 1924 3316 quia
1948 3245 2093 3299 multi
2131 3260 2221 3315 pa-

657 3350 763 3396 tres
786 3340 1039 3410 erantqui
1067 3339 1202 3393 ﬁlios
1221 3380 1237 3405 ,
1269 3347 1322 3394 et
1347 3353 1542 3393 uxores
1570 3352 1688 3408 quae
1713 3337 1857 3391 viros
1882 3335 1945 3389 ad
1975 3335 2220 3404 impieta-

658 3442 763 3485 tem
794 3430 1071 3484 trahebant
1111 3448 1124 3484 :
1164 3427 1294 3484 Cum
1325 3429 1439 3484 ha-c
1473 3428 1853 3499 prmceperint,
1887 3427 2090 3497 inquit,
2120 3441 2217 3482 nec

656 3536 849 3575 uxores
894 3520 1220 3587 habeantur,
1266 3535 1435 3590 neque
1482 3528 1701 3588 patres,
1734 3517 1872 3588 quod
1927 3530 1980 3572 et
2028 3516 2219 3571 Paulus

654 3611 861 3667 dicebat
909 3628 924 3666 :
974 3608 1205 3678 Iit/idolis
1240 3611 1424 3664 verosi
1451 3610 1678 3674 discedit,
1713 3607 1976 3676 ἀίει-σόαι(
1998 3609 2048 3662 1.
2095 3605 2214 3661 Cor.

654 3704 709 3758 'l.
743 3703 870 3772 15).
916 3702 1117 3756 Eorum
1158 3702 1333 3771 itaque
1362 3702 1571 3755 animos
1604 3701 1848 3769 erigens,
1892 3710 1947 3755 et
1989 3699 2219 3756 suadens

655 3795 837 3849 illisut
866 3803 918 3847 et
948 3794 1015 3848 de
1040 3808 1098 3847 se
1118 3802 1172 3848 et
1196 3794 1266 3847 de
1288 3801 1397 3848 toto
1421 3794 1551 3848 orbe
1580 3792 1908 3848 confiderent
1929 3832 1943 3859 ,
1972 3792 2215 3847 addidit:

654 3884 745 3940 50.
786 3883 936 3938 Multi
965 3894 1135 3938 autem
1160 3894 1305 3937 erunt
1348 3885 1497 3953 primi
1538 3875 1825 3950 novissimi,
1879 3896 1927 3938 et
1965 3885 2218 3939 novissimi

654 3976 824 4045 primi.
860 3975 968 4030 lloc
993 3984 1169 4030 autem
1201 3974 1471 4030 indellnite
1489 3985 1544 4030 et
1569 3975 1636 4030 de
1666 3976 1847 4031 multis
1869 3978 1986 4031 aliis
2015 3978 2215 4032 dictum

652 4073 766 4130 est;
811 4065 1009 4120 dictum
1043 4076 1217 4119 tamen
1259 4064 1355 4118 fuit
1394 4075 1447 4118 et
1478 4065 1545 4120 de
1576 4066 1690 4131 his,
1719 4074 1773 4119 et
1797 4067 1864 4119 de
1898 4066 2180 4120 Pharismis
2200 4106 2216 4131 ,

653 4162 742 4228 qui
772 4176 876 4214 non
900 4157 1239 4214 crediderunt
1266 4201 1281 4226 ,
1312 4159 1453 4228 quod
1480 4170 1534 4213 et
1573 4160 1624 4213 itt
1666 4159 2029 4228 superioribus
2070 4159 2219 4214 dice-

654 4252 779 4308 bat:
814 4250 966 4305 Multi
995 4251 1186 4305 venient
1228 4251 1290 4304 alt
1320 4249 1519 4303 Oriente
1556 4259 1602 4303 et
1643 4248 1928 4311 Occidente,
1961 4259 2007 4303 et
2035 4266 2223 4323 recume

651 4342 766 4395 bent
809 4357 920 4394 cum
955 4340 1209 4395 Abraham
1231 4382 1246 4405 ,
1278 4338 1425 4393 Isaac
1460 4349 1505 4393 et
1531 4338 1692 4393 Iacob
1715 4356 1733 4393 :
1762 4340 1857 4408 ﬁlii
1885 4349 2050 4393 autem
2078 4340 2219 4411 regni

655 4431 919 4500 ejicientur
958 4434 1096 4502 {oras
1132 4431 1149 4500 (
1178 4430 1365 4485 Matth.
1397 4431 1451 4486 8.
1488 4432 1547 4485 11
1578 4430 1618 4500 ).
1665 4430 1863 4485 Deinde
1914 4430 2218 4500 parabolam

652 4520 853 4589 adjicit,
874 4537 974 4590 qua
998 4536 1180 4575 eorum
1205 4522 1291 4589 qui
1309 4520 1459 4575 tarde
1478 4530 1737 4575 venerunt
1754 4519 1924 4575 studia
1948 4519 2224 4575 fiduciam-

651 4628 754 4684 que
795 4612 1046 4668 incendit.
1090 4614 1176 4668 Ait
1228 4613 1409 4669 enim:
1440 4611 1604 4684 (Cap.
1656 4611 1796 4685 XX)
1824 4613 1876 4668 1.
1927 4612 2109 4668 Simile
2149 4623 2224 4669 est

652 4721 861 4777 regnum
900 4705 1133 4759 cwlorum
1171 4705 1362 4758 homini
1388 4704 1762 4774 patrifamilias,
1789 4704 1874 4773 qui
1910 4704 2028 4758 exiit
2059 4704 2221 4772 primo

653 4813 799 4850 mane
822 4796 1097 4850 conducere
1122 4796 1456 4866 operariosjn
1483 4796 1676 4848 vineam
1713 4811 1874 4848 suam.
1904 4794 1962 4849 2.
1993 4793 2222 4849 Conven-

650 4889 787 4943 tione
828 4898 994 4941 autem
1022 4887 1156 4956 facta
1202 4904 1313 4939 cum
1358 4886 1602 4955 operariis
1652 4902 1714 4939 ea;
1751 4886 1957 4939 denario
1998 4885 2220 4952 diurno,

651 4981 785 5034 misit
820 4996 905 5033 eos
926 4981 976 5033 in
1020 4974 1211 5031 vincant
1236 4995 1397 5031 suam.
1436 4979 1489 5033 3.
1533 4976 1600 5031 Et
1631 4979 1773 5031 tertia
1799 4979 1924 5031 hora
1950 4979 2071 5032 vidit
2096 4979 2226 5034 alios

652 5084 833 5130 stantes
862 5074 1078 5136 otiosos,
1111 5073 1164 5126 1.
1194 5082 1240 5125 et
1277 5072 1403 5124 dixit
1445 5072 1547 5124 illis
1581 5088 1601 5123 .·
1628 5070 1709 5125 Ite
1745 5080 1792 5124 et
1832 5087 1917 5125 vos
1945 5071 1996 5123 in
2030 5072 2223 5125 vineam

654 5182 846 5230 meum,
875 5175 920 5218 et
959 5166 1094 5235 quod
1113 5167 1307 5235 justum
1340 5166 1488 5233 fuerit
1531 5164 1658 5218 dabo
1700 5165 1856 5219 vobis.
1888 5164 1943 5220 5.
1989 5162 2057 5217 Et
2090 5166 2226 5217 circa

651 5270 844 5311 sextam
874 5266 918 5310 et
948 5272 1133 5310 nonam
1168 5255 1343 5309 horam
1379 5256 1493 5322 fecit
1532 5256 1776 5310 similiter.
1807 5256 1861 5310 6.
1895 5255 2040 5309 Circa
2063 5257 2223 5309 unde-

654 5350 833 5402 cimam
858 5358 1021 5400 autem
1048 5349 1244 5411 horam,
1285 5346 1403 5400 vidit
1426 5346 1555 5400 alios
1583 5356 1766 5401 stantes
1801 5348 2004 5412 otiosos,
2036 5357 2083 5399 et
2105 5345 2224 5401 dicit

654 5438 757 5492 illis
810 5453 828 5491 :
874 5436 1007 5502 Quid
1036 5439 1115 5491 hic
1158 5439 1300 5492 statis
1338 5447 1443 5491 tota
1479 5438 1563 5492 die
1606 5438 1802 5492 otiosi?
1845 5440 1896 5493 7.
1932 5436 2020 5492 Illi
2059 5450 2224 5493 autent

657 5532 826 5585 dicunt
853 5530 896 5583 ei
921 5546 939 5583 .'
969 5528 1133 5584 Nemo
1172 5547 1261 5584 nos
1285 5530 1542 5585 conduxit.
1576 5528 1711 5585 Dicit
1741 5531 1811 5584 eis
1834 5546 1852 5585 :
1874 5529 1901 5584 1
1908 5541 1955 5585 te
1980 5540 2026 5585 et
2064 5548 2146 5585 vos
2172 5534 2224 5586 in

654 5624 850 5677 vineam
882 5638 1063 5686 meam,
1092 5637 1135 5676 et
1160 5622 1292 5692 quod
1310 5624 1508 5692 justum
1535 5626 1683 5694 fuerit
1709 5624 1984 5693 accipietis.
2026 5623 2079 5678 8.
2125 5623 2221 5678 Ve-

662 5736 734 5781 snt
749 5732 802 5769 re
824 5724 989 5768 autent
1012 5714 1168 5783 [παρ.
1183 5716 1302 5769 dicit
1329 5717 1560 5769 dominus
1579 5717 1734 5769 vinea?
1760 5716 2073 5787 procuratori
2092 5732 2182 5769 suo
2204 5730 2222 5768 :

671 5805 796 5865 Voca
826 5808 1083 5880 aperarios
1141 5818 1185 5865 et
1212 5807 1279 5865 da
1318 5809 1388 5865 eis
1415 5808 1683 5865 mercedem
1703 5851 1717 5874 ,
1748 5810 1990 5881 incipiens
2021 5808 2080 5863 ab
2108 5809 2224 5862 ulti-

1384 392 1441 449 S.
1474 368 1753 450 ἰοςλΝΝιε
1790 391 2254 448 CllllYSOSTOMl
2295 393 2608 453 ARCIIIEP.
2646 400 3171 463 CONSTANTINOP.

2354 413 2608 496 uultur.
2646 413 3171 463 UUNSTANTINOP.
3807 413 3909 469 liii

2341 509 2433 559 mis
2455 523 2607 579 usque
2631 512 2699 564 ad
2719 516 2925 583 primos.
2945 517 2997 572 9.
3028 520 3150 573 Cum
3171 523 3412 578 uenissent
3432 525 3471 579 ii
3494 528 3581 594 qui
3600 528 3736 582 circa
3750 530 3906 581 Inde—

2340 596 2519 650 cimam
2557 599 2733 655 haram
2764 617 3026 673 venerant,
3065 625 3361 681 acceperunt
3388 614 3614 686 singulos
3640 620 3894 676 denarios.

2342 688 2427 741 10.
2470 688 2537 742 Et
2566 694 2809 751 venientes
2836 698 2987 761 primi
3020 701 3421 758 existimaverunt
3448 710 3584 776 quod
3607 710 3721 776 plus
3745 725 3903 769 essent

2339 782 2607 850 accepturi,
2648 793 2691 835 et
2717 799 3013 854 acceperunt
3040 790 3139 859 ipsi
3166 808 3360 863 quoque
3385 797 3610 867 singulos
3645 802 3902 870 denarios,

2345 871 2427 923 11.
2458 880 2504 923 et
2540 874 2835 938 accipientes
2878 881 3254 934 nmt'ntnrabant
3280 886 3518 939 adversus
3563 895 3902 961 patremfami-

2338 960 2435 1014 lias
2458 1004 2471 1024 ,
2506 962 2589 1017 12.
2638 964 2852 1021 dicentes
2883 982 2901 1021 :
2935 967 3003 1021 Ili
3048 972 3305 1025 novissimi
3334 991 3432 1028 una
3457 976 3582 1029 hora
3610 960 3834 1049 fecerunt
3864 984 3903 1049 ί,

2337 1062 2383 1104 et
2409 1070 2551 1123 pares
2580 1055 2694 1110 illos
2727 1059 2868 1113 nobis
2895 1060 3073 1129 fecisti,
3101 1064 3184 1129 qui
3224 1070 3529 1134 portavimus
3556 1072 3754 1139 pondus
3783 1076 3900 1140 diei,

2336 1155 2381 1197 et
2406 1156 2582 1199 castum
2607 1148 2633 1201 .9
2667 1151 2748 1205 15.
2774 1148 2802 1203 1
2807 1168 2892 1218 pse
2912 1165 3073 1207 autem
3094 1159 3398 1225 respondens
3420 1162 3507 1213 uni
3534 1178 3705 1215 eorum
3730 1165 3857 1219 dixit
3885 1184 3905 1223 .-

2338 1236 2527 1299 Amice,
2562 1255 2660 1292 non
2690 1242 2821 1310 facio
2851 1243 2938 1296 tibi
2957 1245 3194 1313 injuriam
3230 1263 3434 1303 :nonne
3460 1267 3520 1305 ea:
3547 1253 3753 1308 denario
3781 1272 3903 1309 con-

2334 1329 2507 1381 venisti
2528 1346 2717 1384 mecum
2749 1334 2775 1387 7
2799 1334 2884 1388 N.
2926 1334 3065 1389 Tolle
3083 1340 3216 1405 quod
3236 1350 3375 1393 tuum
3395 1352 3488 1405 est,
3522 1354 3568 1396 et
3596 1346 3737 1399 vade.
3780 1345 3903 1403 Volo

2333 1428 2499 1470 autem
2529 1420 2653 1473 dare
2680 1431 2725 1474 et
2748 1423 2923 1478 ultimo
2944 1426 3061 1479 huic
3098 1429 3225 1481 sicut
3250 1440 3296 1482 et
3325 1430 3431 1483 tibi.
3460 1433 3547 1487 15.
3580 1434 3762 1488 Annon
3791 1437 3901 1491 licet

2334 1510 2459 1563 mihi
2484 1512 2619 1579 quod
2643 1515 2753 1568 volo
2791 1518 2957 1586 facere
2983 1518 3035 1570 in
3065 1520 3127 1571 iis
3146 1537 3258 1585 qua:
3285 1538 3395 1575 mea
3420 1534 3541 1576 sunt
3571 1527 3597 1577 .’
3623 1525 3701 1578 An
3727 1529 3901 1581 oculus

2334 1611 2453 1655 tuus
2490 1620 2704 1673 nequam
2734 1616 2837 1671 est,
2877 1608 2995 1676 quia
3033 1624 3122 1678 ego
3157 1611 3312 1663 bonus
3337 1628 3447 1664 sum
3476 1614 3502 1665 .9
3530 1614 3612 1668 16.
3646 1613 3732 1667 Ita
3758 1626 3900 1669 erunt

2333 1693 2588 1747 novissimi
2632 1697 2812 1763 primi,
2845 1708 2889 1749 et
2932 1699 3078 1767 primi
3113 1700 3389 1756 novissimi.
3440 1701 3593 1756 Multi
3620 1704 3754 1759 enim
3785 1716 3900 1759 sunt

2332 1789 2524 1849 vocati,
2555 1789 2701 1855 pauci
2728 1802 2842 1841 vero
2866 1789 3025 1842 electi.

2401 1876 2454 1930 3.
2496 1878 2631 1942 Quid
2661 1878 2760 1931 sibi
2794 1881 2901 1932 vult
2929 1882 3039 1933 haec
3062 1881 3307 1947 parabola
3337 1881 3362 1935 2
3389 1882 3569 1953 Neque
3586 1885 3725 1939 enim
3752 1885 3896 1955 prin-

2327 1967 2466 2034 cipio
2491 1970 2753 2021 consentit
2788 1970 2911 2022 illud
2944 1971 3082 2039 quod
3116 1973 3164 2024 in
3198 1974 3300 2025 line
3325 1973 3537 2041 dicitur,
3568 1976 3659 2030 sed
3688 1987 3897 2031 contra-

2332 2057 2465 2108 rium
2497 2059 2713 2111 omnino
2743 2061 2999 2113 enuntiat.
3042 2062 3098 2115 In
3144 2062 3241 2115 hac
3283 2064 3424 2117 enim
3473 2047 3687 2119 exhibet
3718 2082 3899 2121 omnes

2329 2138 2511 2199 eadem
2544 2149 2756 2215 praemia
2784 2150 3121 2217 accipientes,
3163 2166 3331 2220 neque
3359 2152 3492 2207 alios
3518 2154 3737 2223 ejectos,
3770 2156 3900 2211 alios

2331 2250 2456 2289 vero
2486 2238 2745 2291 admissos
2774 2255 2787 2303 ;
2838 2240 2949 2307 ipse
2980 2253 3154 2293 autem
3190 2252 3243 2296 et
3272 2252 3397 2297 ante
3437 2254 3487 2298 et
3528 2256 3648 2313 post
3674 2249 3899 2316 parabo-

2332 2327 2434 2381 lant
2465 2331 2787 2384 contrarium
2820 2332 2951 2386 dixit
2983 2350 2995 2384 :
3030 2331 3191 2385 Erunt
3227 2334 3379 2387 primi
3401 2338 3689 2402 novissimi,
3731 2348 3778 2392 et
3805 2355 3898 2392 no-

2329 2420 2519 2473 vissimi
2559 2422 2705 2488 primi
2732 2440 2751 2487 ,-
2785 2424 2832 2475 id
2859 2433 2935 2477 est
2957 2464 2971 2487 ,
3004 2424 3129 2493 ipsis
3168 2424 3351 2490 primis
3384 2428 3620 2493 priores,
3648 2430 3753 2483 illis
3795 2447 3898 2485 non

2332 2511 2515 2579 primis
2546 2512 2897 2579 manentibus,
2923 2513 3014 2567 sed
3048 2514 3307 2583 pastillos
3338 2516 3543 2583 positis.
3574 2517 3726 2583 Quod
3756 2523 3897 2572 enim

2330 2603 2432 2658 hoc
2446 2603 2705 2673 significet
2724 2602 2957 2659 declarat
2976 2605 3159 2660 dicens
3188 2624 3202 2660 :
3239 2606 3547 2663 Multicnim
3570 2619 3687 2662 sunt
3716 2611 3895 2675 vocati,

2332 2694 2478 2763 pauci
2511 2710 2624 2748 vero
2667 2693 2807 2747 electi
2835 2710 2854 2748 :
2884 2696 2953 2748 ita
2996 2707 3051 2749 ut
3098 2696 3297 2764 duplici
3330 2698 3491 2753 modo
3521 2708 3575 2754 et
3608 2679 3725 2754 illos
3752 2716 3900 2755 mor-

2330 2785 2492 2851 deat,
2520 2796 2573 2840 ct
2600 2787 2696 2841 hos
2726 2788 3028 2842 consoletur
3053 2798 3106 2842 et
3134 2788 3391 2844 hortetur.
3435 2792 3689 2847 Parabola
3718 2804 3898 2848 autem

2329 2891 2433 2929 non
2466 2875 2515 2929 id
2542 2874 2705 2941 dicit;
2738 2876 2830 2930 sed
2868 2878 2988 2931 illos
3016 2880 3251 2946 probatis
3287 2880 3432 2943 viris,
3456 2882 3545 2950 qui
3567 2884 3789 2935 multum
3823 2884 3900 2937 la-

2327 2964 2631 3022 boraverint
2653 3006 2671 3033 ,
2723 2960 2879 3037 pares
2923 2967 3125 3023 futuros
3162 2987 3176 3023 :
3210 2986 3330 3024 nam
3366 2973 3547 3037 aiunt,
3582 2972 3743 3027 Pares
3786 2975 3901 3027 illos

2327 3063 2473 3115 nobis
2496 3059 2683 3129 fecistis
2706 3101 2720 3123 ,
2760 3062 2845 3125 qui
2878 3065 3186 3129 portavimus
3228 3062 3426 3131 pondus
3470 3064 3587 3126 diei,
3625 3074 3672 3117 et
3700 3076 3899 3119 costum.

2327 3148 2458 3217 Quid
2504 3165 2633 3220 ergo
2684 3150 2785 3205 sibi
2840 3151 2950 3205 vult
3004 3152 3301 3220 parabola?
3344 3154 3713 3210 Necessarium
3757 3157 3899 3211 enim

2325 3252 2407 3297 est
2435 3242 2535 3297 hoc
2562 3243 2733 3314 primo
2757 3242 3031 3298 declarare
3050 3285 3065 3310 ,
3094 3253 3149 3298 et
3171 3257 3294 3300 tunc
3329 3246 3776 3304 illud'solvemus.
3806 3248 3899 3303 Vi-

2328 3350 2480 3391 neam
2501 3335 2657 3405 igitur
2685 3336 2927 3390 mandata
2953 3338 3062 3401 Dei,
3085 3339 3337 3407 operandi
3360 3349 3563 3409 tempus
3586 3350 3900 3409 praesentem

2328 3428 2487 3482 vitam
2515 3427 2749 3496 appellat
2779 3445 2792 3481 :
2835 3430 3106 3498 sperarios
3127 3472 3141 3492 .
3169 3446 3263 3484 eos
3292 3432 3377 3501 qui
3409 3433 3623 3487 diverso
3653 3433 3811 3488 modo
3830 3432 3899 3487 ad

2329 3516 2420 3573 Dei
2450 3527 2709 3588 pratcepta
2733 3520 2899 3573 vocati
2922 3529 3045 3573 sunt
3072 3535 3087 3586 ;
3120 3536 3291 3585 mane,
3327 3523 3499 3587 tertia,
3532 3534 3699 3588 sexta,
3734 3540 3897 3590 nona,

2326 3608 2604 3663 undecima
2650 3607 2779 3661 hora
2804 3650 2816 3669 ,
2849 3610 2937 3677 qui
2967 3610 3207 3665 diversis
3242 3612 3487 3667 aetatibus
3523 3625 3899 3682 accesserunt,

2324 3709 2379 3755 et
2433 3716 2545 3755 rent
2590 3699 2727 3755 bene
2768 3709 3067 3769 gesserunt.
3098 3700 3202 3754 Sed
3247 3703 3535 3772 queritur,
3582 3720 3711 3758 num
3742 3704 3900 3776 primi

2324 3794 2413 3864 qui
2435 3794 2641 3864 probati
2670 3793 2834 3857 fuere,
2863 3802 2916 3847 et
2945 3794 3051 3848 Deo
3085 3794 3347 3862 placuere,
3376 3796 3571 3866 quique
3599 3812 3691 3865 per
3728 3809 3897 3854 totum

2322 3883 2572 3938 diurnum
2612 3882 2844 3937 laborem
2871 3880 3129 3951 splendidi
3159 3883 3339 3949 fuere,
3370 3896 3610 3939 extremo
3649 3888 3899 3956 nequitiae

2322 3975 2510 4029 morbo
2550 3973 2920 4036 laboraverint,
2954 3974 3145 4027 invidia
3180 3989 3367 4043 nempe
3393 3986 3444 4029 et
3480 3976 3670 4030 livore.
3701 3975 3899 4031 Viden-

2326 4075 2406 4119 tes
2448 4064 2589 4119 enim
2629 4064 2747 4116 illos
2772 4062 2955 4117 eadem
2984 4063 3232 4120 mercede
3269 4064 3492 4119 donatos
3516 4105 3530 4127 .
3573 4066 3797 4120 dicunt:
3831 4065 3902 4122 lli

2325 4154 2580 4207 novissimi
2603 4169 2703 4205 una
2727 4151 2852 4204 hora
2879 4156 3137 4222 fecerunt,
3162 4163 3206 4207 et
3233 4170 3380 4223 pares
3403 4156 3519 4209 illos
3550 4154 3690 4208 nobis
3717 4158 3898 4226 fecisti,

2325 4250 2411 4316 qui
2428 4249 2735 4317 portavimus
2774 4250 2971 4316 pondus
2996 4249 3094 4302 diei
3121 4290 3135 4313 ,
3170 4260 3214 4303 et
3248 4262 3423 4303 a'stum
3448 4253 3473 4304 ?
3502 4252 3571 4306 Et
3609 4264 3729 4306 cum
3761 4252 3898 4305 nihil

2324 4337 2501 4392 damni
2542 4337 2843 4407 acciperent
2866 4380 2879 4401 ,
2915 4355 3011 4392 nec
3044 4340 3276 4407 ipsorum
3317 4356 3522 4395 merces
3544 4344 3898 4405 minueretur.

2324 4428 2494 4483 aliena
2524 4428 2658 4483 bona
2680 4444 2821 4499 a‘gre
2848 4440 2900 4483 ct
2936 4430 3146 4498 indigne
3188 4431 3427 4486 ferebant
3454 4450 3469 4496 ;
3498 4433 3640 4501 quod
3670 4449 3733 4488 ex
3768 4433 3903 4488 invi-

2325 4518 2410 4573 dia
2449 4529 2503 4573 et
2533 4518 2695 4573 livore
2727 4518 2900 4573 fiebat.
2944 4520 3021 4573 Ad
3065 4521 3177 4575 lucc
3219 4537 3343 4576 vero
3372 4523 3484 4591 ipse
3520 4524 3901 4593 paterfamilias

2327 4623 2424 4678 pro
2449 4609 2578 4679 ipsis
2607 4610 2953 4679 respondens,
2979 4619 3032 4664 et
3061 4612 3456 4667 ailvcrsuseum
3485 4614 3577 4682 qui
3607 4612 3720 4669 inec
3749 4615 3906 4668 dixe-

2327 4712 2409 4756 rat
2427 4716 2545 4756 sese
2568 4700 2879 4764 defendens,
2912 4704 3156 4771 nequitiae
3184 4720 3303 4759 eum
3330 4720 3659 4773 summasque
3689 4706 3901 4760 invidite

2325 4792 2561 4857 damnat,
2594 4792 2673 4845 his
2702 4792 2877 4847 verbis
2906 4810 2918 4845 :
2957 4790 3008 4846 Ν
3014 4810 3142 4847 onne
3167 4812 3228 4847 ea:
3267 4794 3473 4849 denario
3511 4790 3783 4851 convenisti
3807 4812 3901 4850 nte-

2328 4884 2486 4937 cum?
2524 4881 2566 4936 Τ
2570 4882 2669 4936 ollc
2706 4883 2840 4951 quod
2864 4894 3005 4936 tuum
3033 4894 3125 4951 est,
3166 4895 3212 4938 ct
3253 4889 3396 4939 vade.
3438 4884 3560 4940 Volo
3592 4898 3757 4939 autem
3784 4888 3900 4940 huic

2328 4974 2507 5026 ultimo
2535 4974 2656 5025 dare
2701 4974 2829 5027 sicut
2877 4985 2920 5027 et
2949 4974 3053 5027 Iibt.
3097 4977 3173 5028 An
3199 4976 3375 5029 oculus
3404 4988 3516 5029 tuus
3556 4994 3770 5046 nequam
3805 4987 3899 5044 est,

2325 5067 2445 5137 quia
2472 5080 2560 5135 ego
2587 5066 2743 5119 bonus
2780 5068 2943 5119 sunt?
2983 5066 3116 5133 Quid
3162 5068 3319 5136 igitur
3346 5083 3407 5121 ex
3465 5067 3548 5121 bis
3598 5069 3768 5122 verbis
3802 5070 3900 5121 ad-

2327 5157 2591 5217 struitur?
2618 5155 2747 5210 Nam
2778 5166 2830 5211 et
2871 5159 2921 5209 in
2942 5158 3061 5212 aliis
3090 5158 3351 5226 parabolis
3378 5158 3479 5212 hoc
3520 5160 3687 5229 ipsum
3720 5160 3901 5214 videre

2325 5256 2427 5302 est.
2478 5247 2643 5301 Filius
2672 5249 2812 5301 enim
2856 5248 2940 5302 ille
2986 5247 3183 5316 probus
3225 5248 3274 5301 in
3309 5248 3450 5302 hunc
3497 5265 3706 5319 quoque
3736 5249 3902 5306 animi

2328 5340 2572 5395 morbum
2630 5339 2877 5393 incidisse
2917 5338 3268 5409 perhibetur,
3316 5340 3527 5408 quando
3570 5341 3701 5392 vidit
3750 5340 3897 5394 illum

2328 5431 2604 5501 prodigum
2655 5430 2900 5493 fratrem,
2956 5430 3042 5496 qui
3075 5429 3243 5481 multo
3275 5428 3547 5482 fruebatur
3578 5430 3814 5492 honore.
3847 5441 3898 5484 et

2327 5521 2527 5590 tnajore
2572 5534 2730 5589 quam
2764 5520 2874 5589 ipse
2904 5518 3172 5571 habuisSct
3198 5521 3215 5587 (
3243 5516 3369 5572 Luc.
3390 5518 3492 5591 715.
3531 5517 3620 5572 ‘28.
3650 5535 3801 5589 sqq).
3835 5518 3903 5573 υι

2332 5616 2467 5669 enim
2499 5614 2548 5666 lii
2579 5612 2834 5680 majorem
2868 5611 2990 5664 inde
3020 5609 3321 5664 mercedem
3354 5609 3682 5680 accipiebant
3708 5651 3724 5677 ,
3754 5607 3895 5679 quod

2395 5748 2605 5862 tuum-el.
2627 5757 2679 5799 et
2704 5747 2896 5812 quidam
2928 5745 3008 5798 alii
3044 5730 3244 5809 habent,
3279 5744 3464 5809 aperati
3485 5752 3611 5808 sunt,
3648 5759 3753 5809 pro,
3777 5744 3902 5808 foco-
3962 5758 3967 5763 ‘

2327 5828 2346 5861 Γ
2353 5828 2453 5863 unt.
