4186 6484
234 445 335 499 ωδ

232 558 383 627 primi
430 559 765 629 acciperent,
800 558 876 613 sic
916 557 1005 612 ille
1032 557 1183 628 copia
1214 557 1478 613 donorum
1520 556 1690 627 magis
1727 557 1823 608 bo-

232 650 522 704 norabatur
555 661 646 706 :et
669 651 782 706 haec
819 652 903 706 ille
931 651 1128 721 probus
1159 651 1297 706 illius
1327 651 1660 706 testificatur.
1687 650 1823 717 Quid

232 741 389 811 igitur
415 743 604 799 dicere
655 760 935 812 possumus
964 747 986 798 ?
1015 743 1178 798 Nemo
1209 745 1277 800 de
1322 746 1408 798 tali
1438 745 1556 811 jure
1590 744 1826 814 disputat

229 835 278 890 in
333 852 504 906 regno
549 838 803 891 cartorum
842 837 1058 901 :absit;
1115 838 1263 893 locus
1290 839 1434 894 enim
1469 839 1555 893 ille
1585 853 1614 892 a
1656 839 1823 894 livore

226 937 276 983 et
307 928 502 982 invidia
535 944 701 996 purus
728 939 829 984 est.
856 927 986 984 Nam
1017 931 1059 984 si
1088 932 1256 986 sancti
1289 933 1338 984 in
1364 931 1464 984 hac.
1486 931 1590 984 vita
1618 931 1823 986 animas

224 1034 345 1073 suas
388 1037 486 1088 pro
532 1022 902 1090 peccatoribus
944 1021 1242 1088 dederunt,
1277 1024 1444 1077 nmito
1486 1025 1654 1095 magis
1692 1039 1822 1094 gau-

223 1117 366 1180 dent,
396 1131 520 1168 eum
549 1117 664 1169 illos
691 1115 761 1168 ibi
800 1116 981 1170 vident
1014 1116 1167 1171 bouis
1207 1116 1307 1171 frui
1336 1118 1664 1182 earlestibus,
1701 1133 1820 1188 quze

225 1210 355 1258 bona
386 1207 489 1259 sibi
533 1208 836 1260 communia
875 1216 1081 1277 potant.
1116 1209 1228 1276 Qua
1269 1223 1399 1278 ergo
1425 1207 1492 1264 de
1522 1224 1681 1262 causa
1721 1210 1820 1264 hac

226 1295 388 1367 ﬁgura
438 1299 710 1352 sermonis
742 1314 866 1352 usus
906 1300 1038 1352 est?
1080 1299 1334 1354 Parabola
1390 1311 1673 1366 narratur,
1719 1316 1817 1356 nec

221 1396 432 1455 oportet
464 1389 516 1441 iu
550 1389 818 1457 parabolis
848 1391 1024 1442 omnia
1052 1390 1117 1442 ad
1149 1391 1355 1444 literam
1381 1391 1689 1460 explorare,
1722 1392 1814 1446 sed

224 1494 342 1532 cum
382 1495 608 1548 scopum
657 1481 922 1550 parabolze
960 1481 1245 1536 didicimus
1270 1523 1284 1538 .
1315 1481 1456 1536 hunc
1483 1482 1776 1553 decerpere
1799 1523 1812 1548 ,

224 1587 316 1624 nec
346 1581 543 1625 czrtera
583 1573 849 1626 curiosius
880 1572 1208 1627 examinare.
1245 1574 1353 1628 Cur
1398 1589 1527 1644 ergo
1569 1572 1684 1628 ha-c
1719 1589 1813 1644 pa-

224 1662 397 1713 mbula
428 1665 507 1715 sic
552 1663 868 1717 concinnata
921 1664 1052 1730 fuit,
1099 1675 1151 1719 et
1195 1665 1318 1735 quid
1360 1666 1471 1718 vult
1527 1665 1814 1722 statuclc?

223 1751 341 1806 Vult
367 1770 460 1807 eos
489 1797 502 1814 ,
543 1758 631 1823 qui
676 1757 725 1808 iu
770 1769 1014 1811 extrema
1059 1768 1336 1812 si-ncctute
1367 1759 1612 1813 conversi
1646 1768 1810 1824 sunt,

219 1846 572 1900 stutliosiores
596 1849 838 1917 reddere,
877 1865 1047 1919 neque
1071 1861 1256 1920 putare
1276 1853 1400 1906 sinit
1424 1868 1544 1907 esse
1571 1854 1687 1908 illos
1710 1870 1813 1908 ca:-

219 1935 345 1990 teris
376 1939 681 1992 inferiores.
730 1939 854 1995 [deo
883 1939 1082 1995 inducit
1102 1943 1238 1996 alios
1260 1958 1402 2012 aegre
1429 1943 1663 1999 ferentes
1691 1945 1812 1999 illo-

219 2043 331 2081 rum
363 2029 535 2091 bona,
573 2046 678 2083 non
711 2041 763 2084 ut
795 2031 1004 2087 invidia:
1030 2033 1150 2087 tabe
1182 2033 1488 2090 laborantes
1514 2037 1805 2090 ostendat:

216 2121 349 2174 absit
379 2138 393 2186 ;
424 2122 521 2176 sed
558 2132 612 2175 ut
638 2123 830 2185 doceat
862 2125 980 2181 illos
1017 2135 1164 2180 tanto
1198 2127 1298 2180 frui
1328 2128 1564 2193 honore,
1594 2141 1650 2185 ut
1683 2147 1807 2200 pos-

215 2213 316 2266 siut
350 2215 514 2267 etiam
553 2216 688 2269 alios
732 2216 796 2270 ad
831 2217 1086 2273 invidiam
1121 2235 1339 2274 movere
1374 2237 1388 2285 ;
1438 2229 1495 2275 ut
1520 2224 1680 2277 etiam
1711 2231 1808 2278 nos

214 2305 531 2377 plerumque
555 2309 784 2363 dicimus
815 2329 828 2363 :
860 2311 952 2368 llle
980 2328 1065 2367 me
1095 2316 1399 2382 accusavit,
1433 2318 1574 2387 quod
1601 2327 1805 2373 tantum

213 2397 300 2450 tibi
341 2397 603 2455 honorem
652 2403 959 2468 tribuerim;
1007 2421 1110 2459 non
1141 2406 1280 2474 quod
1332 2422 1683 2476 accusemur,
1725 2413 1804 2467 vel

214 2489 350 2556 quod
399 2490 476 2542 illi
508 2493 712 2545 crimen
747 2493 1011 2548 intentare
1042 2497 1265 2550 velimus
1288 2539 1301 2558 ,
1326 2498 1421 2553 sed
1463 2511 1518 2553 ut
1539 2501 1663 2556 doni
1694 2519 1807 2555 tua-

209 2580 540 2647 gnitudinem
591 2581 926 2640 declaremus
957 2587 992 2637 ¹.
1047 2587 1154 2642 Sed
1204 2605 1300 2644 cur
1332 2606 1436 2646 non
1470 2608 1659 2648 omnes
1698 2608 1805 2649 sta-

211 2672 296 2725 tim
342 2674 599 2730 mercede
636 2677 887 2732 conduxit
920 2678 1235 2747 ?Quantum
1271 2683 1320 2736 in
1358 2698 1417 2739 se
1444 2695 1577 2750 erat,
1615 2703 1802 2744 omnes

207 2767 462 2821 conduxit
497 2787 508 2822 :
546 2770 686 2839 quod
716 2770 760 2825 si
791 2788 894 2825 non
925 2774 1083 2828 simul
1126 2789 1313 2831 omnes
1343 2778 1625 2849 obsi‘qunti
1650 2792 1795 2849 sunt,

207 2856 562 2913 dilferentiam
587 2861 823 2917 exhibuit
847 2880 1032 2920 eorum
1056 2870 1142 2936 qui
1174 2872 1341 2923 vocati
1371 2869 1517 2926 fuere
1533 2873 1799 2929 voluntas.

211 2945 329 2998 ldro
358 2948 448 3002 alii
497 2965 689 3016 mane,
715 2953 809 3008 alii
854 2957 1031 3021 tertia,
1066 2957 1152 3011 alii
1181 2969 1329 3014 sexta
1365 2962 1450 3016 vel
1499 2977 1637 3016 nona
1671 2965 1796 3020 hora

207 3049 498 3098 vocantur.
542 3041 630 3094 alii
677 3044 955 3099 undet-ima
983 3088 995 3108 ,
1045 3049 1164 3117 quia
1212 3059 1334 3106 tunc
1378 3053 1798 3124 obtemperaturl

204 3139 367 3183 erant.
419 3130 533 3186 lloc
583 3133 706 3188 item
755 3135 950 3194 Paulus
993 3140 1285 3198 declaravit
1330 3163 1342 3198 :
1379 3147 1598 3211 Quando
1629 3162 1798 3206 autem

205 3222 356 3274 risum
384 3235 457 3278 est
489 3223 618 3290 Deo,
662 3230 746 3297 qui
769 3247 846 3284 me
874 3237 1154 3305 segregavit
1180 3254 1240 3290 ex
1275 3248 1416 3293 utero
1456 3246 1633 3297 matris
1674 3263 1798 3301 mea:

208 3313 360 3374 (Gal.
403 3318 450 3370 Ι.
493 3318 608 3389 13).
639 3320 987 3388 Quandouam
1024 3327 1072 3380 id
1115 3329 1163 3383 ei
1211 3330 1381 3386 visum
1409 3343 1491 3388 est
1517 3336 1538 3386 ?
1567 3337 1792 3404 Quando

205 3403 284 3458 ille
325 3408 789 3478 obtemperaturus
815 3425 948 3471 erat.
983 3416 1116 3472 Nam
1153 3420 1267 3490 ipse
1297 3439 1327 3476 a
1359 3427 1620 3496 principio
1648 3431 1793 3486 vole-

204 3495 286 3548 bat
317 3515 330 3549 :
361 3499 482 3565 quia
527 3511 705 3556 autem
740 3504 831 3560 ille
874 3517 999 3562 tunc
1051 3527 1155 3578 non
1200 3527 1453 3570 cessurus
1482 3529 1635 3582 erat,
1670 3530 1794 3578 tunc

203 3585 293 3652 ipsi
325 3589 496 3643 visum
531 3591 645 3659 fuit,
678 3609 796 3648 cum
818 3596 903 3650 ille
924 3599 1317 3672 obsequuturus
1348 3616 1480 3660 erat.
1513 3608 1602 3663 Sic
1631 3613 1791 3668 etiam

202 3675 457 3735 latronem
509 3686 740 3747 vocavit,
788 3688 886 3743 etsi
936 3694 1109 3759 puluis
1143 3703 1196 3747 et
1238 3705 1393 3750 antea
1429 3715 1656 3766 vocare;
1698 3704 1790 3760 sed

202 3768 282 3823 ille
313 3783 436 3827 tunc
465 3791 572 3829 non
603 3775 1042 3847 obtemperasset.
1070 3783 1198 3838 Nam
1232 3788 1274 3840 si
1328 3789 1521 3844 Paulus
1544 3794 1611 3845 ab
1642 3794 1792 3849 initio

202 3876 300 3913 non
325 3867 626 3934 paruisset,
659 3873 826 3926 multo
857 3874 1034 3929 minus
1066 3876 1222 3931 latro.
1247 3880 1396 3946 Quod
1429 3883 1472 3936 si
1507 3884 1555 3938 hi
1589 3885 1790 3955 dicant,

203 3951 360 4008 Nemo
392 3975 483 4012 nos
515 3962 760 4015 conduxit
789 3979 806 4017 :
836 3965 920 4020 hic
952 3983 1055 4021 non
1086 3981 1294 4039 oportet
1316 4016 1330 4037 ,
1371 3984 1428 4027 ut
1453 3974 1583 4041 dixi,
1612 3979 1787 4034 omnia

200 4046 247 4100 in
277 4051 542 4118 [nummulis
573 4055 737 4122 posita
767 4060 1031 4114 curiosius
1071 4063 1376 4128 exulorare.
1407 4065 1504 4120 llic
1526 4084 1653 4122 vero
1683 4087 1788 4126 non

200 4139 576 4206 paterfamilias
622 4147 720 4199 hoc
755 4147 917 4216 dicit,
958 4151 1052 4206 sed
1085 4153 1160 4208 illi
1204 4154 1410 4213 dicunt.
1458 4158 1573 4229 Ipse
1610 4174 1785 4218 autem

200 4245 299 4286 nou
326 4233 526 4288 refutat
567 4237 707 4302 illos,
743 4249 799 4293 ut
835 4256 938 4295 non
975 4245 1256 4313 perplexos
1288 4249 1574 4316 redderet,
1605 4256 1698 4308 sed
1732 4267 1787 4311 ut

200 4324 511 4382 attraheret.
559 4326 688 4384 Nam
720 4333 860 4400 quod
889 4349 1101 4397 omnes,
1133 4348 1388 4406 quantum
1419 4343 1483 4395 ad
1529 4359 1587 4399 se
1622 4349 1786 4414 pet-ti-

200 4414 350 4471 nebat
377 4459 391 4482 ,
428 4420 599 4489 prima
631 4424 807 4478 statim
835 4424 967 4480 hora
1011 4432 1298 4494 vocaverit,
1324 4435 1645 4505 significavit
1673 4441 1783 4510 ipsa

199 4509 441 4575 parabola
463 4554 478 4580 ,
525 4529 644 4583 qua:
689 4516 850 4584 dicit,
885 4536 1040 4575 mane
1068 4523 1239 4593 ipsum
1270 4525 1336 4580 ad
1378 4509 1782 4589 conducendum

198 4602 436 4661 exivisse.

260 4694 314 4747 4.
358 4694 608 4768 Undique
639 4714 768 4771 ergo
810 4703 1151 4761 manifestum
1200 4718 1280 4762 est
1328 4711 1504 4780 nobis,
1548 4716 1612 4769 ad
1637 4717 1778 4782 illos,

197 4783 275 4849 qui
306 4800 368 4839 ex
393 4788 566 4856 prima
593 4798 770 4858 astate,
796 4802 849 4847 et
874 4794 939 4847 ad
969 4796 1111 4861 illos,
1161 4802 1246 4869 qui
1280 4804 1482 4860 tardius
1521 4815 1681 4878 atque
1726 4813 1779 4866 in

194 4886 460 4932 senectute
492 4881 737 4935 virtutem
766 4887 1183 4955 amplectuntur,
1209 4892 1402 4948 dictam
1434 4896 1599 4954 fuisse
1633 4917 1780 4970 para-

195 4963 360 5022 bolam
396 4987 408 5020 :
442 4971 510 5024 ad
537 4972 676 5035 illos,
725 4990 792 5030 ne
820 4979 1180 5046 superbirent,
1233 5000 1365 5039 neve
1392 4992 1780 5059 exprobrarent

195 5057 270 5121 iis,
316 5062 404 5128 qui
431 5062 578 5117 circa
610 5066 944 5123 undecimam
995 5070 1179 5126 horam
1224 5089 1517 5144 venerunt;
1569 5083 1634 5136 ad
1683 5086 1778 5140 hos

194 5157 387 5216 autem,
439 5161 501 5206 ut
547 5153 839 5220 discerent,
887 5159 1030 5215 brevi
1079 5171 1318 5235 tempore
1365 5178 1531 5226 totum
1575 5175 1781 5245 acquiri

193 5253 361 5305 posse.
413 5243 550 5298 Nam
601 5248 721 5316 quia
767 5248 835 5304 de.
877 5251 1181 5310 vehementi
1227 5258 1404 5314 studio
1435 5243 1771 5335 tequeliatur,

191 5332 250 5386 de
278 5331 588 5401 abjiciendis
610 5341 868 5408 pecuniis,
895 5344 962 5398 de
982 5355 1289 5418 contemptu
1313 5367 1491 5408 rerum
1511 5361 1768 5425 nomium,

194 5436 483 5496 longaeque
527 5429 593 5483 ad
641 5445 758 5484 eam
804 5449 914 5487 rem
962 5439 1144 5492 animo
1190 5441 1518 5517 juvenilique
1562 5448 1773 5507 fervore

191 5531 316 5582 Opus
359 5532 510 5588 erat,
557 5527 856 5582 accendens
905 5530 955 5584 iu
1009 5531 1114 5586 illis
1173 5535 1441 5594 flammam
1496 5545 1770 5610 caritatis,

193 5621 625 5686 eteiistantemque
677 5619 727 5671 in
777 5620 904 5690 ipsis
956 5639 1148 5691 parans
1206 5631 1485 5699 animum,
1539 5640 1775 5693 ostendit

192 5719 342 5774 posse
366 5723 461 5762 eos
490 5710 580 5777 qui
614 5713 866 5778 postremi
901 5727 1186 5786 venerunt,
1242 5723 1400 5778 totius
1429 5725 1534 5780 diei
1567 5745 1773 5784 merce-

250 5859 266 5892 ⁸
293 5861 471 5918 Morel,
488 5861 578 5911 sed
605 5874 652 5915 ut
673 5865 786 5914 doni
813 5871 936 5932 quod
962 5869 1189 5934 accepisti
1213 5875 1590 5943 magnitudinem
1616 5882 1773 5936 decla-

196 5930 357 5973 mnus.

499 6023 754 6089 PATaOL
831 6034 948 6094 Cu.
1004 6037 1216 6101 LVlil.

1201 444 1263 498 IN
1305 441 1710 498 MAT'HMLUM
1754 439 1986 496 ΙΙΟΜΗ..
2029 444 2212 502 LXIV.

2254 451 2324 504 al.
2370 451 2530 509 LXV.
3431 472 3534 527 (iit

1937 555 2059 612 dem
2102 563 2365 633 accipere.
2410 566 2517 623 Sed
2549 567 2649 625 hoc
2681 586 2787 626 non
2817 572 2968 637 dicit,
2999 591 3065 629 ne
3100 577 3216 632 illos
3251 579 3302 633 in
3338 596 3533 656 supa-

1933 649 2070 704 biam
2099 654 2389 723 conjiceret
2418 675 2432 711 :
2460 661 2695 715 ostendit
2725 674 2904 718 autem
2940 675 3107 721 totum
3149 687 3214 725 ex
3241 672 3361 741 ejus
3386 673 3536 730 beni-

1930 743 2135 812 gnitate
2165 763 2305 810 esse,
2349 749 2573 820 ejusque
2603 769 2706 824 ope
2744 756 2890 826 ipsos
2941 773 3046 813 non
3096 761 3341 832 lapsurus
3389 783 3529 833 esse,

1929 835 2022 889 sed
2056 836 2338 894 inciliibilia
2373 842 2507 897 bona
2538 859 2987 915 consequuturos.
3050 851 3117 907 Et
3161 854 3261 910 hoc
3299 860 3533 916 maxime

1929 929 2179 997 estquod
2211 947 2306 1001 per
2336 932 2472 990 hanc
2520 939 2828 1007 parabolam
2863 943 2974 996 vult
2999 945 3236 1003 efficere.
3283 950 3438 1019 Quod
3486 953 3531 1008 si

1928 1021 2237 1094 sohjungat,
2289 1026 2357 1080 Et
2407 1042 2554 1083 erunt
2600 1034 2862 1088 novissimi
2889 1038 3063 1107 primi,
3114 1051 3161 1094 et
3187 1043 3336 1108 primi
3364 1047 3533 1099 nouis-

1926 1115 2061 1180 simi,
2103 1127 2190 1181 et,
2238 1118 2391 1175 Multi
2423 1123 2556 1176 enim
2595 1135 2714 1178 sunt
2768 1129 2964 1196 vocati,
3011 1133 3163 1201 puttci
3201 1150 3317 1188 vero
3363 1140 3525 1198 electi.

1928 1222 1993 1261 ne
2024 1209 2255 1266 mireris.
2281 1211 2393 1266 Non
2417 1215 2558 1270 enim
2592 1216 2693 1273 hoc
2716 1222 2868 1289 quasi
2895 1237 2959 1276 ex
2991 1225 3240 1292 parabola
3270 1230 3531 1300 colligens

1924 1299 2073 1363 dicit,
2109 1303 2200 1357 sed
2239 1305 2340 1360 hoc
2385 1308 2650 1377 significat
2701 1327 2714 1364 :
2759 1311 2909 1369 Sicut
2947 1317 3049 1371 hoc
3090 1320 3334 1389 contigit,
3366 1299 3442 1378 sic
3476 1333 3530 1380 ct

1926 1389 2053 1446 illud
2085 1396 2379 1465 (Outinget.
2411 1398 2506 1453 llic
2533 1402 2676 1455 enim
2712 1419 2818 1457 non
2852 1405 2972 1461 facti
3005 1417 3130 1462 sunt
3161 1412 3319 1480 primi
3350 1417 3530 1469 novis-

1922 1482 2063 1546 simi,
2098 1487 2190 1541 sed
2220 1490 2407 1544 eadem
2435 1495 2709 1562 asseqnuti
2740 1509 2863 1550 sunt
2906 1515 3095 1556 omnes
3139 1515 3335 1573 prteler
3377 1525 3526 1578 spem

1920 1585 1974 1630 et
2000 1583 2485 1648 exsjicetationcm.
2534 1587 2685 1644 Sicut
2711 1601 2890 1646 autem
2916 1595 3044 1650 illud
3073 1609 3267 1667 pra-ter
3293 1617 3443 1673 spem
3474 1618 3531 1661 et

1921 1675 2377 1737 exspectationem
2413 1683 2612 1746 evenit,
2644 1692 2697 1736 et
2727 1685 2816 1752 qui
2849 1697 3032 1755 postea
3065 1706 3344 1759 venerunt,
3380 1699 3527 1763 prio-

1921 1763 2066 1818 ribus
2097 1777 2253 1832 pares‘
2283 1769 2496 1825 fuerunt
2532 1793 2544 1827 :
2579 1775 2645 1828 ita
2672 1787 2724 1830 et
2753 1777 2853 1832 hoc
2883 1782 3032 1850 quod
3056 1785 3226 1853 majus
3256 1799 3338 1842 est
3367 1792 3528 1845 mira-

1922 1853 2076 1909 bilius
2103 1861 2398 1932 Continget,
2433 1867 2572 1934 quod
2616 1869 2822 1925 scilicet
2854 1876 3133 1931 novissimi
3164 1890 3289 1935 ante
3321 1883 3527 1952 priores

1917 1946 2022 2000 sint
2046 1987 2061 2012 ,
2106 1958 2159 2002 et
2193 1953 2394 2020 priores
2442 1968 2561 2025 post
2604 1961 2950 2019 novissimos.
2983 1968 3138 2023 Aliud
3172 1946 3333 2041 igitur
3366 1976 3519 2041 illml,

1915 2041 2059 2095 aliud
2086 2043 2185 2098 hoc
2212 2055 2313 2100 est.
2338 2047 2558 2105 Videtur
2584 2063 2764 2109 autem
2790 2056 2891 2113 hoc
2911 2061 3048 2114 mihi
3078 2063 3278 2128 dicere,
3306 2067 3526 2125 Judaros

1918 2135 2280 2201 suliimlicans,
2333 2151 2387 2194 et
2433 2143 2617 2198 fideles
2650 2148 2767 2202 illos
2794 2152 2882 2220 qui
2912 2169 2942 2208 e
2975 2155 3238 2227 principio
3266 2159 3522 2226 ﬂoruere.

1916 2223 2218 2299 deiudeque
2250 2235 2489 2302 neglecta
2519 2239 2716 2295 virtute
2746 2254 2891 2297 retro
2926 2262 3246 2314 ceSst-runt;
3294 2254 3522 2327 illosque

1915 2330 2122 2386 rursus,
2148 2323 2237 2390 qui
2265 2339 2294 2377 tl
2333 2330 2566 2398 nequitia
2593 2347 2951 2404 emergentes,
2987 2342 3183 2395 utullus
3208 2355 3519 2406 antecesse-

1913 2421 2056 2464 runt.
2123 2414 2253 2472 Nam
2303 2422 2630 2481 mutationes
2686 2428 2806 2484 illas
2852 2443 2902 2486 et
2956 2434 3007 2488 in
3063 2436 3167 2492 fide
3209 2451 3265 2495 ot
3315 2441 3366 2496 in
3417 2446 3520 2500 vita

1912 2501 2170 2560 videmus.
2407 2567 2410 2576 ἱ

1996 2593 2107 2648 Vita
2136 2599 2264 2654 bona
2292 2613 2339 2656 ct
2365 2617 2498 2660 recta
2529 2609 2656 2676 [it/cs
2681 2612 2752 2666 ad
2775 2616 2991 2670 salutem
3023 2628 3336 2681 accesserim.
3385 2630 3518 2685 Pars

1909 2688 2106 2744 virtutis
2155 2706 2443 2769 contempta
2489 2701 2870 2762 dmnnationem
2928 2711 3100 2778 a/Im't.
3169 2717 3519 2792 Elecntosyme

1910 2783 2088 2835 modus
2118 2787 2248 2850 quis.
2281 2818 2350 2828 -—
2376 2792 2770 2860 Quamobrem,
2827 2803 3085 2872 obsecro,
3144 2815 3269 2866 tutis
3312 2817 3516 2875 viribus

1909 2874 2243 2942 Studeamus,
2298 2893 2352 2935 ut
2397 2885 2445 2938 in
2483 2898 2623 2942 recta
2665 2891 2764 2945 lidu
2806 2907 3031 2962 stcums,
3079 2915 3130 2958 et
3171 2907 3330 2963 vitam
3375 2916 3519 2981 opti-

1909 2981 2048 3020 mam
2072 2972 2566 3034 cxliibeanms.i\'isi
2593 2985 2736 3039 enim
2767 2988 2930 3043 vitam
2960 2992 3065 3048 fide
3092 3009 3271 3053 nostra
3295 3003 3511 3072 dignam

1906 3057 2184 3127 ducamus,
2229 3078 2503 3124 extremas
2532 3073 2777 3131 dabimus
2809 3097 3013 3147 pinnas.
3066 3087 3127 3141 Et
3163 3088 3262 3145 hoc
3294 3109 3358 3148 ex
3396 3099 3508 3164 pri-

1903 3153 2012 3207 scis
2039 3154 2142 3210 illis
2171 3163 2498 3229 temporibus
2536 3165 2832 3228 declaravit
2881 3175 3068 3234 beatus
3118 3181 3336 3252 Paulus,
3383 3206 3506 3246 cum

1903 3243 2037 3301 dixit
2081 3265 2095 3307 ;
2149 3249 2335 3306 Omnes
2380 3258 2605 3312 eamdem
2643 3279 2810 3316 escam
2849 3271 3170 3339 spiritnulcm
3219 3282 3509 3338 manduca-

1903 3352 2100 3403 vcrunt,
2150 3353 2196 3398 ct
2239 3363 2411 3403 omnes
2452 3354 2679 3407 eumdem
2710 3370 2884 3428 potum
2913 3367 3231 3433 spirimalcm
3276 3375 3506 3432 biberunt

1907 3433 1981 3501 (t.
2011 3434 2131 3490 Cor.
2159 3438 2243 3494 l0.
2276 3442 2370 3498 3-5
2396 3446 2431 3513 ),
2461 3448 2713 3521 additque
2743 3471 2849 3510 non
2878 3460 3106 3517 salutem
3139 3479 3327 3525 nactos
3359 3487 3503 3537 esse,

1900 3533 1955 3579 et
1991 3526 2044 3580 in
2071 3528 2290 3586 deserto
2321 3548 2623 3603 prostratos
2657 3542 2845 3600 fuisse.
2882 3545 3122 3618 ldipsum
3150 3565 3203 3609 et
3237 3558 3302 3614 de
3336 3576 3506 3619 evan-

1900 3619 2106 3687 gt-listis
2134 3622 2352 3691 (Matt/1.
2388 3629 2441 3683 7.
2466 3633 2557 3685 ἓξ.
2589 3633 2681 3704 23)
2707 3638 2966 3694 Christus
2999 3644 3318 3715 declaravit,
3347 3655 3510 3713 indu-

1896 3726 2026 3765 cens
2049 3719 2316 3784 quosdam
2342 3723 2433 3791 qui
2460 3725 2740 3785 tlzemonas
2764 3731 3039 3802 cjecerant
3059 3747 3110 3792 et
3136 3745 3498 3813 prophetave-

1894 3815 2040 3870 rant,
2062 3818 2114 3862 et
2131 3811 2195 3864 ad
2219 3815 2550 3883 supplicium
2570 3821 2789 3878 abducti
2818 3825 3055 3884 fuerant.
3078 3833 3156 3886 Ad
3180 3811 3293 3893 lizee
3310 3854 3501 3900 utnues

1899 3897 2014 3966 ejus
2040 3902 2347 3970 parabolae;
2381 3909 2568 3977 quales
2597 3911 2700 3967 illa:
2727 3914 3013 3986 virginum,
3047 3937 3283 3994 sageum,
3320 3928 3502 3998 Spina-

1898 4004 2037 4056 rum,
2079 3993 2287 4048 arboris
2335 3998 2562 4054 fructum
2610 4021 2716 4059 non
2764 4008 3027 4079 facientis,
3077 4016 3333 4074 virtutem
3372 4037 3494 4077 cum

1897 4083 2147 4150 OPCI‘lllUS
2197 4088 2436 4158 exigunt.
2493 4093 2565 4150 De
2593 4096 2937 4167 dogmatibus
2967 4119 3089 4160 raro
3117 4109 3356 4180 disserit,
3404 4115 3494 4171 illa

1895 4175 2094 4244 quippe
2144 4178 2325 4236 labore
2367 4200 2471 4239 non
2505 4199 2695 4257 egent;
2731 4195 2798 4248 de
2827 4197 2930 4250 vita
2962 4212 3141 4256 autem
3170 4220 3338 4275 smpc,
3390 4209 3498 4262 into

1896 4266 2120 4335 ubique;
2150 4284 2464 4341 perpetuum
2494 4283 2638 4335 enim
2664 4283 2856 4340 bellum
2883 4303 2943 4343 ea
2976 4293 3024 4344 in
3055 4308 3113 4347 re
3138 4299 3333 4365 agitur,
3362 4301 3500 4355 ideo-

1894 4371 1998 4426 que
2042 4359 2192 4413 labor
2221 4363 2288 4417 ibi
2337 4369 2606 4425 assiduus.
2655 4375 2856 4444 Εριιυίά
2906 4381 3097 4452 loquor
3136 4387 3201 4442 dc
3247 4392 3496 4446 universo

1895 4451 2017 4503 vita:
2065 4453 2346 4510 instituto?
2397 4460 2524 4516 Pars
2576 4467 2719 4521 enim
2769 4472 2912 4528 illius
2959 4487 3264 4551 contempta
3303 4501 3495 4556 magna

1893 4542 2052 4597 infert
2089 4549 2263 4612 mala;
2316 4559 2547 4626 exempli
2594 4576 2751 4617 causa
2784 4583 2794 4616 :
2831 4569 3180 4644 eleemosyua
3213 4581 3453 4647 neglecta
3483 4627 3497 4644 .

1890 4637 2147 4693 socordes
2189 4641 2239 4695 in
2281 4648 2584 4714 gehennam
2627 4657 2884 4726 conjicit;
2921 4663 3046 4719 licet
3088 4685 3192 4722 non
3241 4674 3491 4730 universa

1892 4726 2061 4782 virtus
2109 4731 2200 4798 sit,
2251 4736 2342 4790 sed
2396 4756 2518 4809 pars
2559 4754 2764 4803 tantum
2799 4754 2939 4821 ejus.
2974 4759 3226 4815 Attamen
3262 4767 3498 4835 virgines

1891 4823 2032 4890 quod
2078 4825 2176 4882 hac
2223 4830 2422 4889 virtute
2464 4851 2670 4894 ornata!
2718 4860 2824 4899 non
2873 4860 3074 4910 essent,
3113 4869 3298 4922 [urnas
3328 4861 3495 4916 dede-

1889 4921 2015 4966 runt
2060 4933 2071 4970 :
2120 4917 2269 4975 dives
2307 4939 2521 4995 quoque
2568 4930 2667 4987 hac
2709 4935 2775 4991 de
2814 4953 2972 4994 causa
3019 4917 3387 5016 torquebatur,
3443 4966 3498 5012 et

1888 5006 1978 5075 qui
2010 5006 2308 5069 famelicum
2343 5033 2447 5072 non
2480 5023 2746 5093 ciliarunt,
2788 5045 2850 5082 ea
2891 5031 2959 5086 de
3009 5051 3166 5091 causa
3215 5057 3338 5097 cum
3382 5045 3498 5099 (lla-

1891 5099 2014 5154 bolo
2041 5105 2485 5166 condemnantur.
2517 5113 2726 5174 Rursus
2755 5137 2859 5177 non
2902 5127 3230 5188 maledicere
3258 5150 3381 5201 pars
3410 5150 3491 5194 est

1888 5198 2007 5265 ejus
2034 5201 2252 5256 minima
2286 5222 2298 5256 :
2332 5215 2388 5259 et
2428 5217 2606 5265 tamen
2648 5214 2746 5270 hoc
2789 5218 2950 5272 etiam
2991 5224 3228 5280 excludit
3266 5244 3360 5284 eos
3401 5234 3492 5297 qui

1889 5305 1992 5344 non
2023 5292 2294 5350 abstinent
2329 5315 2342 5350 :
2371 5301 2444 5353 ait
2475 5303 2637 5366 enim,
2699 5308 2795 5372 Qui
2837 5312 3024 5367 dixerit
3064 5320 3215 5388 fratri
3250 5338 3366 5388 suo,
3391 5322 3494 5378 Fu-

1888 5389 1989 5443 tue,
2040 5399 2154 5438 reus
2204 5388 2295 5440 erit
2341 5391 2582 5460 gehennae
2629 5399 2760 5468 ignis
2807 5402 3020 5471 (.llutth.
3048 5408 3098 5463 5.
3130 5409 3246 5482 2'2).
3284 5414 3489 5473 Rarius

1885 5476 2212 5531 continentia
2260 5496 2472 5553 quoque
2522 5503 2641 5555 pars
2686 5493 2896 5549 \irtntis
2938 5510 3040 5553 est.
3096 5503 3490 5567 Attameusinu

1887 5565 1971 5618 illa
2003 5583 2161 5622 nemo
2191 5574 2396 5629 videbit
2427 5577 2710 5636 Dominum
2745 5603 2755 5638 :
2797 5584 2984 5643 Pacem
3021 5595 3189 5662 enim,
3243 5600 3335 5665 ait,
3370 5621 3489 5671 per-

1882 5661 2170 5726 sequimini,
2216 5675 2264 5717 et
2291 5670 2703 5734 sanctimoniam.
2731 5681 2840 5732 sine
2866 5697 2967 5748 qua
2998 5702 3142 5741 nemo
3172 5693 3350 5747 videbit
3382 5695 3487 5750 Do-

1885 5754 2073 5804 minum
2099 5752 2283 5825 (Hebr.
2322 5758 2406 5814 i2.
2444 5763 2555 5834 Μ).
2590 5765 2871 5826 llumilitas
2896 5776 3146 5836 similiter
3176 5786 3348 5853 portio
3375 5790 3483 5845 viro

1884 5845 2011 5900 tutis
2060 5856 2143 5901 est
2197 5867 2210 5902 :
2261 5860 2495 5911 attamen
2548 5859 2590 5913 si
2637 5864 2756 5932 quis
2804 5878 2996 5924 cmtera
3049 5845 3190 5931 bona
3227 5891 3378 5950 agat,
3431 5895 3486 5940 et

1886 5945 2022 5999 hanc
2044 5959 2146 5998 non
2183 5956 2440 6016 sectetur,
2477 5951 2716 6023 impurus
2745 5969 2824 6015 cst
2854 5965 2990 6034 apud
3019 5967 3184 6024 Deum
3215 5991 3226 6033 ;
3257 5974 3306 6030 id
3337 5979 3484 6047 quod

3098 6089 3171 6148 10
