4186 6538
711 457 815 508 (υἷι

709 574 878 639 palam
908 584 1078 628 estex
1109 573 1398 637 Pltarisazo,
1443 577 1528 642 qui
1559 576 1821 629 sexcentis
1851 584 2070 629 ornatus
2097 575 2271 639 bonis,

709 673 832 720 tunc
865 665 1038 718 omnia
1076 664 1323 734 perdidit.
1361 665 1471 733 Ego
1500 681 1626 719 vero
1654 667 1778 735 quid
1825 667 2052 736 amplius
2092 666 2274 720 dicen-

708 759 833 813 dum
886 758 1076 812 habeo.
1123 758 1306 829 Neque
1349 759 1491 813 enim
1537 775 1637 813 una
1688 758 1855 814 solum
1909 775 1996 814 res
2039 761 2275 831 neglecta

703 848 896 903 claudit
945 848 1097 904 nobis
1123 849 1336 914 cadum,
1382 849 1475 904 sed
1506 853 1550 904 si
1581 852 1669 907 ttat
1696 851 1928 920 quidem,
1957 849 2049 905 sed
2079 866 2182 904 non
2212 865 2274 905 ea

701 955 855 1007 quam
880 938 1034 1014 decet
1061 940 1330 1007 diligentia
1359 957 1420 996 ac
1452 943 1677 1008 (terrore,
1721 942 1952 1014 idipsum
1984 943 2109 1000 facit
2147 963 2160 999 :
2201 947 2274 1001 ait

700 1031 837 1084 enim
869 1047 882 1084 :
918 1029 1038 1085 Nisi
1063 1032 1388 1086 abundaverit
1402 1033 1604 1104 justitia
1643 1045 1803 1088 ucstra
1829 1037 1941 1106 plus
1965 1052 2117 1103 quam
2144 1039 2270 1092 scri-

702 1122 874 1175 barum
900 1131 944 1175 ct
971 1122 1369 1190 Pltariscorum,
1403 1141 1501 1179 non
1523 1126 1770 1180 intrabitis
1798 1127 1849 1180 in
1878 1144 2087 1198 regnum
2117 1128 2270 1183 σαρισ-

695 1233 807 1269 rum
843 1215 1055 1288 (Hotth.
1095 1217 1147 1272 5.
1177 1216 1292 1289 20).
1341 1217 1522 1289 Itaque
1547 1220 1590 1274 si
1613 1219 2006 1290 eleemosyuatn
2036 1221 2265 1284 dederis,

697 1323 794 1362 nec
842 1309 992 1378 copia
1045 1308 1263 1378 majore,
1315 1325 1474 1380 quam
1524 1309 1621 1376 illi,
1651 1325 1718 1365 eo
1759 1326 1863 1366 non
1909 1311 2153 1365 intrabis.
2205 1311 2269 1365 Et

693 1409 948 1468 quantum
976 1399 1049 1454 illi
1081 1399 1389 1470 praebebant
1425 1399 1826 1472 eleemosynza?
1871 1399 1982 1456 Hoc
2020 1416 2118 1471 ego
2147 1402 2271 1454 Volo

693 1508 836 1549 nunc
858 1492 1055 1560 dicere,
1080 1502 1138 1548 ut
1161 1493 1247 1563 qui
1275 1509 1380 1549 non
1406 1493 1555 1557 dant,
1585 1493 1650 1548 ad
1685 1494 1916 1548 dandum
1947 1493 2264 1560 excitentur,

691 1585 781 1656 qui
807 1599 934 1639 vero
960 1583 1108 1648 dant,
1155 1599 1223 1640 ne
1262 1585 1427 1640 altum
1459 1585 1688 1652 sapiant,
1728 1585 1821 1640 sed
1855 1585 2004 1654 plura
2035 1585 2266 1655 largian-

613 1714 620 1721 .
699 1689 802 1733 tur.
832 1676 965 1744 Quid
1000 1677 1158 1745 igitur
1196 1676 1267 1730 illi
1294 1675 1530 1730 dabant?
1559 1677 1822 1731 Decimum
1852 1692 2027 1731 rerum
2052 1692 2265 1732 suarum

698 1773 957 1833 omnium,
1006 1783 1070 1824 ac
1100 1783 1287 1823 rursus
1313 1768 1469 1822 aliam
1500 1768 1760 1824 decimam
1793 1771 1832 1831 ⁸,
1881 1779 1935 1825 et
1964 1779 2146 1838 postea
2175 1771 2267 1824 de-

697 1862 889 1917 cimam
919 1861 1072 1916 aliam
1099 1875 1116 1925 ;
1163 1860 1234 1914 ita
1261 1866 1319 1913 ut
1344 1858 1454 1914 fere
1483 1861 1693 1916 tertiam
1725 1870 1928 1931 partem
1958 1862 2266 1916 δηιιπιςιιιιὶεη

690 1968 801 2008 sine
847 1951 1035 2008 darent
1075 1970 1090 2006 :
1137 1966 1258 2006 nam
1305 1960 1414 2008 tres
1462 1951 1686 2008 decimae
1732 1952 1872 2006 illam
1905 1967 2040 2022 pene
2064 1953 2264 2007 consti-

689 2051 860 2098 tuttnt.
915 2043 1036 2098 Post
1080 2041 1193 2098 lucc
1241 2053 1416 2098 autem
1461 2043 1742 2114 primitias,
1790 2043 2159 2114 primogenita,
2210 2051 2265 2098 et

690 2135 795 2189 alia
827 2133 1072 2204 plurima,
1124 2145 1180 2188 ut
1227 2149 1321 2204 pro
1373 2137 1620 2203 peccatis,
1652 2149 1747 2204 pro
1787 2135 2262 2205 purificationibus,

683 2242 805 2296 qua
842 2226 892 2280 in
923 2225 1094 2289 festis,
1126 2241 1243 2294 qum
1273 2227 1322 2280 in
1347 2226 1583 2296 jubilaeo,
1612 2241 1731 2295 qua:
1759 2227 1809 2280 in
1839 2226 2137 2282 debiturum
2168 2226 2261 2282 ab-

687 2318 908 2373 seission
934 2335 964 2385 ι,
1017 2325 1073 2371 et
1117 2331 1392 2372 servm-nm
1437 2318 1850 2382 dimissionibus,
1899 2329 1948 2374 et
1983 2319 2031 2374 in
2064 2319 2260 2375 mutuis

681 2411 884 2481 absque
931 2410 1153 2464 fmuore.
1205 2410 1260 2465 Si
1303 2421 1478 2464 autem
1524 2411 1732 2465 tertiam
1781 2428 2004 2483 erogans
2029 2423 2255 2483 partem,

682 2502 789 2558 imo
824 2512 879 2558 et
904 2501 1178 2557 dimiditun
1215 2503 1358 2573 (nam
1385 2505 1609 2558 collecta
1640 2503 1753 2559 lucc
1777 2506 1952 2559 omnia
1979 2504 2257 2562 dimidium

678 2593 962 2660 efﬁciunt),
1005 2591 1050 2648 si
1089 2593 1178 2663 qui
1221 2591 1496 2648 dimidium
1545 2592 1655 2656 dat,
1709 2593 1839 2647 nihil
1880 2595 2054 2665 magni
2096 2595 2255 2652 facit:

680 2683 768 2751 qui
800 2698 868 2737 ne
895 2682 1156 2739 decimam
1184 2683 1398 2753 quidem
1440 2695 1643 2752 partem
1672 2694 1876 2756 erogat,
1917 2687 2043 2758 quid
2080 2703 2255 2744 mere.

680 2773 852 2828 bitur?
885 2773 1014 2829 Jure
1045 2788 1170 2844 ergo
1196 2773 1354 2838 dixit,
1391 2773 1556 2827 Pauci
1580 2774 1706 2827 salvi
1734 2776 1881 2837 ﬁunt.

747 2864 802 2920 5.
847 2864 921 2920 Ne
943 2863 1118 2935 itaque
1145 2863 1503 2935 despiciamus
1531 2875 1829 2919 accuratam
1859 2866 2066 2920 vivendi
2095 2868 2228 2922 ratio

678 2975 820 3014 nem.
873 2958 930 3013 Si
981 2959 1123 3013 enim
1174 2975 1294 3027 pars
1334 2957 1545 3012 virtutis
1589 2959 1823 3028 neglecta
1865 2967 2060 3013 tantam
2097 2959 2250 3014 affert

678 3049 988 3119 perniciem,
1033 3063 1156 3102 cum
1206 3047 1438 3117 undique
1472 3046 1672 3117 judicio
1717 3057 1769 3103 et
1819 3047 2246 3103 condemnationi

672 3140 890 3196 obnoxii
948 3138 1184 3203 erimus,
1231 3139 1498 3208 quomodo
1541 3139 1856 3209 supplicium
1896 3138 2247 3210 ell'ngiemus?

671 3247 809 3301 quas
834 3245 961 3287 vero
993 3246 1178 3302 poenas
1208 3247 1311 3284 nun
1338 3229 1583 3285 dabimus
1604 3229 1711 3294 iet,
1729 3245 1994 3300 quamam,
2017 3231 2243 3301 inquies,

665 3321 826 3376 uobis
852 3322 955 3376 crit
983 3337 1106 3391 spes
1131 3322 1336 3386 salutis,
1374 3320 1417 3376 si
1450 3321 1651 3393 singula
1677 3339 1794 3392 qua:
1821 3323 2246 3378 enumerarimus

669 3413 966 3481 gehennam
999 3414 1154 3467 nobis
1176 3414 1607 3468 comminantur?
1637 3414 1761 3470 llmc
1794 3415 1942 3470 vobis
1968 3414 2088 3470 dico
2119 3434 2133 3470 :
2161 3433 2248 3470 re-

672 3519 968 3562 rumtamen
1008 3507 1049 3561 si
1091 3507 1451 3572 attendamus,
1499 3507 2016 3579 salutem-consequi
2061 3525 2246 3579 posm-

673 3610 810 3655 nms.
842 3597 885 3651 si
915 3594 1266 3668 eleennisyna:
1298 3596 1591 3652 remedium
1619 3597 1986 3656 adhibeamus.
2039 3610 2092 3654 et
2126 3602 2239 3656 vul-

673 3704 798 3743 nera
838 3704 1106 3743 curemus.
1154 3688 1267 3744 Non
1297 3689 1436 3743 enim
1465 3690 1641 3744 oleum
1661 3690 1738 3744 ita
1770 3706 1962 3761 corpus
1989 3694 2203 3748 roborat
2229 3735 2242 3757 ,

669 3795 731 3837 ut
757 3782 1120 3838 misericrrdia
1159 3782 1389 3836 animam
1435 3791 1490 3836 et
1534 3782 1738 3837 ﬁrmam
1769 3793 1822 3838 et
1850 3785 2098 3840 invictam
2129 3801 2243 3839 om-

668 3873 827 3929 nibus
869 3871 1064 3937 reddit,
1094 3872 1664 3942 inexpugnabilemque
1708 3873 1919 3929 diabolo
1956 3893 1968 3929 :
1999 3876 2240 3930 ubicum-

666 3984 771 4038 que
813 3970 954 4026 enim
999 3970 1218 4041 ceperit,
1262 3969 1439 4022 statim
1479 3969 1748 4033 dilabitur.
1783 3985 1902 4023 cum
1930 3970 2104 4023 oleum
2134 3985 2240 4024 non

662 4064 804 4119 sinat
829 4079 949 4119 eum
983 4063 1234 4117 humeros
1265 4062 1667 4131 apprchendere
1699 4064 1939 4118 manibus
1961 4073 2012 4116 et
2035 4072 2238 4118 tenere.

671 4155 783 4211 Hoc
806 4156 984 4225 itaque
1006 4155 1126 4208 oleo
1154 4170 1248 4207 nos
1279 4153 1586 4222 frequenter
1619 4171 1900 4224 ungamus.
1949 4153 2079 4208 Nam
2116 4155 2240 4209 illud

657 4257 749 4302 est
785 4247 1027 4301 sanitatis
1056 4255 1451 4314 argumentum,
1485 4245 1764 4314 lucemque
1799 4246 2167 4301 subministrat
2191 4257 2242 4301 et

663 4337 1023 4407 splendorem.
1053 4339 1118 4391 At
1147 4337 1254 4402 ille,
1291 4335 1520 4406 inquies,
1559 4346 1634 4390 tot
1661 4345 1715 4389 et
1747 4346 1822 4391 tot
1851 4323 2010 4392 habet
2046 4339 2239 4393 talenta

660 4429 799 4494 auri,
826 4437 881 4484 et
905 4426 1031 4482 nihil
1051 4436 1257 4498 erogat.
1291 4427 1354 4481 Et
1385 4426 1510 4497 quid
1535 4426 1635 4480 hoc
1663 4426 1727 4480 ad
1760 4428 1852 4481 te?
1888 4428 1977 4482 Sic
2004 4441 2053 4482 tu
2083 4430 2238 4483 mira-

659 4523 821 4578 bilior
859 4521 985 4586 eris,
1034 4521 1077 4576 si
1107 4536 1171 4575 ex
1217 4527 1523 4590 paupertate
1564 4518 1836 4574 liberalior
1885 4521 1975 4574 illo
2015 4521 2109 4575 sis.
2152 4521 2242 4576 Sic

662 4612 975 4668 Macedonas
1018 4611 1217 4667 Paulus
1262 4611 1483 4664 miratus
1526 4620 1607 4664 est
1655 4609 1730 4680 (Ξ.
1759 4609 1876 4664 Cor.
1904 4611 1954 4666 9.
1983 4612 2081 4677 2):
2134 4628 2238 4665 non

660 4705 1144 4778 quod'lalgirentur
1167 4746 1181 4772 ,
1219 4703 1319 4760 sed
1355 4704 1492 4774 quod
1532 4719 1595 4758 ex
1639 4711 1949 4773 paupertate
1985 4721 2076 4758 sna
2131 4705 2236 4759 Iar-

664 4799 918 4870 gireutur.

739 4889 816 4943 De
846 4888 961 4942 aliis
993 4904 1094 4942 non
1120 4886 1475 4958 judicandrsnt.
1507 4916 1576 4927 —
1601 4886 1676 4942 Ne
1719 4886 1879 4956 igitur
1905 4887 1968 4942 ad
2001 4888 2122 4944 illos
2150 4905 2236 4945 rc-

652 4980 877 5050 ‘spicias,
905 4978 1000 5034 sed
1030 4977 1095 5033 ad
1116 4993 1461 5033 cnmumuem
1489 4977 1723 5033 omnium
1749 4981 2029 5038 doctorem
2057 4984 2077 5013 ³
2097 5024 2111 5047 ,
2146 4983 2233 5052 qui

668 5089 772 5129 non
828 5071 1058 5128 habebat
1102 5071 1189 5124 ubi
1233 5081 1396 5140 eaput
1437 5086 1589 5125 suum
1635 5073 1934 5128 reclinaret.
1993 5074 2055 5127 Et
2104 5091 2235 5139 cur,

666 5165 894 5236 inquies,
937 5164 1021 5219 hic
1048 5173 1100 5219 et
1133 5163 1220 5217 ille
1247 5163 1348 5217 hoc
1377 5180 1479 5217 non
1518 5164 1758 5219 faciunt?
1801 5165 1878 5220 Ne
1917 5167 2238 5220 condemnes

665 5256 847 5315 alium.
875 5253 968 5308 sed
999 5253 1224 5321 teipsum
1253 5255 1572 5308 accusationi
1594 5256 1853 5310 subtrahe
1879 5273 1889 5307 :
1922 5273 2042 5308 nam
2072 5256 2238 5323 majus

666 5347 979 5416 supplicium
1035 5347 1157 5410 erit,
1202 5346 1243 5398 si
1293 5355 1514 5400 ea-tcros
1564 5351 1924 5404 :l"Cl.lStH'(‘flS.
1963 5362 2082 5401 cum
2125 5347 2237 5413 ipsi:

653 5458 772 5498 eum
819 5440 1022 5504 iacias;
1068 5456 1185 5494 eum
1241 5439 1308 5494 de
1350 5438 1469 5493 aliis
1513 5440 1759 5510 judicans
1807 5440 1979 5495 eidem
2028 5440 2234 5493 crimini

717 5619 744 5649 ιι
772 5621 897 5669 ηις,
927 5626 983 5662 ac
1018 5626 1187 5663 rursus
1208 5612 1353 5663 etiam
1389 5611 1624 5662 decinunn
1644 5650 1657 5672 ,
1685 5613 1731 5661 in
1757 5612 1917 5662 litorei.
1956 5612 2238 5662 omittuntur

663 5693 750 5741 per
774 5674 1203 5741 boatu-otidegttton.
1227 5675 1364 5741 quod
1376 5682 1546 5741 autem
1572 5676 1649 5724 hic
1669 5674 2022 5741 _dlcit,Anempe
2059 5677 2239 5724 scribas

665 5734 716 5788 iet
740 5739 1004 5786 l‘haristms
1041 5737 1283 5785 dimidiam
1327 5734 1530 5794 singulis
1571 5735 1710 5784 annis
1753 5734 1995 5785 redituum
2039 5750 2236 5785 suorum

684 5809 849 5849 iartem
877 5802 920 5848 in
939 5797 1297 5860 eleizniosyuua
1319 5797 1539 5853 dedisse,
1568 5798 1734 5847 nescio
1767 5810 1826 5845 an
1852 5798 2043 5858 probari
2070 5801 2236 5860 possit.

684 5815 849 5849 mrtem
877 5815 920 5848 tit
939 5815 1297 5860 etennrosyu'un
1319 5815 1539 5853 oeatsse,
1568 5815 1734 5847 desero
1767 5815 1826 5845 an
1852 5815 2043 5858 pronart
2070 5815 2090 5860 μ

661 5815 844 5910 νὶίξτιιηι
871 5863 916 5908 in
941 5861 1256 5908 eoueionante
1275 5873 1367 5908 uon
1393 5867 1520 5907 tanta
1543 5861 1784 5909 accuratio
1807 5860 2090 5920 postulatur.

728 5925 749 5955 ι
786 5924 890 5971 ΑΜ.
916 5924 999 5972 sed
1017 5923 1084 5971 ait
1102 5933 1393 5970 commutem
1411 5921 1618 5971 omnium
1643 5922 1890 5972 Lomt'nmn
1913 5931 1955 5972 ct
1978 5922 2064 5972 doc
2083 5936 2231 5974 omn.

1530 459 1582 510 S.
1624 456 1899 512 JOANNIS
1924 454 2396 515 CliRYSOSTOMI
2439 456 2748 511 AHClllEl’.
2795 458 3322 517 IONST.\NT3NOP.

3867 465 3980 522 ϐιϐ

2388 574 2503 642 ipse
2549 575 2812 631 obnoxius
2834 578 2960 633 eris.
3015 579 3070 634 Si
3098 580 3240 634 enim
3271 597 3338 636 ne
3376 581 3570 652 probos
3596 583 3816 655 quidem
3845 603 3972 657 per-

2382 669 2541 721 mittit
2591 667 2658 722 de
2715 669 2835 724 aliis
2888 671 3159 740 judicare,
3215 675 3383 729 multo
3427 678 3603 730 minus
3653 691 3965 748 peccantes.

2379 757 2456 812 Ne
2487 758 2660 828 itaque
2686 758 2753 813 de
2782 759 2901 814 aliis
2922 761 3244 831 judicemus,
3295 781 3363 820 ne
3391 766 3456 819 ad
3488 781 3679 836 segnes
3710 768 3970 837 reSpicia-

2380 867 2534 919 mus,
2576 851 2670 907 sed
2718 854 2784 907 ad
2837 853 3121 910 Dominum
3170 855 3354 912 Jesum
3393 858 3688 926 Christum,
3743 869 3798 917 et
3840 861 3968 918 inde

2379 943 2677 1012 exemplum
2702 959 2996 1001 sumamus.
3027 946 3162 1001 Num
3204 963 3303 1017 ego
3349 957 3399 1003 te
3430 949 3707 1006 beneﬂciis
3729 953 3919 1007 ornari
3942 954 3968 1008 ἲ

2377 1053 2500 1090 num
2526 1052 2626 1106 ego
2652 1046 2704 1093 te
2733 1037 2954 1104 redemi,
2984 1049 3040 1093 ttt
3070 1041 3135 1094 ad
3161 1057 3244 1094 me
3270 1041 3562 1111 respicias?
3593 1044 3740 1098 Alius
3765 1048 3963 1115 estqui

2379 1125 2491 1180 lizec
2521 1127 2612 1180 tibi
2642 1128 2817 1182 omnia
2849 1127 3067 1199 largitus
3093 1138 3195 1184 est.
3244 1131 3351 1185 Cur
3381 1132 3566 1185 relicto
3606 1133 3849 1199 Domino,
3892 1135 3961 1189 ad

2374 1232 2692 1273 conservum
2744 1220 2905 1276 vertis
2953 1220 3176 1274 oculos?
3225 1219 3339 1276 Non
3386 1223 3576 1278 audisti
3625 1241 3742 1278 cum
3771 1224 3964 1280 dicen-

2375 1317 2480 1360 tem
2536 1327 2548 1360 :
2597 1308 2786 1363 Discite
2825 1327 2857 1364 α
2905 1328 2985 1366 me
3029 1312 3148 1378 quia
3197 1315 3330 1368 mitis
3365 1331 3474 1368 sum
3505 1324 3549 1368 et
3576 1318 3780 1370 Immitis
3806 1319 3959 1370 corde

2373 1399 2584 1469 (Matth.
2611 1401 2696 1455 Η.
2721 1401 2854 1471 9.9)?
2883 1416 2945 1457 ac
2970 1417 3200 1469 rursum,
3236 1404 3337 1472 Qui
3373 1407 3474 1459 vult
3511 1407 3563 1459 in
3602 1407 3736 1461 vobis
3763 1410 3961 1474 primus

2373 1507 2494 1554 esse,
2537 1492 2601 1546 sit
2630 1493 2854 1546 omnium
2897 1495 3171 1549 minister?
3222 1507 3272 1551 et
3314 1512 3546 1562 rursum,
3599 1499 3742 1552 Sicut
3789 1498 3959 1553 Filius

2344 1582 2585 1635 .Itorninis
2628 1600 2727 1637 non
2774 1586 2906 1637 venit
2947 1585 3244 1651 ministrari,
3286 1590 3374 1641 sed
3419 1591 3704 1644 ministrare
3736 1589 3953 1657 (.llnttlt.

2370 1669 2458 1725 20.
2489 1672 2576 1726 26.
2609 1673 2742 1742 28)?
2785 1675 2859 1728 Ac
2898 1684 3078 1744 postea
3130 1691 3366 1740 rursum,
3411 1692 3478 1733 ne
3510 1680 3786 1733 utri-ridens
3815 1696 3955 1734 ceu-

2372 1775 2555 1817 servos
2602 1765 2800 1834 pigros,
2849 1767 2900 1819 in
2947 1766 3262 1836 negligentia
3303 1769 3469 1834 viras,
3509 1771 3576 1823 ab
3624 1772 3687 1826 iis
3723 1782 3774 1826 te
3821 1772 3954 1826 abs-

2377 1857 2592 1911 trahens
2636 1857 2706 1911 ait
2737 1873 2752 1912 :
2807 1856 3108 1927 Exemplum
3134 1858 3248 1913 dedi
3277 1861 3409 1915 vobis
3449 1865 3712 1929 nnipsnm,
3745 1878 3794 1918 ut
3820 1865 3955 1918 sicut

2368 1962 2459 2017 ego
2487 1948 2605 2016 feci,
2651 1957 2804 2002 etuas
2825 1948 3024 2018 faciatis
3079 1947 3256 2019 (Joan.
3292 1951 3380 2007 i5.
3415 1951 3524 2022 15).
3563 1952 3666 2008 Sed
3715 1971 3818 2008 non
3867 1967 3955 2010 est

2370 2037 2460 2092 tibi
2494 2039 2745 2110 magister
2773 2039 2908 2094 ullus
2939 2040 3076 2094 inter
3102 2043 3343 2097 virentes
3364 2083 3377 2105 .
3434 2045 3521 2114 qui
3569 2055 3619 2099 te
3665 2047 3830 2116 possit
3881 2049 3950 2104 ad

2368 2146 2485 2185 eam
2529 2149 2640 2186 rem
2671 2131 2973 2188 deducere?
3015 2133 3177 2203 Major
3203 2151 3331 2204 ergo
3363 2137 3454 2191 tibi
3484 2138 3600 2192 laus
3630 2140 3731 2193 erit
3754 2150 3806 2195 et
3831 2140 3952 2210 glo-

2364 2223 2463 2287 ria,
2510 2224 2650 2292 quod
2699 2224 2814 2279 sine
2854 2224 3077 2279 doctore
3122 2226 3382 2282 mirabilis
3433 2229 3668 2284 evaseris
3710 2248 3722 2282 :
3772 2241 3948 2300 potest

2363 2316 2502 2370 enim
2533 2316 2660 2370 illud
2692 2315 2828 2378 fieri,
2858 2327 2911 2371 et
2937 2316 3149 2388 quidem
3181 2318 3353 2384 facile,
3384 2319 3427 2374 si
3454 2320 3698 2385 velimus,
3736 2332 3792 2376 ut
3819 2339 3951 2391 pro-

2363 2407 2519 2467 batur
2571 2423 2636 2464 ex
2679 2409 2742 2463 iis
2795 2408 2884 2478 qui
2935 2409 3091 2479 primi
3138 2409 3190 2463 id
3242 2411 3598 2480 perfecerunt.
3651 2425 3702 2468 ut
3752 2413 3948 2479 Noe‘,

2363 2497 2666 2563 Abraham,
2722 2499 3105 2567 Melcltisedec,
3159 2501 3291 2563 Job,
3348 2503 3542 2574 aliique
3590 2505 3654 2559 iis
3703 2507 3948 2570 similes.

2367 2604 2501 2658 quos
2531 2605 2708 2660 operae.
2738 2592 2966 2659 pretium
3002 2601 3084 2646 est
3108 2593 3344 2662 quotidie
3371 2596 3672 2665 respicere;
3713 2598 3805 2652 sed
3838 2615 3946 2653 non

2361 2698 2456 2736 eos
2498 2699 2630 2754 quos
2664 2700 2884 2753 semper
2927 2685 3271 2746 :emulamini,
3320 2697 3373 2740 et
3412 2687 3463 2740 in
3494 2689 3720 2744 cratibus
3752 2692 3948 2747 vestris

2358 2774 2736 2831 eireuml‘ertis.
2798 2775 2938 2830 Nihil
2969 2777 3114 2831 enim
3155 2776 3297 2832 aliud
3329 2777 3522 2848 ubique
3559 2780 3739 2849 audio,
3782 2797 3946 2851 quam

2357 2865 2472 2921 lucc
2519 2868 2677 2921 verba
2715 2886 2728 2922 :
2761 2867 2855 2923 llle
2902 2878 2979 2923 tot
3018 2879 3071 2923 et
3111 2878 3184 2923 tot
3228 2869 3414 2940 jugera
3463 2881 3622 2925 terra:
3663 2873 3944 2941 possidet,

2355 2956 2443 3012 ille
2469 2957 2620 3014 dii-cs
2644 2969 2747 3024 est,
2781 2959 2869 3014 ille
2895 2959 3119 3015 :edillcia
3149 2962 3432 3016 construit.
3478 2959 3589 3017 Cur
3618 2963 3682 3018 ad
3711 2973 3943 3020 externa

2356 3044 2557 3112 inbias,
2583 3062 2616 3097 o
2642 3047 2829 3100 homo?
2853 3063 2949 3100 cur
2971 3049 3107 3103 alios
3133 3050 3395 3121 respicis?
3418 3051 3474 3107 Si
3499 3054 3580 3110 vis
3603 3054 3738 3112 alios
3763 3059 3938 3129 respio

2355 3151 2497 3204 cere,
2535 3137 2732 3207 probos
2765 3147 2819 3193 et
2849 3138 3088 3195 illustres
3117 3141 3261 3196 viros
3291 3143 3597 3211 considera,
3633 3150 3724 3217 qui
3765 3156 3934 3206 totam

2355 3227 2524 3299 legem
2546 3239 2799 3286 accurate
2819 3239 3061 3286 servant:
3088 3247 3192 3287 non
3216 3244 3395 3288 autem
3420 3250 3514 3291 eos
3536 3238 3627 3306 qui
3658 3239 3801 3294 illam
3825 3243 3939 3298 vio-

2352 3322 2467 3378 lant
2487 3332 2681 3378 etcum
2703 3323 2967 3380 dedecore
2990 3325 3200 3380 vivunt:
3226 3342 3348 3382 nam
3369 3328 3413 3383 si
3435 3329 3502 3383 ad
3519 3331 3630 3384 'hos
3649 3335 3933 3403 respicias,

2355 3417 2516 3470 multa
2547 3416 2668 3470 hine.
2695 3417 2908 3472 hauries
2933 3417 3095 3480 mala,
3121 3417 3172 3471 iu
3197 3417 3465 3488 ignaviam
3493 3429 3547 3472 et
3575 3419 3936 3484 arrogantiam

2353 3507 2575 3571 inrides,
2617 3523 2943 3577 ca'ternSqne
2988 3507 3282 3562 damnabis.
3344 3506 3398 3562 Si
3446 3522 3574 3562 Vero
3615 3509 3808 3578 probos
3847 3523 3937 3564 re-

2350 3615 2594 3661 censeas,
2639 3599 2704 3653 ad
2740 3595 3115 3665 humilitatem,
3164 3598 3518 3669 diligentiam,
3562 3602 3933 3668 eompunctio,

2350 3708 2469 3745 nem
2500 3699 2551 3744 et
2578 3700 2828 3745 sexcenta
2870 3690 3008 3744 bona
3040 3699 3091 3746 te
3116 3689 3416 3759 apparabis.
3471 3690 3604 3744 Audi
3650 3690 3772 3760 quid
3815 3705 3934 3760 pas-

2346 3799 2441 3839 sus
2484 3785 2550 3838 sit
2597 3782 2916 3847 Phariszcus,
2947 3783 3086 3853 quod
3117 3782 3295 3835 missis
3323 3781 3504 3851 probis
3535 3782 3681 3848 rirls,
3707 3782 3774 3836 ad
3807 3797 3938 3850 pee-

2346 3885 2553 3930 cantem
2583 3874 2915 3943 respexerit:
2962 3874 3162 3943 audiet
3195 3874 3342 3926 time.
3388 3872 3518 3927 Vide
3563 3888 3719 3944 quam
3768 3873 3939 3927 mira-

2345 3966 2467 4022 bilis
2515 3965 2672 4020 fuerit
2728 3965 2912 4032 David,
2963 3965 3104 4035 quod
3163 3965 3392 4033 majores
3436 3980 3564 4019 suos
3607 3965 3695 4035 qtti
3737 3964 3938 4021 virtute

2347 4059 2606 4114 fulserant
2634 4062 2942 4130 respiceret.
2974 4060 3176 4114 Adrena
3217 4077 3308 4131 rgo
3340 4077 3471 4124 smn,
3522 4059 3712 4128 inquit,
3744 4069 3791 4112 et
3817 4076 3938 4130 per-

2344 4153 2565 4220 egrinus,
2598 4151 2725 4205 sicut
2752 4166 2922 4206 omnes
2963 4163 3132 4222 patres
3176 4153 3270 4205 mei
3320 4149 3489 4220 (Paul.
3524 4150 3609 4205 58.
3646 4149 3758 4220 l3).
3795 4149 3935 4205 Nam

2347 4250 2400 4295 et
2449 4242 2533 4295 ille
2561 4251 2615 4295 et
2640 4251 2894 4310 quotquot
2928 4242 3022 4307 ipsi
3052 4243 3252 4296 similes
3277 4251 3448 4305 erant,
3486 4241 3662 4295 missis
3688 4249 3935 4310 peccato-

2347 4332 2522 4393 ribus,
2582 4333 2780 4386 virtute
2823 4333 3143 4402 conspieus
3190 4331 3332 4384 viros
3375 4331 3700 4401 cogitabant.
3754 4329 3826 4384 Ita
3878 4341 3937 4385 et

2348 4433 2399 4478 ιιι
2448 4422 2626 4477 Ειίιίιο.
2670 4422 2784 4478 Non
2817 4425 2959 4479 enim
3001 4434 3052 4476 tu
3078 4423 3236 4493 judex
3276 4421 3434 4477 sedes
3476 4421 3772 4478 alienorum
3802 4422 3935 4477 iaci-

2347 4530 2568 4577 ttorum.
2614 4531 2712 4570 nec
2759 4514 3041 4584 deputatus
3087 4531 3145 4570 es
3190 4514 3254 4568 ad
3310 4513 3658 4568 examinanda
3698 4514 3930 4568 aliorum

2316 4616 2560 4675 peccata
2612 4623 2626 4659 :
2673 4606 2738 4660 de
2778 4607 2940 4660 rebus
2993 4606 3097 4659 tuis
3140 4606 3404 4674 judicare.
3460 4621 3564 4660 non
3610 4606 3678 4661 de
3713 4606 3929 4670 alienis,

2339 4698 2517 4767 jussus
2547 4712 2626 4752 es.
2661 4695 2798 4750 Nam
2823 4697 2868 4750 si
2894 4714 2984 4750 nos
3013 4698 3149 4764 ipsos
3183 4699 3556 4766 jndirnrcmns,
3585 4697 3658 4751 ait
3688 4698 3795 4762 ille,
3822 4715 3931 4756 non

2344 4793 2511 4859 utique
2540 4790 2892 4861 judicaretnur
2919 4805 2937 4841 :
2957 4789 3176 4858 judicati
3203 4801 3370 4842 autem
3415 4806 3447 4841 η
3495 4787 3728 4852 Domino,
3751 4793 3931 4845 erudi-

2343 4899 2454 4934 nmr
2481 4881 2556 4953 (l.
2586 4879 2704 4934 Cor.
2738 4881 2822 4934 ll.
2848 4880 2933 4934 3i.
2965 4878 3076 4951 '59.).
3127 4879 3204 4934 Tu
3249 4895 3373 4935 vero
3395 4879 3637 4936 ordinem
3663 4884 3929 4951 perverti-

2343 4973 2443 5035 sti,
2499 4971 2623 5027 dum
2674 4971 2740 5025 de
2802 4970 3032 5042 peccatis
3075 4972 3180 5024 tuis
3230 4972 3522 5040 majoribus
3561 4973 3931 5032 minoribusre

2345 5063 2544 5117 nullam
2589 5079 2619 5118 a
2667 5071 2717 5118 te
2770 5065 3030 5117 rationem
3063 5063 3252 5132 exigis,
3281 5062 3512 5118 aliorum
3555 5081 3680 5120 vero
3708 5078 3928 5136 peccata

2343 5165 2590 5211 :n-eurale
2623 5157 2887 5225 CXpIttrﬂs.
2919 5155 3116 5210 Verum
3165 5155 3216 5210 id
3257 5172 3322 5211 ne
3357 5158 3490 5212 ultra
3527 5156 3802 5222 faciamus.
3826 5161 3928 5216 sed

2345 5249 2504 5302 missa
2552 5247 2654 5303 hac
2698 5247 2898 5301 ordinis
2931 5249 3354 5317 perturbatione,
3391 5249 3620 5302 tribunal
3669 5250 3720 5304 in
3771 5251 3930 5307 nobis

2344 5341 2470 5409 ipsis
2496 5347 2808 5404 statuamus,
2844 5340 2940 5410 ipsi
2966 5339 3280 5394 delictorum
3321 5339 3624 5394 nostrorum
3655 5342 3794 5410 apud
3823 5359 3931 5397 nos

2345 5433 2507 5500 ipsos,
2536 5440 2892 5494 accusatores,
2933 5429 3162 5501 iudices,
3196 5441 3247 5484 et
3280 5431 3500 5486 ultores.
3532 5430 3587 5484 Si
3635 5433 3712 5486 vis
3743 5444 3929 5488 autem

2343 5525 2569 5577 aliorum
2597 5531 2742 5592 gesta
2775 5524 3103 5584 examinare.
3149 5523 3286 5578 bona
3332 5540 3516 5593 opera,
3568 5541 3672 5579 non
3709 5537 3931 5595 peccata

2344 5613 2583 5682 explora,
2618 5623 2751 5666 utet
2781 5628 2844 5667 es
2879 5616 3135 5668 memoria
3183 5615 3445 5669 scelerum
3493 5623 3824 5678 nostrorum.
3876 5630 3934 5676 et

2343 5721 2406 5759 ex
2438 5703 2775 5758 mutitlatione
2807 5703 3113 5772 proborum,
3143 5713 3197 5759 et
3221 5720 3286 5761 ex
3323 5707 3615 5776 incorrupti
3642 5707 3933 5766 tribunalis

2411 5905 2425 5934 ι
2465 5902 2700 5961 Verbum,
2729 5909 2835 5962 Noe,
2862 5901 3004 5950 deest
3027 5902 3075 5951 iu
3101 5899 3259 5951 \Iorel.
