4186 6482
189 434 281 488 617

188 547 486 621 ρτιιγδρηιίι.
536 543 776 616 quotidie
809 542 959 614 quasi
1003 540 1222 597 stimulo
1262 539 1603 595 conscientia:
1635 552 1768 608 pun-

185 641 267 706 cti,
317 649 369 694 et
396 637 464 692 ad
497 636 754 705 majorem
799 650 894 690 nos
943 632 1293 689 humilitatem
1334 630 1768 701 diligentiamque

184 731 491 794 excitantes,
521 729 699 783 futura
725 740 1113 798 consequamur
1137 724 1296 792 bona,
1336 721 1503 794 gratia
1532 730 1586 778 et
1612 721 1764 776 beni-

1183 423 1246 478 IN
1281 418 1690 478 ΜΑΤῘἮΑΞΠΜ
1730 419 1962 476 1103111..
2007 419 2164 474 LXV.
2207 420 2279 474 al.
2325 419 2508 476 LXVI.

3374 425 3472 481 625

1873 535 2074 605 gnitate
2103 535 2312 591 Domini
2346 536 2514 591 nostri
2536 534 2664 591 Jesu
2692 536 2916 603 Christi,
2945 536 3160 607 quicum
3194 537 3337 593 Patri
3371 555 3471 594 una

1873 645 1995 685 eum
2021 629 2220 700 Spiritu
2244 639 2431 684 sancto
2456 628 2650 699 gloria,
2684 629 2992 698 imperium,
3027 629 3220 696 honor,
3252 644 3395 686 nunc
3421 638 3475 685 ct

1873 736 2108 792 semper,
2139 729 2193 776 et
2222 721 2272 774 in
2301 719 2495 776 swcnla
2520 721 2859 776 szcculorum.
2894 721 3088 777 Amen.

203 880 2297 905 ____________________________________

1313 933 1657 994 HOMILIA
1702 932 1896 993 LXV.
1941 933 2028 1032 al.
2074 933 2300 995 LXVI.

178 1066 298 1121 Cn.
329 1064 422 1121 20.
457 1080 509 1119 γ.
543 1064 628 1120 17.
664 1061 729 1116 Et
765 1059 1041 1115 ascendens
1077 1059 1228 1112 .lesns
1255 1056 1649 1126 Jerosolymam,
1677 1072 1763 1109 as-

241 1150 458 1220 sumpsit
485 1147 747 1201 duodecim
787 1144 1064 1213 discipulos
1091 1151 1279 1196 secreto
1303 1142 1356 1194 in
1396 1140 1513 1204 via,
1554 1148 1602 1194 et
1636 1140 1766 1193 dixit

246 1244 318 1295 eis
347 1256 368 1295 :
397 1239 488 1294 18.
538 1238 669 1294 Ecce
711 1237 1030 1291 ascendimus
1056 1231 1426 1304 Jerosolymam
1449 1273 1463 1297 ,
1511 1240 1554 1286 et
1599 1229 1764 1285 Filius

242 1333 462 1387 hominis
508 1331 734 1385 tradetur
772 1329 982 1382 summis
1011 1327 1334 1399 pontiﬁcibus
1379 1336 1425 1378 et
1465 1324 1672 1385 scribis,
1716 1333 1763 1377 et

239 1423 647 1479 condemnabunt
684 1437 797 1476 eum
823 1429 981 1474 morte
1013 1435 1029 1473 :
1062 1418 1154 1473 19.
1185 1427 1230 1472 et
1257 1417 1456 1472 tradent
1484 1433 1598 1470 eum
1641 1433 1762 1487 gen-

239 1520 369 1574 tibus
390 1518 462 1572 ad
482 1513 797 1572 illudendnm
817 1524 865 1569 et
880 1511 1244 1584 ﬂagellandum
1261 1521 1306 1566 et
1321 1510 1718 1581 cruciﬁgendum
1741 1525 1761 1564 .'

237 1621 282 1665 et
308 1611 460 1666 tertia
485 1609 567 1662 die
593 1616 833 1677 resurget.

239 1705 287 1758 1.
308 1701 423 1756 Non
440 1701 618 1755 statim
636 1714 702 1755 cx
727 1698 946 1755 Galilaca
968 1696 1353 1767 Jerosolymam
1377 1693 1639 1759 ascendit,
1664 1692 1758 1748 sed

172 1810 284 1852 cum
332 1794 481 1864 prius
513 1792 766 1849 miracula
794 1801 1061 1864 patrasset
1081 1833 1094 1856 ,
1124 1800 1179 1846 et
1219 1789 1518 1844 Pharismns
1541 1803 1760 1859 repres-

171 1891 352 1951 sisset,
395 1886 795 1956 discipulosque
821 1886 888 1941 de
920 1891 1230 1955 paupertate
1258 1884 1560 1953 alloquutns
1588 1890 1749 1938 esset.

172 1982 254 2034 Ait
278 1981 446 2041 enim,
480 1979 540 2033 Si
568 1978 640 2032 vis
669 1979 920 2048 perfectus
945 1994 1069 2042 esse,
1099 1976 1252 2030 vende
1271 1993 1328 2029 ea
1349 1992 1463 2045 qua:
1489 1976 1674 2030 habes:
1704 1984 1759 2030 et

172 2071 234 2126 de
262 2071 562 2141 virginitate
586 2109 603 2133 ,
651 2069 747 2135 Qui
790 2077 946 2138 potest
975 2084 1155 2138 capere
1179 2110 1193 2133 ,
1227 2066 1394 2137 capiat
1422 2065 1634 2138 (Matth.
1672 2066 1753 2122 l9.

172 2163 252 2219 2|.
290 2163 396 2236 ιε),
435 2163 576 2219 etde
607 2162 926 2229 humilitate,
960 2160 1079 2216 Nisi
1107 2162 1330 2215 conversi
1357 2161 1575 2231 fueritis,
1603 2170 1650 2214 et
1681 2165 1757 2232 ef-

168 2259 407 2326 [iciamini
426 2259 558 2311 sicut
575 2257 794 2326 parvuli,
815 2273 914 2309 non
942 2255 1191 2308 intrabitis
1208 2255 1259 2307 in
1287 2270 1494 2326 regnum
1517 2251 1757 2307 crclorum

173 2352 390 2416 (Matth.
415 2351 573 2421 18.5)
595 2393 609 2416 ,
633 2351 700 2405 de
727 2350 1075 2405 retributione
1097 2351 1147 2404 in
1188 2348 1286 2403 hac
1330 2350 1435 2402 vita
1469 2366 1482 2401 :
1519 2347 1756 2418 Quisquis

171 2445 406 2499 dimiserit
432 2445 631 2510 domos,
661 2453 748 2497 aut
774 2446 980 2515 fratres,
1007 2451 1092 2496 aut
1116 2459 1333 2506 sorores,
1361 2442 1646 2511 centuplum
1673 2456 1756 2493 reo

170 2537 309 2604 cipiet
332 2538 386 2590 in
414 2537 509 2591 hoc
551 2537 761 2599 sazculo;
789 2544 843 2589 et
877 2535 944 2590 de
976 2535 1151 2589 futura
1181 2533 1427 2588 mercede
1460 2550 1472 2587 :
1504 2531 1570 2585 Et
1602 2532 1756 2586 ritum

170 2637 397 2681 (sternam
425 2627 698 2697 possidebit
726 2624 938 2691 (Matth.
969 2626 1054 2681 19.
1087 2625 1201 2695 29).
1235 2624 1382 2679 Tunc
1418 2622 1632 2678 demum
1659 2638 1754 2677 ac-

169 2720 300 2774 cedit
326 2719 391 2774 ad
425 2719 612 2774 urbem
636 2759 650 2784 ,
677 2733 907 2789 cumque
936 2732 1255 2772 ascensurus
1277 2725 1422 2773 esset
1446 2757 1462 2782 ,
1514 2716 1581 2771 de
1629 2728 1752 2785 pas-

168 2811 311 2866 sione
360 2826 576 2865 rnrsnm
637 2810 888 2880 loquitur.
932 2808 1064 2877 Quia
1106 2809 1246 2863 enim
1304 2808 1594 2863 verisimile
1638 2813 1754 2862 erat

169 2919 254 2958 eos
274 2945 290 2969 ,
320 2905 411 2974 qui
442 2903 648 2958 nollent
677 2903 774 2957 ista
807 2901 1051 2957 accidere
1070 2942 1084 2967 ,
1138 2901 1329 2956 horum
1366 2899 1562 2955 oblitos
1592 2911 1710 2954 esse
1732 2937 1750 2964 ,

171 2995 466 3066 frequenter
529 2995 644 3051 hinc
699 2995 750 3050 in
809 2995 1123 3049 memoriam
1177 3000 1435 3056 revocat,
1486 2989 1754 3061 frequenti

171 3091 671 3143 commemoratione
708 3087 942 3142 animum
997 3085 1207 3140 illorum
1256 3099 1512 3140 exercens
1557 3098 1619 3137 ac
1657 3083 1756 3137 do-

170 3181 327 3236 lorem
376 3182 643 3236 minuens.
691 3180 1033 3250 Seorsimque
1079 3180 1200 3234 illos
1255 3178 1556 3232 necessario
1610 3175 1748 3230 alio.

171 3275 386 3345 quitur:
429 3289 605 3346 neque
647 3273 788 3328 enim
833 3288 928 3344 par
971 3281 1087 3329 erat
1123 3271 1237 3327 hare
1282 3272 1333 3327 in
1379 3271 1564 3341 vulgus
1603 3269 1754 3325 elfer-

170 3365 230 3429 ri,
251 3366 331 3420 vel
362 3365 509 3421 clare
535 3364 773 3430 narrari;
810 3365 938 3418 nihil
968 3364 1162 3435 quippe
1188 3362 1312 3418 hinc
1338 3363 1462 3418 boni
1493 3362 1749 3418 emersis-

169 3468 262 3514 set.
309 3459 363 3515 Si
410 3460 554 3514 enim
603 3457 850 3528 discipuli
893 3458 1006 3513 haec
1033 3456 1311 3513 audientes
1367 3455 1558 3510 turbati
1590 3463 1747 3519 sunt,

168 3551 324 3604 multo
354 3551 525 3622 magis
552 3551 740 3621 vulgus
771 3550 1044 3605 turbatum
1076 3559 1238 3605 esset.
1283 3549 1420 3618 Quid
1444 3547 1639 3618 igitur?
1670 3548 1750 3602 iu-

170 3643 347 3711 quies,
394 3659 575 3698 annon
616 3643 814 3713 populo
855 3642 906 3697 id
945 3643 1245 3697 nuntiatum
1274 3640 1392 3697 est?
1438 3639 1748 3697 Nuntiatum

170 3735 371 3802 quidem
400 3735 475 3788 illi
508 3743 591 3790 est
614 3777 629 3801 ,
671 3735 763 3789 sed
806 3750 910 3789 non
950 3735 1022 3789 ita
1051 3735 1212 3789 clare.
1246 3733 1377 3788 Nam
1406 3733 1480 3786 ait
1511 3751 1523 3787 :
1557 3732 1751 3786 Solvite

170 3824 396 3895 templum
437 3830 533 3880 hoc
553 3867 568 3893 ,
600 3836 645 3881 et
667 3827 718 3879 in
754 3827 913 3880 tribus
941 3827 1113 3881 diebus
1141 3827 1366 3881 excitabo
1405 3826 1537 3880 illud
1567 3825 1747 3897 (Ioan.

168 3914 217 3968 2.
249 3916 356 3985 19);
381 3927 456 3984 et,
479 3916 748 3972 Generatio
775 3919 880 3972 lucc
899 3918 1097 3989 signum
1123 3919 1321 3985 qruerit,
1351 3929 1399 3973 et
1427 3919 1625 3989 signum
1649 3934 1750 3972 non

168 4009 359 4063 dabitur
380 4004 447 4076 ei,
482 4011 582 4064 nisi
601 4012 800 4080 signum
825 4009 974 4065 lanae
995 4011 1253 4082 propheta:
1280 4010 1493 4084 (Matth.
1521 4012 1606 4067 12.
1632 4013 1746 4082 39);

168 4110 216 4154 ct
235 4117 458 4168 rursum,
487 4086 668 4156 Adhuc
696 4110 848 4170 partio
877 4113 1098 4173 tempore
1123 4105 1373 4158 vobiscum
1390 4120 1520 4167 sum,
1551 4113 1753 4173 etquie-

169 4193 280 4247 retis
306 4211 402 4261 me,
438 4204 484 4249 et
508 4210 612 4248 non
643 4195 899 4249 invenietis
932 4194 1112 4266 (Joan.
1143 4197 1196 4252 7.
1225 4197 1313 4253 55.
1341 4197 1456 4269 54);
1479 4197 1752 4266 discipulis

171 4297 288 4338 vero
316 4301 421 4340 non
453 4285 553 4352 sic,
584 4285 677 4340 sed
696 4286 832 4340 sicut
861 4287 959 4340 alia
985 4288 1179 4342 clarius
1206 4288 1435 4354 dixerat,
1467 4291 1543 4344 sic
1571 4298 1628 4345 et
1651 4290 1749 4345 ista

170 4375 412 4432 narravit.
436 4375 545 4432 Sed
567 4391 665 4432 cur
691 4377 897 4433 dicebat
920 4421 934 4445 ,
978 4381 1019 4433 si
1047 4380 1329 4436 multitudo
1357 4383 1459 4436 vim
1482 4382 1749 4438 dictorum

171 4483 268 4522 non
312 4468 672 4541 intelligebat?
702 4469 770 4526 Ut
816 4482 997 4542 postea
1024 4472 1324 4540 discerent,
1357 4490 1477 4530 eum
1509 4485 1562 4530 et
1607 4491 1748 4546 prae-

169 4560 414 4616 seientem
436 4572 492 4618 et
520 4563 772 4618 libentem
804 4565 868 4619 ad
895 4565 1191 4634 passionem
1217 4569 1444 4634 venisse,
1471 4586 1574 4625 non
1604 4572 1752 4640 igno-

172 4661 362 4706 rantem
399 4654 484 4708 vel
525 4665 790 4709 coactum.
826 4656 1106 4726 Discipulis
1132 4673 1260 4714 vero
1294 4675 1400 4714 non
1430 4660 1549 4716 ideo
1575 4663 1748 4717 solum

173 4741 423 4808 pradixit,
449 4743 544 4799 sed
571 4786 585 4810 ,
619 4745 760 4815 quod
799 4747 908 4815 jam
937 4747 1079 4812 dixi,
1127 4758 1183 4804 ut
1222 4753 1619 4820 exspectatione
1659 4753 1748 4808 illa

169 4834 464 4901 exercitati,
517 4834 722 4891 facilius
768 4839 1070 4907 passionem
1115 4839 1359 4906 ferrent,
1407 4858 1472 4897 ne
1497 4844 1540 4897 si
1595 4844 1747 4898 inex-

171 4935 393 4992 spectata
421 4927 741 4996 accidisset,
771 4930 886 4985 illos
913 4931 1195 4988 admodum
1225 4934 1577 5004 perturbaret.
1610 4937 1753 5005 Quao

173 5027 377 5086 pr0pter
424 5020 577 5074 initio
622 5034 848 5077 mortem
890 5033 1093 5079 tantum
1138 5027 1415 5095 praedixit;
1471 5040 1748 5101 postquam

175 5118 336 5164 autem
368 5111 472 5167 hoc
499 5114 737 5168 meditati
765 5126 818 5171 et
846 5116 897 5171 in
929 5117 1010 5171 his
1035 5121 1311 5174 exercitati
1337 5122 1562 5184 fuerant,
1592 5133 1752 5178 caete-

175 5213 224 5254 ra
254 5205 426 5258 munia
457 5206 682 5274 adjecit;
719 5211 944 5279 exempli
973 5227 1128 5264 causa
1162 5230 1173 5264 :
1204 5213 1432 5268 Tradeut
1469 5231 1589 5270 cum
1621 5234 1750 5287 gen-

175 5294 321 5358 tibus,
351 5297 607 5364 illudcnt,
640 5299 1014 5369 ﬂagellabunt:
1043 5313 1148 5358 tttm
1193 5306 1288 5359 hac
1318 5307 1384 5362 de
1410 5323 1566 5362 causa
1589 5352 1602 5371 ,
1638 5320 1748 5365 tum

176 5386 322 5442 e:iam
347 5432 359 5454 ,
394 5399 452 5445 ut
484 5407 604 5447 cum
639 5394 749 5449 lia-c
791 5396 957 5449 tri5tia
987 5396 1229 5451 \‘idcren.
1251 5440 1264 5462 ,
1299 5404 1749 5458 resurrectionem

176 5491 559 5548 exspectarent.
589 5483 719 5537 Nam
747 5489 831 5554 qui
859 5487 1050 5553 tristia,
1083 5496 1136 5543 et
1163 5505 1278 5557 quae
1311 5489 1568 5557 probrosa
1601 5493 1749 5548 vide-

177 5569 392 5641 bantur,
437 5591 545 5629 non
581 5577 932 5634 occultaverat
955 5621 968 5646 ,
996 5579 1113 5649 jure
1140 5582 1279 5636 circa
1327 5598 1578 5654 prospera
1633 5600 1750 5642 cre-

178 5660 374 5716 dendus
400 5672 538 5717 erat.
560 5660 837 5728 Perpende
859 5671 1056 5727 autem,
1074 5665 1340 5730 quomodo
1368 5665 1627 5732 temporis
1654 5680 1751 5735 op-

181 5755 551 5816 portunitatem
597 5754 870 5808 observet.
917 5753 1030 5809 Non
1073 5756 1218 5811 enim
1268 5758 1336 5812 ab
1376 5758 1531 5813 initio
1563 5759 1615 5813 id
1648 5759 1752 5814 illis

181 5844 300 5901 dixit
357 5863 420 5902 ne
471 5847 743 5907 turbaret;
784 5862 956 5910 neque
1007 5849 1061 5903 in
1114 5848 1228 5915 ipso
1283 5861 1552 5922 tempore,
1588 5866 1655 5906 uc
1692 5852 1741 5904 in

1871 1071 2157 1112 mmrorem
2187 1056 2500 1127 conjiceret;
2519 1057 2612 1113 sed
2635 1067 2914 1129 postquam
2948 1059 3194 1116 idoneam
3227 1072 3464 1132 potesta-

1872 1148 1939 1202 tis
1972 1148 2138 1218 ipsius
2167 1149 2553 1219 experientiam
2584 1160 2922 1220 acccperant,
2949 1166 3071 1206 cum
3101 1168 3320 1225 magnas
3347 1157 3471 1210 vitio

1870 1252 2083 1298 mterum
2108 1243 2494 1313 promissiones
2509 1242 2681 1307 daret,
2714 1253 2838 1298 tunc
2863 1245 2960 1299 hac
2988 1244 3056 1301 dc
3081 1260 3137 1302 re
3166 1262 3466 1303 sermonem

1871 1333 2076 1400 inserit,
2109 1335 2278 1390 semel
2309 1344 2362 1390 et
2393 1335 2475 1390 bis
2500 1346 2554 1390 et
2583 1336 2800 1404 plttries,
2836 1335 2937 1392 hoc
2964 1340 3102 1392 inter
3124 1339 3379 1395 miracula
3416 1351 3469 1396 et

1867 1425 2160 1481 doctrinam
2213 1427 2478 1481 intexens.
2529 1427 2678 1482 Alius
2716 1439 2896 1482 antem
2940 1429 3264 1500 evangelista
3314 1430 3462 1501 (Luc.

1868 1519 1952 1574 18.
1985 1519 2194 1590 51-54)
2221 1519 2383 1585 dicit,
2417 1521 2589 1590 ipsum
2614 1521 2906 1592 pr0pltctas
2936 1531 3099 1577 testes
3125 1523 3462 1594 produxisse.

1865 1611 2017 1666 Alius
2037 1611 2231 1682 (Marc.
2260 1614 2345 1670 10.
2370 1613 2459 1682 32)
2486 1630 2612 1670 vero
2636 1616 2740 1680 ait,
2773 1614 3066 1686 discipulos
3092 1617 3231 1672 dicta
3261 1634 3365 1673 non
3390 1619 3469 1673 ino

1867 1704 2155 1772 tellexisse,
2180 1705 2274 1761 sed
2305 1706 2572 1762 occultum
2622 1707 2786 1763 fuisse
2817 1709 3039 1764 verbum
3075 1709 3225 1779 ipsis,
3261 1721 3317 1765 et
3355 1721 3468 1767 stn-

1865 1794 2102 1864 pefactos
2152 1795 2324 1866 ipsum
2377 1813 2499 1854 esse
2523 1808 2800 1868 sequutos.
2854 1790 2994 1870 Erg'o
3031 1800 3274 1856 sublatus
3315 1812 3463 1868 erat,

1864 1887 2092 1960 inquies,
2126 1889 2486 1959 prredictionis
2507 1890 2731 1946 fructus.
2760 1893 2816 1947 Si
2843 1894 2988 1948 enim
3017 1893 3351 1962 nesciebant,
3381 1895 3463 1951 ln-

1862 1982 1996 2052 quit.
2031 1981 2081 2036 id
2099 1982 2238 2054 quod
2272 1982 2572 2045 audierant,
2599 1999 2696 2038 nec
2725 1993 3041 2052 exspectare
3069 1995 3333 2055 poterant;
3356 2003 3462 2043 non

1861 2082 2236 2144 exspectantes
2280 2089 2444 2138 vero,
2493 2089 2593 2129 nec
2634 2075 2684 2128 in
2727 2091 2822 2144 spc
2862 2084 3113 2145 poterant
3154 2079 3461 2133 exercitari.

1863 2165 2006 2236 Ergo
2029 2181 2158 2222 vero
2193 2165 2338 2220 aliud
2371 2167 2640 2222 difficilius
2669 2167 2837 2222 affero
2873 2185 2886 2222 :
2915 2169 2960 2222 si
2992 2170 3333 2238 nesciebant,
3367 2188 3466 2227 cur

1863 2259 2188 2316 maerebant?
2207 2260 2357 2316 Alius
2383 2269 2560 2316 tamen
2589 2261 2740 2326 dicit,
2767 2260 2912 2332 ipsos
2935 2271 3158 2319 maestos
3187 2263 3370 2320 fuisse.
3406 2266 3464 2321 Si

1861 2367 1990 2421 ergo
2028 2353 2376 2417 nesciebant,
2408 2370 2505 2408 cur
2547 2354 2936 2409 tristabantur?
2963 2354 3244 2423 Quomodo
3272 2357 3465 2414 Petrus

1861 2443 1993 2498 dixit
2025 2462 2038 2496 :
2075 2443 2338 2516 Propitius
2366 2445 2455 2500 tibi
2483 2447 2553 2500 sis
2573 2488 2588 2509 ,
2635 2464 2734 2500 non
2765 2449 2858 2501 erit
2887 2447 2975 2502 tibi
3001 2448 3096 2503 hoc
3127 2449 3344 2520 (Matth.
3371 2452 3462 2508 16.

1859 2534 1973 2606 22).
2005 2537 2142 2604 Quid
2185 2553 2312 2608 ergo
2353 2538 2674 2593 dicendum?
2717 2539 2952 2595 Scivisse
2995 2541 3251 2611 quidem,
3284 2543 3457 2614 ipsum

1860 2643 1980 2684 esse
2005 2629 2342 2694 moriturum,
2374 2630 2471 2685 etsi
2499 2632 2815 2686 (Economia:
2845 2633 3161 2703 mysterium
3185 2649 3290 2690 non
3315 2635 3464 2694 clare

1859 2720 2053 2776 scirent
2080 2761 2095 2786 ,
2130 2737 2303 2793 neque
2328 2721 2488 2777 etiam
2535 2724 2985 2780 resurrectionem
3015 2725 3160 2783 clane
3193 2728 3421 2784 scivissc
3441 2770 3460 2794 ,

1866 2819 1966 2859 nec
2005 2817 2209 2875 quanta
2256 2807 2406 2865 illaut
2435 2822 2616 2864 essent
2653 2825 2931 2869 secutura.
2958 2814 3023 2869 Et
3054 2816 3157 2871 hoc
3183 2829 3303 2874 erat
3331 2820 3462 2877 abs-

1871 2897 2152 2953 conditum
2182 2901 2284 2954 eis.
2308 2898 2424 2955 Hac
2452 2901 2519 2956 de
2550 2918 2717 2958 causa
2764 2905 3046 2964 dolebant.
3070 2910 3225 2967 Alios
3258 2915 3463 2983 quippe

1859 2993 2101 3049 viderant
2142 3004 2386 3052 mortuos
2431 2996 2499 3050 ab
2546 2998 2666 3053 aliis
2711 2999 2996 3067 suscitari;
3036 3015 3158 3055 eum
3203 3016 3332 3056 vero
3369 3003 3460 3072 qui

1858 3086 2091 3155 seipsum
2126 3088 2428 3147 suscitaret.
2457 3098 2617 3158 atque
2649 3089 2720 3143 ita
2747 3091 3053 3160 suscitaret,
3086 3103 3144 3148 ut
3166 3108 3458 3165 numquam

1857 3187 2041 3247 postea
2074 3187 2394 3244 moreretur,
2427 3180 2662 3235 nondum
2696 3181 2961 3237 viderant.
2990 3183 3105 3239 Hoc
3126 3185 3306 3256 igitur,
3357 3188 3459 3242 etsi

1857 3283 2001 3341 saepe
2023 3271 2246 3339 dictum,
2276 3287 2379 3326 non
2406 3272 2797 3344 intelligebant:
2818 3290 2992 3346 neque
3011 3287 3196 3347 aperte
3222 3279 3467 3335 sciebant

1857 3362 1997 3433 quod
2027 3378 2196 3433 genus
2228 3363 2416 3418 mortis
2441 3404 2455 3429 ,
2491 3380 2590 3420 uec
2637 3366 2910 3436 quomodo
2954 3377 3241 3446 venturum
3285 3381 3452 3426 esset.

1858 3455 2089 3526 Ideoque
2138 3456 2423 3528 stupefacti
2468 3466 2657 3525 erant,
2700 3458 2875 3529 ipsum
2924 3471 3254 3530 sequentes;
3287 3477 3460 3533 neque

1858 3547 1979 3603 ideo
2003 3556 2228 3616 tantum,
2262 3548 2388 3616 sed,
2414 3558 2473 3605 ut
2516 3550 2644 3606 mihi
2674 3550 2908 3619 videtur,
2937 3553 3062 3625 quia
3104 3552 3172 3609 de
3205 3556 3457 3626 passione

1857 3640 2101 3711 loquens,
2133 3641 2606 3709 perterrefaeiebat
2632 3658 2749 3699 eos.

1928 3732 1983 3786 2.
2014 3733 2156 3788 Nihil
2186 3744 2364 3791 tamen
2384 3736 2574 3792 horum
2597 3737 2843 3794 ﬁduciam
2863 3739 2994 3810 ipsis
3016 3740 3460 3809 indebat,etiam-

1858 3825 1900 3880 si
1932 3840 2075 3896 saepe
2105 3828 2173 3883 de
2221 3831 2613 3886 resurrectione
2638 3833 2906 3889 audirent.
2938 3834 3072 3891 Nam
3095 3844 3458 3906 prmtermor-

1860 3927 1965 3974 tern
1995 3921 2096 3976 hoc
2123 3922 2242 3977 illos
2270 3925 2502 3981 maxime
2531 3925 2798 3993 turbabat,
2831 3928 2972 3998 quod
3000 3929 3252 3985 audirent
3279 3932 3455 4001 ipsum

1858 4010 2188 4068 illudendnm
2228 4027 2280 4069 et
2313 4014 2692 4084 llagellandum
2722 4032 2842 4072 esse
2862 4059 2875 4080 ,
2917 4029 2971 4074 et
2996 4019 3098 4072 alia
3129 4019 3457 4090 hujusntodi,

1858 4103 1990 4160 Cum
2022 4105 2166 4161 enim
2188 4108 2491 4177 cogitabant
2523 4110 2798 4178 miracula,
2833 4111 3191 4170 daemoniacos
3221 4127 3460 4184 curatas,

1857 4206 2099 4254 mortuos
2125 4200 2427 4267 suscitatos,
2463 4211 2518 4258 et
2546 4203 2648 4257 alia
2679 4203 3004 4261 mirabiliter
3035 4206 3196 4275 facta,
3229 4208 3460 4266 deinde.

1856 4304 1961 4359 que
1991 4289 2107 4346 haec
2150 4291 2467 4359 audiebant,
2501 4295 2991 4366 obstupescebant,
3026 4299 3170 4370 quod
3209 4302 3300 4371 qui
3332 4303 3456 4360 talia

1858 4390 2120 4450 patraret,
2155 4385 2278 4439 talia
2321 4401 2574 4454 passurus
2611 4399 2792 4456 esset;
2827 4391 3056 4463 ideoque
3106 4394 3159 4449 in
3210 4411 3458 4467 magnam

1859 4476 2166 4532 incidebant
2201 4478 2608 4546 dubitationem,
2643 4498 2705 4537 ac
2733 4483 2894 4538 modo
2930 4485 3256 4553 credebant,
3299 4492 3464 4548 modo

1859 4584 1963 4622 non
1986 4569 2297 4637 credebant,
2329 4588 2426 4627 nec
2455 4573 2593 4627 dicta
2623 4575 2707 4628 illa
2734 4575 3033 4647 intelligere
3059 4590 3327 4652 poterant.
3356 4583 3459 4641 Us-

1855 4676 1959 4730 que
1985 4661 2120 4717 adco
2153 4664 2294 4717 enim
2326 4665 2468 4721 clare
2501 4681 2604 4721 non
2636 4669 3002 4740 intelligebant
3026 4715 3041 4740 ,
3074 4683 3133 4728 ut
3161 4676 3252 4730 lilii
3285 4677 3464 4735 lebe-

1856 4750 1959 4807 dxci
1998 4755 2175 4808 statim
2207 4757 2560 4822 accederent,
2590 4768 2642 4814 et
2670 4760 2737 4815 de
2763 4762 2939 4832 primo
2965 4779 3222 4823 consessu
3267 4769 3454 4840 loque-

1856 4853 2042 4900 rentur
2073 4862 2087 4899 :
2127 4846 2368 4903 Volumus
2396 4853 2569 4916 enim,
2599 4854 2770 4917 aiunt,
2804 4867 2857 4909 ut
2883 4873 3012 4912 unus
3041 4875 3073 4912 a
3099 4860 3294 4917 dextris
3319 4865 3418 4919 tuis
3442 4907 3456 4929 ,

1857 4949 1988 4988 unus
2009 4953 2038 4988 a
2065 4937 2281 4992 sinistris
2307 4940 2480 4994 sedeat
2507 4940 2699 5010 (Marc.
2723 4944 2810 5000 10.
2835 4948 2949 5017 55).
2968 4949 3251 5016 Quomodo
3278 4954 3458 5025 igitur.

1858 5024 2102 5097 inquies,
2137 5029 2223 5085 hic
2270 5034 2596 5105 evangelista
2651 5036 2821 5105 dicit,
2861 5045 3156 5101 accessisse
3195 5024 3463 5105 matrem!

1860 5118 2154 5193 Utrumque
2201 5124 2395 5179 factum
2439 5142 2560 5182 esse
2588 5129 2880 5187 verisimile
2918 5145 3021 5189 est.
3067 5136 3286 5196 Matrem
3317 5144 3458 5199 enim

1857 5225 2035 5266 secum
2055 5230 2396 5285 assumpsere
2423 5219 2487 5272 ad
2513 5221 2770 5290 majorem
2795 5227 3242 5296 supplicationem
3267 5232 3459 5290 facien-

1857 5304 1979 5359 dam
2009 5349 2022 5371 ,
2056 5318 2112 5361 ut
2137 5307 2404 5364 Christum
2436 5312 2537 5369 hoc
2569 5315 2727 5370 modo
2757 5317 3058 5376 ﬂecterent.
3093 5323 3247 5390 Quod
3276 5338 3453 5384 autem

1859 5415 1982 5455 vere
2013 5401 2327 5469 supplicatio
2354 5419 2537 5459 eorum
2564 5408 2671 5474 sit,
2711 5420 2765 5463 et
2792 5412 2932 5479 quod
2964 5430 3084 5480 prie
3117 5418 3319 5486 pudore
3341 5437 3459 5475 ma-

1859 5500 1997 5546 trem
2029 5493 2392 5558 adhihnerint,
2424 5499 2698 5567 perpende
2725 5503 2996 5572 quomodo
3023 5506 3090 5561 ad
3114 5509 3235 5564 illos
3250 5525 3454 5567 sermo-

1857 5597 1997 5637 mcm
2028 5584 2274 5641 Christus
2303 5587 2517 5657 dirigat.

1935 5670 2072 5736 Quid
2104 5686 2214 5723 vere
2241 5681 2466 5739 peterent
2499 5672 2600 5742 ﬁlii
2641 5673 2891 5731 Zebedmi.
2918 5708 2989 5719 —
3013 5679 3123 5736 lmo
3145 5697 3274 5737 vero
3307 5684 3454 5752 prius

1859 5761 2132 5817 discamus
2161 5765 2284 5831 quid
2319 5773 2532 5830 petant;
2565 5771 2672 5830 qui)
2701 5771 2868 5824 animi
2902 5777 3198 5843 proposito,
3225 5787 3277 5832 et
3309 5779 3452 5832 unde

1862 5855 1926 5908 ad
1956 5856 2054 5908 hoc
2087 5853 2300 5917 impulsi
2335 5858 2458 5909 sint.
2492 5858 2645 5914 L'nde
2673 5877 2800 5930 ergo
2828 5863 2892 5916 ad
2923 5864 3022 5918 hoc
3047 5865 3260 5932 impulsi
3290 5880 3436 5922 sunt.
