4186 6510
691 406 795 464 619

693 520 949 577 Videbant
977 532 1034 574 se
1059 532 1170 590 pra:
1197 516 1315 572 aliis
1344 516 1396 571 in
1426 514 1626 570 honore
1651 529 1791 582 esse,
1816 523 1870 569 et
1900 513 2020 567 hinc
2043 527 2100 567 se
2124 511 2258 582 peti.

691 614 885 669 tionem
917 621 1337 680 consequuturos
1364 624 1482 665 esse
1522 609 1825 678 sperabant.
1867 605 1971 663 Sed
2011 606 2136 685 quid
2169 622 2262 676 pc-

692 704 843 758 tnnt?
870 701 1003 758 Audi
1025 701 1185 756 alium
1202 700 1583 772 evangelistam
1610 699 1709 752 hoc
1732 699 1874 752 clare
1889 699 2260 766 explicantem.
2284 765 2305 784 κ

687 796 835 865 Quod
866 796 1030 861 enim,
1063 796 1247 866 inquit.
1280 809 1441 865 prope
1462 791 1848 861 Jerusttlymam
1880 798 2084 853 essent,
2114 796 2262 858 puta-

688 895 910 956 rcntque
949 901 1169 957 regnum
1219 885 1308 940 Dei
1345 883 1562 954 jamjam
1594 879 1934 935 revelandum
1961 893 2083 934 esse
2103 919 2119 944 ,
2147 878 2262 933 base

690 977 1043 1048 postulabant.
1077 976 1464 1031 Existimabam
1491 976 1656 1040 enim,
1687 989 1905 1044 regnum
1937 971 2064 1027 illud
2097 985 2262 1042 prope

684 1084 802 1123 esse
828 1077 884 1122 et
908 1067 1008 1124 sub
1034 1082 1248 1122 sensum
1269 1067 1480 1132 cadere,
1499 1081 1560 1120 ac
1577 1080 1636 1120 se
1667 1064 1806 1133 quod
1832 1064 2076 1134 petebant
2093 1061 2259 1118 semel

682 1169 1040 1229 eonsequutos
1062 1197 1080 1224 ,
1111 1157 1240 1213 nihil
1271 1157 1422 1212 triste
1453 1171 1701 1226 passuros
1727 1169 1884 1210 esse:
1919 1168 2090 1222 neque
2116 1152 2256 1206 enim

685 1251 812 1305 illud
854 1261 1070 1322 propter
1115 1250 1216 1324 hoc
1261 1250 1429 1319 ipsum
1479 1259 1680 1305 tantum
1721 1251 2008 1319 petebant,
2051 1250 2142 1302 sed
2202 1258 2258 1303 nt

683 1357 948 1397 atrumnas
980 1342 1229 1397 vitarent.
1275 1340 1398 1396 Ideo
1431 1341 1674 1396 Christus
1719 1340 1890 1410 primo
1918 1339 2033 1393 illos
2061 1339 2128 1392 ab
2157 1337 2256 1392 hac

686 1434 1010 1503 cogitatione
1039 1433 1270 1499 abducit,
1298 1433 1488 1501 jubens
1509 1432 1702 1498 cmdes,
1746 1431 1976 1500 pericula
2002 1440 2056 1485 et
2080 1442 2257 1484 extre-

682 1539 766 1578 ma
813 1539 1034 1595 quasque
1057 1534 1383 1593 exspectare.
1413 1522 1502 1576 εξ.
1549 1520 1766 1576 Potestis
1789 1564 1806 1589 ,
1846 1522 2048 1591 inquit,
2095 1520 2259 1575 bibere

683 1616 912 1682 calicem,
938 1633 1084 1686 quem
1103 1631 1194 1686 ego
1220 1613 1461 1668 bibiturus
1492 1611 1647 1667 sum?
1682 1613 1750 1667 At
1781 1626 1937 1666 nemo
1975 1612 2250 1675 turbetur,

681 1708 952 1776 apostolos
976 1708 1052 1762 sic
1079 1704 1414 1777 imperfectos
1440 1705 1647 1760 videns.
1681 1703 1924 1759 Nondum
1956 1705 2095 1759 enim
2123 1720 2249 1758 crux

681 1801 992 1864 advenerat,
1028 1803 1259 1854 nondum
1286 1797 1515 1867 Spiritus
1539 1797 1703 1868 gratia
1731 1797 1850 1852 data
1881 1808 2014 1853 erat.
2038 1796 2092 1852 Si
2123 1800 2254 1854 velis

679 1906 854 1948 autem
889 1893 1122 1962 ipsorum
1153 1890 1398 1944 virtutem
1429 1890 1687 1951 ediscere.
1711 1899 1831 1960 post
1852 1888 1967 1944 lucc
1991 1889 2108 1944 illos
2129 1904 2255 1943 con-

680 1983 873 2040 sidera.
911 1980 1220 2049 videbisque
1253 1981 1393 2049 ipsos
1424 1981 1567 2034 omni
1599 1980 1784 2035 morbo
1817 1981 1978 2034 animi
2007 1981 2250 2049 superio-

681 2086 783 2126 res.
820 2071 1045 2140 Ideoque
1071 2070 1212 2124 enim
1229 2070 1453 2125 illorum
1483 2069 1912 2140 imperfectioncs
1931 2069 2153 2136 revelat,
2197 2081 2255 2125 ut

683 2172 865 2233 postea
891 2164 1029 2217 scias
1071 2162 1256 2233 quales
1298 2177 1362 2219 ex
1411 2163 1575 2233 gratia
1615 2163 1732 2218 lacti
1764 2163 1890 2218 sint.
1911 2163 2061 2232 Quod
2094 2164 2252 2233 igitur

681 2253 811 2307 nihil
837 2254 1116 2322 spirituale
1137 2263 1456 2324 quzcrerent,
1483 2269 1653 2324 neque
1683 2255 1840 2309 ullam
1867 2257 2080 2324 superni
2103 2256 2252 2325 regni

681 2349 919 2402 notitiam
965 2347 1243 2414 haberent,
1288 2347 1411 2403 hinc
1463 2347 1634 2418 palam
1683 2359 1786 2402 est.
1837 2349 1939 2404 Sed
1984 2348 2254 2403 videamus

679 2438 948 2509 quomodo
963 2438 1237 2502 accedant,
1263 2449 1315 2492 et
1334 2438 1457 2508 quid
1478 2438 1676 2493 dicant.
1708 2438 1964 2506 Volumus,
1990 2439 2251 2508 inquiunt,

678 2541 731 2582 ut
759 2529 1105 2600 quodcumque
1131 2529 1419 2599 petierimus
1448 2529 1606 2599 facias
1632 2529 1774 2583 uobis
1822 2529 2007 2599 (Jlarc.
2042 2533 2127 2585 10.
2158 2531 2248 2586 35.

688 2621 798 2694 ὅθ).
867 2621 1170 2692 Respondet
1217 2621 1491 2686 Christus,
1543 2620 1678 2688 Quid
1715 2623 1904 2681 vultis?
1957 2622 2068 2676 Non
2112 2623 2251 2692 quod

685 2716 980 2782 ignoraret,
1026 2713 1117 2767 sed
1152 2722 1208 2766 ut
1239 2721 1450 2782 cogeret
1482 2713 1601 2766 illos
1639 2712 1982 2781 respondere,
2023 2723 2076 2768 et
2107 2714 2254 2767 ulcus

679 2804 1020 2875 patefaceret,
1048 2815 1099 2856 ut
1126 2802 1414 2858 remedium
1447 2803 1520 2857 illi
1550 2803 1844 2858 adhiberet.
1878 2804 1954 2858 Illi
1980 2820 2104 2857 vero
2134 2818 2252 2858 eru-

677 2896 979 2963 bescentes,
1028 2897 1167 2965 quod
1210 2912 1275 2950 ex
1327 2897 1558 2950 humano
1597 2896 1785 2951 aﬂ'ecttt
1811 2913 1875 2950 eo
1900 2897 2133 2950 animum
2160 2911 2254 2965 ap-

677 2988 954 3058 pulissent,
987 2987 1208 3040 seorsim
1240 2987 1305 3041 ab
1332 2987 1450 3041 aliis
1477 2987 1748 3055 discipulis
1774 2986 2055 3041 abductum
2091 2989 2254 3043 inter-

677 3087 948 3148 rogarunt.
979 3077 1381 3132 Pnccesseruut
1410 3079 1574 3144 enim,
1621 3079 1807 3149 inquit,
1850 3096 1915 3134 ne
1951 3079 2252 3148 deprehen-

677 3169 931 3224 derentur
977 3171 1044 3222 ab
1093 3169 1247 3233 aliis,
1299 3180 1350 3224 et
1395 3170 1474 3225 sic
1516 3185 1635 3238 quas
1690 3170 1938 3224 volebant
1981 3172 2247 3226 dixerunt.

680 3259 938 3314 \‘olebant
987 3269 1188 3326 autem,
1239 3270 1295 3314 ut
1339 3275 1440 3331 ego
1491 3260 1740 3325 arbitror,
1787 3262 1911 3331 quia
1943 3262 2248 3328 audierunt,

679 3351 926 3406 Sedcbitis
953 3369 1104 3421 super
1126 3354 1331 3407 thronos
1357 3354 1621 3408 duodecim
1645 3353 1857 3424 (Matth.
1881 3354 1966 3410 l9.
1997 3355 2113 3426 28),
2150 3357 2252 3426 pri-

683 3463 828 3501 mum
857 3461 1166 3500 consessum
1193 3447 1499 3516 impetrare.
1547 3447 1796 3502 Sciebant
1835 3461 1995 3517 porro
2034 3463 2091 3502 se
2120 3449 2256 3503 alios

681 3538 1028 3604 antecedere;
1074 3538 1332 3593 timebant
1359 3553 1482 3592 vero
1509 3538 1748 3605 Petrum,
1795 3553 1857 3592 ac
1893 3539 2076 3595 dicunt
2108 3558 2121 3592 :
2154 3537 2251 3594 Dic

679 3644 734 3689 ut
775 3633 944 3687 sedeat
985 3650 1112 3686 unus
1148 3650 1178 3684 a
1227 3633 1414 3686 dextris
1439 3633 1557 3699 tuis,
1587 3642 1632 3685 et
1663 3649 1793 3686 unus
1817 3649 1848 3685 a
1876 3633 2094 3688 sinistris
2123 3650 2140 3688 :
2170 3633 2251 3701 ip-

677 3739 901 3795 sumque
927 3733 1117 3793 urgent
1148 3723 1248 3776 hoc
1273 3724 1453 3787 verbo,
1487 3721 1603 3776 Die.
1633 3722 1767 3790 Quid
1816 3724 1971 3792 igitur
2016 3724 2146 3778 ille?
2181 3722 2251 3779 Ut

678 3818 924 3872 ostendat
953 3815 1075 3869 illos
1107 3831 1203 3869 nec
1234 3814 1509 3882 spirituale
1536 3814 1805 3885 quidpiam
1840 3825 2038 3884 petere,
2082 3830 2251 3884 neque

681 3908 727 3961 si
771 3907 984 3960 scirent.
1013 3905 1136 3975 quid
1183 3902 1282 3958 hoc
1326 3913 1486 3969 esset,
1531 3919 1781 3973 umquam
1822 3914 2000 3974 petere
2029 3918 2251 3959 ausuros

684 3998 867 4060 luisse,
897 3996 969 4051 ait
1002 4013 1018 4053 ι
1047 3995 1134 4048 22.
1171 3993 1387 4048 Nescitis
1413 3995 1533 4063 quid
1562 3997 1778 4063 petatis;
1813 4010 1968 4064 quam
2002 4011 2249 4063 magnum

678 4102 872 4156 nempe
910 4087 1000 4149 sit,
1031 4101 1188 4154 quant
1223 4084 1483 4147 mirabile,
1528 4101 1684 4152 quam
1728 4097 1941 4154 superet
1973 4086 2113 4156 ipsas
2155 4102 2251 4140 su-

677 4193 872 4249 pernas
913 4185 1222 4246 potestates.
1259 4174 1455 4228 Deinde
1485 4175 1752 4245 subjungit
1786 4193 1798 4228 :
1834 4175 2051 4231 Potestis
2090 4177 2252 4232 bibere

675 4270 902 4334 calicem,
931 4284 1076 4336 queat
1102 4285 1192 4337 ego
1217 4266 1460 4319 bibiturus
1491 4282 1633 4330 sum,
1669 4277 1711 4319 et
1740 4251 2003 4335 baptismo,
2033 4285 2132 4338 quo
2160 4286 2250 4340 ego

675 4362 920 4432 baptisor,
961 4358 1207 4429 baptizari
1249 4356 1434 4426 (Marc.
1467 4356 1551 4412 10.
1596 4357 1730 4427 58)?
1763 4357 1946 4428 Videu'
1983 4361 2250 4430 quomodo

675 4457 853 4512 statim
893 4454 962 4508 ab
1001 4456 1099 4507 bac
1144 4452 1390 4522 opinione
1443 4451 1564 4506 illos
1602 4451 1847 4516 abducat,
1899 4467 1928 4505 a
1969 4455 2249 4510 c0ntrariis

677 4550 820 4619 ipsos
848 4546 1163 4617 alloquens?
1198 4543 1302 4599 Vos
1324 4543 1534 4614 quidem
1563 4545 1632 4598 de
1663 4543 1864 4597 honore
1893 4544 2062 4614 deque
2088 4560 2247 4598 coro-

679 4641 763 4694 nis
806 4653 1012 4692 ntecum
1050 4636 1346 4705 loquimini,
1399 4635 1602 4703 inquit;
1650 4650 1750 4705 ego
1797 4651 1922 4688 vero
1968 4635 2036 4689 de
2074 4645 2249 4690 certa-

680 4731 911 4788 minibus
936 4725 1081 4783 etde
1111 4729 1396 4783 sudoribus
1425 4728 1631 4797 loquor.
1677 4727 1791 4782 Non
1840 4739 1921 4783 est
1960 4729 2102 4782 enim
2149 4727 2250 4782 hoc.

677 4822 1017 4894 pnrmioruut
1056 4830 1282 4888 tempus,
1316 4833 1488 4886 neque
1532 4835 1670 4872 nunc
1693 4820 1858 4888 gloria
1890 4820 1971 4872 illa
2008 4835 2123 4874 mea
2153 4835 2249 4889 ap-

681 4915 886 4988 parebit
913 4929 927 4978 ;
979 4911 1071 4968 sed
1105 4927 1341 4982 prtesens
1366 4913 1469 4963 vita
1499 4921 1579 4964 est
1608 4911 1850 4976 caedium,
1874 4911 1994 4964 belli
2017 4926 2079 4965 ac
2106 4913 2245 4980 peri-

675 5005 935 5061 culorum.
983 5004 1048 5057 Et
1090 5003 1207 5055 vide
1256 5017 1362 5070 quo
1414 5012 1567 5070 pacto
1604 5017 1668 5056 ex
1699 5003 1858 5056 modo
1890 5003 2246 5071 interrogandi

674 5108 729 5154 et
775 5096 1012 5150 hortetur
1058 5104 1113 5148 et
1157 5093 1349 5148 trahat.
1395 5092 1575 5164 Neque
1620 5095 1760 5148 enim
1805 5094 1971 5157 dixit,
2019 5095 2248 5148 Potestis

674 5188 872 5243 cmdem
909 5185 1119 5240 ferre"!
1144 5185 1367 5255 potestis
1399 5185 1703 5253 sanguinem
1731 5195 1962 5240 vestrum
1996 5184 2250 5239 fundere?

673 5280 769 5336 sed
813 5279 1116 5348 quomodo?
1167 5277 1382 5331 Potestis
1428 5276 1588 5330 bibere
1630 5276 1880 5329 calicem?
1909 5278 2106 5332 Deinde
2135 5278 2248 5330 alli-

672 5375 821 5428 ciens
851 5387 943 5425 eos
970 5371 1043 5424 ait
1071 5387 1084 5425 :
1117 5370 1276 5437 Quem
1307 5385 1395 5439 ego
1422 5368 1667 5422 bibiturus
1694 5385 1805 5421 sum
1853 5385 1872 5422 :
1916 5378 1972 5422 ut
2010 5385 2074 5423 ex
2119 5386 2244 5424 con-

675 5465 840 5519 sortio
869 5478 964 5516 suo
993 5465 1342 5533 promptiores
1372 5462 1576 5515 ﬁerent.
1634 5462 1898 5530 Baptisma
1939 5473 2110 5516 autem
2150 5480 2244 5516 vo-

671 5569 755 5610 cat
797 5556 945 5620 illttd,
996 5556 1280 5609 ostendens
1326 5570 1566 5625 magnam
1597 5555 1718 5610 inde
1760 5557 2122 5625 purgationem
2153 5558 2244 5611 toti

675 5650 784 5703 orbi
834 5645 965 5702 fore.
1011 5646 1199 5701 Postea
1241 5647 1420 5701 dicunt
1465 5647 1562 5712 illi,
1605 5646 1903 5700 Possumus.
1960 5647 2035 5701 Ex
2083 5649 2242 5702 animi

733 5826 748 5858 ί
776 5830 900 5881 Haec,
932 5821 1126 5873 Potestis
1148 5821 1330 5871 cwdcnz
1353 5821 1499 5883 ferre,
1522 5821 1698 5871 desunt
1723 5824 1768 5870 in
1796 5823 1954 5873 \rorel.

1373 401 1428 457 S.
1470 399 1746 456 JUANNIS
1779 397 2244 456 CllBYSOSTOiII
2285 395 2599 453 ARCIIIEP.
2641 395 3174 454 CONSTANTINOP.

3843 402 3957 462 620

2369 511 2578 564 fervore
2602 512 2777 563 statim
2810 510 3143 581 promittunt,
3191 512 3488 568 nescientes
3517 513 3640 584 quid
3671 513 3909 570 dicerent
3930 557 3947 580 ,

2367 600 2461 654 sed
2521 611 2924 667 essltectautes,
2993 615 3051 654 se
3092 601 3522 672 quod..petebant
3569 606 3953 673 impetraturos

2365 706 2503 746 esse.
2530 690 2664 760 Quid
2695 694 2851 762 igitur
2879 692 3010 748 ille?
3052 693 3140 748 95.
3170 693 3386 749 Calicem
3429 695 3630 762 quidem
3672 713 3840 750 meum
3872 699 3948 750 bi-

2365 785 2517 849 betis,
2563 795 2607 838 et
2647 786 2964 856 baptismate,
3006 803 3102 856 quo
3145 803 3234 858 ego
3278 789 3524 858 bapttzor,
3567 789 3950 858 baptisabimiui

2367 873 2555 945 (Marc.
2589 874 2674 930 10.
2706 877 2818 945 '59).
2863 876 3044 945 Magna
3093 877 3200 932 illis
3239 878 3573 948 prophetavit
3615 878 3790 945 lunia;
3844 879 3949 936 hoc

2363 974 2466 1029 est,
2496 965 2749 1037 Hartyrio
2779 968 3146 1038 dignabimini,
3175 979 3228 1024 et
3258 970 3370 1024 haec
3401 970 3672 1039 patiemini
3695 988 3816 1040 qum
3843 986 3951 1038 ego

2369 1058 2559 1126 patiar,
2589 1059 2820 1114 violenta
2851 1072 3024 1116 morte
3065 1063 3224 1115 vitam
3275 1063 3646 1129 terminabitis,
3675 1063 3726 1117 in
3755 1063 3952 1133 hisque

2370 1150 2495 1206 mihi
2558 1167 2834 1208 consortes
2901 1157 3068 1210 eritis.
3127 1156 3317 1212 Sedere
3355 1167 3520 1220 autem
3559 1160 3629 1212 ad
3687 1159 3948 1213 dexteram

2363 1259 2521 1296 meam
2567 1253 2614 1299 et
2657 1245 2725 1296 ad
2767 1247 3023 1300 sinistram
3068 1265 3166 1301 non
3209 1258 3280 1302 est
3323 1264 3488 1302 meum
3535 1248 3675 1315 dare,
3707 1250 3798 1304 sed
3823 1251 3948 1322 qui-

2359 1332 2449 1387 bus
2501 1345 2730 1402 paratum
2772 1347 2843 1391 est
2879 1354 2910 1390 a
2953 1337 3104 1392 Patre
3149 1357 3275 1396 meo.

2435 1427 2485 1480 5.
2533 1428 2816 1497 Postquam
2851 1430 3059 1484 illorum
3101 1432 3307 1484 animos
3329 1432 3530 1494 erexit,
3575 1431 3946 1486 sabilmiores-

2361 1536 2464 1588 que
2503 1519 2646 1584 fecit,
2694 1523 2914 1592 illosque
2940 1539 3174 1602 maerore
3200 1527 3505 1591 superiores
3536 1524 3782 1588 reddidit,
3815 1536 3947 1580 tunc

2359 1613 2564 1668 illorum
2596 1616 2899 1683 petitionem
2925 1618 3161 1687 corrigit.
3211 1617 3312 1673 Sed
3351 1616 3474 1688 quid
3501 1627 3584 1672 est
3623 1617 3758 1689 quod
3797 1631 3946 1671 ttttuc

2356 1703 2590 1758 dicitur?
2617 1704 2747 1759 Nam
2782 1706 2888 1761 duo
2915 1718 3225 1778 quat-runtur
3253 1727 3282 1763 a
3315 1709 3530 1774 multis;
3579 1698 3772 1779 primo,
3808 1725 3942 1764 nutu

2361 1804 2599 1866 paratum
2629 1798 2856 1866 cuipiam
2893 1800 2962 1853 sit
3002 1801 3191 1854 Sedere
3217 1817 3244 1852 a
3275 1800 3476 1854 dextris
3497 1801 3649 1869 ejus;
3680 1801 3942 1866 secundo,

2358 1901 2483 1941 num
2529 1887 2763 1942 omnium
2797 1888 3048 1944 Dominus
3076 1906 3181 1945 non
3207 1891 3368 1960 possit
3395 1891 3497 1946 illis
3527 1892 3786 1960 praebere,
3821 1893 3952 1960 qui-

2357 1977 2453 2031 bus
2475 1989 2712 2047 paratum
2738 1990 2839 2037 est.
2858 1981 2992 2050 Quid
3019 1998 3145 2051 ergo
3168 1994 3246 2038 est
3281 1981 3442 2037 illud?
3466 1983 3519 2039 Si
3544 1984 3768 2056 primam
3795 2000 3935 2053 quas

2355 2070 2582 2124 stionem
2627 2071 2963 2140 solverintus,
3009 2073 3239 2127 secunda
3267 2075 3406 2128 clara
3435 2075 3537 2130 erit
3556 2073 3944 2146 quterentibus.

2356 2161 2492 2226 Quid
2533 2176 2661 2232 ergo
2703 2161 2830 2216 illttd
2875 2164 3000 2218 est?
3044 2163 3210 2218 Nemo
3241 2165 3306 2218 ad
3333 2164 3604 2221 dexteram
3636 2165 3749 2236 ejus
3783 2168 3922 2222 sede

2358 2253 2452 2313 bit.
2499 2268 2672 2323 neque
2705 2253 2772 2308 ad
2815 2254 3103 2309 sinistram.
3153 2254 3457 2312 inaccessos
3483 2257 3624 2312 enim
3651 2269 3732 2314 est
3759 2261 3944 2316 omni-

2359 2343 2458 2398 bus
2508 2345 2730 2400 tbronns
2775 2344 2868 2400 ille
2920 2363 2933 2398 :
2985 2361 3090 2400 non
3133 2345 3436 2402 hominibus
3466 2358 3669 2405 tantum
3698 2351 3839 2417 dico,
3889 2362 3950 2408 ct

2358 2439 2557 2492 sanctis
2585 2450 2639 2492 et
2669 2439 2941 2508 apostolis,
2988 2438 3080 2492 sed
3123 2440 3281 2492 etiam
3312 2441 3536 2511 angelis,
3579 2444 3944 2513 archangelis,

2359 2538 2414 2584 et
2450 2529 2698 2582 omnibus
2737 2529 2980 2597 supernis
3029 2531 3397 2597 potestatibus.
3426 2531 3578 2599 Quod
3619 2535 3764 2602 quasi
3801 2549 3948 2603 pne-

2359 2620 2645 2688 rogativatn
2698 2618 2962 2689 Unigeniti
3005 2623 3149 2688 ponit
3197 2620 3392 2676 Paulus
3430 2624 3660 2678 dicens:
3690 2625 3949 2694 Adqueut

2355 2722 2518 2764 autem
2548 2711 2837 2780 angelorum
2879 2713 3005 2765 dixit
3044 2727 3278 2782 umquam
3310 2727 3329 2766 .'
3360 2713 3492 2769 Sede
3518 2731 3552 2767 α
3577 2715 3765 2770 dextris
3792 2718 3942 2781 meis,

2356 2801 2513 2856 donec
2556 2819 2738 2871 ponam
2766 2802 2994 2855 inimicos
3031 2813 3140 2857 tuos
3178 2804 3446 2858 scabellum
3487 2807 3668 2873 pedum
3697 2815 3948 2868 tuorum?

2359 2895 2423 2948 Et
2476 2897 2544 2947 ad
2591 2895 2796 2965 angelos
2847 2896 3046 2964 quidem
3096 2898 3212 2949 ait:
3252 2896 3351 2966 Qui
3402 2898 3522 2968 facit
3572 2899 3776 2970 angelos
3821 2917 3948 2956 suos

2353 2991 2597 3058 spiritus;
2647 2990 2714 3040 ad
2760 2987 2952 3042 Filium
2998 2998 3198 3053 autem,
3227 2988 3456 3044 Tltronus
3490 3000 3637 3053 tum,
3670 2989 3841 3054 Deus,
3886 2992 3944 3045 in

2362 3080 2608 3135 sarculum
2659 3081 2832 3134 sttcult'
2879 3079 3064 3148 (Hebr.
3107 3081 3159 3134 1.
3208 3081 3296 3136 13.
3343 3080 3398 3136 7.
3439 3082 3504 3145 8;
3543 3079 3689 3136 Psal.
3734 3083 3940 3151 109.1;

2362 3171 2482 3227 105.
2510 3173 2563 3236 4;
2594 3172 2682 3225 ii.
2708 3171 2780 3243 7).
2822 3171 3100 3238 Quomodo
3128 3172 3284 3237 igitur
3313 3171 3458 3234 dicit.
3492 3173 3684 3227 Sedere
3709 3184 3878 3228 autem
3909 3193 3942 3229 ο

2356 3262 2544 3316 dextris
2586 3273 2631 3316 et
2672 3263 2890 3316 sinistris
2916 3280 3015 3316 tton
3058 3273 3131 3316 est
3168 3279 3333 3316 meum
3360 3264 3482 3318 dare
3503 3265 3530 3318 Ρ
3554 3280 3620 3319 an
3642 3266 3781 3335 quod
3813 3269 3941 3335 qui-

2355 3355 2474 3408 datu
2503 3354 2720 3425 sintqui
2747 3357 2943 3409 sessuri
2988 3356 3149 3409 sunt?
3187 3355 3420 3422 Minime,
3467 3357 3605 3413 absit
3650 3376 3664 3413 :
3709 3359 3801 3413 sed
3847 3375 3943 3415 re-

2355 3446 2569 3515 spondit
2598 3446 2890 3501 secundum
2917 3448 3222 3516 opinionem
3254 3448 3718 3518 interrogantium,
3747 3465 3942 3506 eorum

2356 3537 2645 3592 inﬁrmitati
2677 3553 2735 3592 se
2776 3546 3155 3607 attemperans.
3185 3536 3368 3609 Neque
3390 3541 3533 3594 enim
3564 3541 3762 3611 aliquid
3789 3541 3943 3597 scie-

2354 3627 2481 3681 bant
2523 3627 2590 3682 de
2629 3628 2844 3682 sublimi
2894 3629 2982 3682 illo
3031 3632 3257 3694 throno,
3298 3646 3470 3700 neque
3500 3630 3566 3687 de
3595 3632 3723 3686 sede
3751 3631 3836 3685 illa
3868 3634 3941 3688 ad

2352 3718 2624 3774 dexteram
2659 3719 2851 3784 Patris,
2901 3720 3113 3789 quando
3141 3721 3303 3776 etiam
3336 3721 3416 3776 bis
3456 3723 3610 3792 longe
3644 3723 3897 3778 inferiora
3919 3767 3937 3789 ,

2353 3824 2472 3878 qna:
2510 3809 2746 3877 quotidie
2790 3810 2899 3866 illis
2945 3809 3368 3878 iu'culcabautur,
3413 3814 3728 3884 ignorabant
3774 3832 3789 3870 :
3835 3817 3940 3871 sed

2353 3915 2514 3953 unum
2545 3909 2748 3954 tantum
2779 3885 3105 3970 quaerebant,
3140 3912 3197 3956 ut
3237 3903 3438 3972 primos
3466 3913 3750 3960 consessus
3779 3915 3941 3962 tene-

2354 4000 2492 4056 rent,
2535 3999 2587 4045 et
2631 4003 2754 4046 ante
2780 3991 2915 4045 alios
2947 3993 3217 4060 sederent,
3244 4005 3403 4063 atque
3428 3995 3567 4064 apud
3603 3996 3748 4049 illttm
3776 4012 3804 4049 a
3833 4013 3942 4052 ne~

2353 4085 2497 4138 mine
2542 4083 3010 4153 prmcederentur;
3064 4086 3206 4154 quia,
3255 4095 3314 4140 ut
3339 4087 3445 4154 jam
3477 4087 3608 4151 dixi,
3653 4087 3941 4145 Duodecim

2353 4174 2558 4228 thronos
2581 4173 2876 4240 audierant,
2914 4176 3214 4245 ignorantes
3239 4177 3361 4245 qttid
3393 4177 3494 4232 hoc
3518 4189 3683 4242 esset,
3705 4180 3939 4248 primum

2353 4280 2661 4320 consessum
2711 4266 3055 4336 quaesierunt.
3117 4267 3229 4322 Hoc
3273 4270 3450 4339 itaque
3484 4269 3615 4324 dicit
3642 4269 3888 4324 Οςιτὶειυδ
3924 4291 3938 4327 :

2355 4355 2578 4426 Pr0pter
2607 4371 2692 4410 me
2722 4357 2937 4426 quidem
2966 4357 3284 4422 moriemini,
3327 4367 3382 4412 et
3418 4373 3513 4429 pro
3551 4360 3942 4430 pra'dicatione

2357 4445 2794 4514 immolabimini,
2848 4457 3235 4517 consortesque
3281 4449 3411 4504 mibi
3462 4452 3722 4520 passionis
3760 4453 3936 4508 eritis.

2352 4539 2532 4607 Neque
2577 4550 2754 4595 tamen
2806 4539 2905 4594 hoc
2949 4540 3078 4594 satis
3121 4551 3224 4607 est,
3269 4550 3325 4594 ut
3360 4542 3586 4610 primum
3620 4557 3938 4598 consessum

2353 4635 2504 4687 vobis
2538 4633 2805 4699 conciliet,
2841 4641 3002 4704 utque
3052 4634 3278 4703 primum
3311 4633 3554 4689 ordinem
3585 4638 3826 4691 teneatis.
3877 4638 3938 4692 Si

2351 4727 2469 4796 quis
2516 4741 2641 4781 vero
2669 4727 2804 4780 alius
2832 4727 3038 4780 venerit
3075 4726 3389 4797 martyrium
3433 4737 3643 4798 pasSus,
3683 4723 3939 4784 virtutes-

2351 4835 2454 4888 que
2494 4821 2623 4872 alias
2649 4834 2835 4873 omnes
2865 4819 3103 4874 obtineat
3142 4820 3427 4888 perfectius
3451 4836 3606 4890 quant
3637 4837 3730 4876 vos
3762 4839 3776 4876 :
3805 4822 3933 4878 licet

2352 4928 2444 4967 vos
2467 4928 2563 4982 ego
2587 4912 2824 4981 diligam,
2858 4923 2911 4964 et
2940 4911 3058 4965 aliis
3089 4927 3414 4981 praeponam,
3437 4927 3541 4968 non
3573 4913 3692 4968 ideo
3714 4915 3940 4984 repulso

2353 5007 2464 5072 illo,
2499 5007 2585 5074 qui
2617 5023 2678 5061 ex
2712 5007 2960 5076 opt-ribus
3000 5005 3338 5075 przcdicatur,
3368 5005 3520 5059 vobis
3547 5007 3744 5074 primas
3767 5007 3934 5062 dabo.

2354 5097 2488 5150 Vero
2523 5115 2544 5149 ιι
2576 5097 2686 5150 haec
2721 5099 2786 5150 ita
2822 5113 2923 5150 non
2957 5096 3110 5160 dixit,
3154 5111 3222 5150 ne
3247 5095 3488 5150 dolorem
3521 5096 3778 5161 inferret;
3833 5099 3934 5154 sed

2353 5189 2680 5257 a'nigmatice
2723 5189 2770 5242 id
2818 5188 3118 5242 subindicat
3160 5187 3343 5242 dicens
3395 5205 3409 5240 :
3458 5187 3676 5243 Calicem
3729 5189 3936 5254 quidem

2351 5297 2511 5332 meum
2540 5281 2730 5345 bibatis,
2765 5290 2809 5334 et
2840 5281 3154 5350 baptismate,
3192 5296 3288 5348 quo
3314 5296 3404 5350 ego
3426 5280 3672 5349 baptisor,
3702 5283 3937 5350 baptiza-

2350 5370 2525 5423 bimiui
2555 5388 2570 5423 :
2600 5373 2770 5425 sedere
2797 5382 2961 5424 autem
3001 5372 3067 5423 ad
3096 5372 3324 5424 dextram
3375 5380 3422 5424 et
3467 5371 3721 5425 sinistram
3769 5389 3936 5426 meam

2351 5479 2449 5515 non
2477 5472 2543 5515 est
2573 5479 2733 5515 meum
2764 5464 2902 5526 dare,
2943 5464 3033 5515 sed
3073 5465 3250 5533 quibus
3295 5472 3532 5528 paratum
3583 5474 3656 5516 est
3695 5481 3726 5516 (ι
3780 5464 3942 5522 Patre

2353 5570 2480 5607 meo.
2531 5554 2855 5622 Quibusnam
2907 5567 3142 5621 paratum
3192 5559 3310 5608 est?
3358 5554 3422 5608 lis
3464 5554 3552 5622 qui
3580 5555 3646 5608 ab
3676 5557 3939 5624 operibus

2356 5657 2572 5714 possunt
2616 5648 2884 5714 conspicui
2928 5648 3212 5700 evadere‘.
3271 5646 3392 5700 ideo
3440 5662 3543 5703 non
3588 5646 3762 5711 dixit,
3817 5648 3938 5705 Net

2418 5831 2430 5854 ‘
2460 5828 2569 5885 Alii,
2597 5834 2786 5888 possunt
2811 5822 3087 5889 insigniores
3111 5827 3328 5876 eradere.
