4186 6486
254 416 344 472 821
1266 404 1331 462 ΙΝ
1372 404 1499 460 ΜᾹῚ
1514 403 1775 461 ΤῐΙέΕιῖΜ
1818 405 1836 457 l

1945 400 2049 458 HL.
2091 400 2252 457 LXV.
2293 399 2365 455 al.
2407 396 2589 455 LXVl.

253 545 327 589 est
374 546 552 587 meum
601 529 754 597 dare,
804 526 898 583 sed
948 524 1119 581 Patris
1166 524 1291 589 mei,
1333 538 1400 578 ne
1424 522 1544 593 quis
1570 518 1839 575 inﬁrmum

252 624 469 690 diceret,
509 623 660 693 quasi
706 635 813 675 non
859 622 1039 687 posset
1078 617 1167 672 ille
1207 618 1511 670 mercedem
1542 612 1687 667 dare.
1732 608 1841 664 Sed

253 714 563 783 quomodo?
593 712 715 766 Non
742 722 812 767 est
849 726 1037 776 meum,
1070 709 1161 763 sed
1187 709 1253 761 iis
1278 706 1455 776 quibus
1485 711 1718 776 paratum
1747 710 1839 756 est.

254 805 317 861 ιιι
347 814 529 858 autem
560 803 611 857 id
645 803 787 873 quod
815 802 934 856 dico
962 800 1160 856 clarius
1186 800 1275 862 sit,
1303 796 1553 866 exemplo
1583 792 1712 849 illud
1743 809 1841 849 ex-

253 896 535 968 plicemus,
578 904 636 950 et
679 908 938 965 ponamus
977 907 1098 947 esse
1128 888 1409 961 quemdam
1440 884 1839 954 agonothetam,

251 988 441 1043 deinde
493 988 692 1043 multos
748 986 977 1041 athletas
1034 984 1267 1055 optimos
1321 981 1373 1037 in
1418 980 1521 1036 hoc
1567 988 1839 1036 certamen

250 1079 601 1145 descendere,
636 1088 690 1134 et
734 1083 1049 1133 accedentes
1101 1075 1237 1131 duos
1288 1074 1520 1129 athletas
1542 1074 1840 1141 agonothe-

251 1172 353 1226 tha:
383 1172 621 1226 maxime
664 1169 957 1225 familiares
999 1168 1203 1230 dicere,
1250 1166 1357 1222 Fac
1405 1175 1463 1220 ut
1516 1178 1841 1220 eoruncmur

250 1280 302 1323 et
367 1269 801 1338 promulgemur,
866 1264 982 1336 ejus
1047 1262 1296 1318 amicitia
1349 1269 1404 1316 et
1452 1258 1840 1315 benevolentia:

251 1360 470 1417 fidentes
497 1376 513 1424 ;
548 1360 697 1414 illum
730 1374 857 1413 vero
886 1356 1217 1429 respondere
1240 1397 1256 1422 ,
1281 1352 1396 1408 Non
1424 1360 1507 1408 est
1533 1367 1709 1407 meum
1740 1351 1840 1406 hoc

248 1454 374 1506 dare
420 1450 601 1512 vobis,
649 1450 742 1506 sed
773 1449 979 1520 ‘quiltus
1006 1448 1075 1503 ob
1104 1447 1315 1501 labores
1340 1455 1392 1500 et
1422 1443 1646 1499 sudores
1681 1458 1839 1514 para-

249 1553 352 1596 tum
375 1552 459 1597 est
488 1561 502 1595 :
538 1558 660 1595 num
690 1557 818 1612 ergo
850 1540 998 1595 illum
1042 1538 1242 1593 nullius
1268 1551 1391 1592 esse
1419 1538 1675 1606 potentia:
1693 1533 1839 1604 judi-

246 1636 527 1690 cabimus?
583 1634 927 1704 Nequaquam
960 1650 973 1686 :
1004 1631 1096 1686 sed
1124 1631 1192 1685 oh
1217 1628 1477 1699 justitiam
1504 1627 1840 1697 a'qttitatent-

246 1741 347 1795 que
374 1725 732 1781 laudabimus.
766 1724 833 1781 Ut
870 1726 1028 1795 igitur
1058 1723 1208 1777 illum
1241 1736 1347 1775 non
1378 1719 1703 1785 diceremus,
1748 1732 1839 1772 co-

245 1831 426 1869 ronam
475 1815 597 1871 ideo
640 1832 747 1871 non
792 1814 941 1878 dare,
996 1812 1133 1884 quod
1178 1827 1281 1867 non
1328 1817 1529 1882 posset,
1573 1809 1667 1865 sed
1697 1806 1840 1879 quod

245 1910 408 1965 nollet
438 1911 610 1981 legem
652 1909 1004 1965 certaminum
1044 1907 1258 1971 violare,
1311 1920 1483 1975 neque
1520 1903 1656 1974 juris
1692 1902 1838 1957 ordi-

247 2016 365 2056 nem
396 2001 651 2057 turbare:
681 2002 759 2057 sic
804 2010 858 2056 et
895 1998 1167 2055 Christum
1201 1998 1315 2053 tunc
1348 1996 1552 2052 dixisse
1591 1994 1837 2051 credide-

246 2092 365 2155 rim,
398 2094 636 2163 undique
667 2094 788 2148 illos
822 2092 1201 2157 concitantem,
1246 2101 1300 2145 ut
1334 2101 1452 2161 post
1482 2089 1836 2160 Dei‘gratiam

248 2183 325 2238 in.
350 2185 490 2238 bona
528 2199 689 2254 opera
740 2197 834 2238 sua
881 2198 1029 2253 Spem
1075 2183 1261 2237 salutis
1286 2192 1341 2238 et
1370 2182 1553 2253 gloria:
1581 2180 1833 2238 referant.

246 2275 366 2331 ideo
412 2276 565 2342 dicit,
616 2274 808 2342 Quibus
848 2284 1083 2345 paratum
1119 2285 1218 2329 est.
1272 2274 1409 2342 Quid
1440 2274 1605 2339 enim,
1654 2274 1749 2340 ait,
1793 2272 1839 2329 si

245 2369 329 2424 alii
354 2369 505 2424 vobis
530 2370 778 2424 meliores
808 2368 1140 2440 appareant?
1183 2366 1310 2437 quid
1360 2368 1406 2421 si
1452 2367 1675 2421 meliora
1710 2381 1842 2436 ope-

244 2464 470 2517 rentur?
524 2463 661 2517 Num
685 2464 805 2533 quia
834 2461 1079 2531 discipuli
1109 2460 1215 2515 mei
1246 2459 1440 2524 fuistis,
1486 2459 1608 2514 ideo
1638 2460 1839 2527 primos

244 2569 531 2610 consessus
558 2554 906 2624 occupabitis,
938 2553 1039 2607 nisi
1072 2551 1335 2608 electione
1373 2550 1517 2621 digni
1542 2549 1835 2621 judieemi-

246 2646 339 2699 ni?
385 2646 540 2714 Quod
573 2646 715 2701 enim
748 2646 862 2715 ipse
887 2647 956 2700 sit
995 2644 1251 2699 Dominus
1300 2644 1557 2709 universi,
1582 2643 1704 2697 b'nc
1741 2659 1835 2713 pa-

248 2736 349 2790 lam
396 2747 501 2802 cst,
553 2736 694 2806 quod
726 2735 840 2807 ipse
872 2747 1039 2790 totum
1067 2734 1261 2789 habeat
1296 2734 1577 2805 judicium.
1629 2734 1837 2788 Etenim

247 2828 402 2884 Petro
452 2830 532 2884 sic
578 2829 707 2884 dicit
750 2848 763 2882 :
817 2828 927 2899 Ego
952 2829 1039 2881 tibi
1078 2827 1208 2881 dabo
1233 2826 1398 2881 claves
1425 2828 1568 2896 regni
1595 2826 1837 2880 actorum

246 2921 457 2994 (Manli.
492 2922 582 2979 16.
615 2923 724 2993 19).
757 2922 823 2977 Et
865 2921 1062 2977 Paulus
1093 2922 1195 2975 hoc
1222 2920 1529 2991 signiﬁcans
1573 2918 1785 2975 dicebat
1820 2938 1834 2975 :

245 3018 308 3078 In
337 3021 528 3095 reliquo
558 3028 777 3096 repOSlla
807 3028 879 3078 est
903 3016 1026 3077 mihi
1056 3031 1244 3076 corona
1261 3015 1504 3091 justitiw,
1537 3032 1688 3085 quam
1720 3016 1839 3070 red-

245 3117 323 3170 det
361 3117 485 3170 mihi
532 3115 774 3169 Dominus
793 3117 965 3186 justus
983 3116 1146 3186 judea:
1176 3115 1227 3168 in
1255 3116 1345 3167 illa
1376 3114 1457 3168 die
1488 3126 1506 3167 .'
1536 3126 1641 3163 non
1675 3108 1837 3163 solum

246 3217 411 3261 autem
439 3207 588 3272 mihi,
621 3206 707 3260 sed
734 3217 778 3260 et
808 3206 869 3259 iis
910 3205 1137 3259 omnibus
1176 3205 1259 3274 qui
1304 3204 1521 3274 diligunt
1568 3201 1836 3259 adventum

243 3296 350 3365 ejus
395 3297 473 3367 (2.
507 3295 641 3352 Tim.
672 3298 724 3353 4.
759 3298 835 3368 8).
888 3298 1162 3351 Adventus
1194 3313 1320 3352 vero
1351 3296 1571 3361 Christi,
1613 3297 1703 3352 ille
1746 3300 1835 3368 qui

243 3388 344 3459 jam
377 3374 478 3444 fuit
511 3388 594 3444 hic
623 3389 838 3444 dicitur.
875 3388 1027 3457 Quod
1055 3398 1231 3443 autem
1263 3388 1486 3442 Paulum
1513 3404 1673 3444 nemo
1704 3403 1839 3458 pne-

243 3496 494 3536 cessurns
546 3480 653 3546 sit,
697 3481 947 3536 omnibus
996 3481 1170 3549 palam
1220 3489 1325 3535 est.
1384 3479 1440 3535 Si
1489 3490 1666 3534 autem
1722 3480 1839 3536 haec

244 3570 483 3628 (Σιιτίδιιιε
535 3572 812 3627 obscurius
860 3571 1074 3637 dixerit,
1124 3587 1191 3627 ne
1235 3572 1446 3626 mireris
1479 3589 1493 3624 :
1526 3572 1647 3626 illos
1691 3572 1835 3627 enim

245 3664 482 3727 dimittit,
515 3680 603 3719 res
634 3666 702 3718 ita
734 3664 1049 3733 disponens,
1084 3673 1232 3717 utne
1266 3679 1325 3719 se
1377 3662 1445 3718 de
1486 3664 1659 3734 primo
1707 3678 1839 3718 eon-

246 3769 391 3810 sessu
423 3764 625 3811 temere
670 3755 752 3809 vel
798 3756 994 3810 frustra
1046 3755 1366 3810 turbarent:
1414 3770 1536 3809 nam
1589 3754 1717 3809 illud
1770 3769 1835 3809 ex

248 3845 481 3902 humano
508 3847 700 3902 affectu
731 3848 970 3918 perpessi
1012 3856 1157 3915 sunt,
1210 3863 1309 3903 nec
1337 3847 1457 3901 illos
1482 3847 1694 3901 tristitia
1720 3846 1838 3901 afﬂ-

246 3953 365 3995 ccre
406 3940 618 4005 volens,
656 3939 987 3994 obscuritate
1025 3937 1139 3992 lucc
1166 3938 1324 3992 ambo
1354 3939 1714 4008 consequitur.
1744 3938 1836 3992 21.

250 4028 387 4084 Tunc
429 4030 686 4102 indignati
724 4040 839 4084 sunt
878 4031 1047 4084 decem
1071 4030 1133 4084 de
1160 4030 1351 4103 duobus
1378 4030 1640 4099 fratribus.
1673 4030 1837 4095 Tunc,

246 4120 581 4189 quandouam
603 4121 627 4176 ?
653 4120 876 4195 Quando
911 4120 1117 4176 scilicet
1146 4121 1265 4176 illos
1292 4121 1603 4192 increpavit.
1658 4123 1840 4180 Donec

248 4216 384 4269 enim
412 4231 475 4270 ea
519 4211 717 4269 Christi
767 4215 1030 4269 sententia
1059 4225 1195 4279 erat,
1231 4229 1335 4269 non
1384 4215 1835 4285 indignabantur;

249 4305 339 4360 sed
369 4306 617 4360 videntes
647 4306 767 4360 illos
797 4306 1057 4377 pra-ferri,
1113 4322 1177 4362 ex
1212 4306 1415 4361 honore
1456 4317 1510 4361 et
1539 4308 1839 4363 reverentia

248 4398 483 4467 magistri
540 4399 820 4465 tacebant,
870 4400 1082 4454 etiamsi
1127 4392 1307 4453 animo
1353 4398 1613 4463 dolerent,
1643 4400 1737 4454 sed
1788 4401 1836 4454 in

248 4488 481 4544 medium
539 4489 653 4544 hsce
706 4489 897 4545 etl'erre
954 4506 1059 4544 non
1128 4488 1413 4543 audebant.
1477 4490 1839 4560 Similiterque

248 4595 367 4652 erga
421 4581 640 4637 Petrum
693 4580 982 4636 humanum
1032 4582 1156 4651 quid
1200 4583 1363 4652 passi,
1407 4580 1623 4653 quando
1664 4581 1839 4638 didra-

247 4671 401 4727 chma
450 4672 622 4738 dedit,
663 4688 767 4727 non
807 4672 1021 4743 indigne
1056 4674 1313 4737 tulerunt,
1368 4672 1463 4727 Sed
1506 4681 1711 4727 tantum
1759 4673 1862 4750 in-_

250 4771 678 4837 terrogaverunt,
730 4764 855 4830 Quis
894 4766 1059 4838 major
1105 4774 1179 4817 est
1223 4763 1434 4834 (.llattlt.
1477 4764 1557 4819 18.
1609 4764 1701 4835 l)?
1744 4766 1840 4822 llic

247 4870 421 4915 autem
470 4861 565 4915 tibi
608 4859 857 4915 viderunt
900 4858 1190 4925 discipulos
1226 4858 1276 4911 id
1310 4869 1513 4927 petere,
1555 4859 1837 4930 indignan-

250 4960 350 5005 tur.
380 4951 772 5022 Neqne'statim
802 4948 1061 5020 indignati
1106 4960 1249 5015 sunt,
1296 4964 1416 5004 cum
1449 4959 1708 5020 peterent,
1742 4952 1837 5006 sed

249 5059 364 5099 cum
413 5044 711 5113 increpavit
756 5058 849 5097 eos
890 5042 1154 5105 Christus,
1193 5040 1432 5112 dixitque
1476 5042 1679 5113 primos
1712 5059 1841 5097 con-

252 5148 427 5191 sessus
458 5150 565 5189 non
598 5145 956 5205 occupaturos
982 5134 1100 5189 illos
1122 5148 1264 5201 esse,
1309 5134 1409 5188 nisi
1432 5149 1491 5189 se
1518 5134 1624 5188 illis
1652 5134 1839 5206 dignos

251 5225 578 5280 exhiberem.
1774 5280 1783 5289 .

326 5319 377 5371 4.
409 5317 521 5371 Sibi
562 5316 685 5385 ipsis
715 5326 1072 5385 comparantur
1101 5316 1341 5385 apostoli,
1384 5325 1502 5371 ante
1526 5327 1571 5370 et
1596 5328 1708 5387 post
1739 5319 1837 5372 ad-

256 5420 447 5461 ventum
484 5410 710 5477 sz‘;itus
759 5408 943 5461 sancti.
982 5406 1255 5461 Humilitas
1284 5408 1679 5479 magnitudinem
1707 5412 1840 5481 parit

254 5501 560 5569 gloriamque
606 5509 773 5571 auget.
800 5530 871 5540 -—
910 5500 1095 5555 Videu'
1118 5512 1375 5570 quantum
1407 5502 1699 5571 intperfeCti
1726 5520 1843 5559 0m-

256 5609 344 5649 nes
372 5606 574 5656 essent,
607 5605 717 5647 tum
751 5591 801 5645 hi
834 5594 921 5660 qui
954 5592 1141 5738 dicem
1174 5593 1291 5647 illos
1325 5594 1630 5663 praecedere
1664 5606 1838 5649 tenta-

257 5685 395 5738 bant.
430 5695 540 5738 tum
572 5682 757 5737 decem
788 5682 857 5735 illi
890 5683 977 5738 oui
1046 5684 1215 5738 uobus
1248 5684 1592 5738 invidebant?
1620 5687 1749 5738 Sed.
1784 5697 1838 5738 ut

257 5685 395 5749 bant,
430 5695 540 5739 tum
572 5682 757 5737 decem
788 5682 857 5735 illi
890 5682 1215 5753 qtti‘uobus
1248 5684 1592 5740 invidebant?
1620 5687 1749 5750 Sed,
1784 5697 1840 5744 ut

256 5776 377 5840 dixi,
406 5789 523 5846 post
556 5776 672 5829 lure
699 5774 919 5829 ostende
947 5775 1067 5829 illos
1091 5775 1240 5841 mihi,
1274 5787 1327 5833 et
1357 5777 1562 5832 videbis
1592 5778 1839 5832 omnibus

259 5866 395 5925 hisce
420 5866 701 5924 allectibus
730 5881 943 5922 vacuos.
973 5867 1107 5923 Audi
1130 5870 1398 5939 quomodo
1428 5871 1513 5927 hic
1540 5875 1653 5943 ipse
1672 5872 1835 5928 Joztn-

3445 398 3549 453 692

1951 531 2068 580 nes,
2096 517 2185 586 qui
2214 529 2357 571 nunc
2389 515 2489 570 hac
2520 513 2591 568 de
2619 526 2778 568 causa
2808 512 3057 579 accessit,
3087 512 3291 582 primas
3332 526 3547 580 semper

1948 606 2110 663 Petro
2125 607 2302 672 cedat,
2326 616 2382 663 et
2400 607 2749 663 conrionanti'
2766 614 2819 662 et
2843 605 3097 660 miracula
3118 605 3297 661 edenti
3324 606 3377 659 in
3397 607 3547 661 Acti-

1949 698 2048 753 bus
2073 699 2461 768 apostolorum.
2505 696 2692 768 Neque
2738 698 2862 766 ejus
2908 696 3159 766 praeclara
3204 705 3351 765 gesta
3382 695 3545 762 celat,

1950 791 2041 846 sed
2087 800 2142 846 et
2185 790 2585 847 confessionem
2620 800 2837 853 narrat.
2869 805 3029 860 quam
3072 788 3160 844 ille
3185 789 3437 845 omnibus
3460 798 3546 843 ta-

1948 883 2195 936 centibus
2234 882 2439 949 emisit,
2482 889 2539 937 et
2567 883 2868 951 ingressum
2917 881 2969 935 in
3000 881 3327 949 sepulcrum,
3361 880 3543 935 illum-

1947 988 2051 1043 que
2083 974 2101 1005 ⁸
2128 972 2228 1028 sibi
2263 974 2527 1045 prmpunit
2558 974 2693 1046 (Act.
2722 973 2816 1045 5).
2846 971 2978 1042 Quia
3007 972 3149 1028 enim
3178 974 3337 1026 ambo
3360 974 3541 1027 eruci-

1949 1064 2165 1137 ligendo
2208 1065 2428 1120 Christo
2482 1066 2761 1130 aderant,
2813 1064 3025 1119 laudem
3074 1080 3223 1119 suam
3265 1065 3545 1119 succiduas

1945 1154 2181 1211 Joannes
2206 1158 2279 1211 ait
2315 1175 2329 1211 :
2362 1155 2414 1211 Ν
2418 1166 2530 1211 atus
2551 1166 2655 1209 erat
2674 1154 2955 1225 discipulus
2977 1155 3062 1210 ille
3078 1155 3329 1210 sacerdoti
3343 1156 3362 1229 (
3383 1155 3541 1210 Joau.

1949 1249 2035 1304 18.
2071 1246 2190 1322 16).
2236 1248 2471 1304 Jacobus
2526 1263 2654 1304 vero
2707 1265 2813 1302 non
2860 1249 3027 1303 multo
3075 1259 3258 1318 postea
3306 1258 3546 1319 tempore

1947 1342 2125 1397 vixit:
2174 1341 2243 1396 ab
2294 1342 2445 1395 initio
2492 1341 2634 1395 enim
2686 1357 2880 1412 magno
2929 1342 3199 1398 ferebatur
3231 1340 3447 1406 ardore,
3493 1354 3544 1398 et

1948 1432 2127 1486 missis
2165 1430 2414 1486 humanis
2463 1433 2735 1497 euntibus,
2787 1433 2853 1487 ad
2898 1442 3004 1487 tam
3034 1432 3303 1487 inell'abile
3329 1434 3544 1488 culmen

1946 1525 2209 1589 ascendit,
2252 1536 2308 1578 ut
2354 1526 2532 1579 statim
2567 1526 2927 1580 occideretur.
2974 1524 3065 1580 Sic
3118 1535 3302 1596 postea
3348 1526 3545 1581 summi

1950 1614 2148 1671 virtute
2178 1632 2366 1669 omnes
2397 1616 2571 1672 effecti
2603 1626 2748 1671 sunt.
2778 1616 2884 1673 Sed
2936 1628 3062 1673 tunc
3092 1618 3349 1688 indignati
3394 1628 3543 1673 sunt.

1945 1706 2085 1773 Quid
2115 1723 2243 1778 ergo
2279 1708 2568 1763 Christus?
2592 1709 2681 1764 25.
2718 1709 2845 1763 Cum
2882 1710 3173 1766 adrorauet
3201 1726 3318 1775 eos,
3369 1712 3499 1765 dixit
3528 1729 3543 1765 :

1950 1795 2217 1867 Principes
2246 1801 2471 1870 gmtiam
2500 1801 2830 1855 dominantur
2857 1812 3051 1874 eorum.
3098 1803 3230 1872 Quia
3262 1803 3406 1859 enim
3436 1813 3551 1858 tur-

1948 1892 2053 1944 bati
2104 1903 2277 1956 erant,
2329 1893 2644 1949 advocmtdo
2697 1896 2821 1949 illos
2863 1905 3153 1966 antequam
3214 1898 3541 1966 loqueretur,

1947 1992 2056 2038 tum
2080 1986 2429 2041 advocatione
2455 1987 2564 2055 illa,
2599 1998 2707 2043 tum
2729 1990 2870 2060 quod
2896 1990 3113 2060 propius
3144 2006 3201 2045 se
3226 1990 3547 2055 attraheret.

1947 2079 2067 2135 illos
2098 2080 2376 2149 mitigavit.
2411 2080 2543 2136 Nam
2572 2081 2678 2137 duo
2706 2083 2804 2144 illi.
2835 2098 2903 2137 ex
2934 2094 3074 2139 coetu
3103 2082 3289 2139 decem
3320 2094 3546 2139 ca:tero-
3608 2094 3637 2143 κ

1945 2187 2064 2226 rum
2119 2171 2393 2241 disjuncti,
2452 2189 2619 2243 prope
2670 2175 2883 2230 stabant
2937 2176 3181 2246 privatim
3243 2177 3544 2246 loquentes.

1945 2256 2071 2312 ldeo
2102 2258 2223 2311 illos
2253 2273 2465 2328 quoque
2494 2274 2660 2329 pr0pe
2694 2260 2923 2315 advocat
2948 2303 2962 2326 ,
2998 2270 3054 2316 et
3090 2262 3189 2316 hoc
3216 2262 3397 2327 modo,
3433 2272 3544 2317 tum

1945 2350 2108 2405 etiam
2138 2359 2195 2404 ιιι
2219 2350 2360 2420 quod
2387 2351 2475 2405 alii
2497 2352 2745 2407 dixerant
2772 2352 3007 2419 ell'erret,
3034 2362 3087 2407 et
3112 2354 3323 2408 caeteris
3348 2369 3545 2409 remm-

1947 2441 2107 2495 tiarct
2134 2483 2149 2506 ,
2180 2454 2480 2498 commotos
2512 2442 2702 2499 borum
2737 2424 3063 2515 illorumque
3103 2446 3315 2500 animos
3341 2448 3545 2502 solatus

1944 2542 2048 2586 est.
2076 2531 2263 2602 Neque
2287 2550 2427 2587 nunc
2460 2543 2515 2589 ut
2535 2544 2692 2590 antea
2722 2535 2915 2590 sedat:
2950 2538 3097 2605 prius
3121 2536 3265 2592 enim
3295 2539 3547 2609 parvulos

1943 2622 2162 2678 adduxit
2192 2625 2517 2692 inmedium,
2553 2627 2876 2697 illornmque
2899 2628 3297 2698 simplicitatem
3327 2630 3546 2685 humili-

1944 2724 2215 2788 tatemque
2243 2719 2438 2773 imitari
2461 2719 2620 2789 jussit
2645 2736 2658 2785 ;
2687 2719 2774 2775 hic
2800 2731 2979 2777 autem
3006 2721 3183 2776 acrius
3211 2721 3332 2777 illos
3354 2738 3383 2775 a
3412 2737 3544 2777 con-

1947 2810 2113 2863 trario
2148 2811 2319 2879 carpit
2348 2812 2536 2867 dicens
2570 2830 2583 2867 :
2622 2811 2891 2883 Principes
2940 2813 3162 2884 gentiam
3192 2814 3543 2881 dominantur,

1942 2912 1988 2956 et
2015 2903 2101 2974 qui
2127 2904 2299 2974 magni
2320 2914 2461 2971 sunt,
2490 2914 2786 2975 potestatem
2807 2917 3037 2959 exercent
3067 2906 3119 2959 in
3142 2922 3261 2971 eos;
3284 2905 3375 2960 26.
3404 2908 3547 2976 apud

1942 3011 2030 3049 vos
2048 3004 2216 3049 autem
2252 3013 2353 3051 non
2383 2997 2456 3050 ita
2494 2998 2589 3052 erit
2622 3015 2640 3050 :
2673 3000 2762 3052 sed
2791 3000 2876 3067 qui
2918 2999 3021 3051 vult
3053 3016 3267 3069 magna:
3308 3000 3438 3053 inter
3458 3017 3545 3055 vos

1942 3102 2070 3156 esse,
2097 3089 2179 3141 hic
2206 3088 2271 3142 sit
2300 3090 2527 3143 omnium
2552 3090 2781 3145 minister
2810 3106 2830 3145 .'
2850 3092 2939 3146 27.
2968 3101 3015 3145 et
3036 3092 3120 3160 qui
3157 3093 3261 3145 uult
3287 3109 3392 3147 esse
3431 3095 3543 3164 pri-

1943 3195 2075 3247 mas,
2105 3180 2168 3237 sit
2195 3180 2419 3236 omnium
2449 3181 2657 3238 ultimas
2684 3197 2704 3234 :
2734 3182 3027 3236 ostendens
3057 3182 3183 3237 illud
3210 3183 3275 3237 ad
3304 3184 3542 3253 gentium

1942 3290 2147 3330 morem
2168 3275 2431 3331 accedere
2449 3319 2464 3343 ,
2489 3292 2609 3330 cum
2642 3274 2799 3346 primi
2819 3272 3014 3347 gradus
3034 3283 3381 3349 appetuntur.
3411 3274 3543 3333 Nam

1944 3368 2217 3440 tyrannica
2246 3368 2363 3425 ba'c
2392 3370 2570 3439 passio
2601 3379 2680 3424 est
2708 3410 2725 3437 ,
2754 3384 2855 3437 qua
2890 3370 3197 3439 frequenter
3231 3370 3408 3441 magni
3445 3370 3544 3427 viri

1942 3463 2313 3533 exagitantur;
2346 3463 2574 3534 ideoque
2605 3463 3005 3520 vehementiore
3029 3466 3376 3537 castigatione
3402 3468 3543 3522 indi-

1940 3568 2051 3630 get.
2083 3558 2420 3627 QuaprOpter
2447 3559 2560 3628 ipse
2607 3559 2817 3613 acriore
2865 3559 3021 3629 plaga
3069 3560 3265 3625 utitur,
3294 3558 3422 3615 dum
3476 3576 3540 3616 ex

1940 3650 2182 3721 gentium
2224 3651 2629 3719 comparatione
2657 3659 2951 3705 tumentem
2979 3651 3219 3706 animum
3250 3650 3539 3721 pudcfaeit,

1906 3802 1909 3803 ν
1942 3753 1997 3799 et
2026 3742 2218 3797 horum
2241 3743 2519 3810 invidiam,
2552 3743 2763 3799 illorum
2793 3745 3154 3815 arrogantiam
3181 3744 3444 3811 succidit;
3477 3760 3542 3801 ac

1943 3835 1988 3892 si
2011 3835 2214 3891 diceret
2242 3853 2256 3887 :
2287 3834 2365 3891 Ne
2392 3835 2743 3906 indignemini
2786 3838 2938 3906 quasi
2970 3838 3294 3893 contumelia
3339 3836 3539 3892 allecti.

1944 3928 2163 3997 Seipsos
2192 3930 2425 3985 ritas-imo
2458 3929 2690 3996 laedunt,
2714 3939 2765 3985 et
2792 3929 3058 3986 dedecore
3087 3929 3323 3985 afﬁciunt
3368 3930 3427 3994 ii,
3451 3931 3542 4002 qui

1944 4022 2229 4092 primatum
2260 4022 2535 4090 ambiunt;
2576 4038 2700 4078 nam
2748 4025 2992 4079 ultimum
3040 4025 3217 4080 locum
3255 4034 3543 4095 occupant.

1946 4114 2059 4169 Non
2086 4116 2228 4169 enim
2273 4130 2361 4170 res
2387 4116 2529 4185 apud
2583 4131 2685 4172 nos
2729 4131 2789 4172 se
2818 4117 2978 4172 habet
3022 4128 3079 4172 ut
3122 4118 3260 4187 apud
3304 4128 3543 4174 exteros.

1944 4206 2077 4261 Nam
2110 4206 2375 4278 Principes
2410 4208 2635 4279 gentium
2664 4209 2996 4263 dominantur
3031 4226 3245 4271 eorum;
3291 4209 3429 4278 apud
3459 4226 3548 4267 me

1943 4308 2121 4352 autem
2148 4298 2365 4352 ultimus
2388 4302 2591 4368 primus
2612 4308 2712 4354 est.
2736 4299 2813 4354 Ne
2833 4316 2959 4355 vero
2992 4310 3145 4371 putes
3167 4300 3282 4355 hec
3307 4316 3394 4356 me
3423 4302 3543 4359 sine

1943 4404 2102 4443 eausa
2131 4390 2339 4451 dicere.
2371 4390 2524 4445 factis
2557 4371 2696 4446 ineis
2724 4393 3028 4462 exemplum
3056 4407 3227 4447 sume.
3262 4393 3372 4463 Ego
3395 4411 3538 4448 t'ltltli

1946 4485 2064 4554 plus
2089 4482 2357 4559 quidpiam
2376 4482 2495 4536 feci.
2528 4482 2642 4538 Rex
2673 4484 2871 4553 quippe
2900 4500 3253 4553 supernarmn
3285 4485 3541 4540 virtutum

1944 4591 2066 4631 eum
2094 4592 2289 4639 essent,
2319 4564 2481 4631 homo
2514 4577 2625 4631 lieri
2660 4576 2835 4641 volui,
2865 4584 2920 4629 et
2940 4577 3121 4645 sperni
3150 4588 3312 4648 atque
3341 4588 3540 4633 contu-

1946 4668 2121 4723 meliis
2169 4667 2329 4723 al‘lici.
2382 4668 2567 4739 Neque
2624 4669 2706 4722 his
2745 4678 3051 4735 contentus,
3104 4682 3333 4725 mortem
3378 4671 3544 4725 adivi.

1945 4759 2069 4816 Ideo
2091 4763 2163 4815 ait
2193 4780 2206 4817 :
2236 4762 2325 4816 ‘28.
2360 4761 2525 4816 Filius
2554 4762 2770 4815 hominis
2800 4780 2901 4816 non
2940 4763 3074 4816 venit
3118 4774 3173 4815 ut
3202 4764 3534 4830 ministretur,

1944 4855 2032 4908 scd
2067 4865 2117 4907 ut
2146 4856 2431 4917 ministret,
2458 4864 2506 4907 et
2535 4854 2617 4908 det
2645 4855 2868 4906 animam
2895 4872 3041 4907 suam
3066 4855 3117 4908 iu
3147 4855 3539 4924 redemptionem

1947 4966 2039 5017 pro
2070 4949 2260 5001 multis.
2290 4948 2471 5017 Neque
2511 4948 2653 5002 enim
2687 4947 2769 5002 hic
2800 4949 3010 5001 substiti
3038 4950 3057 4980 ⁸
3087 4990 3103 5015 ,
3132 4949 3336 5019 inquit;
3366 4948 3459 5004 sed
3492 4962 3545 5005 et

1944 5042 2176 5095 animam
2203 5057 2373 5095 meam
2398 5040 2519 5094 dedi
2545 5040 2596 5093 in
2629 5040 3055 5110 redemptionem
3087 5060 3099 5095 :
3125 5052 3173 5096 et
3202 5058 3298 5112 pro
3316 5042 3543 5111 quibus?

1950 5134 2054 5190 Pro
2084 5134 2335 5188 inimicis.
2370 5134 2448 5186 'fu
2476 5148 2604 5188 vero
2634 5134 2677 5186 si
2709 5132 3019 5187 humiliatus
3042 5133 3224 5196 fueris,
3258 5150 3352 5204 pro
3374 5136 3550 5202 teipse

1947 5230 2062 5299 agis
2094 5246 2107 5282 :
2133 5244 2231 5298 ego
2261 5238 2439 5283 autem
2470 5243 2563 5297 pro
2598 5240 2667 5283 te.
2700 5227 2775 5282 Ne
2805 5228 2982 5297 itaque
3026 5229 3235 5295 timeas,
3265 5230 3415 5299 quasi
3447 5228 3542 5284 ho-

1948 5336 2133 5374 norent
2163 5333 2309 5373 tuum
2342 5320 2613 5373 amittens.
2651 5317 3153 5387 Quantumcumque
3174 5320 3317 5372 enim
3351 5328 3400 5373 te
3434 5321 3536 5375 hu-

1950 5398 2240 5467 miliaveris
2260 5453 2275 5478 ,
2307 5427 2411 5466 non
2440 5421 2594 5481 potes
2634 5422 2840 5465 tantum
2882 5411 3211 5466 descendere
3236 5452 3251 5477 ,
3281 5423 3540 5482 quantum

1982 5550 1998 5581 ι
2013 5556 2153 5609 ιιιχιέι
2168 5554 2381 5596 Graecum
2398 5545 2667 5609 legendum
2683 5552 2774 5601 est.
2790 5536 3165 5609 apostoltunqne.
3182 5555 3326 5598 Porro
3337 5554 3545 5597 Joannes

1948 5610 2029 5673 hic
2052 5608 2288 5671 intelligit
2312 5608 2534 5673 Petrum.
2560 5623 2710 5673 quem
2747 5608 2843 5658 sibi
2884 5611 3153 5670 praeponit,
3180 5623 3276 5660 non
3319 5623 3378 5673 eo
3416 5613 3543 5671 quot

1950 5672 2036 5722 ille
2062 5680 2123 5721 snt
2148 5669 2415 5734 apustolus,
2461 5672 2549 5721 sed
2578 5669 2639 5719 eo
2664 5673 2793 5735 quod
2838 5669 2901 5735 sit
2925 5672 3155 5734 princeps
3196 5669 3539 5735 apostolorum.

1951 5733 2273 5806 Principatum
2297 5736 2424 5784 Petri
2452 5748 2544 5784 vox
2571 5733 2837 5797 apostolum
2862 5733 3125 5796 designare
3152 5733 3313 5799 potest
3346 5747 3433 5796 per
3456 5747 3546 5785 an-

1948 5806 2275 5847 tOHOntaSIatn.

2011 5882 2031 5913 '
2048 5878 2166 5940 Alii,
2180 5879 2317 5940 quasi
2341 5879 2541 5941 diceret,
2560 5881 2721 5943 Neque
2742 5881 2871 5932 enim
2894 5878 2971 5929 hic
2995 5878 3197 5931 sub-niti.
