4186 6500
670 395 776 450 613

675 509 927 564 Dominus
950 517 1096 562 tuus.
1113 508 1360 562 Attamen
1381 507 1467 564 hic
1493 506 1784 562 descensus
1798 505 2033 559 omnium
2055 519 2238 560 ascen-

670 613 762 654 sus
787 598 954 654 factus
991 608 1111 664 est,
1151 608 1205 652 et
1231 599 1452 669 gloriam
1494 599 1610 668 ejus
1654 597 2028 655 tuanifestavit.
2073 598 2237 651 Ante-

669 705 826 758 quam
871 689 1011 743 enim
1060 688 1212 743 fleret
1253 690 1432 752 homo,
1473 688 1541 742 ab
1563 686 1770 757 angelis
1816 695 2018 742 tantum
2044 701 2237 756 digno-

1026 789 1298 849 postquam
1342 789 1516 833 autem
1543 765 1725 834 .iliomo
1766 777 1933 833 factus
1973 786 2028 834 et
2067 777 2240 833 cruci-

671 780 912 835 scebatur
955 795 970 834 :

671 874 804 926 tisns
828 885 928 933 est,
957 886 1062 925 non
1084 870 1241 925 modo
1285 871 1424 924 illam
1471 886 1573 926 nun
1606 871 1795 926 minuit
1831 870 2078 941 gloriam,
2141 867 2233 922 sed

669 974 720 1018 et
764 963 920 1017 alium
955 965 1162 1032 accepit
1211 978 1241 1016 a
1295 963 1597 1033 ceguiiione
1642 963 1806 1016 orbis.
1861 961 1938 1017 Ne
1986 975 2114 1031 ergo
2163 960 2233 1014 ti-

668 1068 853 1120 meas,
906 1067 971 1107 ac
1042 1053 1085 1106 si
1140 1052 1308 1106 honor
1380 1053 1469 1107 tibi
1533 1053 1842 1118 auferatur,
1889 1052 1934 1106 si
2005 1054 2227 1119 tetpsmn

666 1145 916 1200 bumilies
965 1162 978 1198 :
1033 1146 1132 1199 hoc
1209 1145 1350 1200 enim
1404 1146 1563 1199 modo
1632 1145 1798 1214 magis
1851 1153 2070 1212 augetur
2139 1140 2230 1194 tibi

663 1237 828 1305 gloria
877 1235 980 1291 hoc
1015 1235 1172 1290 modo
1211 1236 1379 1303 major
1415 1236 1660 1290 eflicitnr.
1715 1235 1837 1289 Ilaec
1878 1233 2022 1302 regni
2069 1232 2230 1300 junna

665 1328 766 1373 est.
811 1318 1244 1378 Nemrariam
1291 1321 1532 1374 ineamus
1576 1320 1734 1382 viam,
1790 1333 1858 1372 ne
1905 1319 2056 1373 nobis
2102 1315 2231 1386 ipsis

665 1412 863 1467 bellum
911 1412 1233 1466 inferamus.~
1269 1411 1400 1468 Nam
1445 1413 1490 1466 si
1540 1412 1760 1467 velimus
1808 1412 1981 1479 magni
2027 1409 2226 1475 videri,

667 1490 772 1557 non
799 1501 972 1572 magni
1009 1504 1208 1558 erimus
1234 1545 1248 1566 ,
1277 1502 1383 1556 imo
1410 1501 1646 1556 omnium
1695 1500 2054 1570 abiectissimi.
2085 1498 2230 1554 Vidi-

659 1594 782 1650 stiu‘
805 1593 1071 1664 quomodo
1101 1594 1291 1666 ubique
1317 1595 1433 1649 illos
1454 1609 1483 1648 a
1507 1595 1790 1650 contrariis
1811 1594 2070 1660 hortetur,
2095 1593 2229 1648 dans

660 1694 838 1740 tamen
880 1686 1009 1754 ipsis
1062 1684 1113 1740 id
1162 1685 1301 1753 quod
1356 1685 1691 1740 desiderant?
1741 1684 1952 1740 Etenim
1990 1685 2229 1757 pluribus

661 1775 713 1830 id
744 1790 902 1846 supra
932 1775 1299 1841 ostendimus;
1346 1784 1399 1831 et
1449 1777 1526 1830 sic
1561 1790 1773 1845 quoque
1819 1773 1964 1841 fecit,
2009 1789 2130 1830 eum
2159 1779 2226 1829 de

659 1865 834 1918 avaris
853 1864 986 1926 etde
1008 1880 1157 1919 vanae
1179 1865 1359 1935 gloria:
1383 1865 1590 1933 cupidis
1612 1874 1877 1934 ageretur.
1909 1864 2014 1917 Cur
2054 1863 2221 1928 enim,

660 1953 850 2024 inquit,
877 1969 1058 2009 coram
1089 1953 1391 2010 hominibus
1426 1954 1524 2011 das
1546 1952 1987 2026 eleemosynam?
2025 1961 2080 2008 ut
2104 1953 2220 2024 glo-

659 2046 736 2100 ria
767 2045 994 2100 fruaris?
1035 2045 1113 2099 Ne
1137 2047 1207 2100 ita
1253 2043 1436 2110 facias,
1491 2053 1546 2100 et
1585 2045 1806 2115 gloriam
1857 2044 2219 2114 consequeris.

657 2134 764 2191 Cur
793 2137 1066 2204 pecuniam
1094 2136 1394 2190 aecumulas
1411 2134 1435 2191 ‘l
1455 2145 1512 2189 ut
1547 2134 1818 2190 ditescas?
1842 2133 1920 2190 Ne
1947 2135 2220 2203 pecuniam

657 2240 934 2296 congeras,
962 2236 1016 2280 et
1039 2226 1286 2282 ditesees.
1315 2226 1403 2279 Sic
1424 2227 1584 2279 etiam
1616 2240 1755 2280 nunc
1787 2221 1995 2290 :Quare
2025 2223 2222 2293 primas

657 2317 866 2371 ambis?
896 2327 952 2372 ut
991 2317 1124 2370 alios
1152 2316 1462 2386 priueedasi
1494 2315 1744 2372 Ultimum
1774 2330 1903 2385 ergo
1928 2316 2100 2369 locum
2123 2315 2219 2370 deo

656 2410 778 2480 lige.
807 2421 858 2464 et
887 2411 1082 2477 primas
1125 2409 1370 2464 tenebis:
1417 2407 1543 2462 illud
1587 2409 1726 2462 enim
1767 2407 1972 2462 ambire
2018 2406 2220 2461 minimi

652 2510 757 2559 est.
788 2501 968 2570 Itaque
996 2501 1040 2556 si
1071 2502 1151 2556 vis
1181 2515 1400 2570 magnus
1436 2515 1590 2557 esse.
1621 2516 1687 2554 ne
1717 2514 1924 2568 quaeras
1945 2513 2064 2553 esse
2108 2514 2221 2553 ma-

655 2606 807 2663 gnus,
835 2601 890 2648 et
917 2602 1043 2647 tunc
1065 2605 1287 2661 magnus
1325 2591 1454 2647 eris.
1488 2588 1616 2644 Illud
1657 2590 1800 2645 enim
1823 2597 1906 2645 est
1943 2589 2218 2644 minimum

654 2699 793 2739 8868.

725 2799 776 2853 5.
806 2795 948 2850 Nihil
962 2796 1240 2849 humilitate
1259 2795 1542 2859 sublimius,
1565 2793 1935 2861 nthilsnperbia
1957 2792 2214 2862 abjectius.

652 2888 973 2956 Comparrttio
1015 2887 1214 2956 superbi
1241 2902 1351 2938 cum
1384 2884 1580 2938 humili.
1607 2913 1679 2925 —
1723 2883 1904 2938 Viden’
1926 2898 2033 2954 quo
2063 2893 2217 2952 pacto

649 2979 768 3035 illus
814 2978 882 3032 ab
911 2979 1008 3032 hoc
1049 2977 1232 3030 inorbo
1267 2977 1527 3039 abducat,
1559 2983 1613 3029 ut
1641 2974 1907 3036 ostendat,
1956 2975 2074 3027 illos
2113 2973 2213 3027 hoc

650 3071 808 3125 modo
834 3069 1098 3132 excidere,
1125 3068 1214 3121 illo
1252 3078 1425 3120 autem
1452 3081 1564 3119 rem
1591 3065 1876 3134 consequi;
1915 3073 1972 3119 ut
1998 3066 2097 3118 hoc
2131 3069 2212 3117 lu-

649 3162 812 3232 giant,
846 3158 970 3213 illud
993 3167 1299 3228 sequantur.
1331 3156 1528 3211 Gentes
1546 3163 1723 3211 autem
1745 3155 1865 3210 ideo
1886 3169 2212 3210 commemo-

647 3252 803 3318 ravit,
834 3261 889 3306 nt
916 3266 1026 3306 rem
1049 3248 1312 3305 dedecore
1343 3248 1550 3317 plenam
1579 3257 1637 3302 ut
1657 3247 2063 3302 abominabilem
2094 3261 2217 3302 esse

646 3346 1051 3402 demonstraret.
1084 3340 1213 3395 Nam
1240 3347 1577 3410 arrogantem
1605 3352 1825 3393 necesse
1852 3346 1934 3392 est
1955 3337 2205 3392 humilem

645 3438 781 3493 effici
803 3478 817 3501 ,
843 3445 899 3490 et
935 3434 1163 3489 vicissim
1191 3432 1444 3486 humilem
1485 3431 1766 3488 sublimem
1806 3430 2052 3486 evadere.
2086 3430 2212 3485 Ihec

643 3511 783 3585 enim
811 3543 933 3582 vera
959 3537 1038 3581 est
1064 3539 1418 3595 germanaqne
1436 3522 1753 3588 sublimitas,
1778 3538 1896 3592 qua:
1922 3538 2019 3578 nec
2048 3524 2101 3577 in
2117 3538 2216 3577 no-

642 3623 803 3686 mine,
827 3633 928 3674 nec
952 3618 1002 3671 in
1019 3617 1370 3686 appellatione
1390 3615 1652 3670 consistit.
1677 3613 1743 3668 Et
1764 3623 1979 3668 externa
1997 3614 2209 3683 quidem

638 3710 902 3768 celsitudo
927 3708 1257 3764 necessitatis
1282 3717 1440 3775 atque
1463 3705 1667 3759 timoris
1688 3713 1772 3760 est
1798 3724 1813 3759 :
1839 3705 1953 3761 lucc
1968 3721 2093 3762 vero
2113 3705 2205 3761 Dei

640 3802 934 3860 celsitudini
962 3799 1149 3854 similis
1193 3809 1294 3853 est.
1332 3799 1435 3865 Qui
1465 3798 1567 3852 hoc
1606 3797 1764 3851 modo
1806 3797 2044 3852 sublimis
2085 3805 2204 3866 est,

637 3895 842 3951 etiamsi
873 3891 1009 3960 apud
1039 3890 1304 3944 neminem
1333 3887 1670 3942 admirationi
1700 3886 1788 3951 sit,
1820 3889 2064 3943 excelsus
2087 3904 2202 3942 ma-

638 3994 727 4040 net
756 4001 768 4038 :
800 3991 857 4037 nt
879 3990 1061 4037 contra
1094 3981 1372 4051 superbus,
1395 3979 1599 4033 etiamsi
1620 3978 1688 4032 ab
1707 3979 1954 4033 omnibus
1974 3980 2202 4044 colatur,

637 4077 870 4134 omnium
898 4084 980 4129 est
1021 4072 1362 4129 humillimus.
1396 4072 1459 4125 Et
1487 4072 1573 4126 ille
1601 4071 1814 4139 quidem
1865 4070 2031 4124 honor
2066 4071 2115 4125 vi
2149 4081 2204 4126 et

641 4167 959 4222 necessitate
1003 4171 1146 4225 stat,
1174 4163 1398 4230 idempie
1431 4159 1581 4214 facile
1620 4158 1839 4223 deﬂuit;
1871 4159 1955 4214 hic
1987 4175 2114 4214 vero
2137 4176 2204 4215 ex

637 4256 908 4328 proposito
931 4254 1231 4318 voluntatis,
1267 4253 1404 4306 unde
1432 4253 1487 4305 fit
1516 4251 1786 4306 utllrmus
1817 4261 2044 4305 maneat.
2070 4252 2228 4306 Nam-

632 4360 684 4405 et
715 4357 926 4405 sanctos
956 4346 1074 4400 ideo
1101 4346 1355 4399 miramur
1374 4383 1386 4404 ,
1413 4343 1552 4412 quod
1577 4357 1697 4396 cmn
1722 4343 1958 4395 omnium
1988 4346 2201 4398 maximi

630 4454 845 4505 essent,
896 4455 952 4494 sc
988 4439 1221 4492 omnium
1265 4436 1493 4502 maxime
1539 4434 1766 4489 humiles
1823 4433 2200 4496 exhibuerunt.

634 4535 860 4602 Ideoque
881 4534 944 4585 ad
974 4531 1106 4584 hanc
1131 4543 1296 4598 usque
1324 4525 1464 4581 diem
1489 4527 1744 4580 sublimes
1772 4536 2005 4592 manent,
2041 4526 2198 4580 nihil-

630 4634 732 4695 que
758 4638 901 4677 mors
923 4638 984 4676 ex
1016 4622 1099 4674 illa
1129 4618 1440 4676 celsitudine
1466 4618 1712 4684 dempsit.
1744 4615 1800 4671 Si
1831 4616 1997 4685 placet
2024 4629 2197 4672 autem

631 4713 993 4769 ratiocinando
1031 4712 1130 4766 hoc
1174 4712 1342 4781 ip~um
1388 4710 1743 4778 exploremus.
1792 4709 1940 4763 Altus
1984 4710 2194 4778 quidam

631 4808 753 4860 hinc
782 4807 993 4866 dicitur,
1028 4821 1145 4858 cum
1176 4805 1491 4872 proceritate
1531 4803 1772 4872 corporis
1807 4803 1924 4856 talis
1963 4812 2066 4865 est,
2111 4805 2192 4857 vi-I

624 4915 743 4953 cum
785 4898 835 4949 in
867 4898 974 4948 alto
1005 4895 1120 4948 loco
1162 4903 1284 4958 stat,
1316 4894 1528 4947 humilis
1572 4909 1695 4947 vero
1722 4911 1751 4946 e
1779 4894 2063 4946 contzario.
2103 4893 2186 4943 Vi—

623 4987 842 5041 deamus
872 4987 1027 5056 igitur
1053 4987 1170 5054 quis
1200 4987 1334 5038 altus
1361 4986 1448 5047 sit,
1479 4985 1756 5054 superbus,
1785 5000 1851 5037 an
1881 4985 2150 5038 modestus
2179 5005 2189 5038 :

625 5088 682 5133 ut
704 5078 878 5132 discas
899 5119 913 5142 ,
956 5077 1088 5130 nihil
1119 5092 1235 5129 esse
1267 5077 1563 5129 humilitate
1614 5076 1889 5129 sublimius
1911 5117 1924 5140 ,
1957 5076 2080 5128 nihil
2114 5095 2190 5129 su-

626 5167 802 5238 perbia
830 5168 1105 5234 abiectius.
1135 5166 1264 5220 Nam
1297 5181 1548 5234 arrogans
1573 5176 1626 5220 et
1663 5166 1925 5234 superbus
1954 5169 2185 5221 omnimn

624 5260 733 5312 vult
759 5274 876 5314 esse
914 5258 1202 5321 maximus,
1236 5258 1606 5325 neminemque
1633 5271 1690 5310 se
1722 5257 1936 5326 dignum
1965 5273 2083 5310 esse
2110 5260 2186 5311 ui-

621 5351 714 5415 cit,
746 5360 797 5403 et
823 5359 1303 5417 quantumcumque
1353 5346 1568 5399 honoris
1597 5357 1977 5416 consequatur,
2013 5350 2180 5417 majo-

623 5456 735 5496 rem
765 5456 974 5507 semper
1002 5440 1219 5510 requirit
1243 5448 1296 5494 et
1341 5439 1524 5500 ambit,
1549 5454 1609 5492 ac
1640 5439 1764 5491 nihil
1798 5455 1856 5493 se
1886 5454 2185 5507 consequu-

621 5543 728 5585 tum
767 5531 1081 5593 arbitratur;
1112 5531 1203 5584 sed
1233 5535 1431 5599 spernit
1457 5531 1715 5592 homines,
1744 5530 2059 5598 illorumque
2087 5529 2183 5581 bo-

621 5637 800 5676 nort'm
825 5622 1070 5690 requirit;
1103 5637 1203 5688 quo
1233 5621 1353 5688 qttid
1382 5621 1791 5674 irrationabilitts
1817 5635 1937 5674 esse
1967 5625 2133 5689 poss‘t
2159 5621 2179 5672 1’

622 5715 822 5769 Etenim
856 5713 980 5767 illud
1007 5714 1270 5798 ivnigmati
1307 5714 1481 5767 simile
1503 5724 1603 5766 est.
1653 5716 1796 5779 Quos
1838 5714 1977 5766 eitim
2009 5711 2182 5780 despi~

619 5809 721 5873 cit,
764 5811 826 5861 ab
858 5809 959 5862 illis
989 5807 1208 5877 gloriam
1236 5809 1440 5873 qua-rit.
1475 5807 1653 5860 Videti'
1682 5824 1785 5876 qu-i
1819 5823 1970 5876 pacm
2005 5809 2066 5871 is,
2090 5808 2176 5875 qui

1386 395 1443 448 S.
1482 393 1756 449 JfMNNIS
1791 388 2260 447 CIIIlYSOSTUMI
2303 385 2620 446 ARCIIIEI’.
2656 391 3186 450 CONSTAN'I'INOP.

3819 407 3916 460 6‘25

2346 517 2406 560 se
2452 504 2610 562 altius
2656 507 2884 572 extollit,
2926 508 3144 575 decidit,
3181 521 3340 582 atque
3389 513 3531 568 humi
3551 514 3760 586 ἥρωα
3789 519 3917 577 Nam

2343 596 2483 666 quod
2511 609 2732 654 caeteros
2757 595 2999 658 homines
3027 602 3127 658 sibi
3165 617 3504 674 comparatos
3524 607 3655 663 nihil
3681 624 3803 666 esse
3825 629 3916 680 pu-

2345 694 2441 750 lt‘l,
2493 702 2557 740 ex
2590 687 2704 756 ipso
2732 691 3051 759 arrogantiae
3094 695 3309 749 nomine
3349 697 3608 765 arguitur.
3648 698 3760 754 Cur
3785 715 3916 772 ergo

2341 777 2510 831 curris
2537 777 2602 831 ad
2642 792 2763 833 eum
2799 781 2886 850 qui
2923 781 3000 835 nil
3022 783 3266 840 estlcnr
3304 787 3372 840 ab
3394 787 3486 854 illo
3517 789 3716 858 quieris
3739 789 3913 848 bono-

2341 870 2493 923 rem?
2541 885 2636 926 cur
2676 880 2753 928 tot
2791 874 2971 928 turbas
3014 874 3370 948 circnmagisl
3424 878 3626 951 Viden’r
3655 879 3911 941 humilem

2338 974 2499 1029 super
2529 961 2713 1018 humili
2749 964 3018 1020 stantem!
3069 967 3200 1036 Age.
3251 983 3376 1024 eum
3421 968 3512 1038 qui
3549 969 3795 1026 sublimis
3836 988 3916 1036 est

2336 1051 2720 1108 esaminemus.
2748 1053 2844 1109 ilic
2864 1055 3012 1110 novit
3030 1064 3284 1124 quantum
3318 1061 3388 1114 sit
3413 1058 3572 1116 homo
3597 1077 3611 1114 :
3635 1063 3782 1117 novit
3804 1080 3913 1116 tua-

2337 1158 2496 1208 gnum
2523 1158 2643 1198 esse
2672 1143 2938 1201 hominem
2966 1187 2983 1213 ,
3009 1162 3174 1216 seque
3193 1149 3428 1205 omnium
3463 1163 3788 1221 postremum
3818 1171 3913 1224 pn-

2338 1234 2444 1290 tat;
2470 1225 2588 1281 ideo
2604 1230 3085 1300 quantulocumque
3107 1231 3309 1287 fruatur
3335 1237 3561 1298 honore,
3586 1235 3637 1292 id
3659 1252 3910 1307 magnum

2333 1331 2454 1372 esse
2497 1327 2662 1387 putat.
2697 1318 2878 1391 Itaque
2908 1320 2993 1377 hic
3037 1322 3133 1377 sibi
3164 1335 3394 1390 constat,
3423 1335 3610 1397 estque
3643 1329 3907 1389 sublimis.

2333 1424 2396 1462 ac
2421 1410 2741 1466 sententiam
2770 1428 2875 1466 non
2909 1422 3077 1467 mutat
3109 1432 3122 1468 :
3155 1430 3290 1484 quos
3316 1417 3458 1470 enim
3479 1432 3702 1488 magnos
3729 1429 3908 1488 putat,

2334 1499 2523 1555 horum
2550 1500 2783 1557 honores
2822 1517 3042 1574 magnos
3085 1519 3204 1560 esse
3230 1506 3531 1572 existimat,
3559 1508 3769 1565 etiamsi
3800 1511 3912 1566 exi-

2331 1594 2418 1665 gui
2440 1609 2558 1650 esse
2583 1595 2878 1660 videantur,
2904 1597 3023 1661 quia
3045 1596 3251 1651 scilicet
3291 1613 3511 1669 magnos
3541 1600 3661 1658 illos
3679 1601 3910 1656 arbitra-

2333 1696 2437 1738 tur.
2464 1687 2733 1755 Arrogans
2757 1695 2965 1751 contra,
2987 1702 3080 1742 eos
3104 1686 3192 1758 qui
3223 1702 3284 1742 se
3311 1689 3593 1756 honorant,
3623 1691 3755 1748 nihil
3787 1708 3911 1748 esse

2330 1783 2499 1844 putat,
2527 1774 2621 1832 sed
2649 1774 2879 1831 honores
2905 1775 2975 1831 ab
2996 1776 3101 1832 illis
3128 1778 3396 1834 exhibitas
3426 1795 3647 1852 magnos
3667 1781 3908 1839 arbitra-

2334 1876 2437 1921 tur.
2468 1867 2698 1923 Rursum
2729 1868 2944 1923 humilis
2975 1885 3006 1924 a
3052 1869 3197 1924 nullo
3242 1872 3449 1941 capitur
3471 1874 3635 1930 animi
3666 1877 3858 1932 inorbo
3890 1894 3903 1929 :

2331 1973 2437 2012 non
2480 1958 2557 2013 ira
2600 1959 2770 2029 ipsum
2811 1961 3080 2032 exagitare
3113 1964 3326 2030 poterit,
3359 1979 3464 2021 non
3494 1966 3679 2038 gloria:
3727 1984 3902 2033 amor,

2329 2067 2435 2106 non
2467 2051 2661 2106 invidia
2685 2093 2701 2118 ,
2731 2067 2836 2107 non
2870 2053 3039 2120 livor;
3078 2056 3252 2110 anima
3299 2073 3426 2112 vero
3465 2056 3545 2114 his
3574 2059 3778 2116 morbis
3808 2062 3904 2116 im-

2327 2143 2471 2196 muni
2516 2142 2642 2213 quid
2671 2143 2979 2199 excelsius?
3021 2144 3294 2216 Arrogans
3339 2156 3515 2202 autem
3547 2148 3630 2204 bis
3657 2151 3904 2206 omnibus

2326 2242 2620 2302 occupatur
2647 2234 2867 2299 morbis,
2895 2235 3043 2304 quasi
3063 2237 3256 2291 vermis
3285 2238 3337 2292 in
3356 2253 3514 2294 emno
3534 2255 3592 2296 se
3615 2241 3860 2298 volutans
3885 2261 3899 2296 :

2325 2339 2445 2378 nam
2479 2324 2632 2389 livor,
2665 2325 2861 2381 invidia
2882 2367 2898 2390 ,
2933 2326 3007 2380 ira
3038 2343 3249 2396 semper
3288 2329 3405 2397 ejus
3431 2331 3667 2387 animum
3716 2335 3903 2404 exagi-

2326 2424 2456 2469 tant.
2490 2414 2621 2484 Quis
2662 2431 2792 2487 ergo
2838 2416 3082 2474 sublimis
3107 2419 3226 2479 est?
3253 2434 3321 2474 an
3354 2421 3443 2490 qui
3490 2421 3691 2478 morbis
3738 2426 3899 2478 animi

2326 2506 2569 2573 superior
2586 2517 2688 2574 est,
2719 2523 2786 2561 an
2811 2509 2898 2579 qui
2927 2525 3111 2564 eorum
3141 2512 3368 2566 servus?
3389 2527 3456 2566 an
3478 2515 3568 2583 qui
3598 2514 3683 2570 illa
3719 2518 3894 2571 tremit

2322 2607 2377 2651 et
2406 2596 2673 2663 formidat,
2701 2615 2769 2652 an
2791 2599 2877 2669 qui
2911 2601 3134 2655 invictus
3156 2609 3260 2669 est,
3289 2614 3339 2657 et
3371 2619 3658 2674 numquam
3698 2609 3769 2660 ab
3798 2608 3900 2662 illis

2322 2688 2566 2753 capitur?
2591 2693 2757 2755 Quam
2788 2705 2937 2745 avent
2966 2691 3256 2748 dixerimus
3273 2693 3434 2749 altius
3457 2696 3654 2762 volare,
3683 2715 3750 2752 an
3777 2717 3897 2770 qua:

2321 2779 2566 2833 manibus
2597 2790 2650 2835 et
2679 2780 3024 2838 arundinibus
3055 2785 3319 2841 venatoris
3348 2787 3505 2843 altiur
3544 2800 3653 2854 est,
3677 2807 3744 2845 an
3777 2808 3894 2846 eum

2321 2871 2405 2925 cui
2431 2871 2700 2940 capienda:
2735 2883 2950 2927 venator
2971 2875 3230 2930 arundine
3251 2891 3354 2932 non
3383 2890 3526 2948 eget,
3556 2882 3694 2948 quod
3721 2882 3895 2937 humi-

2325 2963 2424 3016 lius
2448 2963 2608 3026 volet,
2640 2977 2738 3017 nec
2769 2966 2936 3033 possit
2960 2964 3064 3018 alta
3093 2968 3312 3035 petere?
3337 2967 3480 3022 Talis
3502 2981 3584 3024 est
3604 2986 3895 3040 arrogans;

2321 3069 2442 3107 nam
2473 3052 2645 3123 quivis
2675 3053 2894 3124 laqueus
2937 3056 3106 3124 ipsum
3136 3055 3290 3114 facile
3327 3060 3488 3128 capit,
3523 3069 3706 3130 utpote
3750 3061 3896 3118 humi

2317 3154 2611 3214 tepentem.

2385 3236 2439 3291 6.
2469 3235 2526 3292 Si
2556 3236 2634 3291 vis
2671 3246 2848 3291 autem
2874 3278 2890 3303 ,
2919 3253 2982 3293 ex
3011 3239 3242 3309 maligno
3266 3256 3476 3312 quoque
3505 3243 3750 3300 daemone
3795 3247 3896 3302 hoc

2316 3325 2488 3397 ipsum
2515 3326 2754 3401 explora.
2784 3327 2919 3398 Quid
2948 3329 3160 3384 diabolo
3185 3331 3471 3388 demissius
3496 3344 3598 3401 est,
3619 3335 3741 3405 quia
3772 3352 3898 3394 sese

2316 3417 2540 3473 extulit?
2566 3419 2691 3491 quid
2714 3419 2925 3476 homine
2950 3423 3228 3488 excelsius,
3261 3425 3305 3480 si
3331 3425 3548 3482 humilis
3576 3443 3694 3484 esse
3723 3430 3898 3486 velit?

2317 3508 2411 3564 Ille
2431 3511 2573 3564 enim
2599 3511 2740 3566 humi
2769 3513 2906 3579 repit
2925 3514 3025 3568 sub
3048 3514 3305 3570 caleaneo
3331 3525 3515 3572 nostro
3534 3521 3741 3588 positus
3773 3538 3787 3574 :
3818 3522 3897 3577 ait

2310 3601 2479 3667 enim,
2505 3600 2707 3657 Calacte
2749 3620 2902 3674 super
2935 3616 3188 3676 serpentes
3215 3618 3264 3662 et
3285 3609 3574 3676 scorpiones
3599 3609 3769 3681 (Luc.
3803 3613 3891 3668 ιο.

2315 3694 2420 3766 I9)
2444 3711 2458 3759 ;
2492 3695 2578 3750 hic
2598 3710 2724 3750 vero
2753 3709 2872 3753 cum
2901 3699 3104 3767 angelis
3132 3714 3365 3769 superne
3411 3711 3544 3770 stat,
3570 3702 3627 3757 Si
3659 3701 3892 3775 idipsum

2313 3806 2378 3846 ex
2399 3791 2643 3860 superbis
2664 3790 2967 3846 hominibus
2988 3792 3194 3848 discere
3211 3795 3342 3848 velis
3361 3837 3376 3863 ,
3403 3797 3578 3867 cogita
3603 3796 3891 3854 barbarum

2314 3886 2460 3939 illum
2482 3925 2496 3949 ,
2529 3883 2616 3953 qui
2650 3892 2850 3938 tantum
2882 3882 3068 3954 agebat
3093 3888 3383 3942 exercitum
3405 3928 3421 3953 ,
3467 3891 3554 3957 qui
3587 3905 3654 3943 ne
3686 3905 3749 3944 ea
3773 3889 3892 3960 quis

2312 3975 2432 4030 dem
2482 3975 2644 4030 sciret
2685 3991 2803 4044 qua:
2841 3975 3089 4031 onmibns
3139 3979 3348 4046 cognita
3393 3988 3606 4044 essent;
3657 3981 3891 4050 exempli

2312 4083 2469 4121 causa
2494 4067 2633 4134 quod
2664 4068 2796 4133 lapis
2824 4078 2966 4123 esset
2995 4069 3146 4138 lapis,
3168 4071 3307 4137 quod
3331 4070 3464 4124 idola
3497 4081 3674 4125 essent
3703 4071 3842 4126 idola
3873 4089 3888 4126 :

2315 4158 2536 4226 ideoque
2566 4157 2648 4211 bis
2674 4157 2892 4212 inferior
2920 4169 3054 4213 erat.
3087 4159 3160 4213 Pii
3194 4176 3320 4214 vero
3346 4171 3400 4214 et
3425 4160 3614 4217 lideles
3645 4163 3780 4216 ultra
3801 4177 3892 4216 so-

2312 4251 2414 4304 lem
2445 4250 2840 4316 conscendunt;
2870 4250 2934 4304 iis
2954 4250 3077 4320 quid
3100 4252 3380 4306 sublimius
3402 4268 3522 4307 esse
3550 4253 3758 4324 possit?
3783 4253 3888 4322 Qui

2310 4342 2460 4413 ipsas
2480 4342 2638 4397 etiam
2669 4343 2782 4396 caeli
2828 4342 3062 4399 fornices
3109 4346 3514 4411 transcendunt,
3569 4357 3622 4401 et
3663 4347 3890 4418 angelos

2310 4435 2670 4503 prtetergressi
2701 4475 2713 4497 ,
2765 4435 2860 4502 ipsi
2911 4435 3044 4487 solio
3099 4438 3245 4505 regio
3299 4438 3532 4492 adstant.
3593 4437 3658 4493 Ut
3704 4447 3886 4494 autent

2306 4524 2515 4578 aliunde
2554 4527 2914 4592 arrogantium
2947 4527 3200 4581 vilitatem
3229 4543 3485 4596 agnoscas
3517 4568 3531 4586 .
3562 4529 3680 4598 quis
3709 4531 3888 4583 humi-

2294 4614 2520 4671 .Iiabitnr
2544 4630 2606 4669 ac
2633 4615 2931 4682 dejicietur,
2964 4617 3076 4671 isne
3103 4619 3188 4685 qui
3216 4633 3244 4670 τι
3286 4618 3391 4673 Deo
3428 4618 3662 4688 juvatur,
3693 4635 3761 4674 an
3795 4621 3886 4691 qui

2303 4719 2330 4756 a
2362 4705 2469 4759 Deo
2498 4705 2874 4773 impugnaturi
2923 4706 2968 4758 Is
2998 4708 3174 4773 procul
3208 4708 3370 4762 dubio
3397 4709 3483 4777 qui
3511 4711 3881 4780 impngnatur.

2305 4799 2438 4853 Audi
2491 4800 2646 4869 igitur
2687 4799 2808 4868 quid
2856 4798 2921 4851 de
2964 4799 3045 4853 Itis
3089 4801 3345 4855 ambobus
3393 4802 3532 4856 dicat
3567 4803 3882 4872 Scriptura:

2305 4891 2440 4944 Deus
2485 4893 2709 4959 superbis
2757 4891 2959 4955 resistit,
3015 4891 3280 4945 [inutilibus
3319 4902 3484 4944 autem
3531 4893 3616 4946 dat
3661 4894 3886 4963 gratiam

2305 4980 2440 5048 (Jac.
2477 4982 2528 5034 4.
2562 4981 2649 5050 6).
2683 4981 2850 5034 Aliam
2882 4982 3069 5036 iterum
3107 4982 3322 5034 afferam
3385 4981 3884 5052 interrogationi-ni.

2299 5073 2426 5140 Quis
2467 5071 2777 5137 sublimior,
2816 5074 2902 5140 qui
2945 5086 3093 5125 sacra
3129 5072 3235 5124 Deo
3267 5070 3408 5133 facit,
3465 5083 3517 5127 et
3556 5072 3883 5127 sacrificium

2300 5147 2473 5228 (ᾆσαι-ι,
2502 5172 2593 5217 aut
2626 5165 2712 5234 qui
2742 5165 2924 5233 procul
2955 5178 2984 5216 a
3015 5165 3121 5217 Deo
3152 5164 3351 5217 nullam
3394 5165 3446 5218 in
3467 5180 3586 5219 eum
3627 5165 3880 5218 fiduciam

2300 5257 2498 5310 habet?
2530 5258 2592 5310 Et
2616 5257 2752 5326 quod
2777 5256 3120 5320 sacrificium,
3143 5256 3367 5323 inquies,
3393 5255 3603 5310 humilis
3633 5256 3718 5313 ille
3748 5255 3883 5310 ηπε-

2299 5350 2417 5402 ri-t?
2451 5349 2584 5402 Audi
2639 5349 2888 5400 Davidem
2915 5346 3178 5401 dicentem
3225 5363 3238 5398 :
3268 5346 3590 5416 Sacri/icium
3638 5346 3744 5400 Deo
3770 5349 3884 5416 spi-

2296 5441 2420 5493 ritus
2442 5439 2798 5492 contribulatns
2821 5455 2837 5502 ;
2863 5453 2950 5491 cor
2995 5439 3257 5489 contritum
3288 5447 3332 5490 et
3374 5437 3689 5490 Itumiliatttm
3741 5437 3882 5492 Deus

2295 5550 2392 5586 non
2417 5532 2651 5600 despiciet
2680 5530 2846 5594 (Psal.
2876 5531 2961 5584 50.
2999 5530 3105 5600 l9).
3133 5530 3376 5585 Vidistiu‘
3398 5532 3511 5600 ejus
3541 5531 3826 5599 puritatem
3847 5534 3873 5584 't

2297 5624 2438 5677 Illius
2467 5623 2825 5690 impuritatem
2883 5622 3086 5688 respice
3131 5638 3309 5678 suam
3342 5622 3410 5674 ait
3461 5621 3749 5689 :lmpurns
3803 5634 3880 5675 est

2294 5716 2430 5779 apud
2462 5714 2619 5767 Deum
2646 5699 2804 5766 omnis
2829 5713 2912 5779 qui
2939 5721 3009 5764 est
3041 5705 3141 5765 alto
3181 5714 3330 5765 corde
3355 5713 3535 5766 (Prov.
3574 5713 3654 5765 l6.
3691 5713 3764 5772 5).
3793 5714 3875 5767 Ad

2300 5809 2409 5861 ha-c
2439 5807 2489 5861 in
2518 5807 2682 5861 altero
2734 5805 2870 5860 Deus
2899 5805 3183 5873 requiestit
3215 5824 3224 5858 :
3264 5807 3427 5873 διιιιιτ
3457 5821 3598 5870 quem
3628 5803 3760 5857 cnim
3785 5818 3871 5855 rc-
