4186 6482
291 450 396 508 6ἰό

294 570 530 640 spiciam,
554 564 657 619 nisi
679 577 834 633 super
854 566 1169 613 mansuetum
1188 563 1237 608 et
1260 552 1506 623 quietum,
1524 558 1569 602 et
1595 554 1893 601 trementem

294 634 442 716 verba
470 655 748 724 meaUsai.
773 652 860 707 66.
884 649 993 719 2)?
1023 648 1173 703 Alter
1193 659 1321 699 vero
1342 657 1463 699 cum
1493 638 1708 695 diabolo
1730 634 1895 691 trahi-

296 764 385 809 tur
422 771 434 806 :
467 751 688 805 inflatus
716 746 860 805 enim
892 742 1091 799 diaboli
1118 736 1379 809 supplicia
1409 735 1565 790 feret.
1598 731 1723 787 Ideo
1752 731 1890 784 Pau—

298 848 385 902 lus
413 843 630 900 dicebat
663 858 676 895 :
706 838 789 893 Ne
818 841 949 908 forte
975 836 1027 889 in
1044 831 1333 900 superbiant
1361 827 1546 891 elatus,
1567 827 1619 878 in
1636 820 1893 896 judicium

298 938 498 992 incidat
525 932 717 989 diaboli
748 930 823 1003 (i.
855 928 987 984 Tim.
1017 927 1070 984 5.
1110 924 1187 996 6).
1220 924 1298 978 Ac
1322 930 1509 976 contra
1547 931 1763 988 semper
1793 915 1890 983 ipsi

299 1032 501 1094 evenit,
523 1042 682 1098 quam
712 1024 858 1079 velit.
894 1020 1019 1075 Vult
1047 1019 1189 1073 enim
1217 1017 1330 1086 ipse
1356 1012 1668 1084 superbire,
1703 1018 1761 1062 ut
1790 1008 1889 1062 ho-

300 1129 561 1184 noretur;
620 1120 837 1187 ipseque
884 1112 1123 1168 omuiiim
1170 1108 1401 1164 maxime
1453 1102 1767 1173 despicitur.
1828 1099 1889 1155 lli

300 1227 533 1282 namque
555 1222 678 1265 sunt
707 1208 937 1263 maxime
965 1204 1205 1260 omnium
1247 1197 1481 1262 ridiculi,
1507 1195 1757 1251 omnibus
1791 1193 1893 1247 iiii-

299 1307 450 1372 niici,
502 1304 734 1360 inimicis
767 1310 926 1371 captu
971 1298 1172 1360 faciles,
1223 1294 1290 1349 ad
1340 1293 1470 1348 iram
1527 1290 1699 1361 proni.
1750 1286 1890 1357 apud

302 1400 472 1453 Deum
505 1395 717 1466 impuri.
769 1392 905 1462 Quid
930 1406 1056 1461 ergo
1102 1389 1203 1443 hoc
1246 1384 1485 1441 deterius
1529 1396 1650 1437 esse
1680 1377 1890 1450 possit?

301 1489 413 1545 Iloc
442 1488 643 1559 quippe
668 1487 878 1541 culmen
906 1494 986 1540 est
1024 1481 1283 1537 malorum
1311 1475 1572 1533 omnium.
1603 1472 1739 1540 Quid
1763 1486 1892 1527 vero

299 1574 514 1635 dulcius'
571 1577 899 1633 humilibus?
936 1573 1061 1646 quid
1092 1571 1342 1627 beatius?
1371 1568 1432 1624 lii
1455 1566 1714 1622 amabiles
1743 1564 1891 1620 desi-

299 1671 680 1741 derabilesque
730 1669 844 1723 Deo
894 1675 1057 1731 sunt,
1103 1673 1157 1718 et
1205 1661 1345 1732 apud
1384 1660 1629 1715 homines
1680 1672 1891 1727 quoque

301 1764 532 1818 maxima
559 1762 727 1832 gloria
759 1761 1006 1813 fruuntur
1035 1774 1048 1812 :
1078 1770 1265 1811 omnes
1297 1755 1560 1808 honorant
1590 1752 1733 1821 ipsos
1755 1760 1891 1804 tani-

296 1871 461 1927 quam
508 1868 707 1926 patres,
751 1861 810 1907 ut
856 1851 1048 1907 fratres
1102 1848 1519 1918 amplectuntur,
1574 1852 1633 1898 ut
1677 1843 1888 1913 propria

299 1946 544 2001 membra
573 1944 878 2000 admittunt.
912 1943 1092 1999 Simus
1110 1956 1238 2010 ergo
1262 1938 1513 2000 humiles,
1541 1944 1600 1990 ut
1625 1935 1886 1991 sublimes

297 2036 619 2092 efficiamur.
652 2036 785 2091 Nam
814 2034 1112 2105 arrogantia
1140 2031 1425 2087 admodum
1466 2028 1741 2100 deprimit.
1770 2027 1895 2085 llaec

301 2128 639 2184 Pharaonem
685 2128 992 2199 prostravit.
1029 2124 1151 2179 Non
1190 2123 1339 2187 novi,
1376 2122 1584 2190 inquit,
1616 2120 1891 2175 Dominam

301 2221 497 2291 (Exod.
528 2223 581 2279 5.
610 2221 717 2292 Ξ),
746 2236 809 2275 ac
851 2219 1084 2284 muscis,
1124 2217 1269 2272 ranis
1294 2224 1352 2271 et
1396 2214 1617 2269 locustis
1660 2212 1894 2269 deterior

300 2315 471 2368 factus
498 2323 617 2368 est:
656 2323 946 2383 posmaqne
966 2326 1087 2366 cum
1121 2309 1285 2363 armis
1313 2318 1367 2363 et
1403 2308 1555 2377 equis
1580 2306 1894 2361 submersus

302 2404 420 2458 fuit.
471 2404 670 2459 Contra
704 2417 831 2458 vero
880 2403 1147 2457 Abraham
1178 2400 1323 2462 dicit,
1364 2396 1476 2469 Ego
1520 2414 1630 2451 sum
1659 2396 1821 2467 pulvis
1847 2406 1893 2449 et

298 2494 426 2547 riuis
458 2492 613 2563 (Gen.
642 2494 728 2549 18.
760 2493 831 2548 27
852 2491 871 2564 )
891 2532 907 2558 ,
936 2502 991 2547 et
1019 2492 1183 2547 nntlta
1215 2491 1564 2546 barbarorum
1612 2490 1776 2543 millia
1810 2488 1891 2542 vi-

1260 434 1320 491 ΙΝ
1360 426 1768 490 ΜΑΤΤΠᾸσΖυΜ
1810 421 2039 479 1103111..
2080 420 2265 480 LXVI.
2304 424 2376 479 al.
2417 420 2626 478 LXVII.

3493 413 3598 468 626

2003 539 2096 605 εῖῑ.
2127 553 2190 593 ac
2216 556 2337 595 cum
2369 541 2420 595 in
2451 541 2683 596 mediam
2731 536 3019 612 Egyptum
3064 530 3365 598 incidisset,
3417 530 3607 585 reret;

2000 648 2092 691 sus
2136 645 2240 700 est,
2284 632 2619 703 Splendidius
2666 646 2829 702 quam
2874 639 3000 684 ante
3041 638 3301 697 tropzenm
3333 624 3597 687 referens,

2000 736 2164 797 atque
2193 725 2318 781 huic
2361 726 2540 781 virtuti
2583 725 2876 788 iiilizerens,
2915 734 3130 791 semper
3154 717 3438 774 sublimior
3466 730 3595 771 eva-

2001 821 2093 877 sit.
2121 820 2248 875 ldeo
2301 819 2497 890 ubique
2536 816 2881 881 celebratur,
2910 813 3035 868 ideo
3076 810 3275 881 ubique
3304 817 3599 865 coronatur

2001 922 2055 970 et
2080 911 2401 985 praedicatur
2429 928 2442 976 ;
2474 910 2685 965 Pharao
2710 916 2985 963 autemest
3011 915 3154 960 terra
3173 913 3228 959 et
3250 903 3409 968 cinis,
3437 902 3524 957 vel
3546 902 3591 955 si

2000 1004 2127 1076 quid
2157 1004 2329 1059 vilius.
2365 1002 2507 1058 Nihil
2532 1002 2677 1057 enim
2723 1002 2791 1055 ita
2818 1006 3098 1054 aversatur
3128 997 3267 1052 Deus
3317 1005 3374 1050 ut
3400 1010 3598 1066 super-

2002 1099 2167 1155 biam.
2197 1097 2320 1154 Ideo
2347 1097 2414 1150 ab
2440 1097 2590 1152 initio
2619 1094 2752 1151 nihil
2777 1108 2883 1147 non
2906 1092 3053 1157 fecit,
3089 1099 3146 1145 ut
3176 1091 3319 1145 hunc
3347 1090 3594 1144 morbum

2001 1195 2278 1250 avelleret.
2311 1192 2514 1247 ldcirco
2547 1190 2805 1245 mortales
2836 1186 2962 1241 facti
2997 1199 3217 1249 sumus,
3248 1194 3300 1239 et
3330 1182 3382 1238 in
3410 1182 3600 1238 dolore

2000 1302 2063 1341 ac
2081 1290 2282 1357 gemitu
2323 1284 2584 1340 vivimus:
2623 1281 2743 1338 ideo
2771 1282 2822 1336 in
2852 1280 3056 1340 labore,
3084 1276 3303 1343 sudore,
3328 1285 3382 1330 et
3406 1277 3590 1346 operi-

2002 1380 2099 1435 bus
2132 1376 2407 1448 perpetuis
2447 1375 2805 1445 miseriisque.
2838 1373 2910 1427 lix
2953 1368 3258 1439 arrogantia
3304 1367 3448 1423 enim
3487 1368 3597 1435 μυῖα

2002 1484 2121 1524 mns
2144 1469 2305 1523 homo
2332 1466 2594 1537 peccavit,
2618 1464 2760 1537 quod
2813 1478 2875 1517 se
2901 1470 3145 1532 speraret
3175 1458 3440 1529 aequalem
3488 1456 3602 1511 fore

2003 1562 2133 1617 Deo.
2164 1560 2502 1629 Quapropter
2518 1556 2654 1612 neid
2677 1556 2897 1626 quidem
2918 1553 3059 1624 quod
3088 1551 3320 1607 habebat
3348 1550 3589 1613 retinuit,

2000 1656 2093 1711 sed
2126 1654 2193 1709 ab
2216 1652 2470 1709 omnibus
2503 1651 2724 1709 excidit.
2748 1649 3065 1718 Huiusmodi
3097 1664 3184 1704 res
3230 1655 3312 1701 est
3340 1662 3601 1715 arrogan-

2005 1747 2109 1800 tia:
2144 1760 2249 1800 non
2278 1742 2441 1799 modo
2472 1743 2602 1797 nihil
2626 1742 2782 1797 nobis
2805 1740 2927 1795 boni
2950 1738 3162 1817 confert
3188 1738 3253 1792 ad
3288 1738 3473 1803 vitam,
3508 1738 3604 1791 sed
3682 1790 3687 1799 ,

2002 1840 2164 1892 etiam
2218 1852 2339 1906 quae
2386 1836 2647 1891 habemus
2686 1833 2913 1891 succidit
2965 1848 2978 1886 :
3018 1839 3211 1887 contra
3262 1846 3392 1885 vero
3426 1830 3603 1883 humi-

2000 1930 2121 1984 Ιίιιις
2170 1928 2301 1983 nihil
2352 1927 2526 1983 aufert
2555 1926 2878 1992 bonorum,
2912 1922 3006 1980 sed
3056 1939 3177 1994 qua:
3223 1938 3331 1979 non
3377 1922 3607 1977 aderant

2000 2021 2202 2089 adjicit.
2259 2020 2407 2076 llanc
2458 2018 2622 2099 igitur
2671 2019 3021 2083 :emulemur,
3073 2016 3214 2071 hanc
3270 2029 3599 2085 sequamur.

2001 2125 2058 2170 ut
2082 2124 2137 2170 et
2161 2116 2267 2169 vita
2304 2113 2552 2186 [ιι-ωεξηιί
2591 2111 2854 2179 fruamur,
2881 2120 2938 2166 et
2968 2108 3197 2165 futuram
3218 2108 3442 2180 gloriam
3466 2122 3602 2161 con-

2000 2222 2334 2276 sequamur,
2382 2205 2554 2277 gratia
2612 2213 2668 2260 et
2720 2200 3089 2277 misericordia
3149 2198 3361 2256 Domini
3435 2198 3605 2253 nostri

1998 2298 2125 2355 Jesu
2158 2276 2744 2367 Christi,quicumque
2769 2294 2913 2349 Patri
2937 2276 2993 2348 ei
3020 2290 3240 2362 Spiritui
3272 2297 3461 2347 sancto
3490 2288 3611 2359 glo-

1999 2392 2075 2447 ria
2103 2401 2155 2445 et
2180 2392 2489 2460 imperium,
2524 2403 2667 2443 nunc
2695 2397 2750 2444 et
2777 2402 2995 2458 semper
3018 2428 3033 2455 ,
3057 2394 3113 2442 et
3134 2384 3187 2440 in
3212 2383 3403 2439 sarcula
3434 2397 3610 2441 sarcu-

2000 2485 2197 2541 lorum.
2230 2488 2425 2539 Amen.

821 2663 3614 2690 mw

1419 2756 1769 2819 HOMILIA
1812 2756 2035 2822 LXVI.
2082 2752 2169 2815 al.
2216 2749 2474 2812 LXVII.

300 2927 428 2983 Car.
458 2927 547 2983 20.
597 2945 648 2981 v.
694 2927 784 2981 2‘).
820 2924 885 2979 Et
937 2923 1300 2996 egredientibus
1328 2922 1431 2977 illis
1476 2940 1508 2975 α
1535 2921 1763 2989 Iericho,
1808 2937 1888 2975 se-

368 3032 528 3087 quuta
573 3029 644 3071 est
686 3034 797 3071 eum
846 3015 991 3069 turba
1021 3016 1197 3068 multa.
1232 3013 1319 3068 50.
1354 3011 1418 3066 Et
1461 3028 1576 3067 ecce
1618 3012 1721 3066 duo
1771 3011 1889 3066 cruci

371 3109 597 3163 sedentes
623 3124 764 3161 secus
792 3108 941 3165 uiam,
965 3122 1079 3158 cum
1105 3106 1360 3158 audissent
1385 3104 1521 3173 quod
1546 3103 1698 3159 Jesus
1725 3112 1891 3156 trans-

374 3202 496 3262 iret,
536 3202 881 3252 clamauerunt
932 3197 1154 3251 dicentes
1198 3211 1217 3246 :
1264 3195 1505 3251 Miserere
1555 3194 1736 3260 nostri,
1782 3191 1893 3248 Do-

372 3294 527 3360 mine,
553 3291 631 3361 ﬁli
662 3288 849 3343 David.

378 3452 431 3506 1.
465 3448 750 3517 Quwuione
778 3447 840 3501 de
866 3447 1044 3501 itinere
1080 3445 1266 3501 Christi
1307 3445 1358 3499 in
1405 3446 1624 3500 medium
1653 3447 1893 3513 adducta,

306 3543 525 3596 duorum
554 3557 804 3595 carrorum
828 3539 1041 3593 historia
1070 3547 1453 3594 commentatur.
1486 3538 1896 3590 commendatur-

304 3653 402 3707 que
432 3636 817 3705 perseverantia.
834 3661 905 3671 -—
921 3630 1053 3685 Vide
1081 3629 1221 3683 unde.
1237 3628 1625 3701 Jerusolymani
1645 3643 1700 3681 se
1717 3628 1899 3682 confc-

308 3736 410 3791 rat,
449 3735 503 3779 et
547 3739 653 3793 quo
685 3726 802 3779 loco
842 3731 994 3776 antea
1027 3731 1331 3776 versaretur
1366 3736 1379 3771 :
1417 3720 1555 3791 quod
1587 3728 1730 3774 certe
1770 3720 1898 3774 mihi

309 3814 931 3883 maximeinqnirendiim
953 3812 1179 3868 videtur.
1208 3813 1317 3867 Cur
1332 3822 1507 3867 autem
1524 3828 1627 3866 non
1664 3820 1818 3866 antea
1848 3812 1900 3866 in

306 3907 584 3965 Caliheam
603 3906 712 3967 ivit,
735 3905 827 3960 sed
848 3920 941 3976 per
958 3903 1251 3961 Samariam
1268 3904 1290 3957 ?
1308 3904 1500 3958 Verum
1517 3904 1634 3958 haec
1648 3903 1901 3958 studiosis

309 4002 697 4071 relinquemus.
730 4000 860 4055 Nam
915 4000 959 4053 si
1013 3998 1132 4069 quis
1170 3994 1473 4052 accuratius
1524 4001 1638 4051 hate
1676 3997 1900 4052 scrutari

309 4092 560 4157 voluerit,
611 4089 870 4145 Joannem
915 4090 1150 4144 inveniet
1189 4088 1290 4143 hoc
1338 4088 1501 4158 probe
1542 4087 1900 4157 subindicare,

310 4198 638 4253 causamque
668 4197 870 4254 ponere
896 4181 1075 4252 (Joan.
1106 4182 1157 4235 4.
1185 4181 1364 4249 1-5).
1406 4178 1517 4234 Nos
1559 4190 1737 4234 autem
1781 4195 1904 4250 pro.

312 4274 699 4346 posito'nostro
726 4273 1042 4338 lizereamus,
1080 4280 1133 4327 et
1161 4272 1257 4326 hos
1278 4286 1451 4327 ctecos
1478 4272 1776 4336 audiamus,
1815 4271 1904 4344 qui

312 4364 498 4418 multis
532 4362 823 4419 videntium
853 4364 1100 4419 meliores
1130 4374 1301 4418 erant.
1338 4361 1470 4418 Nam
1515 4380 1687 4435 neque
1713 4364 1903 4420 ducem

314 4454 593 4520 habentes,
644 4470 818 4523 neque
864 4454 1011 4510 illum
1053 4453 1425 4510 adventantem
1476 4454 1741 4517 videntes,
1784 4471 1904 4510 cum

312 4548 661 4603 contentione
700 4546 764 4601 ad
798 4547 947 4601 illum
976 4547 1231 4602 accedere
1273 4546 1569 4613 tentabant,
1612 4562 1908 4618 magnaque

314 4656 449 4697 voce
483 4641 716 4721 clamare
742 4649 1055 4711 coeperunt;
1086 4651 1137 4696 et
1164 4639 1295 4709 jussi
1354 4652 1549 4705 tacere,
1596 4644 1763 4711 magis
1802 4644 1908 4695 ela—

316 4734 555 4790 tnabaut.
604 4732 747 4789 Talis
794 4734 990 4804 quippe
1027 4741 1110 4787 est
1161 4746 1507 4802 perseverans
1562 4732 1736 4786 anima
1766 4748 1781 4788 :
1814 4747 1911 4801 per

315 4840 411 4879 eos
441 4826 530 4895 qui
579 4823 834 4895 impedire
863 4833 1108 4894 satagunt
1150 4823 1477 4893 provehitur.
1508 4821 1753 4878 Christus
1781 4839 1910 4879 vero

319 4920 580 4990 permittit
632 4929 687 4973 ut
716 4916 987 4972 silentium
1038 4917 1165 4986 ipsis
1212 4916 1523 4985 imperetur,
1578 4932 1686 4985 quo
1734 4915 1912 4971 fervor

313 5024 505 5065 eorum
548 5019 820 5079 appareat,
852 5017 906 5063 et
936 5008 1131 5071 diseas,
1168 5007 1288 5062 illos
1327 5017 1475 5061 certe
1518 5006 1711 5077 dignos
1752 5009 1913 5063 fuisse

316 5104 407 5176 qui
434 5113 767 5160 curarentur.
800 5102 922 5158 Ideo
960 5118 1132 5172 neque
1170 5103 1457 5170 interrogat
1492 5118 1557 5155 an
1585 5102 1827 5167 «οισυιιληι,
1857 5112 1913 5157 ιιι

302 5196 564 5251 solebat:
598 5210 719 5248 uani
745 5203 797 5247 et
823 5194 1025 5248 clamor
1053 5202 1106 5247 et
1127 5192 1411 5247 accedendi
1452 5203 1673 5247 conatus
1704 5194 1912 5248 illorum

320 5286 482 5344 fidem
509 5287 639 5341 satis
687 5285 1123 5341 testificati-antur.
1165 5286 1297 5339 Ilinc
1334 5286 1499 5348 disce,
1543 5287 1753 5348 dilecte,
1796 5286 1916 5341 licet

320 5300 482 5344 [idem
509 5300 639 5341 satis
687 5300 1123 5341 testilicahatitiir.
1165 5300 1297 5339 Itinc
1334 5300 1413 5339 dis
1487 5328 1499 5347 ,
1543 5300 1753 5348 dilecte,
1796 5300 1914 5341 licet

319 5377 609 5433 admodum
664 5378 794 5433 viles
824 5386 877 5432 et
920 5377 1110 5446 abjccti
1163 5384 1351 5441 simus,
1377 5300 1585 5431 δὶςξιιιιι
1635 5378 1809 5433 studio
1846 5379 1914 5434 ad

322 5473 486 5526 Deum
515 5470 858 5534 accedamus,
895 5484 987 5537 per
1015 5482 1113 5523 nos
1151 5469 1293 5538 ipsos
1329 5482 1485 5538 posse
1524 5484 1641 5538 qua:
1677 5469 1913 5537 postula-

320 5582 438 5622 mus
468 5568 778 5636 impetrare.
814 5564 943 5619 Vide
964 5564 1105 5619 enim
1137 5561 1404 5633 quomodo
1433 5562 1515 5616 isti
1541 5562 1740 5615 nullum
1782 5577 1915 5631 apo-

317 5659 580 5715 stolorum
613 5656 873 5713 habentes
898 5664 1202 5725 patronum,
1235 5653 1329 5709 sed
1362 5654 1555 5707 multus
1580 5654 1668 5723 qui
1692 5668 1750 5709 se
1767 5669 1919 5710 coer‘

318 5763 524 5817 cerent,
553 5760 844 5822 potuerunt
871 5762 1058 5803 omnes
1085 5747 1265 5803 obices
1294 5745 1581 5810 transilire,
1627 5756 1680 5800 et
1715 5746 1779 5799 ad
1820 5745 1915 5802 .le-

319 5859 436 5901 sum
467 5847 641 5916 ipsum
681 5841 937 5897 accedere
972 5858 983 5892 :
1018 5840 1117 5895 etsi
1158 5853 1262 5895 non
1294 5838 1605 5893 testificetur
1649 5840 1917 5909 evangeli-

2006 2932 2085 2975 s:a
2118 2920 2259 2989 ipsos
2285 2918 2514 2987 aliquant
2541 2934 2607 2973 ex
2637 2918 2755 2972 vita:
2784 2932 2982 2985 genere
3020 2914 3266 2970 ﬁduciam
3311 2914 3562 2970 habuisse
3597 2934 3610 2969 :

1998 3014 2092 3069 sed
2117 3014 2279 3068 animi
2310 3012 2487 3069 fervor
2517 3013 2633 3067 vice
2675 3012 2915 3066 omnium
2958 3010 3087 3079 ipsis
3122 3008 3241 3063 fuit.
3279 3008 3385 3064 llos
3415 3016 3471 3063 et
3511 3023 3611 3063 nos

2000 3107 2159 3161 etiam
2212 3105 2547 3161 aemulemur.
2608 3102 2831 3158 Etiamsi
2897 3100 3040 3156 Deus
3100 3100 3300 3155 donum
3359 3099 3609 3164 ditl‘erat,

2000 3200 2207 3254 etiamsi
2239 3198 2388 3253 multi
2434 3198 2718 3261 abducant,
2762 3211 2829 3248 ne
2873 3193 3083 3262 petendi
3124 3193 3285 3248 finem
3324 3193 3604 3248 faciamus.

2003 3292 2092 3347 Sic
2118 3291 2261 3346 enim
2300 3289 2531 3342 maxime
2570 3288 2734 3341 Deum
2770 3285 3123 3343 attraln-mus.
3158 3283 3255 3340 llic
3298 3285 3458 3354 igitur
3490 3284 3614 3339 vide

2003 3384 2273 3453 quomodo
2301 3381 2511 3435 illorum
2545 3378 2809 3433 fervorem
2851 3394 2950 3433 nec
2979 3364 3414 3449 paupertas,nee
3454 3379 3613 3434 cinci-

2007 3488 2104 3533 tas.
2142 3491 2239 3531 nec
2268 3474 2407 3545 quod
2437 3488 2541 3526 non
2569 3471 2873 3532 audiantur,
2901 3486 2999 3525 nec
3019 3469 3165 3541 quod
3191 3486 3220 3524 a
3249 3471 3417 3525 turbis
3440 3469 3613 3526 incre-

2008 3584 2217 3639 prninr,
2252 3568 2514 3637 impedire
2552 3565 2961 3637 possint.'TaIis
2997 3575 3079 3619 est
3107 3565 3281 3619 anima
3311 3563 3526 3619 fervens
3562 3573 3616 3619 et

2009 3662 2057 3715 in
2092 3646 2272 3715 labore
2317 3675 2559 3715 versans.
2599 3658 2737 3727 Quid
2777 3674 2905 3723 ergo
2947 3656 3239 3714 Christus?
3271 3656 3357 3709 '52.
3410 3654 3615 3708 νοσαυῆ

2006 3753 2121 3807 illos
2150 3761 2195 3805 et
2224 3750 2354 3805 dixit
2382 3766 2400 3804 :
2435 3751 2568 3816 Quid
2604 3750 2756 3805 vultis
2789 3759 2840 3801 ut
2867 3749 2999 3801 rubis
3030 3728 3263 3827 frigidm?
3307 3748 3395 3802 55.
3426 3745 3615 3801 Dicunt

2006 3848 2052 3901 ei
2082 3863 2101 3900 .'
2136 3846 2367 3910 Domine,
2403 3855 2455 3899 ut
2488 3846 2786 3913 aperiantur
2819 3842 2955 3896 oculi
3008 3842 3185 3895 nostri.
3220 3842 3327 3895 Cur
3367 3841 3487 3895 illos
3532 3841 3614 3894 in—

2009 3936 2283 4007 terrogat?
2312 3936 2388 3992 Ne
2417 3934 2539 4006 quis
2570 3942 2800 4004 putaret,
2831 3935 3004 4004 ipsum
3042 3932 3143 3986 alia
3178 3932 3484 4002 petentibus
3510 3931 3616 3985 alia

2007 4032 2155 4087 dare.
2184 4030 2394 4087 Etenim
2422 4030 2557 4085 solet
2584 4043 2802 4098 semper
2833 4028 3003 4097 primo
3034 4027 3281 4081 virtutem
3313 4040 3498 4080 eorum
3525 4023 3615 4095 qui

2008 4131 2266 4179 curantur
2298 4122 2548 4178 omnibus
2586 4121 2910 4191 patefacere,
2948 4128 3003 4175 et
3044 4129 3169 4174 tunc
3212 4117 3509 4172 remedium
3541 4116 3614 4171 af-

2010 4216 2189 4272 ferre:
2222 4224 2332 4269 tum
2361 4223 2417 4268 ut
2445 4213 2582 4269 alios
2603 4212 2668 4267 ad
2699 4212 2948 4268 eumdem
2976 4214 3147 4266 zelum
3176 4210 3331 4265 ducat
3356 4226 3370 4275 ;
3420 4220 3531 4265 tum
3563 4218 3621 4265 ut

2011 4306 2261 4363 ostendat
2289 4307 2410 4362 illos
2444 4306 2566 4377 jure
2604 4307 2801 4361 merito
2830 4304 2985 4360 donis
3018 4302 3139 4358 frui.
3172 4303 3283 4358 line
3312 4315 3365 4359 et
3397 4304 3447 4358 in
3477 4302 3619 4358 (ἶΙιει-

2011 4417 2196 4458 nanma
2227 4401 2370 4465 iccit,
2402 4400 2503 4457 hoc
2538 4403 2591 4457 in
2623 4400 2959 4465 centurione,
3003 4398 3104 4453 hoc
3147 4398 3197 4452 in
3240 4399 3462 4453 muliere
3491 4414 3615 4454 Sati-

2011 4497 2185 4569 guinis
2208 4495 2408 4551 ﬂuxum
2440 4495 2708 4565 patiente;
2740 4493 2847 4546 imo
2869 4507 2995 4546 vero
3022 4490 3283 4544 mirabilis
3311 4490 3395 4545 illa
3427 4491 3622 4544 mulier

2014 4590 2273 4660 prievenit
2301 4586 2771 4657 interrogationem
2799 4583 3004 4637 Domini
3034 4600 3047 4636 :
3077 4592 3311 4637 attamen
3346 4599 3451 4635 non
3478 4582 3619 4635 illam

2014 4681 2387 4751 praztermisit;
2422 4680 2513 4733 sed
2554 4689 2605 4733 et
2650 4687 2764 4745 post
2813 4675 3071 4730 redditam
3114 4674 3422 4739 sanitatem,
3472 4674 3617 4727 illam

2014 4775 2286 4829 celebrem
2313 4773 2504 4828 reddit.
2536 4772 2623 4826 Sic
2652 4786 2779 4838 ergo
2814 4771 3035 4823 curabat
3067 4769 3437 4824 accedentium
3465 4768 3531 4821 ad
3560 4783 3621 4821 se

2012 4874 2154 4931 bona
2196 4887 2360 4941 opera
2410 4868 2707 4940 praedicare
2746 4875 2799 4921 ct
2842 4865 3013 4919 multo
3062 4866 3271 4934 majora
3318 4866 3621 4934 praedicare

2014 4981 2178 5039 quam
2224 4973 2382 5019 erant
2409 4963 2422 4993 ¹
2452 5003 2467 5027 ,
2502 4961 2647 5031 quod
2683 4960 2770 5014 hic
2814 4958 2979 5013 etiam
3015 4956 3163 5013 facit.
3213 4955 3434 5021 Deinde,
3467 4967 3621 5027 post-

2013 5074 2181 5131 quam
2218 5073 2339 5128 quae
2380 5055 2635 5108 volebant
2679 5052 2955 5113 dixerunt.
2995 5051 3376 5105 misericordia
3411 5061 3617 5115 motus.

2016 5153 2139 5208 illos
2165 5149 2359 5220 tetigit.
2389 5147 2513 5202 llaec
2540 5149 2738 5217 quippe
2763 5145 2876 5200 sola
2906 5160 3067 5198 causa
3092 5153 3176 5198 est
3204 5143 3522 5203 cni'a:iouis.
3548 5142 3620 5196 ob

2016 5258 2177 5313 quain
2208 5243 2353 5295 venit
2400 5242 2452 5293 in
2486 5239 2770 5293 mundum.
2802 5238 3075 5303 Attamen,
3105 5238 3205 5291 etsi
3240 5237 3615 5291 misericordia

2016 5342 2071 5388 et
2098 5335 2272 5405 gratia
2299 5342 2465 5396 esset,
2489 5332 2684 5402 dignos
2713 5330 3013 5399 quairehat.
3042 5327 3201 5395 Quod
3227 5344 3354 5383 vero
3380 5328 3433 5381 hi
3467 5328 3616 5397 digni

2018 5439 2222 5495 essent,
2251 5439 2395 5499 patet
2426 5440 2539 5483 tum
2572 5444 2635 5482 ex
2674 5428 2935 5491 clamore,
2964 5436 3076 5480 tum
3108 5442 3173 5481 ex
3216 5439 3283 5479 eo
3318 5424 3460 5491 quod
3492 5440 3617 5477 cuni

2020 5522 2363 5592 accepissent
2387 5537 2492 5575 non
2522 5528 2890 5584 recesserunt,
2916 5518 3061 5589 quod
3082 5518 3232 5571 multi
3269 5516 3495 5582 faciunt,
3522 5518 3617 5586 qui

2082 5711 2099 5739 ⁸
2125 5707 2243 5756 Hice
2264 5704 2434 5764 verba,
2470 5712 2514 5755 et
2536 5702 2685 5754 multo
2732 5700 3247 5766 majoraprafdimrc
3292 5714 3435 5766 quam
3454 5710 3617 5766 erant.

2020 5784 2077 5820 se
2104 5762 2429 5831 expunxisse
2444 5775 2698 5831 nioniierat
2711 5762 3223 5831 slentefaleonius.‘itt
3243 5762 3350 5831 poie
3363 5769 3403 5831 et
3430 5763 3620 5831 Christo

2021 5840 2065 5884 et
2100 5824 2437 5895 Cliiysostomo
2466 5827 2683 5895 indigna.
2711 5827 2909 5877 Videsis
2947 5829 3120 5877 Adiiot.
3159 5825 3299 5875 l'ield
3325 5824 3381 5874 ad
3417 5840 3464 5888 p.
3505 5825 3618 5873 655.
