  <div class='ocr_page' id='page_1' title='image "/cluster/home/n/w/nwhite01/storage/ocr_20150623/58/uva.x004914844/171.png"; bbox 0 0 4186 6492; ppageno 0'>
   <div class='ocr_carea' id='block_1_1' title="bbox 619 425 722 475">
    <p class='ocr_par' dir='ltr' id='par_1_1' title="bbox 619 425 722 475">
     <span class='ocr_line' id='line_1_1' title="bbox 619 425 722 475; baseline 0 0"><span class='ocrx_word' id='word_1_1' title='bbox 619 425 722 475; x_wconf 71' lang='lat'><strong>6‘27</strong></span> 
     </span>
    </p>
   </div>
   <div class='ocr_carea' id='block_1_2' title="bbox 624 538 2185 614">
    <p class='ocr_par' dir='ltr' id='par_1_2' title="bbox 624 538 2185 614">
     <span class='ocr_line' id='line_1_2' title="bbox 624 538 2185 614; baseline -0.001 -20"><span class='ocrx_word' id='word_1_2' title='bbox 624 556 740 608; x_wconf 64' lang='lat' dir='ltr'><strong>post</strong></span> <span class='ocrx_word' id='word_1_3' title='bbox 770 543 1015 599; x_wconf 78' lang='lat' dir='ltr'><strong>beneilcia</strong></span> <span class='ocrx_word' id='word_1_4' title='bbox 1060 553 1180 597; x_wconf 82' lang='lat' dir='ltr'><strong>sunt</strong></span> <span class='ocrx_word' id='word_1_5' title='bbox 1225 543 1435 614; x_wconf 79' lang='lat' dir='ltr'><strong>ingrati.</strong></span> <span class='ocrx_word' id='word_1_6' title='bbox 1469 546 1537 596; x_wconf 82' lang='lat' dir='ltr'><strong>At</strong></span> <span class='ocrx_word' id='word_1_7' title='bbox 1583 542 1654 595; x_wconf 84' lang='lat' dir='ltr'><strong>illi</strong></span> <span class='ocrx_word' id='word_1_8' title='bbox 1686 556 1788 594; x_wconf 90' lang='lat' dir='ltr'><strong>non</strong></span> <span class='ocrx_word' id='word_1_9' title='bbox 1829 538 1960 594; x_wconf 79' lang='lat' dir='ltr'><strong>tales</strong></span> <span class='ocrx_word' id='word_1_10' title='bbox 2000 546 2185 606; x_wconf 80' lang='lat' dir='ltr'><strong>erant;</strong></span> 
     </span>
    </p>
   </div>
   <div class='ocr_carea' id='block_1_3' title="bbox 624 630 2192 703">
    <p class='ocr_par' dir='ltr' id='par_1_3' title="bbox 624 630 2192 703">
     <span class='ocr_line' id='line_1_3' title="bbox 624 630 2192 703; baseline -0.003 -16"><span class='ocrx_word' id='word_1_11' title='bbox 624 631 716 687; x_wconf 85' lang='lat' dir='ltr'><strong>sed</strong></span> <span class='ocrx_word' id='word_1_12' title='bbox 763 640 817 686; x_wconf 79' lang='lat' dir='ltr'><strong>et</strong></span> <span class='ocrx_word' id='word_1_13' title='bbox 859 641 981 688; x_wconf 84' lang='lat' dir='ltr'><strong>ante</strong></span> <span class='ocrx_word' id='word_1_14' title='bbox 1021 633 1220 689; x_wconf 85' lang='lat' dir='ltr'><strong>donum</strong></span> <span class='ocrx_word' id='word_1_15' title='bbox 1256 633 1682 703; x_wconf 74' lang='lat' dir='ltr'><strong>perseverabant,</strong></span> <span class='ocrx_word' id='word_1_16' title='bbox 1727 641 1782 687; x_wconf 90' lang='lat' dir='ltr'><strong>et</strong></span> <span class='ocrx_word' id='word_1_17' title='bbox 1829 640 1946 701; x_wconf 59' lang='lat' dir='ltr'><strong>post</strong></span> <span class='ocrx_word' id='word_1_18' title='bbox 1995 630 2192 684; x_wconf 87' lang='lat' dir='ltr'><strong>donum</strong></span> 
     </span>
    </p>
   </div>
   <div class='ocr_carea' id='block_1_4' title="bbox 625 721 2191 795">
    <p class='ocr_par' dir='ltr' id='par_1_4' title="bbox 625 721 2191 795">
     <span class='ocr_line' id='line_1_4' title="bbox 625 721 2191 795; baseline -0.003 -18"><span class='ocrx_word' id='word_1_19' title='bbox 625 721 756 790; x_wconf 75' lang='lat' dir='ltr'><strong>grati</strong></span> <span class='ocrx_word' id='word_1_20' title='bbox 793 722 953 778; x_wconf 85' lang='lat' dir='ltr'><strong>animi</strong></span> <span class='ocrx_word' id='word_1_21' title='bbox 991 723 1203 780; x_wconf 79' lang='lat' dir='ltr'><strong>luerunt</strong></span> <span class='ocrx_word' id='word_1_22' title='bbox 1235 744 1247 777; x_wconf 91' lang='lat'><strong>:</strong></span> <span class='ocrx_word' id='word_1_23' title='bbox 1279 741 1398 779; x_wconf 86' lang='lat' dir='ltr'><strong>nam</strong></span> <span class='ocrx_word' id='word_1_24' title='bbox 1449 724 1656 795; x_wconf 85' lang='lat' dir='ltr'><strong>sequuti</strong></span> <span class='ocrx_word' id='word_1_25' title='bbox 1702 732 1828 778; x_wconf 88' lang='lat' dir='ltr'><strong>sunt</strong></span> <span class='ocrx_word' id='word_1_26' title='bbox 1865 738 2006 777; x_wconf 88' lang='lat' dir='ltr'><strong>cum.</strong></span> <span class='ocrx_word' id='word_1_27' title='bbox 2041 721 2191 790; x_wconf 77' lang='lat' dir='ltr'><strong>(Cap.</strong></span> 
     </span>
    </p>
   </div>
   <div class='ocr_carea' id='block_1_5' title="bbox 633 813 2196 889">
    <p class='ocr_par' dir='ltr' id='par_1_5' title="bbox 633 813 2196 889">
     <span class='ocr_line' id='line_1_5' title="bbox 633 813 2196 889; baseline -0.004 -20"><span class='ocrx_word' id='word_1_28' title='bbox 633 813 773 883; x_wconf 75' lang='lat' dir='ltr'><strong>XXI)</strong></span> <span class='ocrx_word' id='word_1_29' title='bbox 805 817 856 869; x_wconf 84' lang='lat' dir='ltr'><strong>l.</strong></span> <span class='ocrx_word' id='word_1_30' title='bbox 887 815 950 869; x_wconf 77' lang='lat' dir='ltr'><strong>Et</strong></span> <span class='ocrx_word' id='word_1_31' title='bbox 975 833 1086 871; x_wconf 78' lang='lat' dir='ltr'><strong>eam</strong></span> <span class='ocrx_word' id='word_1_32' title='bbox 1113 819 1536 889; x_wconf 80' lang='lat' dir='ltr'><strong>ppropinqnaret</strong></span> <span class='ocrx_word' id='word_1_33' title='bbox 1564 816 1866 881; x_wconf 79' lang='lat' dir='ltr'><strong>Jerusalem,</strong></span> <span class='ocrx_word' id='word_1_34' title='bbox 1889 823 1935 868; x_wconf 89' lang='lat' dir='ltr'><strong>et</strong></span> <span class='ocrx_word' id='word_1_35' title='bbox 1962 819 2196 866; x_wconf 73' lang='lat' dir='ltr'><strong>venerant</strong></span> 
     </span>
    </p>
   </div>
   <div class='ocr_carea' id='block_1_6' title="bbox 625 901 2199 976">
    <p class='ocr_par' dir='ltr' id='par_1_6' title="bbox 625 901 2199 976">
     <span class='ocr_line' id='line_1_6' title="bbox 625 901 2199 976; baseline -0.001 -20"><span class='ocrx_word' id='word_1_36' title='bbox 625 905 692 956; x_wconf 86' lang='lat' dir='ltr'><strong>ad</strong></span> <span class='ocrx_word' id='word_1_37' title='bbox 721 903 1012 976; x_wconf 76' lang='lat' dir='ltr'><strong>Betltpltage</strong></span> <span class='ocrx_word' id='word_1_38' title='bbox 1049 908 1116 960; x_wconf 83' lang='lat' dir='ltr'><strong>ad</strong></span> <span class='ocrx_word' id='word_1_39' title='bbox 1165 918 1378 962; x_wconf 83' lang='lat' dir='ltr'><strong>montem</strong></span> <span class='ocrx_word' id='word_1_40' title='bbox 1410 906 1688 969; x_wconf 72' lang='lat' dir='ltr'><strong>Oliuarum,</strong></span> <span class='ocrx_word' id='word_1_41' title='bbox 1721 916 1836 958; x_wconf 80' lang='lat' dir='ltr'><strong>tunc</strong></span> <span class='ocrx_word' id='word_1_42' title='bbox 1880 903 2029 959; x_wconf 74' lang='lat' dir='ltr'><strong>Iesus</strong></span> <span class='ocrx_word' id='word_1_43' title='bbox 2068 901 2199 955; x_wconf 86' lang='lat' dir='ltr'><strong>misit</strong></span> 
     </span>
    </p>
   </div>
   <div class='ocr_carea' id='block_1_7' title="bbox 629 992 2200 1070">
    <p class='ocr_par' dir='ltr' id='par_1_7' title="bbox 629 992 2200 1070">
     <span class='ocr_line' id='line_1_7' title="bbox 629 992 2200 1070; baseline -0.002 -23"><span class='ocrx_word' id='word_1_44' title='bbox 629 995 754 1050; x_wconf 80' lang='lat' dir='ltr'><strong>duos</strong></span> <span class='ocrx_word' id='word_1_45' title='bbox 781 1012 844 1052; x_wconf 78' lang='lat' dir='ltr'><strong>ea:</strong></span> <span class='ocrx_word' id='word_1_46' title='bbox 866 999 1125 1070; x_wconf 79' lang='lat' dir='ltr'><strong>discipulis</strong></span> <span class='ocrx_word' id='word_1_47' title='bbox 1149 1000 1272 1067; x_wconf 75' lang='lat' dir='ltr'><strong>satis,</strong></span> <span class='ocrx_word' id='word_1_48' title='bbox 1297 999 1349 1054; x_wconf 69' lang='lat'><strong>2.</strong></span> <span class='ocrx_word' id='word_1_49' title='bbox 1372 1000 1542 1052; x_wconf 79' lang='lat' dir='ltr'><strong>dicens</strong></span> <span class='ocrx_word' id='word_1_50' title='bbox 1561 1014 1581 1051; x_wconf 85' lang='lat'><strong><em>:</em></strong></span> <span class='ocrx_word' id='word_1_51' title='bbox 1603 996 1682 1052; x_wconf 87' lang='lat' dir='ltr'><strong>Ite</strong></span> <span class='ocrx_word' id='word_1_52' title='bbox 1705 999 1756 1050; x_wconf 91' lang='lat' dir='ltr'><strong>in</strong></span> <span class='ocrx_word' id='word_1_53' title='bbox 1783 995 2040 1050; x_wconf 79' lang='lat' dir='ltr'><strong>castellum</strong></span> <span class='ocrx_word' id='word_1_54' title='bbox 2067 992 2200 1060; x_wconf 80' lang='lat' dir='ltr'><strong>quod</strong></span> 
     </span>
    </p>
   </div>
   <div class='ocr_carea' id='block_1_8' title="bbox 629 1085 2202 1160">
    <p class='ocr_par' dir='ltr' id='par_1_8' title="bbox 629 1085 2202 1160">
     <span class='ocr_line' id='line_1_8' title="bbox 629 1085 2202 1160; baseline -0.003 -20"><span class='ocrx_word' id='word_1_55' title='bbox 629 1098 802 1143; x_wconf 77' lang='lat' dir='ltr'><strong>contra</strong></span> <span class='ocrx_word' id='word_1_56' title='bbox 825 1107 906 1145; x_wconf 72' lang='lat' dir='ltr'><strong>vos</strong></span> <span class='ocrx_word' id='word_1_57' title='bbox 930 1101 1020 1154; x_wconf 86' lang='lat' dir='ltr'><strong>est,</strong></span> <span class='ocrx_word' id='word_1_58' title='bbox 1051 1103 1095 1145; x_wconf 92' lang='lat' dir='ltr'><strong>et</strong></span> <span class='ocrx_word' id='word_1_59' title='bbox 1118 1091 1371 1146; x_wconf 69' lang='lat' dir='ltr'><strong>invenietis</strong></span> <span class='ocrx_word' id='word_1_60' title='bbox 1397 1095 1592 1145; x_wconf 87' lang='lat' dir='ltr'><strong>asinam</strong></span> <span class='ocrx_word' id='word_1_61' title='bbox 1615 1089 1896 1160; x_wconf 82' lang='lat' dir='ltr'><strong>alligatam,</strong></span> <span class='ocrx_word' id='word_1_62' title='bbox 1937 1095 1981 1139; x_wconf 80' lang='lat' dir='ltr'><strong>et</strong></span> <span class='ocrx_word' id='word_1_63' title='bbox 2009 1085 2202 1156; x_wconf 82' lang='lat' dir='ltr'><strong>pullam</strong></span> 
     </span>
    </p>
   </div>
   <div class='ocr_carea' id='block_1_9' title="bbox 627 1175 2204 1249">
    <p class='ocr_par' dir='ltr' id='par_1_9' title="bbox 627 1175 2204 1249">
     <span class='ocr_line' id='line_1_9' title="bbox 627 1175 2204 1249; baseline -0.004 -15"><span class='ocrx_word' id='word_1_64' title='bbox 627 1196 740 1234; x_wconf 79' lang='lat' dir='ltr'><strong>cum</strong></span> <span class='ocrx_word' id='word_1_65' title='bbox 771 1197 870 1237; x_wconf 83' lang='lat' dir='ltr'><strong>ea:</strong></span> <span class='ocrx_word' id='word_1_66' title='bbox 899 1183 1138 1238; x_wconf 67' lang='lat' dir='ltr'><strong>solventes</strong></span> <span class='ocrx_word' id='word_1_67' title='bbox 1174 1183 1418 1239; x_wconf 84' lang='lat' dir='ltr'><strong>adducite</strong></span> <span class='ocrx_word' id='word_1_68' title='bbox 1455 1182 1598 1236; x_wconf 80' lang='lat' dir='ltr'><strong>mihi.</strong></span> <span class='ocrx_word' id='word_1_69' title='bbox 1638 1182 1691 1236; x_wconf 81' lang='grc'><strong>5.</strong></span> <span class='ocrx_word' id='word_1_70' title='bbox 1720 1180 1785 1234; x_wconf 82' lang='lat' dir='ltr'><strong>Et</strong></span> <span class='ocrx_word' id='word_1_71' title='bbox 1827 1179 1870 1234; x_wconf 89' lang='lat' dir='ltr'><strong>si</strong></span> <span class='ocrx_word' id='word_1_72' title='bbox 1911 1178 2021 1249; x_wconf 86' lang='lat' dir='ltr'><strong>quis</strong></span> <span class='ocrx_word' id='word_1_73' title='bbox 2072 1175 2204 1228; x_wconf 80' lang='lat' dir='ltr'><strong>vobis</strong></span> 
     </span>
    </p>
   </div>
   <div class='ocr_carea' id='block_1_10' title="bbox 628 1267 2204 1345">
    <p class='ocr_par' dir='ltr' id='par_1_10' title="bbox 628 1267 2204 1345">
     <span class='ocr_line' id='line_1_10' title="bbox 628 1267 2204 1345; baseline 0 -21"><span class='ocrx_word' id='word_1_74' title='bbox 628 1272 812 1326; x_wconf 74' lang='lat' dir='ltr'><strong>dixerit</strong></span> <span class='ocrx_word' id='word_1_75' title='bbox 836 1273 1046 1343; x_wconf 84' lang='lat' dir='ltr'><strong>aliquid,</strong></span> <span class='ocrx_word' id='word_1_76' title='bbox 1079 1275 1267 1337; x_wconf 83' lang='lat' dir='ltr'><strong>diretis,</strong></span> <span class='ocrx_word' id='word_1_77' title='bbox 1299 1292 1417 1345; x_wconf 71' lang='lat' dir='ltr'><strong>quia</strong></span> <span class='ocrx_word' id='word_1_78' title='bbox 1443 1273 1793 1328; x_wconf 69' lang='lat' dir='ltr'><strong>Dominus&#39;his</strong></span> <span class='ocrx_word' id='word_1_79' title='bbox 1817 1287 1944 1342; x_wconf 87' lang='lat' dir='ltr'><strong>opus</strong></span> <span class='ocrx_word' id='word_1_80' title='bbox 1969 1267 2131 1331; x_wconf 77' lang='lat' dir='ltr'><strong>habet,</strong></span> <span class='ocrx_word' id='word_1_81' title='bbox 2159 1275 2204 1319; x_wconf 71' lang='lat' dir='ltr'><strong>et</strong></span> 
     </span>
    </p>
   </div>
   <div class='ocr_carea' id='block_1_11' title="bbox 629 1363 2205 1433">
    <p class='ocr_par' dir='ltr' id='par_1_11' title="bbox 629 1363 2205 1433">
     <span class='ocr_line' id='line_1_11' title="bbox 629 1363 2205 1433; baseline -0.004 -18"><span class='ocrx_word' id='word_1_82' title='bbox 629 1364 892 1432; x_wconf 70' lang='lat' dir='ltr'><strong>confestim</strong></span> <span class='ocrx_word' id='word_1_83' title='bbox 909 1365 1118 1420; x_wconf 84' lang='lat' dir='ltr'><strong>dimittet</strong></span> <span class='ocrx_word' id='word_1_84' title='bbox 1139 1382 1239 1420; x_wconf 86' lang='lat' dir='ltr'><strong>eos.</strong></span> <span class='ocrx_word' id='word_1_85' title='bbox 1260 1368 1312 1421; x_wconf 74' lang='grc'><strong>4.</strong></span> <span class='ocrx_word' id='word_1_86' title='bbox 1343 1365 1456 1420; x_wconf 75' lang='lat' dir='ltr'><strong>Hoc</strong></span> <span class='ocrx_word' id='word_1_87' title='bbox 1474 1375 1642 1420; x_wconf 75' lang='lat' dir='ltr'><strong>autem</strong></span> <span class='ocrx_word' id='word_1_88' title='bbox 1661 1373 1816 1418; x_wconf 83' lang='lat' dir='ltr'><strong>totum</strong></span> <span class='ocrx_word' id='word_1_89' title='bbox 1841 1366 2028 1433; x_wconf 80' lang='lat' dir='ltr'><strong>factum</strong></span> <span class='ocrx_word' id='word_1_90' title='bbox 2054 1371 2123 1412; x_wconf 79' lang='lat' dir='ltr'><strong>est</strong></span> <span class='ocrx_word' id='word_1_91' title='bbox 2153 1363 2205 1408; x_wconf 78' lang='lat' dir='ltr'><strong>at</strong></span> 
     </span>
    </p>
   </div>
   <div class='ocr_carea' id='block_1_12' title="bbox 549 1441 2204 1526">
    <p class='ocr_par' dir='ltr' id='par_1_12' title="bbox 549 1441 2204 1526">
     <span class='ocr_line' id='line_1_12' title="bbox 549 1441 2204 1526; baseline -0.005 -21"><span class='ocrx_word' id='word_1_92' title='bbox 549 1441 552 1444; x_wconf 50' lang='grc'><strong>’</strong></span> <span class='ocrx_word' id='word_1_93' title='bbox 631 1453 989 1524; x_wconf 77' lang='lat' dir='ltr'><strong>adimpleretar</strong></span> <span class='ocrx_word' id='word_1_94' title='bbox 1002 1457 1137 1525; x_wconf 81' lang='lat' dir='ltr'><strong>quod</strong></span> <span class='ocrx_word' id='word_1_95' title='bbox 1158 1455 1345 1510; x_wconf 79' lang='lat' dir='ltr'><strong>dictum</strong></span> <span class='ocrx_word' id='word_1_96' title='bbox 1365 1466 1436 1510; x_wconf 89' lang='lat' dir='ltr'><strong>est</strong></span> <span class='ocrx_word' id='word_1_97' title='bbox 1465 1472 1553 1526; x_wconf 80' lang='lat' dir='ltr'><strong>per</strong></span> <span class='ocrx_word' id='word_1_98' title='bbox 1579 1453 1884 1510; x_wconf 72' lang='lat' dir='ltr'><strong><em>Zachariam</em></strong></span> <span class='ocrx_word' id='word_1_99' title='bbox 1911 1448 2204 1522; x_wconf 73' lang='lat' dir='ltr'><strong>prophetali:</strong></span> 
     </span>
    </p>
   </div>
   <div class='ocr_carea' id='block_1_13' title="bbox 633 1537 2206 1615">
    <p class='ocr_par' dir='ltr' id='par_1_13' title="bbox 633 1537 2206 1615">
     <span class='ocr_line' id='line_1_13' title="bbox 633 1537 2206 1615; baseline -0.004 -19"><span class='ocrx_word' id='word_1_100' title='bbox 633 1543 876 1598; x_wconf 75' lang='lat' dir='ltr'><strong>dicentem</strong></span> <span class='ocrx_word' id='word_1_101' title='bbox 902 1558 923 1598; x_wconf 89' lang='lat'><strong>:</strong></span> <span class='ocrx_word' id='word_1_102' title='bbox 947 1545 1000 1600; x_wconf 82' lang='lat'><strong>5.</strong></span> <span class='ocrx_word' id='word_1_103' title='bbox 1033 1543 1195 1600; x_wconf 84' lang='lat' dir='ltr'><strong>Dicite</strong></span> <span class='ocrx_word' id='word_1_104' title='bbox 1221 1545 1344 1615; x_wconf 72' lang='lat' dir='ltr'><strong>[ilia</strong></span> <span class='ocrx_word' id='word_1_105' title='bbox 1369 1545 1496 1601; x_wconf 87' lang='lat' dir='ltr'><strong>Sion</strong></span> <span class='ocrx_word' id='word_1_106' title='bbox 1517 1562 1537 1599; x_wconf 91' lang='lat'><strong>:</strong></span> <span class='ocrx_word' id='word_1_107' title='bbox 1562 1545 1689 1600; x_wconf 76' lang='lat' dir='ltr'><strong>Ecce</strong></span> <span class='ocrx_word' id='word_1_108' title='bbox 1711 1558 1800 1598; x_wconf 81' lang='lat' dir='ltr'><strong>rea:</strong></span> <span class='ocrx_word' id='word_1_109' title='bbox 1832 1551 1947 1595; x_wconf 79' lang='lat' dir='ltr'><strong>tuas</strong></span> <span class='ocrx_word' id='word_1_110' title='bbox 1966 1539 2095 1594; x_wconf 74' lang='lat' dir='ltr'><strong>venit</strong></span> <span class='ocrx_word' id='word_1_111' title='bbox 2120 1537 2206 1591; x_wconf 84' lang='lat' dir='ltr'><strong>tibi</strong></span> 
     </span>
    </p>
   </div>
   <div class='ocr_carea' id='block_1_14' title="bbox 636 1629 2208 1706">
    <p class='ocr_par' dir='ltr' id='par_1_14' title="bbox 636 1629 2208 1706">
     <span class='ocr_line' id='line_1_14' title="bbox 636 1629 2208 1706; baseline -0.003 -19"><span class='ocrx_word' id='word_1_112' title='bbox 636 1645 940 1701; x_wconf 74' lang='lat' dir='ltr'><strong>mansuetas,</strong></span> <span class='ocrx_word' id='word_1_113' title='bbox 969 1638 1145 1691; x_wconf 80' lang='lat' dir='ltr'><strong>sedens</strong></span> <span class='ocrx_word' id='word_1_114' title='bbox 1167 1653 1318 1706; x_wconf 80' lang='lat' dir='ltr'><strong>super</strong></span> <span class='ocrx_word' id='word_1_115' title='bbox 1345 1638 1540 1692; x_wconf 85' lang='lat' dir='ltr'><strong>asinam</strong></span> <span class='ocrx_word' id='word_1_116' title='bbox 1581 1647 1628 1692; x_wconf 81' lang='lat' dir='ltr'><strong>et</strong></span> <span class='ocrx_word' id='word_1_117' title='bbox 1675 1637 1870 1702; x_wconf 80' lang='lat' dir='ltr'><strong>pullam</strong></span> <span class='ocrx_word' id='word_1_118' title='bbox 1897 1631 2058 1702; x_wconf 78' lang='lat' dir='ltr'><strong>filiam</strong></span> <span class='ocrx_word' id='word_1_119' title='bbox 2091 1629 2208 1683; x_wconf 83' lang='lat' dir='ltr'><strong>sab-</strong></span> 
     </span>
    </p>
   </div>
   <div class='ocr_carea' id='block_1_15' title="bbox 630 1719 2206 1798">
    <p class='ocr_par' dir='ltr' id='par_1_15' title="bbox 630 1719 2206 1798">
     <span class='ocr_line' id='line_1_15' title="bbox 630 1719 2206 1798; baseline -0.013 -4"><span class='ocrx_word' id='word_1_120' title='bbox 630 1724 821 1794; x_wconf 64' lang='grc' dir='ltr'><strong>ἱιίθαέεε</strong></span> <span class='ocrx_word' id='word_1_121' title='bbox 849 1719 1029 1796; x_wconf 76' lang='grc' dir='ltr'><strong>(ΖαεΙιο</strong></span> <span class='ocrx_word' id='word_1_122' title='bbox 1065 1726 1126 1782; x_wconf 58' lang='grc'><strong>’9.</strong></span> <span class='ocrx_word' id='word_1_123' title='bbox 1155 1726 1234 1796; x_wconf 87' lang='grc'><strong>9).</strong></span> <span class='ocrx_word' id='word_1_124' title='bbox 1279 1727 1437 1798; x_wconf 80' lang='lat' dir='ltr'><strong>Atqui</strong></span> <span class='ocrx_word' id='word_1_125' title='bbox 1484 1741 1626 1797; x_wconf 72' lang='lat' dir='ltr'><strong>smpe</strong></span> <span class='ocrx_word' id='word_1_126' title='bbox 1673 1736 1888 1782; x_wconf 86' lang='lat' dir='ltr'><strong>venerat</strong></span> <span class='ocrx_word' id='word_1_127' title='bbox 1935 1723 2206 1791; x_wconf 82' lang='lat' dir='ltr'><strong>Ierosoly-</strong></span> 
     </span>
    </p>
   </div>
   <div class='ocr_carea' id='block_1_16' title="bbox 637 1815 2210 1890">
    <p class='ocr_par' dir='ltr' id='par_1_16' title="bbox 637 1815 2210 1890">
     <span class='ocr_line' id='line_1_16' title="bbox 637 1815 2210 1890; baseline 0 -21"><span class='ocrx_word' id='word_1_128' title='bbox 637 1830 810 1880; x_wconf 75' lang='lat' dir='ltr'><strong>niam;</strong></span> <span class='ocrx_word' id='word_1_129' title='bbox 843 1816 938 1871; x_wconf 87' lang='lat' dir='ltr'><strong>sed</strong></span> <span class='ocrx_word' id='word_1_130' title='bbox 964 1832 1250 1887; x_wconf 80' lang='lat' dir='ltr'><strong>numquam</strong></span> <span class='ocrx_word' id='word_1_131' title='bbox 1271 1835 1389 1875; x_wconf 89' lang='lat' dir='ltr'><strong>eum</strong></span> <span class='ocrx_word' id='word_1_132' title='bbox 1421 1829 1566 1874; x_wconf 88' lang='lat' dir='ltr'><strong>tanto</strong></span> <span class='ocrx_word' id='word_1_133' title='bbox 1584 1830 1856 1890; x_wconf 87' lang='lat' dir='ltr'><strong>apparatu.</strong></span> <span class='ocrx_word' id='word_1_134' title='bbox 1886 1817 2014 1886; x_wconf 77' lang='lat' dir='ltr'><strong>Qua:</strong></span> <span class='ocrx_word' id='word_1_135' title='bbox 2054 1815 2210 1887; x_wconf 90' lang='lat' dir='ltr'><strong>igitur</strong></span> 
     </span>
    </p>
   </div>
   <div class='ocr_carea' id='block_1_17' title="bbox 635 1904 2210 1978">
    <p class='ocr_par' dir='ltr' id='par_1_17' title="bbox 635 1904 2210 1978">
     <span class='ocr_line' id='line_1_17' title="bbox 635 1904 2210 1978; baseline -0.001 -18"><span class='ocrx_word' id='word_1_136' title='bbox 635 1919 794 1960; x_wconf 87' lang='lat' dir='ltr'><strong>causa</strong></span> <span class='ocrx_word' id='word_1_137' title='bbox 817 1904 955 1961; x_wconf 71' lang='lat' dir='ltr'><strong>fuit?</strong></span> <span class='ocrx_word' id='word_1_138' title='bbox 979 1908 1069 1962; x_wconf 89' lang='lat' dir='ltr'><strong>llla</strong></span> <span class='ocrx_word' id='word_1_139' title='bbox 1099 1911 1272 1978; x_wconf 81' lang='lat' dir='ltr'><strong>priora</strong></span> <span class='ocrx_word' id='word_1_140' title='bbox 1300 1919 1450 1966; x_wconf 81' lang='lat' dir='ltr'><strong>erant</strong></span> <span class='ocrx_word' id='word_1_141' title='bbox 1473 1911 1692 1966; x_wconf 81' lang='lat' dir='ltr'><strong>exordia</strong></span> <span class='ocrx_word' id='word_1_142' title='bbox 1733 1907 2081 1971; x_wconf 56' lang='lat' dir='ltr'><strong>oeconomiae;</strong></span> <span class='ocrx_word' id='word_1_143' title='bbox 2117 1918 2210 1959; x_wconf 80' lang='lat' dir='ltr'><strong>ne-</strong></span> 
     </span>
    </p>
   </div>
   <div class='ocr_carea' id='block_1_18' title="bbox 635 1999 2211 2073">
    <p class='ocr_par' dir='ltr' id='par_1_18' title="bbox 635 1999 2211 2073">
     <span class='ocr_line' id='line_1_18' title="bbox 635 1999 2211 2073; baseline -0.004 -17"><span class='ocrx_word' id='word_1_144' title='bbox 635 2013 742 2068; x_wconf 80' lang='lat' dir='ltr'><strong>que</strong></span> <span class='ocrx_word' id='word_1_145' title='bbox 780 1999 893 2069; x_wconf 83' lang='lat' dir='ltr'><strong>ipse</strong></span> <span class='ocrx_word' id='word_1_146' title='bbox 914 1999 1198 2058; x_wconf 79' lang='lat' dir='ltr'><strong>admodum</strong></span> <span class='ocrx_word' id='word_1_147' title='bbox 1237 2013 1392 2057; x_wconf 89' lang='lat' dir='ltr'><strong>notus</strong></span> <span class='ocrx_word' id='word_1_148' title='bbox 1416 2013 1553 2068; x_wconf 91' lang='lat' dir='ltr'><strong>erat,</strong></span> <span class='ocrx_word' id='word_1_149' title='bbox 1582 2017 1753 2073; x_wconf 83' lang='lat' dir='ltr'><strong>neque</strong></span> <span class='ocrx_word' id='word_1_150' title='bbox 1789 2000 2050 2070; x_wconf 87' lang='lat' dir='ltr'><strong>passionis</strong></span> <span class='ocrx_word' id='word_1_151' title='bbox 2079 2006 2211 2052; x_wconf 88' lang='lat' dir='ltr'><strong>tem-</strong></span> 
     </span>
    </p>
   </div>
   <div class='ocr_carea' id='block_1_19' title="bbox 639 2089 2210 2163">
    <p class='ocr_par' dir='ltr' id='par_1_19' title="bbox 639 2089 2210 2163">
     <span class='ocr_line' id='line_1_19' title="bbox 639 2089 2210 2163; baseline -0.001 -21"><span class='ocrx_word' id='word_1_152' title='bbox 639 2103 738 2158; x_wconf 86' lang='lat' dir='ltr'><strong>pus</strong></span> <span class='ocrx_word' id='word_1_153' title='bbox 761 2100 875 2144; x_wconf 88' lang='lat' dir='ltr'><strong>erat</strong></span> <span class='ocrx_word' id='word_1_154' title='bbox 899 2092 1197 2159; x_wconf 82' lang='lat' dir='ltr'><strong>proximum</strong></span> <span class='ocrx_word' id='word_1_155' title='bbox 1227 2108 1240 2144; x_wconf 95' lang='lat'><strong>:</strong></span> <span class='ocrx_word' id='word_1_156' title='bbox 1263 2103 1584 2163; x_wconf 87' lang='lat' dir='ltr'><strong>quapropter</strong></span> <span class='ocrx_word' id='word_1_157' title='bbox 1610 2089 2063 2147; x_wconf 87' lang='lat' dir='ltr'><strong>indiseriminatim</strong></span> <span class='ocrx_word' id='word_1_158' title='bbox 2089 2102 2210 2142; x_wconf 91' lang='lat' dir='ltr'><strong>cum</strong></span> 
     </span>
    </p>
   </div>
   <div class='ocr_carea' id='block_1_20' title="bbox 640 2179 2212 2250">
    <p class='ocr_par' dir='ltr' id='par_1_20' title="bbox 640 2179 2212 2250">
     <span class='ocr_line' id='line_1_20' title="bbox 640 2179 2212 2250; baseline 0 -18"><span class='ocrx_word' id='word_1_159' title='bbox 640 2179 747 2234; x_wconf 89' lang='lat' dir='ltr'><strong>illis</strong></span> <span class='ocrx_word' id='word_1_160' title='bbox 797 2190 923 2235; x_wconf 88' lang='lat' dir='ltr'><strong>tunc</strong></span> <span class='ocrx_word' id='word_1_161' title='bbox 970 2182 1309 2250; x_wconf 77' lang='lat' dir='ltr'><strong>miscebatur,</strong></span> <span class='ocrx_word' id='word_1_162' title='bbox 1356 2184 1462 2236; x_wconf 93' lang='lat' dir='ltr'><strong>imo</strong></span> <span class='ocrx_word' id='word_1_163' title='bbox 1502 2196 1622 2238; x_wconf 87' lang='lat' dir='ltr'><strong>sese</strong></span> <span class='ocrx_word' id='word_1_164' title='bbox 1665 2180 2005 2237; x_wconf 74' lang='lat' dir='ltr'><strong>occultabat:</strong></span> <span class='ocrx_word' id='word_1_165' title='bbox 2039 2193 2212 2250; x_wconf 90' lang='lat' dir='ltr'><strong>neque</strong></span> 
     </span>
    </p>
   </div>
   <div class='ocr_carea' id='block_1_21' title="bbox 641 2269 2213 2338">
    <p class='ocr_par' dir='ltr' id='par_1_21' title="bbox 641 2269 2213 2338">
     <span class='ocr_line' id='line_1_21' title="bbox 641 2269 2213 2338; baseline -0.002 -13"><span class='ocrx_word' id='word_1_166' title='bbox 641 2269 783 2325; x_wconf 86' lang='lat' dir='ltr'><strong>enim</strong></span> <span class='ocrx_word' id='word_1_167' title='bbox 820 2269 1152 2325; x_wconf 78' lang='lat' dir='ltr'><strong>admirationi</strong></span> <span class='ocrx_word' id='word_1_168' title='bbox 1201 2272 1403 2338; x_wconf 77' lang='lat' dir='ltr'><strong>luisset,</strong></span> <span class='ocrx_word' id='word_1_169' title='bbox 1430 2273 1474 2325; x_wconf 84' lang='lat' dir='ltr'><strong>si</strong></span> <span class='ocrx_word' id='word_1_170' title='bbox 1507 2271 1578 2327; x_wconf 85' lang='lat' dir='ltr'><strong>ita</strong></span> <span class='ocrx_word' id='word_1_171' title='bbox 1620 2285 1742 2328; x_wconf 73' lang='lat' dir='ltr'><strong>sese</strong></span> <span class='ocrx_word' id='word_1_172' title='bbox 1781 2269 2125 2334; x_wconf 82' lang='lat' dir='ltr'><strong>exhibuisset,</strong></span> <span class='ocrx_word' id='word_1_173' title='bbox 2157 2277 2213 2323; x_wconf 88' lang='lat' dir='ltr'><strong>et</strong></span> 
     </span>
    </p>
   </div>
   <div class='ocr_carea' id='block_1_22' title="bbox 644 2359 2210 2430">
    <p class='ocr_par' dir='ltr' id='par_1_22' title="bbox 644 2359 2210 2430">
     <span class='ocr_line' id='line_1_22' title="bbox 644 2359 2210 2430; baseline 0 -17"><span class='ocrx_word' id='word_1_174' title='bbox 644 2359 718 2413; x_wconf 85' lang='lat' dir='ltr'><strong>illi</strong></span> <span class='ocrx_word' id='word_1_175' title='bbox 747 2359 798 2413; x_wconf 91' lang='lat' dir='ltr'><strong>in</strong></span> <span class='ocrx_word' id='word_1_176' title='bbox 837 2359 1090 2428; x_wconf 78' lang='lat' dir='ltr'><strong>majorem</strong></span> <span class='ocrx_word' id='word_1_177' title='bbox 1145 2361 1274 2416; x_wconf 85' lang='lat' dir='ltr'><strong>iram</strong></span> <span class='ocrx_word' id='word_1_178' title='bbox 1313 2362 1661 2417; x_wconf 69' lang='lat' dir='ltr'><strong>exarsissent.</strong></span> <span class='ocrx_word' id='word_1_179' title='bbox 1711 2361 1997 2430; x_wconf 76' lang='lat' dir='ltr'><strong>Postquam</strong></span> <span class='ocrx_word' id='word_1_180' title='bbox 2037 2371 2210 2414; x_wconf 87' lang='lat' dir='ltr'><strong>autem</strong></span> 
     </span>
    </p>
   </div>
   <div class='ocr_carea' id='block_1_23' title="bbox 644 2449 2214 2523">
    <p class='ocr_par' dir='ltr' id='par_1_23' title="bbox 644 2449 2214 2523">
     <span class='ocr_line' id='line_1_23' title="bbox 644 2449 2214 2523; baseline 0 -21"><span class='ocrx_word' id='word_1_181' title='bbox 644 2449 892 2518; x_wconf 64' lang='lat' dir='ltr'><strong>patentia:</strong></span> <span class='ocrx_word' id='word_1_182' title='bbox 920 2464 1030 2506; x_wconf 65' lang='lat' dir='ltr'><strong>sum</strong></span> <span class='ocrx_word' id='word_1_183' title='bbox 1067 2451 1252 2506; x_wconf 86' lang='lat' dir='ltr'><strong>idonea</strong></span> <span class='ocrx_word' id='word_1_184' title='bbox 1280 2451 1499 2507; x_wconf 86' lang='lat' dir='ltr'><strong>dedth</strong></span> <span class='ocrx_word' id='word_1_185' title='bbox 1525 2451 1907 2523; x_wconf 75' lang='lat' dir='ltr'><strong>experimenta,</strong></span> <span class='ocrx_word' id='word_1_186' title='bbox 1934 2464 2052 2503; x_wconf 88' lang='lat' dir='ltr'><strong>eum</strong></span> <span class='ocrx_word' id='word_1_187' title='bbox 2085 2463 2214 2503; x_wconf 85' lang='lat' dir='ltr'><strong>crux</strong></span> 
     </span>
    </p>
   </div>
   <div class='ocr_carea' id='block_1_24' title="bbox 642 2540 2218 2612">
    <p class='ocr_par' dir='ltr' id='par_1_24' title="bbox 642 2540 2218 2612">
     <span class='ocr_line' id='line_1_24' title="bbox 642 2540 2218 2612; baseline -0.002 -18"><span class='ocrx_word' id='word_1_188' title='bbox 642 2540 693 2594; x_wconf 91' lang='lat' dir='ltr'><strong>iu</strong></span> <span class='ocrx_word' id='word_1_189' title='bbox 712 2541 888 2609; x_wconf 77' lang='lat' dir='ltr'><strong>janttis</strong></span> <span class='ocrx_word' id='word_1_190' title='bbox 920 2551 1083 2607; x_wconf 80' lang='lat' dir='ltr'><strong>esset,</strong></span> <span class='ocrx_word' id='word_1_191' title='bbox 1111 2542 1304 2598; x_wconf 79' lang='lat' dir='ltr'><strong>clarius</strong></span> <span class='ocrx_word' id='word_1_192' title='bbox 1340 2543 1571 2612; x_wconf 87' lang='lat' dir='ltr'><strong>seipsum</strong></span> <span class='ocrx_word' id='word_1_193' title='bbox 1613 2543 1833 2606; x_wconf 79' lang='lat' dir='ltr'><strong>revelat,</strong></span> <span class='ocrx_word' id='word_1_194' title='bbox 1873 2550 1927 2596; x_wconf 89' lang='lat' dir='ltr'><strong>et</strong></span> <span class='ocrx_word' id='word_1_195' title='bbox 1957 2555 2079 2596; x_wconf 90' lang='lat' dir='ltr'><strong>cum</strong></span> <span class='ocrx_word' id='word_1_196' title='bbox 2106 2554 2218 2597; x_wconf 82' lang='lat' dir='ltr'><strong>ma-</strong></span> 
     </span>
    </p>
   </div>
   <div class='ocr_carea' id='block_1_25' title="bbox 638 2630 2216 2703">
    <p class='ocr_par' dir='ltr' id='par_1_25' title="bbox 638 2630 2216 2703">
     <span class='ocr_line' id='line_1_25' title="bbox 638 2630 2216 2703; baseline 0.001 -20"><span class='ocrx_word' id='word_1_197' title='bbox 638 2630 742 2700; x_wconf 90' lang='lat' dir='ltr'><strong>jori</strong></span> <span class='ocrx_word' id='word_1_198' title='bbox 767 2631 1072 2686; x_wconf 82' lang='lat' dir='ltr'><strong>celebritate</strong></span> <span class='ocrx_word' id='word_1_199' title='bbox 1099 2630 1225 2687; x_wconf 86' lang='lat' dir='ltr'><strong>l’acit</strong></span> <span class='ocrx_word' id='word_1_200' title='bbox 1249 2631 1448 2698; x_wconf 87' lang='lat' dir='ltr'><strong>omnia,</strong></span> <span class='ocrx_word' id='word_1_201' title='bbox 1477 2647 1596 2703; x_wconf 73' lang='lat' dir='ltr'><strong>qua:</strong></span> <span class='ocrx_word' id='word_1_202' title='bbox 1626 2640 1839 2700; x_wconf 86' lang='lat' dir='ltr'><strong>possent</strong></span> <span class='ocrx_word' id='word_1_203' title='bbox 1883 2631 2001 2685; x_wconf 89' lang='lat' dir='ltr'><strong>illos</strong></span> <span class='ocrx_word' id='word_1_204' title='bbox 2035 2639 2216 2700; x_wconf 88' lang='lat' dir='ltr'><strong>postea</strong></span> 
     </span>
    </p>
   </div>
   <div class='ocr_carea' id='block_1_26' title="bbox 645 2721 2214 2796">
    <p class='ocr_par' dir='ltr' id='par_1_26' title="bbox 645 2721 2214 2796">
     <span class='ocr_line' id='line_1_26' title="bbox 645 2721 2214 2796; baseline 0 -23"><span class='ocrx_word' id='word_1_205' title='bbox 645 2736 819 2776; x_wconf 81' lang='lat' dir='ltr'><strong>urere.</strong></span> <span class='ocrx_word' id='word_1_206' title='bbox 847 2721 1093 2778; x_wconf 77' lang='lat' dir='ltr'><strong>Poterant</strong></span> <span class='ocrx_word' id='word_1_207' title='bbox 1126 2723 1265 2778; x_wconf 89' lang='lat' dir='ltr'><strong>enim</strong></span> <span class='ocrx_word' id='word_1_208' title='bbox 1294 2723 1408 2778; x_wconf 76' lang='lat' dir='ltr'><strong>lucc</strong></span> <span class='ocrx_word' id='word_1_209' title='bbox 1449 2723 1502 2776; x_wconf 91' lang='lat' dir='ltr'><strong>in</strong></span> <span class='ocrx_word' id='word_1_210' title='bbox 1529 2723 1791 2796; x_wconf 71' lang='lat' dir='ltr'><strong>principio</strong></span> <span class='ocrx_word' id='word_1_211' title='bbox 1821 2721 1956 2789; x_wconf 88' lang='lat' dir='ltr'><strong>lieri,</strong></span> <span class='ocrx_word' id='word_1_212' title='bbox 1979 2721 2073 2775; x_wconf 88' lang='lat' dir='ltr'><strong>sed</strong></span> <span class='ocrx_word' id='word_1_213' title='bbox 2112 2737 2214 2774; x_wconf 85' lang='lat' dir='ltr'><strong>non</strong></span> 
     </span>
    </p>
   </div>
   <div class='ocr_carea' id='block_1_27' title="bbox 646 2811 2214 2881">
    <p class='ocr_par' dir='ltr' id='par_1_27' title="bbox 646 2811 2214 2881">
     <span class='ocr_line' id='line_1_27' title="bbox 646 2811 2214 2881; baseline -0.001 -17"><span class='ocrx_word' id='word_1_214' title='bbox 646 2813 790 2865; x_wconf 86' lang='lat' dir='ltr'><strong>utilia</strong></span> <span class='ocrx_word' id='word_1_215' title='bbox 821 2812 1060 2868; x_wconf 74' lang='lat' dir='ltr'><strong>fuissent.</strong></span> <span class='ocrx_word' id='word_1_216' title='bbox 1087 2811 1163 2867; x_wconf 84' lang='lat' dir='ltr'><strong>Tu</strong></span> <span class='ocrx_word' id='word_1_217' title='bbox 1195 2829 1322 2870; x_wconf 90' lang='lat' dir='ltr'><strong>vero</strong></span> <span class='ocrx_word' id='word_1_218' title='bbox 1349 2813 1476 2867; x_wconf 90' lang='lat' dir='ltr'><strong>mihi</strong></span> <span class='ocrx_word' id='word_1_219' title='bbox 1503 2812 1780 2868; x_wconf 68' lang='lat' dir='ltr'><strong>considera</strong></span> <span class='ocrx_word' id='word_1_220' title='bbox 1807 2820 1936 2881; x_wconf 85' lang='lat' dir='ltr'><strong>quot</strong></span> <span class='ocrx_word' id='word_1_221' title='bbox 1965 2811 2214 2866; x_wconf 79' lang='lat' dir='ltr'><strong>miracula</strong></span> 
     </span>
    </p>
   </div>
   <div class='ocr_carea' id='block_1_28' title="bbox 647 2899 2216 2974">
    <p class='ocr_par' dir='ltr' id='par_1_28' title="bbox 647 2899 2216 2974">
     <span class='ocr_line' id='line_1_28' title="bbox 647 2899 2216 2974; baseline -0.002 -18"><span class='ocrx_word' id='word_1_222' title='bbox 647 2907 773 2958; x_wconf 88' lang='lat' dir='ltr'><strong>liant</strong></span> <span class='ocrx_word' id='word_1_223' title='bbox 797 2915 845 2957; x_wconf 91' lang='lat' dir='ltr'><strong>et</strong></span> <span class='ocrx_word' id='word_1_224' title='bbox 885 2914 1009 2973; x_wconf 89' lang='lat' dir='ltr'><strong>quot</strong></span> <span class='ocrx_word' id='word_1_225' title='bbox 1049 2903 1338 2974; x_wconf 69' lang='lat' dir='ltr'><strong>prophetiw</strong></span> <span class='ocrx_word' id='word_1_226' title='bbox 1377 2903 1710 2972; x_wconf 80' lang='lat' dir='ltr'><strong>impleantur.</strong></span> <span class='ocrx_word' id='word_1_227' title='bbox 1757 2903 1914 2966; x_wconf 86' lang='lat' dir='ltr'><strong>Dixit,</strong></span> <span class='ocrx_word' id='word_1_228' title='bbox 1954 2899 2216 2955; x_wconf 73' lang='lat' dir='ltr'><strong>Invenietis</strong></span> 
     </span>
    </p>
   </div>
   <div class='ocr_carea' id='block_1_29' title="bbox 643 2993 2212 3062">
    <p class='ocr_par' dir='ltr' id='par_1_29' title="bbox 643 2993 2212 3062">
     <span class='ocr_line' id='line_1_29' title="bbox 643 2993 2212 3062; baseline 0.001 -16"><span class='ocrx_word' id='word_1_229' title='bbox 643 2994 869 3057; x_wconf 86' lang='lat' dir='ltr'><strong>asinam;</strong></span> <span class='ocrx_word' id='word_1_230' title='bbox 919 2994 1155 3062; x_wconf 65' lang='lat' dir='ltr'><strong>praadieit</strong></span> <span class='ocrx_word' id='word_1_231' title='bbox 1200 2994 1464 3049; x_wconf 89' lang='lat' dir='ltr'><strong>nemiuem</strong></span> <span class='ocrx_word' id='word_1_232' title='bbox 1520 3008 1640 3049; x_wconf 89' lang='lat' dir='ltr'><strong>esse</strong></span> <span class='ocrx_word' id='word_1_233' title='bbox 1680 2993 2075 3062; x_wconf 87' lang='lat' dir='ltr'><strong>impediturum,</strong></span> <span class='ocrx_word' id='word_1_234' title='bbox 2120 2993 2212 3047; x_wconf 68' lang='lat' dir='ltr'><strong>Sed</strong></span> 
     </span>
    </p>
   </div>
   <div class='ocr_carea' id='block_1_30' title="bbox 643 3082 2218 3155">
    <p class='ocr_par' dir='ltr' id='par_1_30' title="bbox 643 3082 2218 3155">
     <span class='ocr_line' id='line_1_30' title="bbox 643 3082 2218 3155; baseline -0.004 -17"><span class='ocrx_word' id='word_1_235' title='bbox 643 3084 732 3154; x_wconf 83' lang='lat' dir='ltr'><strong>qui</strong></span> <span class='ocrx_word' id='word_1_236' title='bbox 763 3083 999 3140; x_wconf 85' lang='lat' dir='ltr'><strong>audirem</strong></span> <span class='ocrx_word' id='word_1_237' title='bbox 1032 3086 1285 3140; x_wconf 81' lang='lat' dir='ltr'><strong>tacitttros</strong></span> <span class='ocrx_word' id='word_1_238' title='bbox 1308 3099 1446 3139; x_wconf 83' lang='lat' dir='ltr'><strong>esse.</strong></span> <span class='ocrx_word' id='word_1_239' title='bbox 1482 3083 1591 3140; x_wconf 88' lang='lat' dir='ltr'><strong>lloc</strong></span> <span class='ocrx_word' id='word_1_240' title='bbox 1609 3095 1785 3139; x_wconf 82' lang='lat' dir='ltr'><strong>autem</strong></span> <span class='ocrx_word' id='word_1_241' title='bbox 1817 3100 1920 3140; x_wconf 91' lang='lat' dir='ltr'><strong>non</strong></span> <span class='ocrx_word' id='word_1_242' title='bbox 1946 3099 2103 3155; x_wconf 77' lang='lat' dir='ltr'><strong>parva</strong></span> <span class='ocrx_word' id='word_1_243' title='bbox 2125 3082 2218 3137; x_wconf 74' lang='lat' dir='ltr'><strong>Ju-</strong></span> 
     </span>
    </p>
   </div>
   <div class='ocr_carea' id='block_1_31' title="bbox 643 3175 2215 3238">
    <p class='ocr_par' dir='ltr' id='par_1_31' title="bbox 643 3175 2215 3238">
     <span class='ocr_line' id='line_1_31' title="bbox 643 3175 2215 3238; baseline -0.001 -7"><span class='ocrx_word' id='word_1_244' title='bbox 643 3175 879 3231; x_wconf 75' lang='lat' dir='ltr'><strong>dzeurum</strong></span> <span class='ocrx_word' id='word_1_245' title='bbox 905 3176 1279 3232; x_wconf 81' lang='lat' dir='ltr'><strong>condemnatio</strong></span> <span class='ocrx_word' id='word_1_246' title='bbox 1308 3186 1408 3238; x_wconf 84' lang='lat' dir='ltr'><strong>est,</strong></span> <span class='ocrx_word' id='word_1_247' title='bbox 1438 3177 1482 3231; x_wconf 88' lang='lat' dir='ltr'><strong>si</strong></span> <span class='ocrx_word' id='word_1_248' title='bbox 1523 3176 1824 3231; x_wconf 83' lang='lat' dir='ltr'><strong>hominibus</strong></span> <span class='ocrx_word' id='word_1_249' title='bbox 1855 3191 1958 3230; x_wconf 91' lang='lat' dir='ltr'><strong>non</strong></span> <span class='ocrx_word' id='word_1_250' title='bbox 1987 3175 2085 3230; x_wconf 89' lang='lat' dir='ltr'><strong>sibi</strong></span> <span class='ocrx_word' id='word_1_251' title='bbox 2117 3190 2215 3230; x_wconf 88' lang='lat' dir='ltr'><strong>no-</strong></span> 
     </span>
    </p>
   </div>
   <div class='ocr_carea' id='block_1_32' title="bbox 646 3266 2212 3336">
    <p class='ocr_par' dir='ltr' id='par_1_32' title="bbox 646 3266 2212 3336">
     <span class='ocr_line' id='line_1_32' title="bbox 646 3266 2212 3336; baseline -0.002 -17"><span class='ocrx_word' id='word_1_252' title='bbox 646 3267 732 3326; x_wconf 85' lang='lat' dir='ltr'><strong>tis.</strong></span> <span class='ocrx_word' id='word_1_253' title='bbox 762 3281 999 3336; x_wconf 85' lang='lat' dir='ltr'><strong>quosque</strong></span> <span class='ocrx_word' id='word_1_254' title='bbox 1044 3282 1150 3321; x_wconf 88' lang='lat' dir='ltr'><strong>non</strong></span> <span class='ocrx_word' id='word_1_255' title='bbox 1200 3266 1423 3332; x_wconf 77' lang='lat' dir='ltr'><strong>viderat,</strong></span> <span class='ocrx_word' id='word_1_256' title='bbox 1474 3266 1712 3329; x_wconf 81' lang='lat' dir='ltr'><strong>suadeat,</strong></span> <span class='ocrx_word' id='word_1_257' title='bbox 1769 3276 1825 3320; x_wconf 91' lang='grc' dir='ltr'><strong>ιιι</strong></span> <span class='ocrx_word' id='word_1_258' title='bbox 1866 3280 1959 3319; x_wconf 86' lang='lat' dir='ltr'><strong>sua</strong></span> <span class='ocrx_word' id='word_1_259' title='bbox 1987 3266 2212 3326; x_wconf 79' lang='lat' dir='ltr'><strong>tradant,</strong></span> 
     </span>
    </p>
   </div>
   <div class='ocr_carea' id='block_1_33' title="bbox 645 3355 2216 3428">
    <p class='ocr_par' dir='ltr' id='par_1_33' title="bbox 645 3355 2216 3428">
     <span class='ocr_line' id='line_1_33' title="bbox 645 3355 2216 3428; baseline -0.001 -18"><span class='ocrx_word' id='word_1_260' title='bbox 645 3369 744 3410; x_wconf 84' lang='lat' dir='ltr'><strong>nec</strong></span> <span class='ocrx_word' id='word_1_261' title='bbox 769 3356 1153 3412; x_wconf 76' lang='lat' dir='ltr'><strong>contradicnut.</strong></span> <span class='ocrx_word' id='word_1_262' title='bbox 1195 3356 1362 3412; x_wconf 71' lang='lat' dir='ltr'><strong>Iudtni</strong></span> <span class='ocrx_word' id='word_1_263' title='bbox 1415 3370 1562 3422; x_wconf 86' lang='lat' dir='ltr'><strong>vero,</strong></span> <span class='ocrx_word' id='word_1_264' title='bbox 1607 3356 1817 3427; x_wconf 89' lang='lat' dir='ltr'><strong>quando</strong></span> <span class='ocrx_word' id='word_1_265' title='bbox 1860 3355 1972 3426; x_wconf 87' lang='lat' dir='ltr'><strong>ipse</strong></span> <span class='ocrx_word' id='word_1_266' title='bbox 2014 3371 2110 3428; x_wconf 86' lang='lat' dir='ltr'><strong>per</strong></span> <span class='ocrx_word' id='word_1_267' title='bbox 2135 3355 2216 3409; x_wconf 87' lang='lat' dir='ltr'><strong>di-</strong></span> 
     </span>
    </p>
   </div>
   <div class='ocr_carea' id='block_1_34' title="bbox 642 3447 2218 3519">
    <p class='ocr_par' dir='ltr' id='par_1_34' title="bbox 642 3447 2218 3519">
     <span class='ocr_line' id='line_1_34' title="bbox 642 3447 2218 3519; baseline 0 -17"><span class='ocrx_word' id='word_1_268' title='bbox 642 3447 878 3516; x_wconf 81' lang='lat' dir='ltr'><strong>scipulos</strong></span> <span class='ocrx_word' id='word_1_269' title='bbox 929 3461 1053 3501; x_wconf 84' lang='lat' dir='ltr'><strong>suos</strong></span> <span class='ocrx_word' id='word_1_270' title='bbox 1096 3448 1344 3503; x_wconf 82' lang='lat' dir='ltr'><strong>miracula</strong></span> <span class='ocrx_word' id='word_1_271' title='bbox 1387 3448 1596 3515; x_wconf 87' lang='lat' dir='ltr'><strong>edebat,</strong></span> <span class='ocrx_word' id='word_1_272' title='bbox 1652 3457 1944 3519; x_wconf 67' lang='lat' dir='ltr'><strong>praesentes</strong></span> <span class='ocrx_word' id='word_1_273' title='bbox 1985 3462 2090 3503; x_wconf 90' lang='lat' dir='ltr'><strong>non</strong></span> <span class='ocrx_word' id='word_1_274' title='bbox 2121 3448 2218 3502; x_wconf 87' lang='lat' dir='ltr'><strong>ob-</strong></span> 
     </span>
    </p>
   </div>
   <div class='ocr_carea' id='block_1_35' title="bbox 646 3547 1023 3608">
    <p class='ocr_par' dir='ltr' id='par_1_35' title="bbox 646 3547 1023 3608">
     <span class='ocr_line' id='line_1_35' title="bbox 646 3547 1023 3608; baseline 0 -16"><span class='ocrx_word' id='word_1_275' title='bbox 646 3547 1023 3608; x_wconf 75' lang='lat' dir='ltr'><strong>temperarunt.</strong></span> 
     </span>
    </p>
   </div>
   <div class='ocr_carea' id='block_1_36' title="bbox 713 3627 2221 3702">
    <p class='ocr_par' dir='ltr' id='par_1_36' title="bbox 713 3627 2221 3702">
     <span class='ocr_line' id='line_1_36' title="bbox 713 3627 2221 3702; baseline 0.001 -20"><span class='ocrx_word' id='word_1_276' title='bbox 713 3627 765 3682; x_wconf 72' lang='lat'><strong>2.</strong></span> <span class='ocrx_word' id='word_1_277' title='bbox 799 3629 1042 3683; x_wconf 77' lang='lat' dir='ltr'><strong>Abductio</strong></span> <span class='ocrx_word' id='word_1_278' title='bbox 1083 3632 1240 3686; x_wconf 68' lang='lat' dir='ltr'><strong>asine</strong></span> <span class='ocrx_word' id='word_1_279' title='bbox 1277 3643 1321 3686; x_wconf 87' lang='lat' dir='ltr'><strong>et</strong></span> <span class='ocrx_word' id='word_1_280' title='bbox 1352 3633 1526 3699; x_wconf 83' lang='lat' dir='ltr'><strong>aselli,</strong></span> <span class='ocrx_word' id='word_1_281' title='bbox 1559 3632 1752 3687; x_wconf 82' lang='lat' dir='ltr'><strong>nemine</strong></span> <span class='ocrx_word' id='word_1_282' title='bbox 1795 3641 2073 3698; x_wconf 76' lang='lat' dir='ltr'><strong>recusante,</strong></span> <span class='ocrx_word' id='word_1_283' title='bbox 2101 3632 2221 3702; x_wconf 81' lang='lat' dir='ltr'><strong>quid</strong></span> 
     </span>
    </p>
   </div>
   <div class='ocr_carea' id='block_1_37' title="bbox 647 3722 2217 3796">
    <p class='ocr_par' dir='ltr' id='par_1_37' title="bbox 647 3722 2217 3796">
     <span class='ocr_line' id='line_1_37' title="bbox 647 3722 2217 3796; baseline 0.003 -22"><span class='ocrx_word' id='word_1_284' title='bbox 647 3723 834 3790; x_wconf 81' lang='lat' dir='ltr'><strong>probet.</strong></span> <span class='ocrx_word' id='word_1_285' title='bbox 858 3722 1046 3776; x_wconf 73' lang='lat' dir='ltr'><strong>Christi</strong></span> <span class='ocrx_word' id='word_1_286' title='bbox 1059 3724 1158 3778; x_wconf 78' lang='lat' dir='ltr'><strong>vita</strong></span> <span class='ocrx_word' id='word_1_287' title='bbox 1183 3724 1322 3780; x_wconf 81' lang='lat' dir='ltr'><strong>nobis</strong></span> <span class='ocrx_word' id='word_1_288' title='bbox 1340 3727 1642 3795; x_wconf 72' lang='lat' dir='ltr'><strong>exemplum.</strong></span> <span class='ocrx_word' id='word_1_289' title='bbox 1657 3755 1728 3766; x_wconf 86' lang='lat'><strong>—-</strong></span> <span class='ocrx_word' id='word_1_290' title='bbox 1740 3724 1818 3780; x_wconf 80' lang='lat' dir='ltr'><strong>Nc</strong></span> <span class='ocrx_word' id='word_1_291' title='bbox 1838 3735 1988 3796; x_wconf 88' lang='lat' dir='ltr'><strong>putes</strong></span> <span class='ocrx_word' id='word_1_292' title='bbox 2011 3725 2062 3780; x_wconf 85' lang='lat' dir='ltr'><strong>id</strong></span> <span class='ocrx_word' id='word_1_293' title='bbox 2078 3725 2217 3796; x_wconf 89' lang='lat' dir='ltr'><strong>quod</strong></span> 
     </span>
    </p>
   </div>
   <div class='ocr_carea' id='block_1_38' title="bbox 646 3813 2216 3889">
    <p class='ocr_par' dir='ltr' id='par_1_38' title="bbox 646 3813 2216 3889">
     <span class='ocr_line' id='line_1_38' title="bbox 646 3813 2216 3889; baseline 0.003 -21"><span class='ocrx_word' id='word_1_294' title='bbox 646 3813 838 3868; x_wconf 81' lang='lat' dir='ltr'><strong>factum</strong></span> <span class='ocrx_word' id='word_1_295' title='bbox 869 3827 951 3870; x_wconf 86' lang='lat' dir='ltr'><strong>est</strong></span> <span class='ocrx_word' id='word_1_296' title='bbox 981 3833 1194 3885; x_wconf 81' lang='lat' dir='ltr'><strong>parvum</strong></span> <span class='ocrx_word' id='word_1_297' title='bbox 1217 3817 1340 3886; x_wconf 89' lang='lat' dir='ltr'><strong>quid</strong></span> <span class='ocrx_word' id='word_1_298' title='bbox 1367 3834 1504 3873; x_wconf 86' lang='lat' dir='ltr'><strong>esse.</strong></span> <span class='ocrx_word' id='word_1_299' title='bbox 1541 3817 1670 3886; x_wconf 85' lang='lat' dir='ltr'><strong>Quis</strong></span> <span class='ocrx_word' id='word_1_300' title='bbox 1697 3818 1839 3874; x_wconf 90' lang='lat' dir='ltr'><strong>enim</strong></span> <span class='ocrx_word' id='word_1_301' title='bbox 1870 3819 1973 3873; x_wconf 82' lang='lat' dir='ltr'><strong>illis</strong></span> <span class='ocrx_word' id='word_1_302' title='bbox 1999 3833 2216 3889; x_wconf 86' lang='lat' dir='ltr'><strong>persua-</strong></span> 
     </span>
    </p>
   </div>
   <div class='ocr_carea' id='block_1_39' title="bbox 648 3901 2222 3980">
    <p class='ocr_par' dir='ltr' id='par_1_39' title="bbox 648 3901 2222 3980">
     <span class='ocr_line' id='line_1_39' title="bbox 648 3901 2222 3980; baseline 0.005 -23"><span class='ocrx_word' id='word_1_303' title='bbox 648 3908 735 3966; x_wconf 85' lang='lat' dir='ltr'><strong>sit,</strong></span> <span class='ocrx_word' id='word_1_304' title='bbox 768 3904 891 3960; x_wconf 89' lang='lat' dir='ltr'><strong>dmn</strong></span> <span class='ocrx_word' id='word_1_305' title='bbox 929 3921 1020 3959; x_wconf 88' lang='lat' dir='ltr'><strong>sua</strong></span> <span class='ocrx_word' id='word_1_306' title='bbox 1064 3901 1420 3970; x_wconf 78' lang='lat' dir='ltr'><strong>auferrenlur,</strong></span> <span class='ocrx_word' id='word_1_307' title='bbox 1453 3923 1710 3980; x_wconf 87' lang='lat' dir='ltr'><strong>pauperes</strong></span> <span class='ocrx_word' id='word_1_308' title='bbox 1758 3924 1878 3964; x_wconf 88' lang='lat' dir='ltr'><strong>cum</strong></span> <span class='ocrx_word' id='word_1_309' title='bbox 1926 3919 2124 3973; x_wconf 83' lang='lat' dir='ltr'><strong>essent,</strong></span> <span class='ocrx_word' id='word_1_310' title='bbox 2167 3919 2222 3965; x_wconf 90' lang='lat' dir='ltr'><strong>et</strong></span> 
     </span>
    </p>
   </div>
   <div class='ocr_carea' id='block_1_40' title="bbox 649 3995 2218 4073">
    <p class='ocr_par' dir='ltr' id='par_1_40' title="bbox 649 3995 2218 4073">
     <span class='ocr_line' id='line_1_40' title="bbox 649 3995 2218 4073; baseline 0.006 -25"><span class='ocrx_word' id='word_1_311' title='bbox 649 3995 886 4050; x_wconf 82' lang='lat' dir='ltr'><strong>iortassis</strong></span> <span class='ocrx_word' id='word_1_312' title='bbox 912 3996 1178 4062; x_wconf 68' lang='lat' dir='ltr'><strong>agricolae,</strong></span> <span class='ocrx_word' id='word_1_313' title='bbox 1220 4014 1323 4052; x_wconf 89' lang='lat' dir='ltr'><strong>non</strong></span> <span class='ocrx_word' id='word_1_314' title='bbox 1353 4003 1686 4071; x_wconf 74' lang='lat' dir='ltr'><strong>repugnare?</strong></span> <span class='ocrx_word' id='word_1_315' title='bbox 1723 4011 1777 4056; x_wconf 90' lang='lat' dir='ltr'><strong>et</strong></span> <span class='ocrx_word' id='word_1_316' title='bbox 1811 4002 1937 4073; x_wconf 83' lang='lat' dir='ltr'><strong>quid</strong></span> <span class='ocrx_word' id='word_1_317' title='bbox 1966 4003 2085 4058; x_wconf 86' lang='lat' dir='ltr'><strong>dico</strong></span> <span class='ocrx_word' id='word_1_318' title='bbox 2115 4019 2218 4058; x_wconf 91' lang='lat' dir='ltr'><strong>non</strong></span> 
     </span>
    </p>
   </div>
   <div class='ocr_carea' id='block_1_41' title="bbox 648 4089 2223 4164">
    <p class='ocr_par' dir='ltr' id='par_1_41' title="bbox 648 4089 2223 4164">
     <span class='ocr_line' id='line_1_41' title="bbox 648 4089 2223 4164; baseline 0.004 -22"><span class='ocrx_word' id='word_1_319' title='bbox 648 4089 979 4156; x_wconf 75' lang='lat' dir='ltr'><strong>repugnare?</strong></span> <span class='ocrx_word' id='word_1_320' title='bbox 1007 4103 1072 4142; x_wconf 90' lang='lat' dir='ltr'><strong>ne</strong></span> <span class='ocrx_word' id='word_1_321' title='bbox 1099 4091 1420 4159; x_wconf 88' lang='lat' dir='ltr'><strong>respondere</strong></span> <span class='ocrx_word' id='word_1_322' title='bbox 1462 4092 1696 4159; x_wconf 89' lang='lat' dir='ltr'><strong>quidem,</strong></span> <span class='ocrx_word' id='word_1_323' title='bbox 1730 4093 1808 4148; x_wconf 88' lang='lat' dir='ltr'><strong>vel</strong></span> <span class='ocrx_word' id='word_1_324' title='bbox 1843 4105 1960 4164; x_wconf 87' lang='lat' dir='ltr'><strong>post</strong></span> <span class='ocrx_word' id='word_1_325' title='bbox 2003 4109 2223 4164; x_wconf 73' lang='lat' dir='ltr'><strong>reSpon-</strong></span> 
     </span>
    </p>
   </div>
   <div class='ocr_carea' id='block_1_42' title="bbox 649 4175 2224 4256">
    <p class='ocr_par' dir='ltr' id='par_1_42' title="bbox 649 4175 2224 4256">
     <span class='ocr_line' id='line_1_42' title="bbox 649 4175 2224 4256; baseline 0.007 -27"><span class='ocrx_word' id='word_1_326' title='bbox 649 4175 851 4229; x_wconf 84' lang='lat' dir='ltr'><strong>siuuem</strong></span> <span class='ocrx_word' id='word_1_327' title='bbox 883 4186 1057 4233; x_wconf 74' lang='lat' dir='ltr'><strong>tacere</strong></span> <span class='ocrx_word' id='word_1_328' title='bbox 1085 4194 1146 4233; x_wconf 85' lang='lat' dir='ltr'><strong>ac</strong></span> <span class='ocrx_word' id='word_1_329' title='bbox 1192 4181 1473 4236; x_wconf 78' lang='lat' dir='ltr'><strong>recedere?</strong></span> <span class='ocrx_word' id='word_1_330' title='bbox 1511 4181 1640 4237; x_wconf 85' lang='lat' dir='ltr'><strong>Nam</strong></span> <span class='ocrx_word' id='word_1_331' title='bbox 1684 4195 1966 4254; x_wconf 82' lang='lat' dir='ltr'><strong>utrumque</strong></span> <span class='ocrx_word' id='word_1_332' title='bbox 2006 4185 2224 4256; x_wconf 85' lang='lat' dir='ltr'><strong>perinde</strong></span> 
     </span>
    </p>
   </div>
   <div class='ocr_carea' id='block_1_43' title="bbox 652 4266 2224 4346">
    <p class='ocr_par' dir='ltr' id='par_1_43' title="bbox 652 4266 2224 4346">
     <span class='ocr_line' id='line_1_43' title="bbox 652 4266 2224 4346; baseline 0.009 -28"><span class='ocrx_word' id='word_1_333' title='bbox 652 4266 890 4321; x_wconf 86' lang='lat' dir='ltr'><strong>mirabile</strong></span> <span class='ocrx_word' id='word_1_334' title='bbox 938 4279 1070 4335; x_wconf 87' lang='lat' dir='ltr'><strong>erat,</strong></span> <span class='ocrx_word' id='word_1_335' title='bbox 1100 4270 1240 4339; x_wconf 88' lang='lat' dir='ltr'><strong>quod</strong></span> <span class='ocrx_word' id='word_1_336' title='bbox 1282 4272 1408 4325; x_wconf 89' lang='lat' dir='ltr'><strong>nihil</strong></span> <span class='ocrx_word' id='word_1_337' title='bbox 1458 4272 1708 4341; x_wconf 77' lang='lat' dir='ltr'><strong>dixerint,</strong></span> <span class='ocrx_word' id='word_1_338' title='bbox 1753 4274 1879 4330; x_wconf 92' lang='lat' dir='ltr'><strong>dum</strong></span> <span class='ocrx_word' id='word_1_339' title='bbox 1923 4277 2224 4346; x_wconf 82' lang='lat' dir='ltr'><strong>subjugales</strong></span> 
     </span>
    </p>
   </div>
   <div class='ocr_carea' id='block_1_44' title="bbox 652 4359 2223 4438">
    <p class='ocr_par' dir='ltr' id='par_1_44' title="bbox 652 4359 2223 4438">
     <span class='ocr_line' id='line_1_44' title="bbox 652 4359 2223 4438; baseline 0.006 -26"><span class='ocrx_word' id='word_1_340' title='bbox 652 4359 1060 4427; x_wconf 85' lang='lat' dir='ltr'><strong>abducerentur,</strong></span> <span class='ocrx_word' id='word_1_341' title='bbox 1084 4371 1138 4416; x_wconf 92' lang='lat' dir='ltr'><strong>et</strong></span> <span class='ocrx_word' id='word_1_342' title='bbox 1163 4364 1302 4432; x_wconf 85' lang='lat' dir='ltr'><strong>quod</strong></span> <span class='ocrx_word' id='word_1_343' title='bbox 1322 4365 1616 4432; x_wconf 84' lang='lat' dir='ltr'><strong>audientes,</strong></span> <span class='ocrx_word' id='word_1_344' title='bbox 1650 4367 1928 4422; x_wconf 83' lang='lat' dir='ltr'><strong>Dominum</strong></span> <span class='ocrx_word' id='word_1_345' title='bbox 1947 4368 2073 4438; x_wconf 87' lang='lat' dir='ltr'><strong>ipsis</strong></span> <span class='ocrx_word' id='word_1_346' title='bbox 2092 4384 2223 4437; x_wconf 90' lang='lat' dir='ltr'><strong>opus</strong></span> 
     </span>
    </p>
   </div>
   <div class='ocr_carea' id='block_1_45' title="bbox 651 4450 2221 4525">
    <p class='ocr_par' dir='ltr' id='par_1_45' title="bbox 651 4450 2221 4525">
     <span class='ocr_line' id='line_1_45' title="bbox 651 4450 2221 4525; baseline 0.007 -22"><span class='ocrx_word' id='word_1_347' title='bbox 651 4450 866 4520; x_wconf 83' lang='lat' dir='ltr'><strong>habere,</strong></span> <span class='ocrx_word' id='word_1_348' title='bbox 889 4456 1226 4521; x_wconf 84' lang='lat' dir='ltr'><strong>recesserint,</strong></span> <span class='ocrx_word' id='word_1_349' title='bbox 1251 4472 1346 4511; x_wconf 90' lang='lat' dir='ltr'><strong>nec</strong></span> <span class='ocrx_word' id='word_1_350' title='bbox 1373 4460 1808 4525; x_wconf 77' lang='lat' dir='ltr'><strong>contrmlixeriut,</strong></span> <span class='ocrx_word' id='word_1_351' title='bbox 1840 4461 2068 4516; x_wconf 87' lang='lat' dir='ltr'><strong>maxime</strong></span> <span class='ocrx_word' id='word_1_352' title='bbox 2101 4476 2221 4515; x_wconf 88' lang='lat' dir='ltr'><strong>cum</strong></span> 
     </span>
    </p>
   </div>
   <div class='ocr_carea' id='block_1_46' title="bbox 650 4544 2220 4622">
    <p class='ocr_par' dir='ltr' id='par_1_46' title="bbox 650 4544 2220 4622">
     <span class='ocr_line' id='line_1_46' title="bbox 650 4544 2220 4622; baseline 0.007 -26"><span class='ocrx_word' id='word_1_353' title='bbox 650 4557 756 4597; x_wconf 86' lang='lat' dir='ltr'><strong>non</strong></span> <span class='ocrx_word' id='word_1_354' title='bbox 785 4544 954 4614; x_wconf 86' lang='lat' dir='ltr'><strong>ipsum</strong></span> <span class='ocrx_word' id='word_1_355' title='bbox 987 4546 1291 4614; x_wconf 87' lang='lat' dir='ltr'><strong>Dominum,</strong></span> <span class='ocrx_word' id='word_1_356' title='bbox 1343 4548 1435 4604; x_wconf 86' lang='lat' dir='ltr'><strong>sed</strong></span> <span class='ocrx_word' id='word_1_357' title='bbox 1471 4550 1756 4621; x_wconf 89' lang='lat' dir='ltr'><strong>discipulos</strong></span> <span class='ocrx_word' id='word_1_358' title='bbox 1801 4555 1914 4622; x_wconf 88' lang='lat' dir='ltr'><strong>ejus</strong></span> <span class='ocrx_word' id='word_1_359' title='bbox 1964 4553 2220 4608; x_wconf 81' lang='lat' dir='ltr'><strong>viderent.</strong></span> 
     </span>
    </p>
   </div>
   <div class='ocr_carea' id='block_1_47' title="bbox 653 4633 2222 4709">
    <p class='ocr_par' dir='ltr' id='par_1_47' title="bbox 653 4633 2222 4709">
     <span class='ocr_line' id='line_1_47' title="bbox 653 4633 2222 4709; baseline 0.008 -23"><span class='ocrx_word' id='word_1_360' title='bbox 653 4633 786 4688; x_wconf 88' lang='lat' dir='ltr'><strong>Hinc</strong></span> <span class='ocrx_word' id='word_1_361' title='bbox 827 4635 983 4690; x_wconf 85' lang='lat' dir='ltr'><strong>docet</strong></span> <span class='ocrx_word' id='word_1_362' title='bbox 1012 4653 1124 4706; x_wconf 89' lang='lat' dir='ltr'><strong>eos,</strong></span> <span class='ocrx_word' id='word_1_363' title='bbox 1156 4654 1214 4694; x_wconf 88' lang='lat' dir='ltr'><strong>se</strong></span> <span class='ocrx_word' id='word_1_364' title='bbox 1251 4640 1485 4709; x_wconf 80' lang='lat' dir='ltr'><strong>potuisse</strong></span> <span class='ocrx_word' id='word_1_365' title='bbox 1514 4641 1723 4697; x_wconf 67' lang='lat' dir='ltr'><strong>Iudaeos</strong></span> <span class='ocrx_word' id='word_1_366' title='bbox 1762 4645 1844 4698; x_wconf 88' lang='lat' dir='ltr'><strong>vel</strong></span> <span class='ocrx_word' id='word_1_367' title='bbox 1885 4644 2076 4698; x_wconf 82' lang='lat' dir='ltr'><strong>invitos</strong></span> <span class='ocrx_word' id='word_1_368' title='bbox 2105 4660 2222 4697; x_wconf 88' lang='lat' dir='ltr'><strong>om-</strong></span> 
     </span>
    </p>
   </div>
   <div class='ocr_carea' id='block_1_48' title="bbox 653 4725 2226 4804">
    <p class='ocr_par' dir='ltr' id='par_1_48' title="bbox 653 4725 2226 4804">
     <span class='ocr_line' id='line_1_48' title="bbox 653 4725 2226 4804; baseline 0.008 -26"><span class='ocrx_word' id='word_1_369' title='bbox 653 4725 778 4778; x_wconf 87' lang='lat' dir='ltr'><strong>nino</strong></span> <span class='ocrx_word' id='word_1_370' title='bbox 802 4727 1072 4793; x_wconf 79' lang='lat' dir='ltr'><strong>cobiberc,</strong></span> <span class='ocrx_word' id='word_1_371' title='bbox 1113 4730 1326 4799; x_wconf 75' lang='lat' dir='ltr'><strong>quando</strong></span> <span class='ocrx_word' id='word_1_372' title='bbox 1369 4747 1426 4785; x_wconf 90' lang='lat' dir='ltr'><strong>se</strong></span> <span class='ocrx_word' id='word_1_373' title='bbox 1465 4731 1694 4786; x_wconf 87' lang='lat' dir='ltr'><strong>invasuri</strong></span> <span class='ocrx_word' id='word_1_374' title='bbox 1736 4744 1935 4798; x_wconf 80' lang='lat' dir='ltr'><strong>essent,</strong></span> <span class='ocrx_word' id='word_1_375' title='bbox 1979 4735 2226 4804; x_wconf 85' lang='lat' dir='ltr'><strong>ipsosque</strong></span> 
     </span>
    </p>
   </div>
   <div class='ocr_carea' id='block_1_49' title="bbox 655 4819 2226 4884">
    <p class='ocr_par' dir='ltr' id='par_1_49' title="bbox 655 4819 2226 4884">
     <span class='ocr_line' id='line_1_49' title="bbox 655 4819 2226 4884; baseline 0.009 -17"><span class='ocrx_word' id='word_1_376' title='bbox 655 4825 829 4875; x_wconf 69' lang='lat' dir='ltr'><strong>nudos</strong></span> <span class='ocrx_word' id='word_1_377' title='bbox 851 4819 1092 4884; x_wconf 86' lang='lat' dir='ltr'><strong>reddere,</strong></span> <span class='ocrx_word' id='word_1_378' title='bbox 1126 4822 1216 4875; x_wconf 89' lang='lat' dir='ltr'><strong>sed</strong></span> <span class='ocrx_word' id='word_1_379' title='bbox 1248 4822 1502 4878; x_wconf 88' lang='lat' dir='ltr'><strong>noluisse.</strong></span> <span class='ocrx_word' id='word_1_380' title='bbox 1535 4823 1665 4878; x_wconf 86' lang='lat' dir='ltr'><strong>Hinc</strong></span> <span class='ocrx_word' id='word_1_381' title='bbox 1695 4827 1854 4880; x_wconf 78' lang='lat' dir='ltr'><strong>etiam</strong></span> <span class='ocrx_word' id='word_1_382' title='bbox 1883 4825 2038 4882; x_wconf 89' lang='lat' dir='ltr'><strong>docet</strong></span> <span class='ocrx_word' id='word_1_383' title='bbox 2070 4825 2226 4881; x_wconf 85' lang='lat' dir='ltr'><strong>disci-</strong></span> 
     </span>
    </p>
   </div>
   <div class='ocr_carea' id='block_1_50' title="bbox 655 4905 2222 4987">
    <p class='ocr_par' dir='ltr' id='par_1_50' title="bbox 655 4905 2222 4987">
     <span class='ocr_line' id='line_1_50' title="bbox 655 4905 2222 4987; baseline 0.011 -29"><span class='ocrx_word' id='word_1_384' title='bbox 655 4905 848 4973; x_wconf 74' lang='lat' dir='ltr'><strong>pulos,</strong></span> <span class='ocrx_word' id='word_1_385' title='bbox 891 4908 1142 4981; x_wconf 84' lang='lat' dir='ltr'><strong>quidquid</strong></span> <span class='ocrx_word' id='word_1_386' title='bbox 1203 4913 1314 4982; x_wconf 89' lang='lat' dir='ltr'><strong>ipse</strong></span> <span class='ocrx_word' id='word_1_387' title='bbox 1376 4924 1582 4984; x_wconf 85' lang='lat' dir='ltr'><strong>peteret</strong></span> <span class='ocrx_word' id='word_1_388' title='bbox 1635 4916 1866 4972; x_wconf 87' lang='lat' dir='ltr'><strong>dandum</strong></span> <span class='ocrx_word' id='word_1_389' title='bbox 1935 4928 2222 4987; x_wconf 78' lang='lat' dir='ltr'><strong>oportere.</strong></span> 
     </span>
    </p>
   </div>
   <div class='ocr_carea' id='block_1_51' title="bbox 654 4995 2226 5072">
    <p class='ocr_par' dir='ltr' id='par_1_51' title="bbox 654 4995 2226 5072">
     <span class='ocr_line' id='line_1_51' title="bbox 654 4995 2226 5072; baseline 0.01 -23"><span class='ocrx_word' id='word_1_390' title='bbox 654 4995 859 5052; x_wconf 86' lang='lat' dir='ltr'><strong>etiamsi</strong></span> <span class='ocrx_word' id='word_1_391' title='bbox 879 4998 1089 5068; x_wconf 87' lang='lat' dir='ltr'><strong>juberet</strong></span> <span class='ocrx_word' id='word_1_392' title='bbox 1115 5003 1279 5072; x_wconf 88' lang='lat' dir='ltr'><strong>ipsam</strong></span> <span class='ocrx_word' id='word_1_393' title='bbox 1307 5007 1534 5061; x_wconf 88' lang='lat' dir='ltr'><strong>animam</strong></span> <span class='ocrx_word' id='word_1_394' title='bbox 1568 5008 1797 5072; x_wconf 62' lang='lat' dir='ltr'><strong>eradere,</strong></span> <span class='ocrx_word' id='word_1_395' title='bbox 1821 5023 1919 5064; x_wconf 90' lang='lat' dir='ltr'><strong>nec</strong></span> <span class='ocrx_word' id='word_1_396' title='bbox 1954 5010 2226 5064; x_wconf 77' lang='lat' dir='ltr'><strong>contradi-</strong></span> 
     </span>
    </p>
   </div>
   <div class='ocr_carea' id='block_1_52' title="bbox 654 5089 2226 5173">
    <p class='ocr_par' dir='ltr' id='par_1_52' title="bbox 654 5089 2226 5173">
     <span class='ocr_line' id='line_1_52' title="bbox 654 5089 2226 5173; baseline 0.011 -31"><span class='ocrx_word' id='word_1_397' title='bbox 654 5089 880 5144; x_wconf 84' lang='lat' dir='ltr'><strong>cendum</strong></span> <span class='ocrx_word' id='word_1_398' title='bbox 909 5107 1047 5150; x_wconf 85' lang='lat' dir='ltr'><strong>esse.</strong></span> <span class='ocrx_word' id='word_1_399' title='bbox 1077 5093 1205 5150; x_wconf 83' lang='lat' dir='ltr'><strong>Nam</strong></span> <span class='ocrx_word' id='word_1_400' title='bbox 1251 5097 1296 5152; x_wconf 91' lang='lat' dir='ltr'><strong>si</strong></span> <span class='ocrx_word' id='word_1_401' title='bbox 1339 5097 1498 5168; x_wconf 89' lang='lat' dir='ltr'><strong>ignoti</strong></span> <span class='ocrx_word' id='word_1_402' title='bbox 1529 5112 1837 5170; x_wconf 82' lang='lat' dir='ltr'><strong>paruewut,</strong></span> <span class='ocrx_word' id='word_1_403' title='bbox 1867 5103 2032 5157; x_wconf 88' lang='lat' dir='ltr'><strong>multo</strong></span> <span class='ocrx_word' id='word_1_404' title='bbox 2061 5106 2226 5173; x_wconf 81' lang='lat' dir='ltr'><strong>magis</strong></span> 
     </span>
    </p>
   </div>
   <div class='ocr_carea' id='block_1_53' title="bbox 657 5179 2227 5270">
    <p class='ocr_par' dir='ltr' id='par_1_53' title="bbox 657 5179 2227 5270">
     <span class='ocr_line' id='line_1_53' title="bbox 657 5179 2227 5270; baseline 0.01 -37"><span class='ocrx_word' id='word_1_405' title='bbox 657 5179 798 5250; x_wconf 83' lang='lat' dir='ltr'><strong>ipsos</strong></span> <span class='ocrx_word' id='word_1_406' title='bbox 822 5185 997 5238; x_wconf 84' lang='lat' dir='ltr'><strong>omnia</strong></span> <span class='ocrx_word' id='word_1_407' title='bbox 1041 5186 1338 5270; x_wconf 84' lang='lat' dir='ltr'><strong>relinquere</strong></span> <span class='ocrx_word' id='word_1_408' title='bbox 1368 5194 1663 5258; x_wconf 70' lang='lat' dir='ltr'><strong>Oportebat.</strong></span> <span class='ocrx_word' id='word_1_409' title='bbox 1693 5194 1771 5248; x_wconf 82' lang='lat' dir='ltr'><strong>Ad</strong></span> <span class='ocrx_word' id='word_1_410' title='bbox 1804 5194 1916 5248; x_wconf 74' lang='lat' dir='ltr'><strong>inec</strong></span> <span class='ocrx_word' id='word_1_411' title='bbox 1944 5193 2097 5247; x_wconf 81' lang='lat' dir='ltr'><strong>aliam</strong></span> <span class='ocrx_word' id='word_1_412' title='bbox 2131 5197 2227 5248; x_wconf 56' lang='lat' dir='ltr'><strong>duo</strong></span> 
     </span>
    </p>
   </div>
   <div class='ocr_carea' id='block_1_54' title="bbox 659 5276 2223 5357">
    <p class='ocr_par' dir='ltr' id='par_1_54' title="bbox 659 5276 2223 5357">
     <span class='ocr_line' id='line_1_54' title="bbox 659 5276 2223 5357; baseline 0.006 -27"><span class='ocrx_word' id='word_1_413' title='bbox 659 5276 948 5348; x_wconf 86' lang='lat' dir='ltr'><strong>plicemquo</strong></span> <span class='ocrx_word' id='word_1_414' title='bbox 1000 5281 1330 5351; x_wconf 83' lang='lat' dir='ltr'><strong>prophetiam</strong></span> <span class='ocrx_word' id='word_1_415' title='bbox 1378 5283 1654 5353; x_wconf 82' lang='lat' dir='ltr'><strong>implebat;</strong></span> <span class='ocrx_word' id='word_1_416' title='bbox 1701 5288 1858 5341; x_wconf 86' lang='lat' dir='ltr'><strong>aliam</strong></span> <span class='ocrx_word' id='word_1_417' title='bbox 1912 5304 2003 5356; x_wconf 84' lang='lat' dir='ltr'><strong>per</strong></span> <span class='ocrx_word' id='word_1_418' title='bbox 2041 5304 2223 5357; x_wconf 69' lang='lat' dir='ltr'><strong>opera,</strong></span> 
     </span>
    </p>
   </div>
   <div class='ocr_carea' id='block_1_55' title="bbox 655 5370 2228 5453">
    <p class='ocr_par' dir='ltr' id='par_1_55' title="bbox 655 5370 2228 5453">
     <span class='ocr_line' id='line_1_55' title="bbox 655 5370 2228 5453; baseline 0.008 -30"><span class='ocrx_word' id='word_1_419' title='bbox 655 5370 809 5424; x_wconf 85' lang='lat' dir='ltr'><strong>aliam</strong></span> <span class='ocrx_word' id='word_1_420' title='bbox 838 5387 931 5441; x_wconf 89' lang='lat' dir='ltr'><strong>per</strong></span> <span class='ocrx_word' id='word_1_421' title='bbox 955 5373 1133 5440; x_wconf 85' lang='lat' dir='ltr'><strong>verba,</strong></span> <span class='ocrx_word' id='word_1_422' title='bbox 1177 5391 1364 5446; x_wconf 88' lang='lat' dir='ltr'><strong>nempe</strong></span> <span class='ocrx_word' id='word_1_423' title='bbox 1391 5377 1658 5434; x_wconf 69' lang='lat' dir='ltr'><strong>Zachariae</strong></span> <span class='ocrx_word' id='word_1_424' title='bbox 1701 5382 1991 5453; x_wconf 67' lang='lat' dir='ltr'><strong>propin-tm,</strong></span> <span class='ocrx_word' id='word_1_425' title='bbox 2032 5381 2118 5450; x_wconf 90' lang='lat' dir='ltr'><strong>qui</strong></span> <span class='ocrx_word' id='word_1_426' title='bbox 2150 5381 2228 5435; x_wconf 88' lang='lat' dir='ltr'><strong>di-</strong></span> 
     </span>
    </p>
   </div>
   <div class='ocr_carea' id='block_1_56' title="bbox 657 5463 2222 5543">
    <p class='ocr_par' dir='ltr' id='par_1_56' title="bbox 657 5463 2222 5543">
     <span class='ocr_line' id='line_1_56' title="bbox 657 5463 2222 5543; baseline 0.01 -27"><span class='ocrx_word' id='word_1_427' title='bbox 657 5463 751 5524; x_wconf 85' lang='lat' dir='ltr'><strong>xit,</strong></span> <span class='ocrx_word' id='word_1_428' title='bbox 782 5477 960 5533; x_wconf 84' lang='lat' dir='ltr'><strong>regem</strong></span> <span class='ocrx_word' id='word_1_429' title='bbox 989 5480 1261 5522; x_wconf 72' lang='lat' dir='ltr'><strong>cessurum</strong></span> <span class='ocrx_word' id='word_1_430' title='bbox 1288 5485 1406 5524; x_wconf 81' lang='lat' dir='ltr'><strong>esse</strong></span> <span class='ocrx_word' id='word_1_431' title='bbox 1437 5487 1594 5542; x_wconf 82' lang='lat' dir='ltr'><strong>super</strong></span> <span class='ocrx_word' id='word_1_432' title='bbox 1616 5475 1816 5527; x_wconf 84' lang='lat' dir='ltr'><strong>asinam</strong></span> <span class='ocrx_word' id='word_1_433' title='bbox 1847 5473 2032 5541; x_wconf 82' lang='lat' dir='ltr'><strong>(Zach.</strong></span> <span class='ocrx_word' id='word_1_434' title='bbox 2059 5475 2109 5529; x_wconf 89' lang='lat'><strong>9.</strong></span> <span class='ocrx_word' id='word_1_435' title='bbox 2135 5475 2222 5543; x_wconf 85' lang='lat'><strong>9);</strong></span> 
     </span>
    </p>
   </div>
   <div class='ocr_carea' id='block_1_57' title="bbox 658 5553 2224 5633">
    <p class='ocr_par' dir='ltr' id='par_1_57' title="bbox 658 5553 2224 5633">
     <span class='ocr_line' id='line_1_57' title="bbox 658 5553 2224 5633; baseline 0.008 -26"><span class='ocrx_word' id='word_1_436' title='bbox 658 5567 778 5607; x_wconf 88' lang='lat' dir='ltr'><strong>nam</strong></span> <span class='ocrx_word' id='word_1_437' title='bbox 802 5553 991 5610; x_wconf 74' lang='lat' dir='ltr'><strong>sedens</strong></span> <span class='ocrx_word' id='word_1_438' title='bbox 1019 5557 1128 5626; x_wconf 85' lang='lat' dir='ltr'><strong>ipse</strong></span> <span class='ocrx_word' id='word_1_439' title='bbox 1169 5561 1497 5631; x_wconf 81' lang='lat' dir='ltr'><strong>prophetiam</strong></span> <span class='ocrx_word' id='word_1_440' title='bbox 1527 5565 1775 5633; x_wconf 84' lang='lat' dir='ltr'><strong>implevit.</strong></span> <span class='ocrx_word' id='word_1_441' title='bbox 1825 5567 1981 5620; x_wconf 80' lang='lat' dir='ltr'><strong>Aliud</strong></span> <span class='ocrx_word' id='word_1_442' title='bbox 2031 5567 2224 5621; x_wconf 87' lang='lat' dir='ltr'><strong>iterum</strong></span> 
     </span>
    </p>
   </div>
   <div class='ocr_carea' id='block_1_58' title="bbox 657 5647 2227 5728">
    <p class='ocr_par' dir='ltr' id='par_1_58' title="bbox 657 5647 2227 5728">
     <span class='ocr_line' id='line_1_58' title="bbox 657 5647 2227 5728; baseline 0.009 -29"><span class='ocrx_word' id='word_1_443' title='bbox 657 5647 950 5716; x_wconf 72' lang='lat' dir='ltr'><strong>prophetia:</strong></span> <span class='ocrx_word' id='word_1_444' title='bbox 981 5648 1184 5706; x_wconf 89' lang='lat' dir='ltr'><strong>initium</strong></span> <span class='ocrx_word' id='word_1_445' title='bbox 1211 5653 1387 5718; x_wconf 81' lang='lat' dir='ltr'><strong>dabat,</strong></span> <span class='ocrx_word' id='word_1_446' title='bbox 1415 5658 1576 5726; x_wconf 67' lang='lat' dir='ltr'><strong>gestis</strong></span> <span class='ocrx_word' id='word_1_447' title='bbox 1615 5657 1724 5711; x_wconf 86' lang='lat' dir='ltr'><strong>suis</strong></span> <span class='ocrx_word' id='word_1_448' title='bbox 1752 5659 1920 5713; x_wconf 80' lang='lat' dir='ltr'><strong>futura</strong></span> <span class='ocrx_word' id='word_1_449' title='bbox 1954 5658 2227 5728; x_wconf 70' lang='lat' dir='ltr'><strong>pnes-igni-</strong></span> 
     </span>
    </p>
   </div>
   <div class='ocr_carea' id='block_1_59' title="bbox 659 5741 2224 5821">
    <p class='ocr_par' dir='ltr' id='par_1_59' title="bbox 659 5741 2224 5821">
     <span class='ocr_line' id='line_1_59' title="bbox 659 5741 2224 5821; baseline 0.009 -27"><span class='ocrx_word' id='word_1_450' title='bbox 659 5741 841 5795; x_wconf 76' lang='lat' dir='ltr'><strong>licans.</strong></span> <span class='ocrx_word' id='word_1_451' title='bbox 888 5741 1002 5810; x_wconf 89' lang='lat' dir='ltr'><strong>Quo</strong></span> <span class='ocrx_word' id='word_1_452' title='bbox 1046 5745 1591 5818; x_wconf 69' lang='lat' dir='ltr'><strong>pactoilnqiurarum</strong></span> <span class='ocrx_word' id='word_1_453' title='bbox 1632 5753 1862 5821; x_wconf 85' lang='lat' dir='ltr'><strong>gentium</strong></span> <span class='ocrx_word' id='word_1_454' title='bbox 1897 5752 2224 5808; x_wconf 87' lang='lat' dir='ltr'><strong>vocationem</strong></span> 
     </span>
    </p>
   </div>
   <div class='ocr_carea' id='block_1_60' title="bbox 661 5837 2226 5918">
    <p class='ocr_par' dir='ltr' id='par_1_60' title="bbox 661 5837 2226 5918">
     <span class='ocr_line' id='line_1_60' title="bbox 661 5837 2226 5918; baseline 0.011 -31"><span class='ocrx_word' id='word_1_455' title='bbox 661 5837 1045 5905; x_wconf 70' lang='lat' dir='ltr'><strong>prartruntiabat</strong></span> <span class='ocrx_word' id='word_1_456' title='bbox 1077 5855 1090 5892; x_wconf 90' lang='lat'><strong>:</strong></span> <span class='ocrx_word' id='word_1_457' title='bbox 1122 5837 1232 5894; x_wconf 81' lang='lat' dir='ltr'><strong>fore</strong></span> <span class='ocrx_word' id='word_1_458' title='bbox 1273 5856 1460 5911; x_wconf 76' lang='lat' dir='ltr'><strong>nempe</strong></span> <span class='ocrx_word' id='word_1_459' title='bbox 1502 5854 1553 5897; x_wconf 89' lang='lat' dir='ltr'><strong>ut</strong></span> <span class='ocrx_word' id='word_1_460' title='bbox 1585 5847 1634 5899; x_wconf 92' lang='lat' dir='ltr'><strong>in</strong></span> <span class='ocrx_word' id='word_1_461' title='bbox 1667 5846 1790 5916; x_wconf 82' lang='lat' dir='ltr'><strong>ipsis</strong></span> <span class='ocrx_word' id='word_1_462' title='bbox 1821 5849 2135 5918; x_wconf 39' lang='lat' dir='ltr'><strong>requiescat,</strong></span> <span class='ocrx_word' id='word_1_463' title='bbox 2173 5860 2226 5904; x_wconf 91' lang='lat' dir='ltr'><strong>ut</strong></span> 
     </span>
    </p>
   </div>
   <div class='ocr_carea' id='block_1_61' title="bbox 1403 415 3197 481">
    <p class='ocr_par' dir='ltr' id='par_1_61' title="bbox 1403 415 3197 481">
     <span class='ocr_line' id='line_1_61' title="bbox 1403 415 3197 481; baseline -0.003 -1"><span class='ocrx_word' id='word_1_464' title='bbox 1403 423 1458 480; x_wconf 80' lang='lat'><strong>8.</strong></span> <span class='ocrx_word' id='word_1_465' title='bbox 1499 421 1776 481; x_wconf 73' lang='lat' dir='ltr'><strong>IOANNIS</strong></span> <span class='ocrx_word' id='word_1_466' title='bbox 1808 416 2282 478; x_wconf 71' lang='lat' dir='ltr'><strong>CllRYSOSTOMI</strong></span> <span class='ocrx_word' id='word_1_467' title='bbox 2325 415 2638 476; x_wconf 74' lang='lat' dir='ltr'><strong>ARCHIEP.</strong></span> <span class='ocrx_word' id='word_1_468' title='bbox 2669 416 3197 477; x_wconf 66' lang='lat' dir='ltr'><strong>CONSTANII-Nlll’.</strong></span> 
     </span>
    </p>
   </div>
   <div class='ocr_carea' id='block_1_62' title="bbox 3769 416 3871 468">
    <p class='ocr_par' dir='ltr' id='par_1_62' title="bbox 3769 416 3871 468">
     <span class='ocr_line' id='line_1_62' title="bbox 3769 416 3871 468; baseline -0.069 1"><span class='ocrx_word' id='word_1_469' title='bbox 3769 416 3871 468; x_wconf 63' lang='lat'><strong>6&#39;28</strong></span> 
     </span>
    </p>
   </div>
   <div class='ocr_carea' id='block_1_63' title="bbox 2303 529 3874 605">
    <p class='ocr_par' dir='ltr' id='par_1_63' title="bbox 2303 529 3874 605">
     <span class='ocr_line' id='line_1_63' title="bbox 2303 529 3874 605; baseline -0.004 -18"><span class='ocrx_word' id='word_1_470' title='bbox 2303 536 2516 591; x_wconf 87' lang='lat' dir='ltr'><strong>veniant</strong></span> <span class='ocrx_word' id='word_1_471' title='bbox 2541 533 2607 591; x_wconf 84' lang='lat' dir='ltr'><strong>ad</strong></span> <span class='ocrx_word' id='word_1_472' title='bbox 2637 551 2780 600; x_wconf 89' lang='lat' dir='ltr'><strong>eum,</strong></span> <span class='ocrx_word' id='word_1_473' title='bbox 2808 536 3084 605; x_wconf 86' lang='lat' dir='ltr'><strong>ipsumque</strong></span> <span class='ocrx_word' id='word_1_474' title='bbox 3126 543 3455 604; x_wconf 79' lang='lat' dir='ltr'><strong>sequantur;</strong></span> <span class='ocrx_word' id='word_1_475' title='bbox 3491 530 3569 586; x_wconf 86' lang='lat' dir='ltr'><strong>sle</strong></span> <span class='ocrx_word' id='word_1_476' title='bbox 3597 529 3874 601; x_wconf 57' lang='lat' dir='ltr'><strong>prophetia</strong></span> 
     </span>
    </p>
   </div>
   <div class='ocr_carea' id='block_1_64' title="bbox 2300 621 3879 698">
    <p class='ocr_par' dir='ltr' id='par_1_64' title="bbox 2300 621 3879 698">
     <span class='ocr_line' id='line_1_64' title="bbox 2300 621 3879 698; baseline -0.006 -17"><span class='ocrx_word' id='word_1_477' title='bbox 2300 625 2634 698; x_wconf 81' lang='lat' dir='ltr'><strong>prophetiam</strong></span> <span class='ocrx_word' id='word_1_478' title='bbox 2659 629 2889 698; x_wconf 81' lang='lat' dir='ltr'><strong>excepit.</strong></span> <span class='ocrx_word' id='word_1_479' title='bbox 2924 626 3046 680; x_wconf 72' lang='lat' dir='ltr'><strong>Mihi</strong></span> <span class='ocrx_word' id='word_1_480' title='bbox 3068 641 3194 680; x_wconf 84' lang='lat' dir='ltr'><strong>vero</strong></span> <span class='ocrx_word' id='word_1_481' title='bbox 3224 641 3327 678; x_wconf 82' lang='lat' dir='ltr'><strong>non</strong></span> <span class='ocrx_word' id='word_1_482' title='bbox 3354 639 3414 676; x_wconf 86' lang='lat' dir='ltr'><strong>ea</strong></span> <span class='ocrx_word' id='word_1_483' title='bbox 3437 622 3610 678; x_wconf 85' lang='lat' dir='ltr'><strong>solum</strong></span> <span class='ocrx_word' id='word_1_484' title='bbox 3630 621 3697 676; x_wconf 89' lang='lat' dir='ltr'><strong>de</strong></span> <span class='ocrx_word' id='word_1_485' title='bbox 3718 633 3879 673; x_wconf 72' lang='lat' dir='ltr'><strong>causa</strong></span> 
     </span>
    </p>
   </div>
   <div class='ocr_carea' id='block_1_65' title="bbox 2302 713 3884 788">
    <p class='ocr_par' dir='ltr' id='par_1_65' title="bbox 2302 713 3884 788">
     <span class='ocr_line' id='line_1_65' title="bbox 2302 713 3884 788; baseline -0.004 -16"><span class='ocrx_word' id='word_1_486' title='bbox 2302 720 2509 774; x_wconf 88' lang='lat' dir='ltr'><strong>videtur</strong></span> <span class='ocrx_word' id='word_1_487' title='bbox 2544 732 2707 788; x_wconf 81' lang='lat' dir='ltr'><strong>super</strong></span> <span class='ocrx_word' id='word_1_488' title='bbox 2732 721 2934 772; x_wconf 83' lang='lat' dir='ltr'><strong>asinam</strong></span> <span class='ocrx_word' id='word_1_489' title='bbox 2963 718 3187 783; x_wconf 80' lang='lat' dir='ltr'><strong>sedisse,</strong></span> <span class='ocrx_word' id='word_1_490' title='bbox 3219 715 3313 771; x_wconf 84' lang='lat' dir='ltr'><strong>sed</strong></span> <span class='ocrx_word' id='word_1_491' title='bbox 3349 726 3406 770; x_wconf 90' lang='lat' dir='ltr'><strong>ut</strong></span> <span class='ocrx_word' id='word_1_492' title='bbox 3446 714 3600 771; x_wconf 88' lang='lat' dir='ltr'><strong>nobis</strong></span> <span class='ocrx_word' id='word_1_493' title='bbox 3645 713 3884 784; x_wconf 84' lang='lat' dir='ltr'><strong>philoso-</strong></span> 
     </span>
    </p>
   </div>
   <div class='ocr_carea' id='block_1_66' title="bbox 2303 803 3885 882">
    <p class='ocr_par' dir='ltr' id='par_1_66' title="bbox 2303 803 3885 882">
     <span class='ocr_line' id='line_1_66' title="bbox 2303 803 3885 882; baseline -0.003 -19"><span class='ocrx_word' id='word_1_494' title='bbox 2303 811 2440 882; x_wconf 80' lang='lat' dir='ltr'><strong>phia:</strong></span> <span class='ocrx_word' id='word_1_495' title='bbox 2478 810 2690 866; x_wconf 80' lang='lat' dir='ltr'><strong>modum</strong></span> <span class='ocrx_word' id='word_1_496' title='bbox 2736 810 2986 866; x_wconf 88' lang='lat' dir='ltr'><strong>traderet.</strong></span> <span class='ocrx_word' id='word_1_497' title='bbox 3037 810 3150 865; x_wconf 83' lang='lat' dir='ltr'><strong>Non</strong></span> <span class='ocrx_word' id='word_1_498' title='bbox 3199 808 3358 864; x_wconf 86' lang='lat' dir='ltr'><strong>modo</strong></span> <span class='ocrx_word' id='word_1_499' title='bbox 3398 807 3538 863; x_wconf 88' lang='lat' dir='ltr'><strong>enim</strong></span> <span class='ocrx_word' id='word_1_500' title='bbox 3579 803 3885 876; x_wconf 79' lang='lat' dir='ltr'><strong>prophetias</strong></span> 
     </span>
    </p>
   </div>
   <div class='ocr_carea' id='block_1_67' title="bbox 2307 895 3882 973">
    <p class='ocr_par' dir='ltr' id='par_1_67' title="bbox 2307 895 3882 973">
     <span class='ocr_line' id='line_1_67' title="bbox 2307 895 3882 973; baseline -0.004 -16"><span class='ocrx_word' id='word_1_501' title='bbox 2307 902 2576 972; x_wconf 85' lang='lat' dir='ltr'><strong>implebat,</strong></span> <span class='ocrx_word' id='word_1_502' title='bbox 2605 915 2778 973; x_wconf 87' lang='lat' dir='ltr'><strong>neque</strong></span> <span class='ocrx_word' id='word_1_503' title='bbox 2822 911 3023 956; x_wconf 86' lang='lat' dir='ltr'><strong>tantum</strong></span> <span class='ocrx_word' id='word_1_504' title='bbox 3053 902 3295 972; x_wconf 75' lang='lat' dir='ltr'><strong>dogmata</strong></span> <span class='ocrx_word' id='word_1_505' title='bbox 3325 897 3562 954; x_wconf 83' lang='lat' dir='ltr'><strong>veritatis</strong></span> <span class='ocrx_word' id='word_1_506' title='bbox 3590 895 3882 952; x_wconf 81' lang='lat' dir='ltr'><strong>inserebat.</strong></span> 
     </span>
    </p>
   </div>
   <div class='ocr_carea' id='block_1_68' title="bbox 2305 987 3882 1063">
    <p class='ocr_par' dir='ltr' id='par_1_68' title="bbox 2305 987 3882 1063">
     <span class='ocr_line' id='line_1_68' title="bbox 2305 987 3882 1063; baseline -0.004 -15"><span class='ocrx_word' id='word_1_507' title='bbox 2305 992 2401 1050; x_wconf 86' lang='lat' dir='ltr'><strong>sed</strong></span> <span class='ocrx_word' id='word_1_508' title='bbox 2431 1009 2524 1063; x_wconf 89' lang='lat' dir='ltr'><strong>per</strong></span> <span class='ocrx_word' id='word_1_509' title='bbox 2554 993 2668 1048; x_wconf 75' lang='lat' dir='ltr'><strong>lure</strong></span> <span class='ocrx_word' id='word_1_510' title='bbox 2705 994 2860 1048; x_wconf 88' lang='lat' dir='ltr'><strong>nobis</strong></span> <span class='ocrx_word' id='word_1_511' title='bbox 2898 1001 3103 1049; x_wconf 87' lang='lat' dir='ltr'><strong>rectum</strong></span> <span class='ocrx_word' id='word_1_512' title='bbox 3135 992 3254 1048; x_wconf 79' lang='lat' dir='ltr'><strong>vine</strong></span> <span class='ocrx_word' id='word_1_513' title='bbox 3283 991 3580 1046; x_wconf 85' lang='lat' dir='ltr'><strong>institutum</strong></span> <span class='ocrx_word' id='word_1_514' title='bbox 3618 987 3882 1052; x_wconf 83' lang='lat' dir='ltr'><strong>tradebat.</strong></span> 
     </span>
    </p>
   </div>
   <div class='ocr_carea' id='block_1_69' title="bbox 2309 1082 3882 1157">
    <p class='ocr_par' dir='ltr' id='par_1_69' title="bbox 2309 1082 3882 1157">
     <span class='ocr_line' id='line_1_69' title="bbox 2309 1082 3882 1157; baseline -0.003 -17"><span class='ocrx_word' id='word_1_515' title='bbox 2309 1087 2502 1157; x_wconf 87' lang='lat' dir='ltr'><strong>ubique</strong></span> <span class='ocrx_word' id='word_1_516' title='bbox 2531 1087 2683 1141; x_wconf 85' lang='lat' dir='ltr'><strong>nobis</strong></span> <span class='ocrx_word' id='word_1_517' title='bbox 2703 1086 2912 1156; x_wconf 83' lang='lat' dir='ltr'><strong>regulas</strong></span> <span class='ocrx_word' id='word_1_518' title='bbox 2938 1086 3215 1157; x_wconf 73' lang='lat' dir='ltr'><strong>assignans</strong></span> <span class='ocrx_word' id='word_1_519' title='bbox 3239 1084 3304 1140; x_wconf 87' lang='lat' dir='ltr'><strong>ad</strong></span> <span class='ocrx_word' id='word_1_520' title='bbox 3331 1082 3686 1139; x_wconf 87' lang='lat' dir='ltr'><strong>necessarium</strong></span> <span class='ocrx_word' id='word_1_521' title='bbox 3704 1095 3882 1144; x_wconf 84' lang='lat' dir='ltr'><strong>usum.</strong></span> 
     </span>
    </p>
   </div>
   <div class='ocr_carea' id='block_1_70' title="bbox 2307 1171 3886 1247">
    <p class='ocr_par' dir='ltr' id='par_1_70' title="bbox 2307 1171 3886 1247">
     <span class='ocr_line' id='line_1_70' title="bbox 2307 1171 3886 1247; baseline -0.005 -14"><span class='ocrx_word' id='word_1_522' title='bbox 2307 1187 2361 1233; x_wconf 89' lang='lat' dir='ltr'><strong>ct</strong></span> <span class='ocrx_word' id='word_1_523' title='bbox 2410 1177 2475 1233; x_wconf 87' lang='lat' dir='ltr'><strong>ad</strong></span> <span class='ocrx_word' id='word_1_524' title='bbox 2520 1179 2678 1232; x_wconf 85' lang='lat' dir='ltr'><strong>vitam</strong></span> <span class='ocrx_word' id='word_1_525' title='bbox 2711 1177 2873 1246; x_wconf 88' lang='lat' dir='ltr'><strong>probe</strong></span> <span class='ocrx_word' id='word_1_526' title='bbox 2923 1192 3138 1247; x_wconf 83' lang='lat' dir='ltr'><strong>semper</strong></span> <span class='ocrx_word' id='word_1_527' title='bbox 3164 1174 3445 1247; x_wconf 79' lang='lat' dir='ltr'><strong>agendam.</strong></span> <span class='ocrx_word' id='word_1_528' title='bbox 3485 1171 3715 1242; x_wconf 81' lang='lat' dir='ltr'><strong>Ideoque</strong></span> <span class='ocrx_word' id='word_1_529' title='bbox 3760 1185 3886 1227; x_wconf 85' lang='lat' dir='ltr'><strong>cum</strong></span> 
     </span>
    </p>
   </div>
   <div class='ocr_carea' id='block_1_71' title="bbox 2309 1261 3882 1338">
    <p class='ocr_par' dir='ltr' id='par_1_71' title="bbox 2309 1261 3882 1338">
     <span class='ocr_line' id='line_1_71' title="bbox 2309 1261 3882 1338; baseline -0.006 -15"><span class='ocrx_word' id='word_1_530' title='bbox 2309 1269 2604 1324; x_wconf 86' lang='lat' dir='ltr'><strong>nasciturus</strong></span> <span class='ocrx_word' id='word_1_531' title='bbox 2650 1278 2809 1335; x_wconf 80' lang='lat' dir='ltr'><strong>esset,</strong></span> <span class='ocrx_word' id='word_1_532' title='bbox 2840 1283 2944 1323; x_wconf 93' lang='lat' dir='ltr'><strong>non</strong></span> <span class='ocrx_word' id='word_1_533' title='bbox 2985 1266 3317 1338; x_wconf 86' lang='lat' dir='ltr'><strong>splendidam</strong></span> <span class='ocrx_word' id='word_1_534' title='bbox 3361 1264 3577 1320; x_wconf 88' lang='lat' dir='ltr'><strong>domum</strong></span> <span class='ocrx_word' id='word_1_535' title='bbox 3618 1261 3882 1334; x_wconf 74' lang='lat' dir='ltr'><strong>qumslvit,</strong></span> 
     </span>
    </p>
   </div>
   <div class='ocr_carea' id='block_1_72' title="bbox 2309 1355 3889 1425">
    <p class='ocr_par' dir='ltr' id='par_1_72' title="bbox 2309 1355 3889 1425">
     <span class='ocr_line' id='line_1_72' title="bbox 2309 1355 3889 1425; baseline -0.006 -9"><span class='ocrx_word' id='word_1_536' title='bbox 2309 1377 2413 1416; x_wconf 89' lang='lat' dir='ltr'><strong>non</strong></span> <span class='ocrx_word' id='word_1_537' title='bbox 2440 1372 2661 1416; x_wconf 86' lang='lat' dir='ltr'><strong>matrem</strong></span> <span class='ocrx_word' id='word_1_538' title='bbox 2690 1359 2906 1417; x_wconf 83' lang='lat' dir='ltr'><strong>divitem</strong></span> <span class='ocrx_word' id='word_1_539' title='bbox 2934 1370 2990 1416; x_wconf 86' lang='lat' dir='ltr'><strong>et</strong></span> <span class='ocrx_word' id='word_1_540' title='bbox 3032 1360 3313 1424; x_wconf 87' lang='lat' dir='ltr'><strong>illustrem,</strong></span> <span class='ocrx_word' id='word_1_541' title='bbox 3355 1355 3450 1413; x_wconf 86' lang='lat' dir='ltr'><strong>sed</strong></span> <span class='ocrx_word' id='word_1_542' title='bbox 3498 1368 3787 1425; x_wconf 84' lang='lat' dir='ltr'><strong>pauperem</strong></span> <span class='ocrx_word' id='word_1_543' title='bbox 3831 1361 3889 1408; x_wconf 82' lang='lat' dir='ltr'><strong>et</strong></span> 
     </span>
    </p>
   </div>
   <div class='ocr_carea' id='block_1_73' title="bbox 2309 1444 3887 1523">
    <p class='ocr_par' dir='ltr' id='par_1_73' title="bbox 2309 1444 3887 1523">
     <span class='ocr_line' id='line_1_73' title="bbox 2309 1444 3887 1523; baseline -0.006 -16"><span class='ocrx_word' id='word_1_544' title='bbox 2309 1466 2561 1523; x_wconf 86' lang='lat' dir='ltr'><strong>sponsum</strong></span> <span class='ocrx_word' id='word_1_545' title='bbox 2607 1451 2811 1508; x_wconf 81' lang='lat' dir='ltr'><strong>fabrum</strong></span> <span class='ocrx_word' id='word_1_546' title='bbox 2841 1452 3143 1518; x_wconf 87' lang='lat' dir='ltr'><strong>habentem,</strong></span> <span class='ocrx_word' id='word_1_547' title='bbox 3191 1458 3349 1521; x_wconf 85' lang='lat' dir='ltr'><strong>atque</strong></span> <span class='ocrx_word' id='word_1_548' title='bbox 3379 1447 3430 1502; x_wconf 91' lang='lat' dir='ltr'><strong>in</strong></span> <span class='ocrx_word' id='word_1_549' title='bbox 3479 1444 3688 1516; x_wconf 85' lang='lat' dir='ltr'><strong>tugurio</strong></span> <span class='ocrx_word' id='word_1_550' title='bbox 3714 1444 3887 1499; x_wconf 69' lang='lat' dir='ltr'><strong>nasi-i-</strong></span> 
     </span>
    </p>
   </div>
   <div class='ocr_carea' id='block_1_74' title="bbox 2311 1533 3886 1614">
    <p class='ocr_par' dir='ltr' id='par_1_74' title="bbox 2311 1533 3886 1614">
     <span class='ocr_line' id='line_1_74' title="bbox 2311 1533 3886 1614; baseline -0.003 -18"><span class='ocrx_word' id='word_1_551' title='bbox 2311 1552 2397 1598; x_wconf 89' lang='lat' dir='ltr'><strong>tur</strong></span> <span class='ocrx_word' id='word_1_552' title='bbox 2415 1555 2466 1598; x_wconf 91' lang='lat' dir='ltr'><strong>et</strong></span> <span class='ocrx_word' id='word_1_553' title='bbox 2494 1545 2544 1598; x_wconf 90' lang='lat' dir='ltr'><strong>iu</strong></span> <span class='ocrx_word' id='word_1_554' title='bbox 2575 1545 2834 1614; x_wconf 45' lang='lat' dir='ltr'><strong>praisepio</strong></span> <span class='ocrx_word' id='word_1_555' title='bbox 2872 1542 3175 1598; x_wconf 82' lang='lat' dir='ltr'><strong>reclinatur.</strong></span> <span class='ocrx_word' id='word_1_556' title='bbox 3223 1539 3357 1596; x_wconf 89' lang='lat' dir='ltr'><strong>Cum</strong></span> <span class='ocrx_word' id='word_1_557' title='bbox 3386 1536 3678 1606; x_wconf 77' lang='lat' dir='ltr'><strong>discipulos</strong></span> <span class='ocrx_word' id='word_1_558' title='bbox 3702 1533 3886 1605; x_wconf 79' lang='lat' dir='ltr'><strong>elegit.</strong></span> 
     </span>
    </p>
   </div>
   <div class='ocr_carea' id='block_1_75' title="bbox 2313 1627 3890 1705">
    <p class='ocr_par' dir='ltr' id='par_1_75' title="bbox 2313 1627 3890 1705">
     <span class='ocr_line' id='line_1_75' title="bbox 2313 1627 3890 1705; baseline -0.006 -16"><span class='ocrx_word' id='word_1_559' title='bbox 2313 1649 2416 1690; x_wconf 84' lang='lat' dir='ltr'><strong>non</strong></span> <span class='ocrx_word' id='word_1_560' title='bbox 2445 1637 2688 1690; x_wconf 83' lang='lat' dir='ltr'><strong>rhetoras</strong></span> <span class='ocrx_word' id='word_1_561' title='bbox 2727 1643 2782 1689; x_wconf 89' lang='lat' dir='ltr'><strong>et</strong></span> <span class='ocrx_word' id='word_1_562' title='bbox 2816 1633 3013 1705; x_wconf 84' lang='lat' dir='ltr'><strong>sophos</strong></span> <span class='ocrx_word' id='word_1_563' title='bbox 3037 1631 3297 1704; x_wconf 73' lang='lat' dir='ltr'><strong>quaesivit,</strong></span> <span class='ocrx_word' id='word_1_564' title='bbox 3328 1643 3500 1700; x_wconf 88' lang='lat' dir='ltr'><strong>neque</strong></span> <span class='ocrx_word' id='word_1_565' title='bbox 3523 1627 3810 1698; x_wconf 83' lang='lat' dir='ltr'><strong>opulentos</strong></span> <span class='ocrx_word' id='word_1_566' title='bbox 3835 1637 3890 1680; x_wconf 88' lang='lat' dir='ltr'><strong>et</strong></span> 
     </span>
    </p>
   </div>
   <div class='ocr_carea' id='block_1_76' title="bbox 2313 1714 3890 1794">
    <p class='ocr_par' dir='ltr' id='par_1_76' title="bbox 2313 1714 3890 1794">
     <span class='ocr_line' id='line_1_76' title="bbox 2313 1714 3890 1794; baseline -0.005 -16"><span class='ocrx_word' id='word_1_567' title='bbox 2313 1724 2539 1788; x_wconf 85' lang='lat' dir='ltr'><strong>nobiles,</strong></span> <span class='ocrx_word' id='word_1_568' title='bbox 2571 1723 2665 1779; x_wconf 85' lang='lat' dir='ltr'><strong>sed</strong></span> <span class='ocrx_word' id='word_1_569' title='bbox 2694 1737 2972 1794; x_wconf 80' lang='lat' dir='ltr'><strong>pauperes,</strong></span> <span class='ocrx_word' id='word_1_570' title='bbox 3008 1735 3300 1792; x_wconf 86' lang='lat' dir='ltr'><strong>pauperum</strong></span> <span class='ocrx_word' id='word_1_571' title='bbox 3329 1720 3482 1783; x_wconf 81' lang='lat' dir='ltr'><strong>ﬁlios,</strong></span> <span class='ocrx_word' id='word_1_572' title='bbox 3513 1727 3570 1773; x_wconf 86' lang='lat' dir='ltr'><strong>et</strong></span> <span class='ocrx_word' id='word_1_573' title='bbox 3607 1714 3890 1788; x_wconf 81' lang='lat' dir='ltr'><strong>ignobiles.</strong></span> 
     </span>
    </p>
   </div>
   <div class='ocr_carea' id='block_1_77' title="bbox 2316 1808 3893 1884">
    <p class='ocr_par' dir='ltr' id='par_1_77' title="bbox 2316 1808 3893 1884">
     <span class='ocr_line' id='line_1_77' title="bbox 2316 1808 3893 1884; baseline -0.006 -13"><span class='ocrx_word' id='word_1_574' title='bbox 2316 1816 2524 1871; x_wconf 81' lang='lat' dir='ltr'><strong>Etcum</strong></span> <span class='ocrx_word' id='word_1_575' title='bbox 2569 1829 2806 1870; x_wconf 87' lang='lat' dir='ltr'><strong>mensam</strong></span> <span class='ocrx_word' id='word_1_576' title='bbox 2845 1822 3153 1884; x_wconf 87' lang='lat' dir='ltr'><strong>apponeret,</strong></span> <span class='ocrx_word' id='word_1_577' title='bbox 3193 1810 3350 1866; x_wconf 86' lang='lat' dir='ltr'><strong>modo</strong></span> <span class='ocrx_word' id='word_1_578' title='bbox 3374 1824 3538 1881; x_wconf 84' lang='lat' dir='ltr'><strong>panes</strong></span> <span class='ocrx_word' id='word_1_579' title='bbox 3564 1808 3893 1863; x_wconf 82' lang='lat' dir='ltr'><strong>Itordeaeeos</strong></span> 
     </span>
    </p>
   </div>
   <div class='ocr_carea' id='block_1_78' title="bbox 2315 1900 3892 1975">
    <p class='ocr_par' dir='ltr' id='par_1_78' title="bbox 2315 1900 3892 1975">
     <span class='ocr_line' id='line_1_78' title="bbox 2315 1900 3892 1975; baseline -0.006 -15"><span class='ocrx_word' id='word_1_580' title='bbox 2315 1905 2534 1968; x_wconf 90' lang='lat' dir='ltr'><strong>inducit,</strong></span> <span class='ocrx_word' id='word_1_581' title='bbox 2565 1903 2723 1960; x_wconf 91' lang='lat' dir='ltr'><strong>modo</strong></span> <span class='ocrx_word' id='word_1_582' title='bbox 2747 1903 3036 1975; x_wconf 85' lang='lat' dir='ltr'><strong>discipulos</strong></span> <span class='ocrx_word' id='word_1_583' title='bbox 3065 1903 3115 1958; x_wconf 92' lang='lat' dir='ltr'><strong>in</strong></span> <span class='ocrx_word' id='word_1_584' title='bbox 3143 1901 3258 1956; x_wconf 79' lang='lat' dir='ltr'><strong>loro</strong></span> <span class='ocrx_word' id='word_1_585' title='bbox 3277 1900 3428 1971; x_wconf 83' lang='lat' dir='ltr'><strong>jubet</strong></span> <span class='ocrx_word' id='word_1_586' title='bbox 3451 1914 3665 1966; x_wconf 71' lang='lat' dir='ltr'><strong>ertiere;</strong></span> <span class='ocrx_word' id='word_1_587' title='bbox 3695 1909 3892 1954; x_wconf 86' lang='lat' dir='ltr'><strong>etcum</strong></span> 
     </span>
    </p>
   </div>
   <div class='ocr_carea' id='block_1_79' title="bbox 2314 1989 3893 2066">
    <p class='ocr_par' dir='ltr' id='par_1_79' title="bbox 2314 1989 3893 2066">
     <span class='ocr_line' id='line_1_79' title="bbox 2314 1989 3893 2066; baseline -0.007 -14"><span class='ocrx_word' id='word_1_588' title='bbox 2314 1996 2481 2052; x_wconf 85' lang='lat' dir='ltr'><strong>lectos</strong></span> <span class='ocrx_word' id='word_1_589' title='bbox 2499 1994 2564 2049; x_wconf 86' lang='lat' dir='ltr'><strong>ad</strong></span> <span class='ocrx_word' id='word_1_590' title='bbox 2589 2009 2824 2050; x_wconf 88' lang='lat' dir='ltr'><strong>mensam</strong></span> <span class='ocrx_word' id='word_1_591' title='bbox 2845 2003 3018 2066; x_wconf 89' lang='lat' dir='ltr'><strong>parat,</strong></span> <span class='ocrx_word' id='word_1_592' title='bbox 3042 1995 3185 2050; x_wconf 59' lang='lat' dir='ltr'><strong>freno</strong></span> <span class='ocrx_word' id='word_1_593' title='bbox 3211 1992 3276 2046; x_wconf 87' lang='lat' dir='ltr'><strong>ad</strong></span> <span class='ocrx_word' id='word_1_594' title='bbox 3305 1991 3355 2046; x_wconf 90' lang='lat' dir='ltr'><strong>id</strong></span> <span class='ocrx_word' id='word_1_595' title='bbox 3379 1991 3560 2046; x_wconf 89' lang='lat' dir='ltr'><strong>utitur.</strong></span> <span class='ocrx_word' id='word_1_596' title='bbox 3589 1989 3893 2043; x_wconf 76' lang='lat' dir='ltr'><strong>Vestimen-</strong></span> 
     </span>
    </p>
   </div>
   <div class='ocr_carea' id='block_1_80' title="bbox 2317 2083 3892 2156">
    <p class='ocr_par' dir='ltr' id='par_1_80' title="bbox 2317 2083 3892 2156">
     <span class='ocr_line' id='line_1_80' title="bbox 2317 2083 3892 2156; baseline -0.004 -15"><span class='ocrx_word' id='word_1_597' title='bbox 2317 2089 2385 2142; x_wconf 85' lang='lat' dir='ltr'><strong>tis</strong></span> <span class='ocrx_word' id='word_1_598' title='bbox 2411 2086 2647 2143; x_wconf 89' lang='lat' dir='ltr'><strong>induitur</strong></span> <span class='ocrx_word' id='word_1_599' title='bbox 2683 2086 2873 2142; x_wconf 84' lang='lat' dir='ltr'><strong>vilibus</strong></span> <span class='ocrx_word' id='word_1_600' title='bbox 2901 2094 2956 2143; x_wconf 88' lang='lat' dir='ltr'><strong>et</strong></span> <span class='ocrx_word' id='word_1_601' title='bbox 2991 2085 3058 2142; x_wconf 90' lang='lat' dir='ltr'><strong>ad</strong></span> <span class='ocrx_word' id='word_1_602' title='bbox 3090 2085 3232 2156; x_wconf 85' lang='lat' dir='ltr'><strong>vulgi</strong></span> <span class='ocrx_word' id='word_1_603' title='bbox 3273 2100 3426 2139; x_wconf 85' lang='lat' dir='ltr'><strong>usum</strong></span> <span class='ocrx_word' id='word_1_604' title='bbox 3455 2083 3892 2154; x_wconf 81' lang='lat' dir='ltr'><strong>pertinentibus:</strong></span> 
     </span>
    </p>
   </div>
   <div class='ocr_carea' id='block_1_81' title="bbox 2314 2172 3894 2248">
    <p class='ocr_par' dir='ltr' id='par_1_81' title="bbox 2314 2172 3894 2248">
     <span class='ocr_line' id='line_1_81' title="bbox 2314 2172 3894 2248; baseline -0.006 -14"><span class='ocrx_word' id='word_1_605' title='bbox 2314 2178 2532 2234; x_wconf 89' lang='lat' dir='ltr'><strong>domum</strong></span> <span class='ocrx_word' id='word_1_606' title='bbox 2563 2192 2631 2233; x_wconf 89' lang='lat' dir='ltr'><strong>ne</strong></span> <span class='ocrx_word' id='word_1_607' title='bbox 2663 2176 2843 2231; x_wconf 90' lang='lat' dir='ltr'><strong>habuit</strong></span> <span class='ocrx_word' id='word_1_608' title='bbox 2871 2175 3108 2248; x_wconf 86' lang='lat' dir='ltr'><strong>quidem.</strong></span> <span class='ocrx_word' id='word_1_609' title='bbox 3137 2175 3193 2232; x_wconf 87' lang='lat' dir='ltr'><strong>Si</strong></span> <span class='ocrx_word' id='word_1_610' title='bbox 3221 2191 3349 2230; x_wconf 84' lang='lat' dir='ltr'><strong>vero</strong></span> <span class='ocrx_word' id='word_1_611' title='bbox 3378 2191 3440 2230; x_wconf 84' lang='lat' dir='ltr'><strong>ex</strong></span> <span class='ocrx_word' id='word_1_612' title='bbox 3483 2174 3601 2229; x_wconf 88' lang='lat' dir='ltr'><strong>loco</strong></span> <span class='ocrx_word' id='word_1_613' title='bbox 3627 2173 3680 2228; x_wconf 90' lang='lat' dir='ltr'><strong>in</strong></span> <span class='ocrx_word' id='word_1_614' title='bbox 3717 2172 3894 2227; x_wconf 85' lang='lat' dir='ltr'><strong>locum</strong></span> 
     </span>
    </p>
   </div>
   <div class='ocr_carea' id='block_1_82' title="bbox 2313 2265 3896 2340">
    <p class='ocr_par' dir='ltr' id='par_1_82' title="bbox 2313 2265 3896 2340">
     <span class='ocr_line' id='line_1_82' title="bbox 2313 2265 3896 2340; baseline -0.005 -16"><span class='ocrx_word' id='word_1_615' title='bbox 2313 2270 2464 2326; x_wconf 88' lang='lat' dir='ltr'><strong>abire</strong></span> <span class='ocrx_word' id='word_1_616' title='bbox 2490 2285 2626 2340; x_wconf 79' lang='lat' dir='ltr'><strong>Opus</strong></span> <span class='ocrx_word' id='word_1_617' title='bbox 2653 2279 2816 2337; x_wconf 86' lang='lat' dir='ltr'><strong>esset,</strong></span> <span class='ocrx_word' id='word_1_618' title='bbox 2846 2269 2898 2325; x_wconf 86' lang='lat' dir='ltr'><strong>id</strong></span> <span class='ocrx_word' id='word_1_619' title='bbox 2937 2269 3160 2339; x_wconf 83' lang='lat' dir='ltr'><strong>pedibus</strong></span> <span class='ocrx_word' id='word_1_620' title='bbox 3190 2268 3334 2334; x_wconf 79' lang='lat' dir='ltr'><strong>facit,</strong></span> <span class='ocrx_word' id='word_1_621' title='bbox 3363 2277 3522 2338; x_wconf 85' lang='lat' dir='ltr'><strong>atque</strong></span> <span class='ocrx_word' id='word_1_622' title='bbox 3551 2267 3621 2322; x_wconf 92' lang='lat' dir='ltr'><strong>ila</strong></span> <span class='ocrx_word' id='word_1_623' title='bbox 3654 2275 3709 2320; x_wconf 93' lang='lat' dir='ltr'><strong>ut</strong></span> <span class='ocrx_word' id='word_1_624' title='bbox 3739 2265 3896 2320; x_wconf 80' lang='lat' dir='ltr'><strong>dela-</strong></span> 
     </span>
    </p>
   </div>
   <div class='ocr_carea' id='block_1_83' title="bbox 2316 2355 3898 2433">
    <p class='ocr_par' dir='ltr' id='par_1_83' title="bbox 2316 2355 3898 2433">
     <span class='ocr_line' id='line_1_83' title="bbox 2316 2355 3898 2433; baseline -0.005 -16"><span class='ocrx_word' id='word_1_625' title='bbox 2316 2363 2530 2433; x_wconf 87' lang='lat' dir='ltr'><strong>tigctur.</strong></span> <span class='ocrx_word' id='word_1_626' title='bbox 2560 2361 2765 2417; x_wconf 87' lang='lat' dir='ltr'><strong>Sedens</strong></span> <span class='ocrx_word' id='word_1_627' title='bbox 2793 2375 2899 2416; x_wconf 92' lang='lat' dir='ltr'><strong>non</strong></span> <span class='ocrx_word' id='word_1_628' title='bbox 2927 2361 3066 2416; x_wconf 87' lang='lat' dir='ltr'><strong>solio</strong></span> <span class='ocrx_word' id='word_1_629' title='bbox 3102 2373 3236 2430; x_wconf 87' lang='lat' dir='ltr'><strong>opus</strong></span> <span class='ocrx_word' id='word_1_630' title='bbox 3282 2359 3458 2422; x_wconf 88' lang='lat' dir='ltr'><strong>habet,</strong></span> <span class='ocrx_word' id='word_1_631' title='bbox 3512 2372 3683 2426; x_wconf 86' lang='lat' dir='ltr'><strong>neque</strong></span> <span class='ocrx_word' id='word_1_632' title='bbox 3726 2355 3898 2424; x_wconf 84' lang='lat' dir='ltr'><strong>pulvi-</strong></span> 
     </span>
    </p>
   </div>
   <div class='ocr_carea' id='block_1_84' title="bbox 2318 2446 3899 2523">
    <p class='ocr_par' dir='ltr' id='par_1_84' title="bbox 2318 2446 3899 2523">
     <span class='ocr_line' id='line_1_84' title="bbox 2318 2446 3899 2523; baseline -0.006 -14"><span class='ocrx_word' id='word_1_633' title='bbox 2318 2453 2455 2520; x_wconf 88' lang='lat' dir='ltr'><strong>nari,</strong></span> <span class='ocrx_word' id='word_1_634' title='bbox 2483 2453 2576 2508; x_wconf 85' lang='lat' dir='ltr'><strong>sed</strong></span> <span class='ocrx_word' id='word_1_635' title='bbox 2599 2455 2651 2509; x_wconf 89' lang='lat' dir='ltr'><strong>iu</strong></span> <span class='ocrx_word' id='word_1_636' title='bbox 2674 2453 2791 2509; x_wconf 85' lang='lat' dir='ltr'><strong>solo</strong></span> <span class='ocrx_word' id='word_1_637' title='bbox 2816 2453 2932 2523; x_wconf 85' lang='lat' dir='ltr'><strong>ipso</strong></span> <span class='ocrx_word' id='word_1_638' title='bbox 2952 2451 3122 2516; x_wconf 83' lang='lat' dir='ltr'><strong>sedet.</strong></span> <span class='ocrx_word' id='word_1_639' title='bbox 3148 2449 3437 2521; x_wconf 85' lang='lat' dir='ltr'><strong>aliquando</strong></span> <span class='ocrx_word' id='word_1_640' title='bbox 3476 2450 3528 2504; x_wconf 93' lang='lat' dir='ltr'><strong>in</strong></span> <span class='ocrx_word' id='word_1_641' title='bbox 3566 2457 3764 2511; x_wconf 89' lang='lat' dir='ltr'><strong>monte,</strong></span> <span class='ocrx_word' id='word_1_642' title='bbox 3800 2446 3899 2500; x_wconf 85' lang='lat' dir='ltr'><strong>ali-</strong></span> 
     </span>
    </p>
   </div>
   <div class='ocr_carea' id='block_1_85' title="bbox 2318 2539 3900 2615">
    <p class='ocr_par' dir='ltr' id='par_1_85' title="bbox 2318 2539 3900 2615">
     <span class='ocr_line' id='line_1_85' title="bbox 2318 2539 3900 2615; baseline -0.005 -17"><span class='ocrx_word' id='word_1_643' title='bbox 2318 2544 2534 2615; x_wconf 88' lang='lat' dir='ltr'><strong>quando</strong></span> <span class='ocrx_word' id='word_1_644' title='bbox 2562 2542 2629 2598; x_wconf 90' lang='lat' dir='ltr'><strong>ad</strong></span> <span class='ocrx_word' id='word_1_645' title='bbox 2657 2543 2854 2599; x_wconf 80' lang='lat' dir='ltr'><strong>fontem</strong></span> <span class='ocrx_word' id='word_1_646' title='bbox 2879 2559 2895 2611; x_wconf 86' lang='lat'><strong>;</strong></span> <span class='ocrx_word' id='word_1_647' title='bbox 2923 2558 3022 2598; x_wconf 89' lang='lat' dir='ltr'><strong>nec</strong></span> <span class='ocrx_word' id='word_1_648' title='bbox 3048 2542 3114 2596; x_wconf 90' lang='lat' dir='ltr'><strong>ad</strong></span> <span class='ocrx_word' id='word_1_649' title='bbox 3143 2541 3340 2597; x_wconf 78' lang='lat' dir='ltr'><strong>fontem</strong></span> <span class='ocrx_word' id='word_1_650' title='bbox 3369 2549 3590 2601; x_wconf 84' lang='lat' dir='ltr'><strong>tantum.</strong></span> <span class='ocrx_word' id='word_1_651' title='bbox 3619 2539 3712 2593; x_wconf 89' lang='lat' dir='ltr'><strong>sed</strong></span> <span class='ocrx_word' id='word_1_652' title='bbox 3749 2539 3900 2591; x_wconf 82' lang='lat' dir='ltr'><strong>solus</strong></span> 
     </span>
    </p>
   </div>
   <div class='ocr_carea' id='block_1_86' title="bbox 2318 2626 3902 2702">
    <p class='ocr_par' dir='ltr' id='par_1_86' title="bbox 2318 2626 3902 2702">
     <span class='ocr_line' id='line_1_86' title="bbox 2318 2626 3902 2702; baseline -0.004 -12"><span class='ocrx_word' id='word_1_653' title='bbox 2318 2650 2439 2690; x_wconf 93' lang='lat' dir='ltr'><strong>cum</strong></span> <span class='ocrx_word' id='word_1_654' title='bbox 2466 2633 2798 2692; x_wconf 86' lang='lat' dir='ltr'><strong>Samaritana</strong></span> <span class='ocrx_word' id='word_1_655' title='bbox 2829 2632 3060 2702; x_wconf 90' lang='lat' dir='ltr'><strong>loquitur</strong></span> <span class='ocrx_word' id='word_1_656' title='bbox 3084 2631 3259 2702; x_wconf 79' lang='lat' dir='ltr'><strong>(Joan.</strong></span> <span class='ocrx_word' id='word_1_657' title='bbox 3291 2631 3372 2700; x_wconf 78' lang='grc'><strong>4).</strong></span> <span class='ocrx_word' id='word_1_658' title='bbox 3419 2628 3548 2685; x_wconf 89' lang='lat' dir='ltr'><strong>Item</strong></span> <span class='ocrx_word' id='word_1_659' title='bbox 3588 2629 3679 2699; x_wconf 88' lang='lat' dir='ltr'><strong>qui</strong></span> <span class='ocrx_word' id='word_1_660' title='bbox 3723 2626 3902 2683; x_wconf 87' lang='lat' dir='ltr'><strong>dolori</strong></span> 
     </span>
    </p>
   </div>
   <div class='ocr_carea' id='block_1_87' title="bbox 2321 2721 3900 2798">
    <p class='ocr_par' dir='ltr' id='par_1_87' title="bbox 2321 2721 3900 2798">
     <span class='ocr_line' id='line_1_87' title="bbox 2321 2721 3900 2798; baseline -0.005 -15"><span class='ocrx_word' id='word_1_661' title='bbox 2321 2727 2538 2783; x_wconf 84' lang='lat' dir='ltr'><strong>modum</strong></span> <span class='ocrx_word' id='word_1_662' title='bbox 2562 2726 2768 2793; x_wconf 87' lang='lat' dir='ltr'><strong>statuit,</strong></span> <span class='ocrx_word' id='word_1_663' title='bbox 2795 2741 2917 2782; x_wconf 91' lang='lat' dir='ltr'><strong>cum</strong></span> <span class='ocrx_word' id='word_1_664' title='bbox 2950 2726 3128 2798; x_wconf 85' lang='lat' dir='ltr'><strong>lugere</strong></span> <span class='ocrx_word' id='word_1_665' title='bbox 3154 2733 3384 2795; x_wconf 87' lang='lat' dir='ltr'><strong>oportet,</strong></span> <span class='ocrx_word' id='word_1_666' title='bbox 3419 2721 3692 2793; x_wconf 89' lang='lat' dir='ltr'><strong>paululum</strong></span> <span class='ocrx_word' id='word_1_667' title='bbox 3721 2721 3900 2793; x_wconf 80' lang='lat' dir='ltr'><strong>laery-</strong></span> 
     </span>
    </p>
   </div>
   <div class='ocr_carea' id='block_1_88' title="bbox 2321 2815 3897 2888">
    <p class='ocr_par' dir='ltr' id='par_1_88' title="bbox 2321 2815 3897 2888">
     <span class='ocr_line' id='line_1_88' title="bbox 2321 2815 3897 2888; baseline -0.005 -15"><span class='ocrx_word' id='word_1_668' title='bbox 2321 2827 2514 2885; x_wconf 87' lang='lat' dir='ltr'><strong>matur,</strong></span> <span class='ocrx_word' id='word_1_669' title='bbox 2545 2819 2761 2888; x_wconf 85' lang='lat' dir='ltr'><strong>ubique,</strong></span> <span class='ocrx_word' id='word_1_670' title='bbox 2798 2826 2855 2873; x_wconf 92' lang='lat' dir='ltr'><strong>ut</strong></span> <span class='ocrx_word' id='word_1_671' title='bbox 2875 2817 3006 2885; x_wconf 80' lang='lat' dir='ltr'><strong>dixi,</strong></span> <span class='ocrx_word' id='word_1_672' title='bbox 3035 2818 3243 2886; x_wconf 86' lang='lat' dir='ltr'><strong>regulas</strong></span> <span class='ocrx_word' id='word_1_673' title='bbox 3270 2815 3629 2884; x_wconf 82' lang='lat' dir='ltr'><strong>terminosque</strong></span> <span class='ocrx_word' id='word_1_674' title='bbox 3667 2826 3897 2884; x_wconf 87' lang='lat' dir='ltr'><strong>ponens,</strong></span> 
     </span>
    </p>
   </div>
   <div class='ocr_carea' id='block_1_89' title="bbox 2319 2905 3903 2981">
    <p class='ocr_par' dir='ltr' id='par_1_89' title="bbox 2319 2905 3903 2981">
     <span class='ocr_line' id='line_1_89' title="bbox 2319 2905 3903 2981; baseline -0.003 -20"><span class='ocrx_word' id='word_1_675' title='bbox 2319 2925 2594 2980; x_wconf 89' lang='lat' dir='ltr'><strong>quousque</strong></span> <span class='ocrx_word' id='word_1_676' title='bbox 2622 2908 2835 2981; x_wconf 85' lang='lat' dir='ltr'><strong>procedi</strong></span> <span class='ocrx_word' id='word_1_677' title='bbox 2863 2906 3076 2972; x_wconf 87' lang='lat' dir='ltr'><strong>debeat,</strong></span> <span class='ocrx_word' id='word_1_678' title='bbox 3129 2916 3182 2962; x_wconf 87' lang='lat' dir='ltr'><strong>et</strong></span> <span class='ocrx_word' id='word_1_679' title='bbox 3208 2907 3292 2961; x_wconf 90' lang='lat' dir='ltr'><strong>ubi</strong></span> <span class='ocrx_word' id='word_1_680' title='bbox 3338 2908 3527 2962; x_wconf 78' lang='lat' dir='ltr'><strong>sistere</strong></span> <span class='ocrx_word' id='word_1_681' title='bbox 3551 2905 3771 2975; x_wconf 87' lang='lat' dir='ltr'><strong>gradmn</strong></span> <span class='ocrx_word' id='word_1_682' title='bbox 3803 2919 3903 2972; x_wconf 64' lang='lat' dir='ltr'><strong>pur</strong></span> 
     </span>
    </p>
   </div>
   <div class='ocr_carea' id='block_1_90' title="bbox 2318 2995 3902 3070">
    <p class='ocr_par' dir='ltr' id='par_1_90' title="bbox 2318 2995 3902 3070">
     <span class='ocr_line' id='line_1_90' title="bbox 2318 2995 3902 3070; baseline -0.004 -13"><span class='ocrx_word' id='word_1_683' title='bbox 2318 3004 2405 3057; x_wconf 87' lang='lat' dir='ltr'><strong>sit.</strong></span> <span class='ocrx_word' id='word_1_684' title='bbox 2454 2999 2580 3057; x_wconf 91' lang='lat' dir='ltr'><strong>Ideo</strong></span> <span class='ocrx_word' id='word_1_685' title='bbox 2629 3017 2770 3055; x_wconf 90' lang='lat' dir='ltr'><strong>nunc</strong></span> <span class='ocrx_word' id='word_1_686' title='bbox 2808 3001 2990 3067; x_wconf 88' lang='lat' dir='ltr'><strong>etiam,</strong></span> <span class='ocrx_word' id='word_1_687' title='bbox 3034 2999 3156 3070; x_wconf 89' lang='lat' dir='ltr'><strong>quia</strong></span> <span class='ocrx_word' id='word_1_688' title='bbox 3195 2999 3410 3068; x_wconf 84' lang='lat' dir='ltr'><strong>contigit</strong></span> <span class='ocrx_word' id='word_1_689' title='bbox 3434 2995 3692 3068; x_wconf 83' lang='lat' dir='ltr'><strong>quosdam</strong></span> <span class='ocrx_word' id='word_1_690' title='bbox 3744 2995 3902 3050; x_wconf 84' lang='lat' dir='ltr'><strong>iullr-</strong></span> 
     </span>
    </p>
   </div>
   <div class='ocr_carea' id='block_1_91' title="bbox 2321 3088 3902 3162">
    <p class='ocr_par' dir='ltr' id='par_1_91' title="bbox 2321 3088 3902 3162">
     <span class='ocr_line' id='line_1_91' title="bbox 2321 3088 3902 3162; baseline -0.003 -16"><span class='ocrx_word' id='word_1_691' title='bbox 2321 3095 2514 3148; x_wconf 85' lang='lat' dir='ltr'><strong>miores</strong></span> <span class='ocrx_word' id='word_1_692' title='bbox 2539 3107 2674 3162; x_wconf 88' lang='lat' dir='ltr'><strong>opus</strong></span> <span class='ocrx_word' id='word_1_693' title='bbox 2698 3091 2892 3146; x_wconf 87' lang='lat' dir='ltr'><strong>habere</strong></span> <span class='ocrx_word' id='word_1_694' title='bbox 2916 3089 3295 3161; x_wconf 65' lang='lat' dir='ltr'><strong>subjugsulibus,</strong></span> <span class='ocrx_word' id='word_1_695' title='bbox 3327 3089 3412 3144; x_wconf 92' lang='lat' dir='ltr'><strong>hic</strong></span> <span class='ocrx_word' id='word_1_696' title='bbox 3438 3102 3648 3160; x_wconf 80' lang='lat' dir='ltr'><strong>quoque</strong></span> <span class='ocrx_word' id='word_1_697' title='bbox 3681 3088 3902 3142; x_wconf 82' lang='lat' dir='ltr'><strong>modum</strong></span> 
     </span>
    </p>
   </div>
   <div class='ocr_carea' id='block_1_92' title="bbox 2323 3180 3904 3259">
    <p class='ocr_par' dir='ltr' id='par_1_92' title="bbox 2323 3180 3904 3259">
     <span class='ocr_line' id='line_1_92' title="bbox 2323 3180 3904 3259; baseline -0.003 -23"><span class='ocrx_word' id='word_1_698' title='bbox 2323 3185 2514 3255; x_wconf 77' lang='lat' dir='ltr'><strong>posuit,</strong></span> <span class='ocrx_word' id='word_1_699' title='bbox 2546 3184 2831 3239; x_wconf 80' lang='lat' dir='ltr'><strong>ostendens</strong></span> <span class='ocrx_word' id='word_1_700' title='bbox 2853 3199 2956 3238; x_wconf 91' lang='lat' dir='ltr'><strong>non</strong></span> <span class='ocrx_word' id='word_1_701' title='bbox 2977 3184 3156 3259; x_wconf 78' lang='lat' dir='ltr'><strong>equis,</strong></span> <span class='ocrx_word' id='word_1_702' title='bbox 3179 3197 3283 3236; x_wconf 90' lang='lat' dir='ltr'><strong>non</strong></span> <span class='ocrx_word' id='word_1_703' title='bbox 3313 3182 3575 3236; x_wconf 87' lang='lat' dir='ltr'><strong>mulorum</strong></span> <span class='ocrx_word' id='word_1_704' title='bbox 3601 3180 3744 3250; x_wconf 85' lang='lat' dir='ltr'><strong>jugis</strong></span> <span class='ocrx_word' id='word_1_705' title='bbox 3763 3194 3904 3250; x_wconf 85' lang='lat' dir='ltr'><strong>opus</strong></span> 
     </span>
    </p>
   </div>
   <div class='ocr_carea' id='block_1_93' title="bbox 2319 3270 3903 3344">
    <p class='ocr_par' dir='ltr' id='par_1_93' title="bbox 2319 3270 3903 3344">
     <span class='ocr_line' id='line_1_93' title="bbox 2319 3270 3903 3344; baseline -0.004 -13"><span class='ocrx_word' id='word_1_706' title='bbox 2319 3293 2471 3342; x_wconf 84' lang='lat' dir='ltr'><strong>esse;</strong></span> <span class='ocrx_word' id='word_1_707' title='bbox 2504 3277 2595 3332; x_wconf 84' lang='lat' dir='ltr'><strong>sed</strong></span> <span class='ocrx_word' id='word_1_708' title='bbox 2645 3276 2794 3331; x_wconf 83' lang='lat' dir='ltr'><strong>asino</strong></span> <span class='ocrx_word' id='word_1_709' title='bbox 2844 3275 3118 3342; x_wconf 86' lang='lat' dir='ltr'><strong>utendum,</strong></span> <span class='ocrx_word' id='word_1_710' title='bbox 3172 3289 3272 3329; x_wconf 90' lang='lat' dir='ltr'><strong>nec</strong></span> <span class='ocrx_word' id='word_1_711' title='bbox 3313 3274 3452 3328; x_wconf 89' lang='lat' dir='ltr'><strong>ultra</strong></span> <span class='ocrx_word' id='word_1_712' title='bbox 3500 3270 3903 3344; x_wconf 84' lang='lat' dir='ltr'><strong>procedendum</strong></span> 
     </span>
    </p>
   </div>
   <div class='ocr_carea' id='block_1_94' title="bbox 2319 3365 3905 3438">
    <p class='ocr_par' dir='ltr' id='par_1_94' title="bbox 2319 3365 3905 3438">
     <span class='ocr_line' id='line_1_94' title="bbox 2319 3365 3905 3438; baseline -0.004 -14"><span class='ocrx_word' id='word_1_713' title='bbox 2319 3383 2459 3432; x_wconf 86' lang='lat' dir='ltr'><strong>esse.</strong></span> <span class='ocrx_word' id='word_1_714' title='bbox 2492 3367 2650 3438; x_wconf 89' lang='lat' dir='ltr'><strong>idque</strong></span> <span class='ocrx_word' id='word_1_715' title='bbox 2694 3368 2760 3421; x_wconf 82' lang='lat' dir='ltr'><strong>ad</strong></span> <span class='ocrx_word' id='word_1_716' title='bbox 2814 3381 2965 3421; x_wconf 87' lang='lat' dir='ltr'><strong>usum</strong></span> <span class='ocrx_word' id='word_1_717' title='bbox 3019 3366 3146 3421; x_wconf 88' lang='lat' dir='ltr'><strong>satis</strong></span> <span class='ocrx_word' id='word_1_718' title='bbox 3184 3380 3321 3421; x_wconf 87' lang='lat' dir='ltr'><strong>esse.</strong></span> <span class='ocrx_word' id='word_1_719' title='bbox 3355 3365 3643 3421; x_wconf 74' lang='lat' dir='ltr'><strong>Videamus</strong></span> <span class='ocrx_word' id='word_1_720' title='bbox 3687 3377 3905 3434; x_wconf 89' lang='lat' dir='ltr'><strong>quoque</strong></span> 
     </span>
    </p>
   </div>
   <div class='ocr_carea' id='block_1_95' title="bbox 2321 3455 3905 3530">
    <p class='ocr_par' dir='ltr' id='par_1_95' title="bbox 2321 3455 3905 3530">
     <span class='ocr_line' id='line_1_95' title="bbox 2321 3455 3905 3530; baseline -0.003 -16"><span class='ocrx_word' id='word_1_721' title='bbox 2321 3459 2649 3530; x_wconf 86' lang='lat' dir='ltr'><strong>prophetiam</strong></span> <span class='ocrx_word' id='word_1_722' title='bbox 2681 3460 2858 3514; x_wconf 79' lang='lat' dir='ltr'><strong>verbis</strong></span> <span class='ocrx_word' id='word_1_723' title='bbox 2882 3471 2935 3514; x_wconf 90' lang='lat' dir='ltr'><strong>et</strong></span> <span class='ocrx_word' id='word_1_724' title='bbox 2959 3458 3109 3514; x_wconf 82' lang='lat' dir='ltr'><strong>Iactis</strong></span> <span class='ocrx_word' id='word_1_725' title='bbox 3134 3460 3148 3489; x_wconf 87' lang='grc'>¹</span> <span class='ocrx_word' id='word_1_726' title='bbox 3172 3474 3235 3512; x_wconf 82' lang='lat' dir='ltr'><strong>ex</strong></span> <span class='ocrx_word' id='word_1_727' title='bbox 3245 3472 3498 3527; x_wconf 79' lang='lat' dir='ltr'><strong>pressam.</strong></span> <span class='ocrx_word' id='word_1_728' title='bbox 3518 3455 3647 3523; x_wconf 78' lang='lat' dir='ltr'><strong>Qua:</strong></span> <span class='ocrx_word' id='word_1_729' title='bbox 3667 3464 3750 3510; x_wconf 87' lang='lat' dir='ltr'><strong>est</strong></span> <span class='ocrx_word' id='word_1_730' title='bbox 3772 3468 3905 3524; x_wconf 88' lang='lat' dir='ltr'><strong>ergo</strong></span> 
     </span>
    </p>
   </div>
   <div class='ocr_carea' id='block_1_96' title="bbox 2322 3550 3906 3621">
    <p class='ocr_par' dir='ltr' id='par_1_96' title="bbox 2322 3550 3906 3621">
     <span class='ocr_line' id='line_1_96' title="bbox 2322 3550 3906 3621; baseline -0.003 -15"><span class='ocrx_word' id='word_1_731' title='bbox 2322 3551 2408 3606; x_wconf 83' lang='lat' dir='ltr'><strong>illa</strong></span> <span class='ocrx_word' id='word_1_732' title='bbox 2440 3550 2755 3621; x_wconf 81' lang='lat' dir='ltr'><strong>prOphetia?</strong></span> <span class='ocrx_word' id='word_1_733' title='bbox 2783 3550 2911 3605; x_wconf 84' lang='lat' dir='ltr'><strong>Ecce</strong></span> <span class='ocrx_word' id='word_1_734' title='bbox 2930 3567 3019 3604; x_wconf 73' lang='lat' dir='ltr'><strong>rex</strong></span> <span class='ocrx_word' id='word_1_735' title='bbox 3047 3563 3160 3604; x_wconf 81' lang='lat' dir='ltr'><strong>tuus</strong></span> <span class='ocrx_word' id='word_1_736' title='bbox 3190 3551 3318 3603; x_wconf 65' lang='lat' dir='ltr'><strong>vertit</strong></span> <span class='ocrx_word' id='word_1_737' title='bbox 3339 3550 3423 3602; x_wconf 87' lang='lat' dir='ltr'><strong>tibi</strong></span> <span class='ocrx_word' id='word_1_738' title='bbox 3447 3557 3756 3613; x_wconf 77' lang='lat' dir='ltr'><strong>mansuetus,</strong></span> <span class='ocrx_word' id='word_1_739' title='bbox 3779 3563 3906 3603; x_wconf 81' lang='lat' dir='ltr'><strong>con-</strong></span> 
     </span>
    </p>
   </div>
   <div class='ocr_carea' id='block_1_97' title="bbox 2321 3642 3906 3714">
    <p class='ocr_par' dir='ltr' id='par_1_97' title="bbox 2321 3642 3906 3714">
     <span class='ocr_line' id='line_1_97' title="bbox 2321 3642 3906 3714; baseline -0.001 -18"><span class='ocrx_word' id='word_1_740' title='bbox 2321 3642 2558 3697; x_wconf 82' lang='lat' dir='ltr'><strong>scendens</strong></span> <span class='ocrx_word' id='word_1_741' title='bbox 2596 3643 2907 3714; x_wconf 79' lang='lat' dir='ltr'><strong>subjugalem</strong></span> <span class='ocrx_word' id='word_1_742' title='bbox 2953 3652 2999 3696; x_wconf 81' lang='lat' dir='ltr'><strong>et</strong></span> <span class='ocrx_word' id='word_1_743' title='bbox 3038 3642 3232 3710; x_wconf 83' lang='lat' dir='ltr'><strong>pullum</strong></span> <span class='ocrx_word' id='word_1_744' title='bbox 3265 3643 3502 3710; x_wconf 79' lang='lat' dir='ltr'><strong>juvenem</strong></span> <span class='ocrx_word' id='word_1_745' title='bbox 3531 3657 3549 3694; x_wconf 84' lang='lat'><strong>.&#39;</strong></span> <span class='ocrx_word' id='word_1_746' title='bbox 3578 3655 3681 3695; x_wconf 90' lang='lat' dir='ltr'><strong>non</strong></span> <span class='ocrx_word' id='word_1_747' title='bbox 3715 3655 3906 3695; x_wconf 83' lang='lat' dir='ltr'><strong>currus</strong></span> 
     </span>
    </p>
   </div>
   <div class='ocr_carea' id='block_1_98' title="bbox 2322 3730 3904 3805">
    <p class='ocr_par' dir='ltr' id='par_1_98' title="bbox 2322 3730 3904 3805">
     <span class='ocr_line' id='line_1_98' title="bbox 2322 3730 3904 3805; baseline 0 -19"><span class='ocrx_word' id='word_1_748' title='bbox 2322 3748 2504 3803; x_wconf 78' lang='lat' dir='ltr'><strong>agens,</strong></span> <span class='ocrx_word' id='word_1_749' title='bbox 2529 3745 2586 3788; x_wconf 91' lang='lat' dir='ltr'><strong>ut</strong></span> <span class='ocrx_word' id='word_1_750' title='bbox 2611 3736 2788 3789; x_wconf 74' lang='lat' dir='ltr'><strong>cn-tet‘i</strong></span> <span class='ocrx_word' id='word_1_751' title='bbox 2829 3749 3015 3805; x_wconf 86' lang='lat' dir='ltr'><strong>reges;</strong></span> <span class='ocrx_word' id='word_1_752' title='bbox 3049 3749 3152 3788; x_wconf 90' lang='lat' dir='ltr'><strong>non</strong></span> <span class='ocrx_word' id='word_1_753' title='bbox 3196 3733 3466 3804; x_wconf 83' lang='lat' dir='ltr'><strong>vectigalia</strong></span> <span class='ocrx_word' id='word_1_754' title='bbox 3511 3730 3753 3802; x_wconf 87' lang='lat' dir='ltr'><strong>exigens,</strong></span> <span class='ocrx_word' id='word_1_755' title='bbox 3794 3746 3904 3787; x_wconf 92' lang='lat' dir='ltr'><strong>non</strong></span> 
     </span>
    </p>
   </div>
   <div class='ocr_carea' id='block_1_99' title="bbox 2323 3821 3906 3892">
    <p class='ocr_par' dir='ltr' id='par_1_99' title="bbox 2323 3821 3906 3892">
     <span class='ocr_line' id='line_1_99' title="bbox 2323 3821 3906 3892; baseline -0.002 -12"><span class='ocrx_word' id='word_1_756' title='bbox 2323 3833 2581 3881; x_wconf 84' lang='lat' dir='ltr'><strong>terrorem</strong></span> <span class='ocrx_word' id='word_1_757' title='bbox 2630 3826 2909 3889; x_wconf 67' lang='lat' dir='ltr'><strong>incutiens,</strong></span> <span class='ocrx_word' id='word_1_758' title='bbox 2958 3833 3010 3879; x_wconf 89' lang='lat' dir='ltr'><strong>et</strong></span> <span class='ocrx_word' id='word_1_759' title='bbox 3039 3824 3298 3879; x_wconf 84' lang='lat' dir='ltr'><strong>satellites</strong></span> <span class='ocrx_word' id='word_1_760' title='bbox 3334 3823 3701 3892; x_wconf 87' lang='lat' dir='ltr'><strong>circumagens</strong></span> <span class='ocrx_word' id='word_1_761' title='bbox 3748 3838 3762 3876; x_wconf 91' lang='lat'><strong>:</strong></span> <span class='ocrx_word' id='word_1_762' title='bbox 3805 3821 3906 3877; x_wconf 88' lang='lat' dir='ltr'><strong>sed</strong></span> 
     </span>
    </p>
   </div>
   <div class='ocr_carea' id='block_1_100' title="bbox 2327 3913 3906 3986">
    <p class='ocr_par' dir='ltr' id='par_1_100' title="bbox 2327 3913 3906 3986">
     <span class='ocr_line' id='line_1_100' title="bbox 2327 3913 3906 3986; baseline -0.003 -16"><span class='ocrx_word' id='word_1_763' title='bbox 2327 3916 2638 3971; x_wconf 86' lang='lat' dir='ltr'><strong>modestiam</strong></span> <span class='ocrx_word' id='word_1_764' title='bbox 2671 3916 2792 3972; x_wconf 91' lang='lat' dir='ltr'><strong>hinc</strong></span> <span class='ocrx_word' id='word_1_765' title='bbox 2819 3919 3028 3986; x_wconf 83' lang='lat' dir='ltr'><strong>quoque</strong></span> <span class='ocrx_word' id='word_1_766' title='bbox 3048 3931 3291 3986; x_wconf 84' lang='lat' dir='ltr'><strong>magnam</strong></span> <span class='ocrx_word' id='word_1_767' title='bbox 3315 3913 3591 3969; x_wconf 84' lang='lat' dir='ltr'><strong>exhibens.</strong></span> <span class='ocrx_word' id='word_1_768' title='bbox 3633 3913 3906 3984; x_wconf 75' lang='lat' dir='ltr'><strong>Interroga</strong></span> 
     </span>
    </p>
   </div>
   <div class='ocr_carea' id='block_1_101' title="bbox 2324 3994 3910 4078">
    <p class='ocr_par' dir='ltr' id='par_1_101' title="bbox 2324 3994 3910 4078">
     <span class='ocr_line' id='line_1_101' title="bbox 2324 3994 3910 4078; baseline -0.001 -17"><span class='ocrx_word' id='word_1_769' title='bbox 2324 4007 2501 4078; x_wconf 86' lang='lat' dir='ltr'><strong>itaque</strong></span> <span class='ocrx_word' id='word_1_770' title='bbox 2523 4007 2764 4063; x_wconf 69' lang='lat' dir='ltr'><strong>ladanum</strong></span> <span class='ocrx_word' id='word_1_771' title='bbox 2793 4026 2804 4062; x_wconf 91' lang='lat'><strong>:</strong></span> <span class='ocrx_word' id='word_1_772' title='bbox 2833 4011 2960 4076; x_wconf 79' lang='lat' dir='ltr'><strong>Quis</strong></span> <span class='ocrx_word' id='word_1_773' title='bbox 2993 4024 3080 4063; x_wconf 82' lang='lat' dir='ltr'><strong>rex</strong></span> <span class='ocrx_word' id='word_1_774' title='bbox 3120 3994 3273 4062; x_wconf 76' lang='lat' dir='ltr'><strong>asino</strong></span> <span class='ocrx_word' id='word_1_775' title='bbox 3305 4016 3488 4061; x_wconf 82' lang='lat' dir='ltr'><strong>vectus</strong></span> <span class='ocrx_word' id='word_1_776' title='bbox 3517 4006 3790 4075; x_wconf 85' lang='lat' dir='ltr'><strong>ingressus</strong></span> <span class='ocrx_word' id='word_1_777' title='bbox 3825 4016 3910 4060; x_wconf 85' lang='lat' dir='ltr'><strong>est</strong></span> 
     </span>
    </p>
   </div>
   <div class='ocr_carea' id='block_1_102' title="bbox 2324 4098 3907 4169">
    <p class='ocr_par' dir='ltr' id='par_1_102' title="bbox 2324 4098 3907 4169">
     <span class='ocr_line' id='line_1_102' title="bbox 2324 4098 3907 4169; baseline 0.001 -16"><span class='ocrx_word' id='word_1_778' title='bbox 2324 4098 2744 4169; x_wconf 67' lang='lat' dir='ltr'><strong>ierosolymam?</strong></span> <span class='ocrx_word' id='word_1_779' title='bbox 2772 4101 2873 4154; x_wconf 78' lang='lat' dir='ltr'><strong>Sed</strong></span> <span class='ocrx_word' id='word_1_780' title='bbox 2906 4116 3010 4154; x_wconf 85' lang='lat' dir='ltr'><strong>non</strong></span> <span class='ocrx_word' id='word_1_781' title='bbox 3031 4100 3190 4154; x_wconf 84' lang='lat' dir='ltr'><strong>alium</strong></span> <span class='ocrx_word' id='word_1_782' title='bbox 3218 4116 3374 4169; x_wconf 85' lang='lat' dir='ltr'><strong>quam</strong></span> <span class='ocrx_word' id='word_1_783' title='bbox 3407 4099 3546 4154; x_wconf 85' lang='lat' dir='ltr'><strong>hunc</strong></span> <span class='ocrx_word' id='word_1_784' title='bbox 3570 4099 3750 4154; x_wconf 88' lang='lat' dir='ltr'><strong>dicere</strong></span> <span class='ocrx_word' id='word_1_785' title='bbox 3777 4115 3907 4168; x_wconf 85' lang='lat' dir='ltr'><strong>pos-</strong></span> 
     </span>
    </p>
   </div>
   <div class='ocr_carea' id='block_1_103' title="bbox 2325 4188 3907 4260">
    <p class='ocr_par' dir='ltr' id='par_1_103' title="bbox 2325 4188 3907 4260">
     <span class='ocr_line' id='line_1_103' title="bbox 2325 4188 3907 4260; baseline -0.001 -17"><span class='ocrx_word' id='word_1_786' title='bbox 2325 4192 2448 4243; x_wconf 87' lang='lat' dir='ltr'><strong>sint.</strong></span> <span class='ocrx_word' id='word_1_787' title='bbox 2481 4189 2568 4242; x_wconf 83' lang='lat' dir='ltr'><strong>illa</strong></span> <span class='ocrx_word' id='word_1_788' title='bbox 2591 4205 2750 4258; x_wconf 89' lang='lat' dir='ltr'><strong>porro</strong></span> <span class='ocrx_word' id='word_1_789' title='bbox 2775 4189 3020 4255; x_wconf 82' lang='lat' dir='ltr'><strong>faciebat,</strong></span> <span class='ocrx_word' id='word_1_790' title='bbox 3061 4203 3113 4243; x_wconf 90' lang='lat' dir='ltr'><strong>ut</strong></span> <span class='ocrx_word' id='word_1_791' title='bbox 3148 4189 3277 4255; x_wconf 82' lang='lat' dir='ltr'><strong>dixi,</strong></span> <span class='ocrx_word' id='word_1_792' title='bbox 3311 4188 3480 4244; x_wconf 78' lang='lat' dir='ltr'><strong>futura</strong></span> <span class='ocrx_word' id='word_1_793' title='bbox 3514 4190 3907 4260; x_wconf 76' lang='lat' dir='ltr'><strong>przenuutians.</strong></span> 
     </span>
    </p>
   </div>
   <div class='ocr_carea' id='block_1_104' title="bbox 2327 4280 3908 4352">
    <p class='ocr_par' dir='ltr' id='par_1_104' title="bbox 2327 4280 3908 4352">
     <span class='ocr_line' id='line_1_104' title="bbox 2327 4280 3908 4352; baseline 0 -16"><span class='ocrx_word' id='word_1_794' title='bbox 2327 4280 2423 4336; x_wconf 88' lang='lat' dir='ltr'><strong>llic</strong></span> <span class='ocrx_word' id='word_1_795' title='bbox 2460 4280 2601 4336; x_wconf 89' lang='lat' dir='ltr'><strong>enim</strong></span> <span class='ocrx_word' id='word_1_796' title='bbox 2647 4297 2740 4352; x_wconf 87' lang='lat' dir='ltr'><strong>per</strong></span> <span class='ocrx_word' id='word_1_797' title='bbox 2785 4283 2983 4351; x_wconf 89' lang='lat' dir='ltr'><strong>pullum</strong></span> <span class='ocrx_word' id='word_1_798' title='bbox 3036 4283 3269 4336; x_wconf 79' lang='lat' dir='ltr'><strong>Ecclesia</strong></span> <span class='ocrx_word' id='word_1_799' title='bbox 3317 4281 3659 4352; x_wconf 77' lang='lat' dir='ltr'><strong>signiﬁcatur,</strong></span> <span class='ocrx_word' id='word_1_800' title='bbox 3694 4295 3908 4336; x_wconf 83' lang='lat' dir='ltr'><strong>necnon</strong></span> 
     </span>
    </p>
   </div>
   <div class='ocr_carea' id='block_1_105' title="bbox 2326 4370 3911 4442">
    <p class='ocr_par' dir='ltr' id='par_1_105' title="bbox 2326 4370 3911 4442">
     <span class='ocr_line' id='line_1_105' title="bbox 2326 4370 3911 4442; baseline 0.003 -20"><span class='ocrx_word' id='word_1_801' title='bbox 2326 4373 2551 4442; x_wconf 81' lang='lat' dir='ltr'><strong>populus</strong></span> <span class='ocrx_word' id='word_1_802' title='bbox 2572 4387 2760 4439; x_wconf 90' lang='lat' dir='ltr'><strong>novus,</strong></span> <span class='ocrx_word' id='word_1_803' title='bbox 2787 4375 2910 4428; x_wconf 87' lang='lat' dir='ltr'><strong>olim</strong></span> <span class='ocrx_word' id='word_1_804' title='bbox 2939 4373 3194 4441; x_wconf 79' lang='lat' dir='ltr'><strong>impurus,</strong></span> <span class='ocrx_word' id='word_1_805' title='bbox 3226 4382 3499 4442; x_wconf 65' lang='lat' dir='ltr'><strong>mstquam</strong></span> <span class='ocrx_word' id='word_1_806' title='bbox 3528 4383 3704 4427; x_wconf 86' lang='lat' dir='ltr'><strong>autem</strong></span> <span class='ocrx_word' id='word_1_807' title='bbox 3748 4370 3911 4427; x_wconf 69' lang='lat' dir='ltr'><strong>Iesus</strong></span> 
     </span>
    </p>
   </div>
   <div class='ocr_carea' id='block_1_106' title="bbox 2326 4463 3908 4535">
    <p class='ocr_par' dir='ltr' id='par_1_106' title="bbox 2326 4463 3908 4535">
     <span class='ocr_line' id='line_1_106' title="bbox 2326 4463 3908 4535; baseline 0.001 -18"><span class='ocrx_word' id='word_1_808' title='bbox 2326 4463 2538 4531; x_wconf 84' lang='lat' dir='ltr'><strong>insedit,</strong></span> <span class='ocrx_word' id='word_1_809' title='bbox 2564 4479 2724 4534; x_wconf 88' lang='lat' dir='ltr'><strong>purus</strong></span> <span class='ocrx_word' id='word_1_810' title='bbox 2751 4464 2988 4520; x_wconf 76' lang='lat' dir='ltr'><strong>eﬂectus.</strong></span> <span class='ocrx_word' id='word_1_811' title='bbox 3019 4464 3084 4517; x_wconf 81' lang='lat' dir='ltr'><strong>Et</strong></span> <span class='ocrx_word' id='word_1_812' title='bbox 3111 4464 3226 4517; x_wconf 87' lang='lat' dir='ltr'><strong>vide</strong></span> <span class='ocrx_word' id='word_1_813' title='bbox 3253 4465 3532 4533; x_wconf 67' lang='lat' dir='ltr'><strong>imaginem</strong></span> <span class='ocrx_word' id='word_1_814' title='bbox 3561 4463 3755 4535; x_wconf 85' lang='lat' dir='ltr'><strong>ubique</strong></span> <span class='ocrx_word' id='word_1_815' title='bbox 3784 4480 3908 4519; x_wconf 85' lang='lat' dir='ltr'><strong>ser-</strong></span> 
     </span>
    </p>
   </div>
   <div class='ocr_carea' id='block_1_107' title="bbox 2328 4552 3911 4624">
    <p class='ocr_par' dir='ltr' id='par_1_107' title="bbox 2328 4552 3911 4624">
     <span class='ocr_line' id='line_1_107' title="bbox 2328 4552 3911 4624; baseline 0.001 -19"><span class='ocrx_word' id='word_1_816' title='bbox 2328 4566 2520 4608; x_wconf 85' lang='lat' dir='ltr'><strong>vatam.</strong></span> <span class='ocrx_word' id='word_1_817' title='bbox 2544 4553 2673 4608; x_wconf 85' lang='lat' dir='ltr'><strong>Nam</strong></span> <span class='ocrx_word' id='word_1_818' title='bbox 2696 4553 2940 4624; x_wconf 87' lang='lat' dir='ltr'><strong>discipuli</strong></span> <span class='ocrx_word' id='word_1_819' title='bbox 2965 4556 3174 4607; x_wconf 85' lang='lat' dir='ltr'><strong>solvunt</strong></span> <span class='ocrx_word' id='word_1_820' title='bbox 3212 4553 3524 4624; x_wconf 72' lang='lat' dir='ltr'><strong>Subjugalia.</strong></span> <span class='ocrx_word' id='word_1_821' title='bbox 3561 4552 3665 4609; x_wconf 81' lang='lat' dir='ltr'><strong>Per</strong></span> <span class='ocrx_word' id='word_1_822' title='bbox 3685 4563 3911 4623; x_wconf 84' lang='lat' dir='ltr'><strong>aposto-</strong></span> 
     </span>
    </p>
   </div>
   <div class='ocr_carea' id='block_1_108' title="bbox 2327 4644 3912 4715">
    <p class='ocr_par' dir='ltr' id='par_1_108' title="bbox 2327 4644 3912 4715">
     <span class='ocr_line' id='line_1_108' title="bbox 2327 4644 3912 4715; baseline -0.001 -15"><span class='ocrx_word' id='word_1_823' title='bbox 2327 4645 2408 4701; x_wconf 90' lang='lat' dir='ltr'><strong>los</strong></span> <span class='ocrx_word' id='word_1_824' title='bbox 2434 4646 2573 4700; x_wconf 88' lang='lat' dir='ltr'><strong>enim</strong></span> <span class='ocrx_word' id='word_1_825' title='bbox 2604 4654 2657 4700; x_wconf 90' lang='lat' dir='ltr'><strong>et</strong></span> <span class='ocrx_word' id='word_1_826' title='bbox 2685 4645 2782 4715; x_wconf 89' lang='lat' dir='ltr'><strong>ipsi</strong></span> <span class='ocrx_word' id='word_1_827' title='bbox 2815 4656 2869 4701; x_wconf 92' lang='lat' dir='ltr'><strong>et</strong></span> <span class='ocrx_word' id='word_1_828' title='bbox 2910 4661 3006 4700; x_wconf 88' lang='lat' dir='ltr'><strong>nos</strong></span> <span class='ocrx_word' id='word_1_829' title='bbox 3037 4647 3205 4699; x_wconf 78' lang='lat' dir='ltr'><strong>vocati</strong></span> <span class='ocrx_word' id='word_1_830' title='bbox 3247 4660 3452 4710; x_wconf 88' lang='lat' dir='ltr'><strong>sumus,</strong></span> <span class='ocrx_word' id='word_1_831' title='bbox 3503 4659 3596 4714; x_wconf 88' lang='lat' dir='ltr'><strong>per</strong></span> <span class='ocrx_word' id='word_1_832' title='bbox 3633 4644 3912 4714; x_wconf 86' lang='lat' dir='ltr'><strong>apostolos</strong></span> 
     </span>
    </p>
   </div>
   <div class='ocr_carea' id='block_1_109' title="bbox 2334 4729 3904 4808">
    <p class='ocr_par' dir='ltr' id='par_1_109' title="bbox 2334 4729 3904 4808">
     <span class='ocr_line' id='line_1_109' title="bbox 2334 4729 3904 4808; baseline -0.008 -12"><span class='ocrx_word' id='word_1_833' title='bbox 2334 4740 2553 4797; x_wconf 83' lang='lat' dir='ltr'><strong>adducti</strong></span> <span class='ocrx_word' id='word_1_834' title='bbox 2578 4758 2590 4794; x_wconf 92' lang='lat'><strong>:</strong></span> <span class='ocrx_word' id='word_1_835' title='bbox 2617 4737 2744 4808; x_wconf 89' lang='lat' dir='ltr'><strong>quia</strong></span> <span class='ocrx_word' id='word_1_836' title='bbox 2767 4751 2893 4792; x_wconf 81' lang='lat' dir='ltr'><strong>vero</strong></span> <span class='ocrx_word' id='word_1_837' title='bbox 2917 4736 3088 4807; x_wconf 83' lang='lat' dir='ltr'><strong>gloria</strong></span> <span class='ocrx_word' id='word_1_838' title='bbox 3114 4733 3418 4789; x_wconf 77' lang='lat' dir='ltr'><strong>vocationis</strong></span> <span class='ocrx_word' id='word_1_839' title='bbox 3455 4741 3654 4786; x_wconf 64' lang='lat' dir='ltr'><strong>nostra:</strong></span> <span class='ocrx_word' id='word_1_840' title='bbox 3676 4729 3904 4785; x_wconf 66' lang='lat' dir='ltr'><strong>aemula-</strong></span> 
     </span>
    </p>
   </div>
   <div class='ocr_carea' id='block_1_110' title="bbox 2328 4821 3903 4894">
    <p class='ocr_par' dir='ltr' id='par_1_110' title="bbox 2328 4821 3903 4894">
     <span class='ocr_line' id='line_1_110' title="bbox 2328 4821 3903 4894; baseline -0.007 -7"><span class='ocrx_word' id='word_1_841' title='bbox 2328 4833 2528 4887; x_wconf 88' lang='lat' dir='ltr'><strong>tionem</strong></span> <span class='ocrx_word' id='word_1_842' title='bbox 2544 4845 2731 4885; x_wconf 87' lang='lat' dir='ltr'><strong>eorum</strong></span> <span class='ocrx_word' id='word_1_843' title='bbox 2748 4829 3013 4892; x_wconf 87' lang='lat' dir='ltr'><strong>accendit,</strong></span> <span class='ocrx_word' id='word_1_844' title='bbox 3036 4827 3156 4882; x_wconf 90' lang='lat' dir='ltr'><strong>ideo</strong></span> <span class='ocrx_word' id='word_1_845' title='bbox 3177 4828 3386 4880; x_wconf 86' lang='lat' dir='ltr'><strong>videtur</strong></span> <span class='ocrx_word' id='word_1_846' title='bbox 3416 4824 3571 4879; x_wconf 65' lang='lat' dir='ltr'><strong>asina</strong></span> <span class='ocrx_word' id='word_1_847' title='bbox 3585 4821 3790 4894; x_wconf 92' lang='lat' dir='ltr'><strong>pullum</strong></span> <span class='ocrx_word' id='word_1_848' title='bbox 3810 4836 3903 4877; x_wconf 83' lang='lat' dir='ltr'><strong>se-</strong></span> 
     </span>
    </p>
   </div>
   <div class='ocr_carea' id='block_1_111' title="bbox 2330 4918 3896 4993">
    <p class='ocr_par' dir='ltr' id='par_1_111' title="bbox 2330 4918 3896 4993">
     <span class='ocr_line' id='line_1_111' title="bbox 2330 4918 3896 4993; baseline -0.006 -17"><span class='ocrx_word' id='word_1_849' title='bbox 2330 4923 2445 4993; x_wconf 85' lang='lat' dir='ltr'><strong>qui.</strong></span> <span class='ocrx_word' id='word_1_850' title='bbox 2469 4924 2762 4990; x_wconf 82' lang='lat' dir='ltr'><strong>Postquam</strong></span> <span class='ocrx_word' id='word_1_851' title='bbox 2789 4920 2932 4974; x_wconf 90' lang='lat' dir='ltr'><strong>enim</strong></span> <span class='ocrx_word' id='word_1_852' title='bbox 2952 4918 3204 4974; x_wconf 86' lang='lat' dir='ltr'><strong>Christus</strong></span> <span class='ocrx_word' id='word_1_853' title='bbox 3223 4918 3487 4973; x_wconf 86' lang='lat' dir='ltr'><strong>insederit</strong></span> <span class='ocrx_word' id='word_1_854' title='bbox 3502 4929 3664 4987; x_wconf 68' lang='lat' dir='ltr'><strong>~upcr</strong></span> <span class='ocrx_word' id='word_1_855' title='bbox 3679 4921 3896 4984; x_wconf 69' lang='lat' dir='ltr'><strong>gentes,</strong></span> 
     </span>
    </p>
   </div>
   <div class='ocr_carea' id='block_1_112' title="bbox 2325 5004 3904 5078">
    <p class='ocr_par' dir='ltr' id='par_1_112' title="bbox 2325 5004 3904 5078">
     <span class='ocr_line' id='line_1_112' title="bbox 2325 5004 3904 5078; baseline -0.008 -10"><span class='ocrx_word' id='word_1_856' title='bbox 2325 5025 2456 5068; x_wconf 90' lang='lat' dir='ltr'><strong>tunc</strong></span> <span class='ocrx_word' id='word_1_857' title='bbox 2475 5011 2691 5067; x_wconf 85' lang='lat' dir='ltr'><strong>venient</strong></span> <span class='ocrx_word' id='word_1_858' title='bbox 2705 5022 2758 5066; x_wconf 89' lang='lat' dir='ltr'><strong>et</strong></span> <span class='ocrx_word' id='word_1_859' title='bbox 2774 5012 2848 5066; x_wconf 92' lang='lat' dir='ltr'><strong>illi</strong></span> <span class='ocrx_word' id='word_1_860' title='bbox 2863 5011 3009 5068; x_wconf 85' lang='lat' dir='ltr'><strong>malo</strong></span> <span class='ocrx_word' id='word_1_861' title='bbox 3022 5011 3202 5068; x_wconf 86' lang='lat' dir='ltr'><strong>studio</strong></span> <span class='ocrx_word' id='word_1_862' title='bbox 3217 5008 3457 5074; x_wconf 85' lang='lat' dir='ltr'><strong>incensi;</strong></span> <span class='ocrx_word' id='word_1_863' title='bbox 3483 5008 3534 5062; x_wconf 91' lang='lat' dir='ltr'><strong>id</strong></span> <span class='ocrx_word' id='word_1_864' title='bbox 3551 5005 3696 5078; x_wconf 89' lang='lat' dir='ltr'><strong>quod</strong></span> <span class='ocrx_word' id='word_1_865' title='bbox 3709 5004 3904 5060; x_wconf 85' lang='lat' dir='ltr'><strong>decla-</strong></span> 
     </span>
    </p>
   </div>
   <div class='ocr_carea' id='block_1_113' title="bbox 2328 5095 3904 5172">
    <p class='ocr_par' dir='ltr' id='par_1_113' title="bbox 2328 5095 3904 5172">
     <span class='ocr_line' id='line_1_113' title="bbox 2328 5095 3904 5172; baseline -0.008 -12"><span class='ocrx_word' id='word_1_866' title='bbox 2328 5115 2411 5160; x_wconf 90' lang='lat' dir='ltr'><strong>rat</strong></span> <span class='ocrx_word' id='word_1_867' title='bbox 2426 5102 2625 5158; x_wconf 83' lang='lat' dir='ltr'><strong>Paulus</strong></span> <span class='ocrx_word' id='word_1_868' title='bbox 2639 5101 2723 5158; x_wconf 89' lang='lat' dir='ltr'><strong>his</strong></span> <span class='ocrx_word' id='word_1_869' title='bbox 2742 5102 2949 5159; x_wconf 85' lang='lat' dir='ltr'><strong>verbis:</strong></span> <span class='ocrx_word' id='word_1_870' title='bbox 2975 5101 3337 5172; x_wconf 58' lang='lat' dir='ltr'><strong>Quiapwcitas</strong></span> <span class='ocrx_word' id='word_1_871' title='bbox 3355 5115 3418 5153; x_wconf 76' lang='lat' dir='ltr'><strong>ea:</strong></span> <span class='ocrx_word' id='word_1_872' title='bbox 3429 5111 3580 5169; x_wconf 83' lang='lat' dir='ltr'><strong>parte</strong></span> <span class='ocrx_word' id='word_1_873' title='bbox 3598 5095 3790 5151; x_wconf 74' lang='lat' dir='ltr'><strong>Israeli</strong></span> <span class='ocrx_word' id='word_1_874' title='bbox 3807 5112 3904 5148; x_wconf 79' lang='lat' dir='ltr'><strong>ar-</strong></span> 
     </span>
    </p>
   </div>
   <div class='ocr_carea' id='block_1_114' title="bbox 2338 5188 3905 5263">
    <p class='ocr_par' dir='ltr' id='par_1_114' title="bbox 2338 5188 3905 5263">
     <span class='ocr_line' id='line_1_114' title="bbox 2338 5188 3905 5263; baseline -0.005 -15"><span class='ocrx_word' id='word_1_875' title='bbox 2338 5196 2487 5260; x_wconf 82' lang='lat' dir='ltr'><strong>cidit,</strong></span> <span class='ocrx_word' id='word_1_876' title='bbox 2505 5195 2666 5249; x_wconf 81' lang='lat' dir='ltr'><strong>donec</strong></span> <span class='ocrx_word' id='word_1_877' title='bbox 2699 5192 2970 5261; x_wconf 82' lang='lat' dir='ltr'><strong>plenitudo</strong></span> <span class='ocrx_word' id='word_1_878' title='bbox 2996 5194 3222 5263; x_wconf 84' lang='lat' dir='ltr'><strong>gentiam</strong></span> <span class='ocrx_word' id='word_1_879' title='bbox 3242 5195 3460 5245; x_wconf 82' lang='lat' dir='ltr'><strong>intraret</strong></span> <span class='ocrx_word' id='word_1_880' title='bbox 3485 5207 3503 5244; x_wconf 90' lang='lat'><strong>:</strong></span> <span class='ocrx_word' id='word_1_881' title='bbox 3527 5190 3666 5244; x_wconf 85' lang='lat' dir='ltr'><strong>etsie</strong></span> <span class='ocrx_word' id='word_1_882' title='bbox 3693 5190 3712 5218; x_wconf 79' lang='lat'>&#39;</span> <span class='ocrx_word' id='word_1_883' title='bbox 3730 5188 3905 5241; x_wconf 85' lang='lat' dir='ltr'><strong>omnis</strong></span> 
     </span>
    </p>
   </div>
   <div class='ocr_carea' id='block_1_115' title="bbox 2329 5270 3910 5357">
    <p class='ocr_par' dir='ltr' id='par_1_115' title="bbox 2329 5270 3910 5357">
     <span class='ocr_line' id='line_1_115' title="bbox 2329 5270 3910 5357; baseline -0.015 -13"><span class='ocrx_word' id='word_1_884' title='bbox 2329 5288 2495 5344; x_wconf 80' lang='lat' dir='ltr'><strong>Israel</strong></span> <span class='ocrx_word' id='word_1_885' title='bbox 2546 5287 2816 5343; x_wconf 78' lang='lat' dir='ltr'><strong>saleabitur</strong></span> <span class='ocrx_word' id='word_1_886' title='bbox 2842 5282 3014 5357; x_wconf 82' lang='lat' dir='ltr'><strong>(Rom.</strong></span> <span class='ocrx_word' id='word_1_887' title='bbox 3064 5280 3152 5335; x_wconf 75' lang='lat' dir='ltr'><strong>ll.</strong></span> <span class='ocrx_word' id='word_1_888' title='bbox 3198 5277 3431 5346; x_wconf 67' lang='lat'><strong>25.96).</strong></span> <span class='ocrx_word' id='word_1_889' title='bbox 3460 5273 3611 5342; x_wconf 81' lang='lat' dir='ltr'><strong>Quod</strong></span> <span class='ocrx_word' id='word_1_890' title='bbox 3661 5270 3805 5327; x_wconf 79' lang='lat' dir='ltr'><strong>cnim</strong></span> <span class='ocrx_word' id='word_1_891' title='bbox 3863 5272 3910 5321; x_wconf 89' lang='lat' dir='ltr'><strong>id</strong></span> 
     </span>
    </p>
   </div>
   <div class='ocr_carea' id='block_1_116' title="bbox 2331 5359 3911 5455">
    <p class='ocr_par' dir='ltr' id='par_1_116' title="bbox 2331 5359 3911 5455">
     <span class='ocr_line' id='line_1_116' title="bbox 2331 5359 3911 5455; baseline -0.017 -16"><span class='ocrx_word' id='word_1_892' title='bbox 2331 5381 2605 5455; x_wconf 82' lang='lat' dir='ltr'><strong>prepbetia</strong></span> <span class='ocrx_word' id='word_1_893' title='bbox 2635 5388 2794 5439; x_wconf 65' lang='lat' dir='ltr'><strong>esset.</strong></span> <span class='ocrx_word' id='word_1_894' title='bbox 2829 5376 3040 5446; x_wconf 86' lang='lat' dir='ltr'><strong>planum</strong></span> <span class='ocrx_word' id='word_1_895' title='bbox 3071 5381 3153 5427; x_wconf 88' lang='lat' dir='ltr'><strong>est</strong></span> <span class='ocrx_word' id='word_1_896' title='bbox 3185 5386 3249 5425; x_wconf 84' lang='lat' dir='ltr'><strong>ex</strong></span> <span class='ocrx_word' id='word_1_897' title='bbox 3270 5384 3377 5438; x_wconf 79' lang='lat' dir='ltr'><strong>jam</strong></span> <span class='ocrx_word' id='word_1_898' title='bbox 3409 5366 3597 5427; x_wconf 89' lang='lat' dir='ltr'><strong>dictis;</strong></span> <span class='ocrx_word' id='word_1_899' title='bbox 3633 5361 3732 5416; x_wconf 89' lang='lat' dir='ltr'><strong>nisi</strong></span> <span class='ocrx_word' id='word_1_900' title='bbox 3763 5359 3911 5416; x_wconf 87' lang='lat' dir='ltr'><strong>enim</strong></span> 
     </span>
    </p>
   </div>
   <div class='ocr_carea' id='block_1_117' title="bbox 2333 5454 3911 5536">
    <p class='ocr_par' dir='ltr' id='par_1_117' title="bbox 2333 5454 3911 5536">
     <span class='ocr_line' id='line_1_117' title="bbox 2333 5454 3911 5536; baseline -0.015 -5"><span class='ocrx_word' id='word_1_901' title='bbox 2333 5454 2400 5531; x_wconf 86' lang='lat' dir='ltr'><strong>ita</strong></span> <span class='ocrx_word' id='word_1_902' title='bbox 2430 5486 2587 5535; x_wconf 78' lang='lat' dir='ltr'><strong>esset,</strong></span> <span class='ocrx_word' id='word_1_903' title='bbox 2623 5490 2724 5526; x_wconf 86' lang='lat' dir='ltr'><strong>non</strong></span> <span class='ocrx_word' id='word_1_904' title='bbox 2756 5477 2994 5526; x_wconf 83' lang='lat' dir='ltr'><strong>curasset</strong></span> <span class='ocrx_word' id='word_1_905' title='bbox 3021 5465 3272 5536; x_wconf 85' lang='lat' dir='ltr'><strong>propheta</strong></span> <span class='ocrx_word' id='word_1_906' title='bbox 3306 5471 3410 5514; x_wconf 86' lang='lat' dir='ltr'><strong>tant</strong></span> <span class='ocrx_word' id='word_1_907' title='bbox 3438 5457 3718 5526; x_wconf 72' lang='lat' dir='ltr'><strong>diligenter</strong></span> <span class='ocrx_word' id='word_1_908' title='bbox 3742 5454 3911 5507; x_wconf 73' lang='lat' dir='ltr'><strong>asinze</strong></span> 
     </span>
    </p>
   </div>
   <div class='ocr_carea' id='block_1_118' title="bbox 2332 5545 3910 5625">
    <p class='ocr_par' dir='ltr' id='par_1_118' title="bbox 2332 5545 3910 5625">
     <span class='ocr_line' id='line_1_118' title="bbox 2332 5545 3910 5625; baseline -0.015 -1"><span class='ocrx_word' id='word_1_909' title='bbox 2332 5561 2540 5624; x_wconf 69' lang='lat' dir='ltr'><strong>mtatetn</strong></span> <span class='ocrx_word' id='word_1_910' title='bbox 2569 5566 2764 5620; x_wconf 83' lang='lat' dir='ltr'><strong>dicere.</strong></span> <span class='ocrx_word' id='word_1_911' title='bbox 2801 5562 2913 5619; x_wconf 78' lang='lat' dir='ltr'><strong>Non</strong></span> <span class='ocrx_word' id='word_1_912' title='bbox 2951 5563 3064 5613; x_wconf 73' lang='lat' dir='ltr'><strong>lucc</strong></span> <span class='ocrx_word' id='word_1_913' title='bbox 3093 5565 3293 5613; x_wconf 82' lang='lat' dir='ltr'><strong>tantum</strong></span> <span class='ocrx_word' id='word_1_914' title='bbox 3326 5569 3422 5625; x_wconf 88' lang='lat' dir='ltr'><strong>per</strong></span> <span class='ocrx_word' id='word_1_915' title='bbox 3459 5565 3615 5622; x_wconf 80' lang='lat' dir='ltr'><strong>supra</strong></span> <span class='ocrx_word' id='word_1_916' title='bbox 3659 5545 3802 5604; x_wconf 74' lang='lat' dir='ltr'><strong>dicta</strong></span> <span class='ocrx_word' id='word_1_917' title='bbox 3832 5547 3910 5601; x_wconf 78' lang='lat' dir='ltr'><strong>si-</strong></span> 
     </span>
    </p>
   </div>
   <div class='ocr_carea' id='block_1_119' title="bbox 2398 5731 3069 5796">
    <p class='ocr_par' dir='ltr' id='par_1_119' title="bbox 2398 5731 3069 5796">
     <span class='ocr_line' id='line_1_119' title="bbox 2398 5731 3069 5796; baseline -0.022 -4"><span class='ocrx_word' id='word_1_918' title='bbox 2398 5745 2411 5774; x_wconf 81' lang='grc'>¹</span> <span class='ocrx_word' id='word_1_919' title='bbox 2443 5739 2602 5791; x_wconf 77' lang='lat' dir='ltr'><strong>Morel.</strong></span> <span class='ocrx_word' id='word_1_920' title='bbox 2629 5739 2820 5795; x_wconf 84' lang='lat' dir='ltr'><strong>omittit,</strong></span> <span class='ocrx_word' id='word_1_921' title='bbox 2847 5741 2890 5786; x_wconf 91' lang='lat' dir='ltr'><strong>et</strong></span> <span class='ocrx_word' id='word_1_922' title='bbox 2913 5731 3069 5796; x_wconf 71' lang='lat' dir='ltr'><strong>luetis.</strong></span> 
     </span>
    </p>
   </div>
   <div class='ocr_carea' id='block_1_120' title="bbox 2397 5817 3442 5886">
    <p class='ocr_par' dir='ltr' id='par_1_120' title="bbox 2397 5817 3442 5886">
     <span class='ocr_line' id='line_1_120' title="bbox 2397 5817 3442 5886; baseline -0.011 -12"><span class='ocrx_word' id='word_1_923' title='bbox 2397 5831 2417 5860; x_wconf 73' lang='grc' dir='ltr'>ί</span> <span class='ocrx_word' id='word_1_924' title='bbox 2443 5824 2599 5875; x_wconf 63' lang='lat' dir='ltr'><strong>ttorvl.</strong></span> <span class='ocrx_word' id='word_1_925' title='bbox 2631 5831 2680 5872; x_wconf 81' lang='lat' dir='ltr'><strong>ot</strong></span> <span class='ocrx_word' id='word_1_926' title='bbox 2703 5821 2893 5886; x_wconf 86' lang='lat' dir='ltr'><strong>quidam</strong></span> <span class='ocrx_word' id='word_1_927' title='bbox 2920 5817 2998 5867; x_wconf 80' lang='lat' dir='ltr'><strong>alii</strong></span> <span class='ocrx_word' id='word_1_928' title='bbox 3025 5817 3221 5878; x_wconf 74' lang='lat' dir='ltr'><strong>legunt,</strong></span> <span class='ocrx_word' id='word_1_929' title='bbox 3248 5822 3292 5865; x_wconf 89' lang='lat' dir='ltr'><strong>et</strong></span> <span class='ocrx_word' id='word_1_930' title='bbox 3315 5821 3442 5865; x_wconf 76' lang='lat' dir='ltr'><strong>tunc.</strong></span> 
     </span>
    </p>
   </div>
  </div>
