4186 6488
250 445 355 500 6Ξ9

252 561 603 631 gulllcantur,
628 559 722 616 sed
752 560 911 616 etiam
942 560 1083 631 quod
1110 562 1339 633 apostoli
1362 562 1519 619 facile
1546 563 1666 619 illos
1686 560 1854 617 addu-

264 653 413 710 eturi
439 656 576 711 sint.
612 652 928 708 Sieutenim
948 649 1606 715 bienulluscontradisit.
1633 662 1686 706 ut
1721 666 1852 706 rett-

256 756 419 803 neret
434 746 676 811 asinam,
716 745 798 800 sic
836 744 890 799 in
926 744 1284 800 conversione
1302 746 1547 816 gentium
1564 746 1854 800 nulluseo-

247 853 382 894 rum
399 839 495 910 qui
523 839 646 894 illos
668 846 797 893 ante
816 846 1244 908 occupaverant,
1282 838 1433 909 ipsos
1452 838 1721 909 impedire
1748 856 1833 894 va-

247 931 383 986 luit.
427 928 546 985 Non
594 930 751 986 sedet
792 938 978 986 autem
1026 945 1194 1001 supra
1252 929 1462 985 nudum
1494 932 1726 1001 pullum,
1756 931 1852 987 sed

247 1030 424 1086 supra
454 1014 771 1071 vestimenta
796 1016 1181 1087 apostolorum.
1209 1016 1341 1084 Quia
1362 1017 1503 1071 enim
1535 1017 1735 1087 pullum
1765 1032 1855 1073 ac-

248 1117 538 1175 ceperant,
586 1107 763 1161 omnia
789 1107 901 1177 jam
938 1109 1199 1178 praebent,
1257 1116 1314 1162 ut
1352 1108 1562 1163 dicebat
1611 1108 1851 1164 Paulus:

251 1194 375 1266 Ego
402 1206 571 1250 autem
597 1196 917 1252 libentissime
936 1199 1226 1268 impendam
1255 1208 1299 1253 et
1323 1199 1590 1268 impendar
1618 1216 1711 1270 pro
1735 1199 1852 1252 ani-

249 1289 439 1341 mabus
467 1288 642 1343 vestris
667 1287 742 1359 (2.
774 1286 895 1344 Cor.
921 1290 1008 1344 η.
1042 1287 1154 1359 i5).
1185 1289 1262 1344 Tu
1286 1305 1413 1345 vero
1440 1290 1567 1361 pulli
1606 1305 1853 1345 mansue-

250 1377 503 1433 tudinem
548 1380 849 1446 c0nsidera,
891 1382 1161 1451 quomodo
1195 1381 1485 1438 indomitus
1528 1398 1650 1439 cum
1689 1392 1852 1450 esset,

248 1476 308 1523 et
367 1468 505 1524 freni
534 1484 746 1539 extera,
793 1486 900 1526 non
951 1471 1159 1537 resiliit,
1210 1474 1305 1529 sed
1350 1475 1530 1544 quiete
1576 1476 1850 1545 agebatur.

249 1558 413 1628 Quod
443 1570 498 1617 et
528 1562 696 1631 ipsum
724 1563 1002 1633 prophetia
1043 1563 1117 1618 rei
1161 1563 1352 1619 {omne
1397 1576 1532 1632 erat,
1562 1565 1856 1637 morigeros

248 1660 451 1723 gentes
481 1652 809 1723 signiﬁcans,
832 1661 888 1709 et
913 1664 1210 1726 promptam
1238 1655 1445 1712 ordinis
1481 1660 1851 1716 mutationem.

212 1738 394 1799 'Nam
419 1745 599 1799 omnia
638 1744 803 1799 efficit
845 1747 1064 1801 verbum
1112 1748 1239 1802 illud
1269 1764 1284 1802 :
1316 1748 1579 1805 Soluentes
1617 1750 1857 1807 adducite

246 1835 420 1900 mihi;
450 1835 522 1890 ita
562 1844 620 1890 ut
665 1835 965 1891 inordinata
1004 1838 1055 1891 itt
1086 1838 1333 1894 ordinem
1375 1842 1763 1912 redigerentur,
1801 1852 1857 1899 et

246 1925 538 1982 immunda
565 1926 779 1983 demum
810 1927 1005 1983 munda
1037 1927 1249 1985 fierent.

323 2020 385 2075 5.
424 2016 725 2073 Judaeum
765 2020 991 2089 abiectus
1034 2023 1257 2076 animus.
1306 2022 1538 2078 Christus
1590 2042 1742 2094 quam
1791 2029 1853 2083 ob

243 2129 467 2168 causam
490 2113 565 2167 sic
588 2113 901 2183 triumphare
924 2114 1153 2169 voluerit.
1179 2113 1514 2188 Eleemosyne
1532 2121 1859 2175 commenda-

243 2214 359 2259 tur.
407 2203 829 2260 Antiochenonmt
870 2205 1200 2276 eieemosynte
1243 2208 1475 2277 ipsorum
1522 2208 1853 2279 facultatibus

240 2300 609 2367 conferuntur.
650 2294 854 2352 —Sed
895 2294 1018 2353 vide
1058 2295 1189 2353 mihi
1230 2296 1541 2354 Judaaorum
1581 2298 1851 2370 abjactum

241 2388 515 2445 animum.
530 2389 633 2445 Tot
651 2390 901 2446 miracula
929 2392 1175 2461 patravit,
1195 2402 1248 2449 et
1264 2408 1554 2465 numquam
1576 2396 1654 2451 sic
1678 2396 1852 2467 ipsum

240 2479 505 2535 admirati
545 2489 671 2536 sunt
698 2482 856 2552 :quia
884 2491 1062 2539 autem
1092 2483 1341 2540 viderunt
1376 2486 1585 2542 turbam
1622 2502 1853 2545 concur-

239 2582 486 2641 tentem,
510 2582 635 2629 tunc
661 2574 837 2629 mirati
865 2585 1010 2630 sunt.
1040 2575 1125 2631 10.
1150 2575 1411 2632 Commota
1430 2578 1619 2649 quippe
1642 2590 1715 2635 est
1740 2584 1853 2635 rmi-

237 2682 399 2721 eersa
422 2667 599 2723 civitas
638 2666 812 2723 dicens
834 2683 852 2722 :
876 2667 1002 2733 Quis
1030 2678 1103 2723 est
1132 2669 1212 2723 hic
1231 2670 1257 2724 .’
1282 2667 1469 2725 Turbae
1496 2682 1663 2727 autem
1707 2672 1848 2727 dice-

239 2757 376 2813 bant
394 2772 418 2813 :
437 2756 540 2812 Hic
565 2767 639 2814 est
676 2758 827 2814 Iesus
864 2760 1110 2830 propheta
1133 2775 1165 2814 α
1194 2758 1455 2815 Nazaretlt
1501 2761 1747 2819 Galliam.
1782 2764 1850 2820 Et

237 2864 375 2905 eum
420 2848 524 2905 sibi
573 2849 890 2906 videbantur
923 2852 1125 2922 aliquid
1174 2867 1424 2924 magnum
1469 2852 1690 2922 dicere,
1722 2864 1849 2913 tunc

238 2943 401 2999 humi
432 2958 625 3014 repens
652 2953 708 2999 et
749 2943 967 2999 humilis
1010 2954 1066 3001 et
1102 2945 1307 3016 abjecta
1340 2947 1551 3004 illorum
1578 2952 1847 3007 sententia

236 3044 390 3092 erat.
414 3034 542 3090 Haec
561 3019 741 3091 autem
769 3036 857 3092 ille
888 3036 1132 3103 faciebat,
1161 3054 1268 3095 non
1299 3040 1365 3095 ad
1387 3044 1801 3099 ostentationem
1826 3086 1843 3112 ,

234 3128 341 3184 sed
372 3128 569 3195 simul,
596 3128 739 3200 quod
767 3129 881 3185 dixi
908 3172 925 3196 ,
957 3132 1288 3201 proultetiam
1332 3135 1592 3205 itnplens,
1627 3146 1680 3192 et
1724 3136 1847 3207 phi-

234 3222 549 3292 IOSophiam
576 3221 777 3277 docens
797 3264 812 3287 ,
836 3223 1098 3295 simulque
1132 3224 1423 3296 discipulos
1461 3228 1747 3283 consolans
1776 3229 1847 3283 ob

200 3340 204 3348 λ
233 3325 481 3373 mortem
509 3331 662 3371 suam
680 3316 945 3379 dolentes.
963 3318 1357 3389 ostendensque
1380 3335 1440 3375 se
1461 3320 1647 3375 istltzee
1666 3322 1843 3377 omnia

236 3410 483 3464 libenter
511 3424 792 3479 passurum
819 3424 960 3465 esse.
989 3409 1067 3464 Tn
1100 3425 1228 3467 vero
1255 3411 1383 3465 mihi
1420 3412 1688 3489 atlmirare
1718 3429 1841 3485 pro-

236 3505 426 3569 pheta:
456 3502 850 3558 accurationem
874 3543 891 3567 ,
914 3502 1183 3571 quomodo
1208 3505 1386 3558 omnia
1422 3505 1748 3573 pra-dixerit.
1776 3506 1846 3563 Et

229 3596 342 3649 alia
373 3593 589 3664 quidem
618 3595 800 3661 David,
831 3594 933 3649 alia
955 3594 1238 3652 Zacharias
1261 3599 1655 3667 prreuuntiavit.
1691 3601 1762 3657 Ita
1791 3612 1845 3658 et

232 3700 345 3740 nos
382 3684 642 3740 faciamus
666 3727 681 3751 ,
709 3694 762 3740 et
790 3685 1000 3757 hymnis
1030 3688 1361 3745 celebremus
1384 3732 1400 3757 ,
1430 3701 1483 3745 et
1526 3692 1842 3750 vestimenta

230 3775 523 3832 tradamus
552 3775 617 3831 iis
644 3777 731 3847 qui
771 3777 943 3847 ipsum
969 3776 1217 3833 adferunt.
1247 3779 1360 3848 Qua
1399 3783 1540 3836 enim
1574 3785 1726 3838 venia
1763 3785 1844 3839 (Ιὶ-

229 3870 329 3939 gni
365 3869 569 3923 erimus
591 3910 608 3933 ,
644 3870 689 3923 si
716 3883 835 3924 cum
864 3870 954 3925 alii
996 3873 1202 3926 asinam
1250 3874 1333 3928 eui
1385 3875 1647 3930 insidebat
1677 3878 1842 3932 vesti-

230 3961 447 4017 mentis
470 3960 736 4032 operiunt,
763 3960 851 4015 alii
878 3962 997 4031 ejus
1018 3964 1247 4032 pedibus
1270 3968 1583 4022 vestimenta
1606 3971 1842 4027 subster-

230 4063 400 4118 nunt,
425 4068 526 4109 nos
555 4053 751 4109 nudum
784 4054 929 4111 illum
955 4057 1209 4119 videntes.
1228 4062 1473 4128 neejussi
1503 4079 1599 4117 nos
1621 4082 1838 4134 exuere,

227 4147 333 4204 sed
362 4146 565 4217 aliquid
593 4144 930 4217 impendere,
963 4165 1029 4204 ne
1056 4150 1194 4207 hanc
1227 4154 1441 4223 quidem
1472 4155 1839 4216 liberalitati-tn

226 4238 633 4294 exhibeatnus‘l
661 4238 735 4294 illi
760 4252 1058 4310 sequuntur
1094 4252 1220 4298 ante
1249 4254 1295 4298 et
1332 4256 1472 4313 post,
1505 4262 1602 4301 nos
1633 4266 1760 4304 vero
1785 4260 1839 4305 ιιι

225 4329 591 4385 accedentem
647 4330 998 4401 repellimus,
1048 4343 1102 4388 et
1153 4337 1488 4391 contumeliis
1535 4339 1839 4398 officimus?

222 4426 457 4490 Quanto
486 4421 600 4477 hare
622 4422 882 4491 supplicio
905 4464 920 4489 ,
945 4434 1139 4493 quanta
1162 4426 1362 4481 ultione
1389 4428 1544 4497 digna
1572 4433 1731 4486 sunt?
1760 4435 1837 4489 Ad

225 4520 285 4565 te
333 4508 547 4563 accedit
586 4509 844 4566 Dominus
887 4527 1086 4583 egenus
1109 4531 1123 4579 ;
1148 4531 1247 4571 uec
1284 4519 1727 4588 supplicatitmem
1759 4540 1837 4577 vis

222 4600 464 4665 audire;
487 4599 581 4656 sed
611 4600 843 4671 incusas,
880 4604 1153 4675 inerepas,
1184 4617 1237 4663 et
1265 4610 1379 4665 haec
1411 4612 1602 4669 talibus
1639 4617 1837 4675 auditis

221 4692 443 4749 verbis.
477 4692 534 4747 Si
560 4708 689 4748 vero
723 4695 805 4750 vel
839 4710 1029 4765 panem
1058 4699 1274 4755 unicum
1316 4701 1547 4772 largiens
1577 4716 1631 4761 et
1659 4710 1837 4765 tantil-

220 4785 344 4839 lum
394 4784 673 4855 pecuniaz,
702 4785 773 4842 ita
823 4796 981 4843 tenax
1025 4805 1084 4843 es
1109 4832 1125 4857 ,
1157 4807 1349 4847 avarus
1377 4804 1431 4849 et
1467 4799 1646 4868 segnis
1669 4840 1686 4865 ,
1714 4803 1834 4872 quis

216 4876 449 4931 futurus
476 4890 656 4943 esses,
678 4876 722 4931 si
751 4880 928 4933 omnia
956 4891 1136 4936 essent
1174 4886 1517 4943 evacuanda?
1539 4890 1651 4946 Non
1678 4894 1832 4951 vides

215 4968 355 5022 illos
382 4965 438 5021 in
471 4966 677 5022 theatro
705 4968 943 5026 liberales
971 4972 1213 5028 homines
1242 4987 1435 5047 quanta
1462 4985 1831 5043 meretricibus

213 5054 607 5126 profundunt?
637 5058 716 5112 Tu
758 5075 890 5115 vero
934 5078 999 5115 ne
1038 5063 1311 5121 dimidiam
1357 5068 1569 5139 quidem
1616 5075 1828 5133 illorum

214 5156 464 5217 partem,
499 5146 605 5201 imo
634 5162 778 5217 stupe
808 5166 876 5206 ne
903 5168 1061 5222 quam
1089 5155 1359 5211 minimam
1386 5172 1587 5229 partem
1615 5181 1826 5237 erogas.

210 5246 289 5294 At
314 5239 568 5295 diabolus
593 5241 1013 5316 quibuscumque
1034 5248 1161 5302 dare
1181 5248 1352 5317 jubet;
1380 5252 1504 5309 dum
1527 5258 1823 5327 gehennam

211 5332 387 5388 tiubis
410 5332 701 5400 conciliat,
728 5345 781 5390 et
812 5347 986 5393 tamen
1020 5340 1117 5395 das
1145 5360 1157 5395 :
1182 5340 1423 5399 Christus
1474 5364 1604 5403 vero
1639 5357 1821 5422 egenis

211 5428 360 5483 dare
395 5426 573 5497 jubet,
602 5440 670 5488 et
703 5446 925 5503 regnum
973 5438 1271 5505 promittit,
1316 5451 1371 5495 et
1403 5454 1455 5496 ttt
1507 5460 1611 5499 non
1662 5449 1821 5503 modo

209 5535 328 5574 non
380 5518 522 5581 das.
567 5521 662 5575 sed
720 5524 880 5578 etiam
935 5532 1358 5586 contumeliosus
1405 5550 1500 5599 es;
1546 5542 1822 5611 mavisque

207 5610 447 5665 obedire
473 5610 707 5679 diabolo,
744 5629 795 5667 Ut
824 5617 1077 5672 crucieris
1101 5662 1116 5685 ,
1144 5637 1301 5691 quam
1324 5626 1557 5691 Christo,
1591 5640 1647 5683 ut
1674 5610 1820 5687 salu-

208 5714 325 5759 tem
353 5705 728 5776 consequaris.
752 5708 886 5776 Quid
908 5711 1004 5765 hac
1034 5714 1254 5770 stultitia
1281 5717 1554 5775 deterius?
1582 5723 1675 5779 Ille
1721 5742 1817 5796 ge-

210 5792 453 5853 hennam
484 5794 578 5849 tibi
607 5795 757 5850 affert
778 5840 791 5863 ,
820 5798 903 5854 hic
932 5816 1149 5871 regnum
1178 5824 1191 5859 :
1216 5816 1268 5861 et
1298 5818 1472 5865 tamen
1502 5812 1603 5868 hoc
1631 5792 1817 5874 relicto

206 5886 278 5943 ad
307 5887 468 5945 illum
496 5889 791 5943 securi-itis.
838 5922 897 5943 ετ.
943 5893 1082 5949 hunc
1127 5894 1467 5957 accedentem
1516 5907 1833 5979 repellitisi,‘

544 6004 785 6069 Parnm
876 6010 915 6057 "1
934 6029 983 6071 ρ..
1045 6008 1263 6072 LVIII.

1191 445 1257 503 lN
1292 446 1702 505 MATTIIJEUM
1743 449 1974 507 HOMIL.
2017 448 2204 507 LXVI.
2246 449 2319 504 al.
2362 444 2566 503 LXVII.

3455 449 3560 506 O39

1963 561 2112 616 illum
2159 560 2343 631 procul
2386 561 2620 631 positum
2646 558 2939 616 advocatis.
2980 558 3163 630 Neque
3199 560 3356 618 aliter
3385 576 3475 619 res
3503 578 3563 618 se

1960 647 2141 715 habet,
2160 667 2317 721 quam
2344 652 2389 705 si
2420 666 2513 707 rex
2543 664 2775 721 purpura
2804 650 3029 706 vestitus
3057 658 3113 705 et
3139 650 3441 708 diademate
3465 668 3561 708 or-

1960 754 2114 799 natus
2163 760 2269 799 non
2317 745 2835 816 persuadeatzlatro
2876 734 3055 800 autem
3092 760 3279 802 ensem
3316 745 3561 811 vibrans,

1958 849 2296 907 mortemque
2320 837 2680 893 comminatus
2703 836 2855 892 facile
2876 836 3210 908 persuadeat.
3238 835 3362 894 lltcc
3383 838 3565 910 itaque

1958 931 2285 999 Cogitatth,
2313 930 2491 986 dilecti
2518 973 2533 996 ,
2563 930 2779 987 tandem
2807 929 3099 1001 aliquando
3133 944 3321 987 oculos
3348 945 3560 1003 aperta-

1958 1038 2098 1087 mus,
2116 1033 2171 1080 et
2185 1024 2485 1096 vigilemus.
2512 1023 2642 1081 Nam
2660 1033 2806 1081 certe
2826 1024 2992 1095 pudet
3016 1039 3102 1079 me
3126 1023 3195 1079 de
3219 1023 3563 1097 eleemosyua

1959 1116 2103 1186 loqui
2128 1158 2141 1179 .
2172 1131 2294 1171 cum
2327 1126 2433 1172 tam
2462 1132 2607 1188 saepe
2652 1118 2755 1173 hoc
2796 1126 3177 1187 argumentum
3225 1118 3561 1174 traetaverim

1960 1222 2077 1264 sine
2099 1224 2290 1278 utagno
2309 1209 2730 1274 admonitionum
2754 1210 2947 1266 fructu.
2974 1209 3099 1266 Plus
3124 1219 3273 1266 certe
3290 1211 3558 1281 quidpiam

1962 1302 2228 1369 praestatis
2251 1343 2265 1363 ,
2294 1301 2389 1356 sed
2418 1318 2524 1357 non
2562 1312 2819 1373 quantum
2848 1301 3065 1358 vellem.
3097 1301 3207 1359 Vos
3232 1303 3562 1359 seminantcs

1960 1393 2155 1460 video,
2188 1394 2281 1449 sed
2328 1412 2433 1451 non
2484 1397 2627 1468 larga
2668 1412 2852 1452 manu.
2879 1395 3242 1466 Quamobrem
3289 1397 3453 1453 timeo
3496 1413 3563 1453 ne

1960 1499 2119 1555 parce
2148 1487 2379 1569 metatis.
2406 1486 2560 1556 Quod
2605 1488 2747 1543 enim
2780 1502 2939 1558 parce
2979 1487 3342 1553 seminemus,
3376 1487 3422 1542 si
3454 1487 3565 1558 pla-

1960 1586 2080 1632 ceat
2098 1617 2113 1640 ,
2142 1578 2484 1648 exploremus
2506 1622 2521 1647 ,
2554 1589 2729 1635 utrum
2763 1580 2946 1651 plures
2972 1580 3079 1634 sint
3105 1580 3156 1635 in
3186 1580 3407 1636 civitate
3435 1594 3565 1651 pau—

1960 1682 2118 1739 peres
2147 1685 2308 1739 quam
2336 1670 2529 1726 divites
2549 1713 2563 1735 ,
2596 1680 2651 1726 et
2677 1671 2892 1742 quinam
2934 1686 3033 1727 nec
3065 1686 3327 1743 pauperes
3355 1686 3457 1729 nec
3485 1670 3568 1728 di-

1960 1760 2097 1815 vites
2122 1761 2228 1815 sint
2250 1802 2265 1825 ,
2293 1762 2387 1818 sed
2420 1762 2652 1818 medium
2682 1764 2857 1819 locum
2890 1773 3158 1821 tenentes.
3192 1758 3410 1822 Decima
3440 1780 3567 1835 pars

1959 1850 2154 1906 civium
2186 1853 2380 1909 divites
2402 1894 2417 1917 .
2444 1853 2654 1910 decima
2688 1869 2812 1925 pars
2851 1869 3115 1926 pauperes
3154 1855 3244 1928 qui
3290 1856 3422 1912 nihil
3463 1855 3556 1912 ha-

1961 1942 2124 1998 bent:
2151 1944 2338 2016 reliqui
2373 1960 2500 2001 vero
2540 1955 2661 2001 sunt
2701 1947 2753 2001 in
2786 1947 2964 2003 medio
2989 1947 3109 2004 loco
3136 1947 3318 2018 positi.
3352 1947 3568 2003 Divida-

1962 2050 2081 2089 mus
2112 2036 2288 2107 itaque
2311 2053 2408 2109 per
2431 2052 2722 2110 egenorum
2751 2054 3033 2095 numerum
3057 2048 3222 2095 totam
3251 2039 3400 2097 urbis
3425 2039 3567 2096 mul-

1960 2130 2355 2198 titudinetn,et
2396 2142 2654 2201 quantum
2704 2133 2777 2188 sit
2823 2132 3062 2191 dedecus
3109 2133 3381 2190 videbitis.
3426 2132 3566 2190 Nam

1957 2222 2245 2279 admodum
2269 2225 2461 2281 divites
2487 2226 2636 2295 pauci
2660 2234 2818 2292 sunt;
2846 2226 2937 2297 qui
2976 2225 3076 2282 hos
3100 2233 3402 2299 sequuntur
3432 2225 3559 2297 plu-

1957 2317 2116 2382 rimi;
2145 2332 2358 2372 rursum
2390 2331 2654 2389 pauperes
2685 2318 2845 2388 longe
2870 2317 2956 2374 bis
2982 2318 3262 2388 pauciores
3284 2327 3431 2374 sunt.
3460 2319 3563 2373 At-

1959 2420 2138 2465 tamen
2160 2424 2281 2465 cunt
2304 2417 2384 2465 tot
2402 2410 2507 2466 sint
2536 2410 2627 2482 qui
2651 2411 2955 2467 esurientes
2983 2409 3132 2467 alere
3156 2410 3387 2482 possint,
3407 2409 3564 2466 multi

1956 2512 2078 2556 sunt
2092 2502 2181 2573 qui
2192 2503 2491 2559 esurientes
2504 2502 2702 2559 lectum
2721 2513 2807 2573 pet
2832 2515 2926 2569 int,
2943 2518 3049 2559 non
3063 2503 3207 2575 quod
3222 2519 3331 2560 non
3347 2502 3563 2561 valeant

1955 2595 2194 2665 opulenti
2226 2595 2329 2652 illis
2350 2594 2510 2653 facile
2536 2597 2839 2653 necessaria
2859 2596 3291 2668 subministrare,
3314 2597 3409 2656 sed
3437 2598 3561 2672 quia

1954 2686 2243 2742 admodum
2272 2685 2393 2742 duri
2422 2686 2808 2758 inbumauique
2846 2696 2991 2744 sunt.
3024 2687 3155 2744 Nam
3184 2688 3231 2745 si
3274 2688 3469 2744 divites
3506 2699 3564 2745 et

1956 2776 1990 2831 ii
2012 2777 2101 2848 qui
2126 2778 2463 2835 facultatibus
2482 2779 2829 2836 mediocriter
2849 2780 3053 2852 pollent
3073 2780 3214 2837 inter
3238 2796 3298 2838 se
3318 2781 3565 2838 dividant

1954 2886 2049 2926 eos
2075 2872 2164 2943 qui
2197 2887 2332 2942 pane
2361 2882 2417 2929 et
2442 2873 2678 2930 vestibus
2706 2884 2887 2946 egent,
2917 2874 3003 2931 vix
3030 2876 3437 2946 quinquaginta,
3468 2877 3556 2932 vel
3649 2914 3654 2920 ι

1951 2962 2090 3018 forte
2134 2974 2349 3019 centum
2382 2965 2507 3020 viris
2546 2980 2749 3037 pauper
2776 2982 2917 3023 unus
2960 2966 3185 3024 alendus
3230 2969 3552 3039 reperietur.

1954 3057 2203 3111 Attamen
2234 3055 2288 3110 itt
2318 3065 2465 3113 tanta
2494 3059 2647 3127 copia
2676 3072 2863 3113 eorum
2889 3060 2979 3128 qui
3009 3060 3313 3116 necessaria
3347 3060 3558 3116 submi-

1953 3149 2182 3203 uistrare
2211 3159 2434 3219 possunt
2456 3191 2470 3213 ,
2499 3150 2739 3221 quotidie
2777 3164 3041 3221 pauperes
3065 3161 3361 3222 egestatem
3404 3169 3556 3209 suam

1950 3239 2251 3309 deplorant.
2274 3241 2339 3295 Et
2366 3252 2423 3297 ut
2442 3242 2618 3297 discas
2640 3242 2851 3297 illorum
2874 3242 3285 3312 immanitatem,
3316 3244 3557 3301 Ecclesia

1948 3333 2109 3387 unius
2155 3332 2443 3389 admodum
2484 3332 2664 3389 divitis
2702 3342 2757 3389 et
2797 3335 2955 3390 unius
3000 3335 3288 3392 mediocris
3332 3338 3557 3394 fortuna:

1949 3424 2177 3479 reditum
2220 3426 2416 3494 habet,
2444 3435 2500 3481 et
2550 3427 2753 3497 cogites
2792 3428 2954 3482 velim
2994 3437 3128 3500 quot
3170 3427 3394 3497 viduas,
3427 3443 3556 3503 quot

1950 3520 2182 3587 virgines
2210 3519 2317 3574 alat
2353 3520 2592 3592 quotidie
2618 3539 2632 3576 :
2654 3536 2839 3576 earum
2883 3531 3031 3578 certe
3074 3523 3349 3594 catalogus
3378 3525 3443 3579 ad
3476 3535 3558 3580 ter

1950 3611 2095 3665 mille
2142 3612 2416 3683 pertingit.
2447 3612 2529 3668 Ad
2561 3611 2677 3669 lucc
2705 3614 2866 3669 etiam
2895 3615 2947 3670 in
2979 3630 3199 3672 carcere
3227 3618 3434 3673 vinetus
3454 3660 3472 3686 ,
3504 3620 3555 3673 in

1949 3702 2286 3758 xenodochio
2311 3718 2483 3772 a'gros
2508 3745 2523 3769 .
2547 3704 2684 3760 alios
2728 3705 2865 3761 bene
2896 3706 3135 3763 valentes
3154 3750 3169 3772 ,
3198 3710 3513 3780 peregrinos
3534 3750 3553 3777 ,

1948 3794 2205 3850 membris
2226 3795 2463 3859 mutilos.
2487 3796 2639 3851 altari
2669 3796 2989 3864 assidentes,
3015 3800 3256 3855 alimenti
3274 3803 3554 3873 vestisque

1948 3902 2131 3953 causa,
2155 3888 2396 3959 aliosque
2416 3903 2542 3943 casu
2566 3889 2885 3944 accedentes
2907 3890 3052 3946 fovet
3073 3892 3313 3961 quotidie
3338 3911 3351 3947 :
3379 3909 3553 3965 neque

1949 3988 2124 4035 tamen
2155 3980 2273 4047 ejus
2296 3981 2572 4037 facultates
2594 3981 2889 4036 imminuta:
2915 3992 3060 4038 sunt.
3087 3985 3270 4054 Itaque
3294 3986 3333 4040 si
3363 3984 3550 4041 decem

1949 4074 2048 4127 viri
2078 4084 2281 4128 tantum
2316 4073 2461 4143 paria
2486 4074 2899 4131 subministrare
2930 4077 3163 4145 vellent,
3197 4078 3375 4133 nullus
3410 4078 3551 4134 foret

1948 4178 2011 4234 pa
2020 4181 2169 4234 uper.

2018 4260 2071 4314 4.
2106 4258 2306 4329 Ecquid
2334 4302 2348 4325 ,
2379 4259 2587 4330 inquies
2607 4302 2621 4325 ,
2654 4260 2839 4316 liberis
2867 4263 3065 4318 nostris
3090 4264 3390 4334 supererit?
3416 4264 3549 4319 Sors

1944 4366 2159 4422 semper
2188 4363 2362 4408 manet
2384 4396 2399 4417 ,
2431 4363 2484 4409 et
2511 4338 2714 4410 reditus
2739 4364 2968 4427 augetur
2990 4397 3006 4422 ,
3036 4357 3081 4412 si
3113 4358 3165 4412 in
3196 4358 3344 4413 ca-lis
3372 4358 3545 4413 facul-

1947 4452 2082 4499 tates
2111 4458 2298 4499 eorutn
2318 4457 2665 4515 reponantur.
2685 4446 2839 4515 Quod
2856 4448 2901 4504 si
2924 4449 2993 4503 ita
3017 4464 3124 4504 non
3149 4449 3328 4516 vultis,
3356 4453 3545 4506 saltem

1944 4534 2215 4588 dimidiam
2240 4576 2257 4601 ,
2290 4537 2370 4590 vel
2422 4536 2632 4591 tertiam
2657 4579 2672 4603 ,
2707 4539 2787 4593 vel
2833 4549 3075 4609 quartam
3102 4583 3117 4607 ,
3146 4545 3424 4611 quintam,
3452 4554 3547 4599 aut

1942 4626 2205 4681 decimam
2234 4639 2529 4685 numerate.
2556 4630 2658 4685 Per
2687 4631 2777 4685 Dei
2806 4631 3035 4702 gratiam
3056 4633 3200 4688 enim
3230 4644 3409 4703 posset
3431 4635 3547 4693 hare

1939 4720 2126 4774 civitas
2170 4731 2350 4776 nostra
2376 4721 2563 4776 decem
2595 4723 2868 4778 civitatum
2898 4740 3160 4796 pauperes
3198 4726 3363 4783 alere.
3395 4728 3461 4783 Et
3498 4730 3545 4786 si

1939 4814 2138 4884 placet,
2172 4813 2287 4870 lucc
2312 4826 2717 4887 computemus;
2748 4818 2855 4873 imo
2894 4819 3039 4875 nulla
3068 4822 3412 4890 computandi
3446 4839 3545 4880 ne-

1938 4907 2162 4961 cessitas
2193 4925 2207 4961 :
2238 4907 2579 4963 manifestum
2611 4910 2810 4980 quippe
2838 4920 2921 4965 est
2947 4927 3106 4979 quam
3136 4911 3309 4969 facilis
3340 4929 3428 4969 res
3455 4917 3539 4976 illa

1933 5000 2026 5053 sit.
2058 4998 2247 5054 Videte
2293 5000 2454 5069 igitur
2496 5010 2625 5073 quot
2666 5014 2980 5075 quantaque
3000 5021 3102 5059 una
3133 5004 3328 5062 domus
3354 5008 3421 5063 ad
3451 5026 3544 5065 ur-

1936 5088 2070 5143 bana
2102 5108 2263 5147 onera
2288 5108 2431 5161 Saepe
2452 5094 2861 5149 subministrare
2892 5113 2998 5151 non
3026 5108 3277 5168 gravetur
3298 5144 3314 5168 ,
3346 5106 3543 5173 vixque

1933 5191 2111 5236 lalllt‘ll
2142 5184 2284 5239 hunc
2310 5197 2581 5255 sumptum
2609 5189 2806 5241 sentiat
2829 5206 2841 5239 :
2864 5190 2907 5243 si
2937 5190 3037 5245 hoc
3059 5192 3286 5263 quisque
3312 5193 3539 5251 divitum

1932 5275 2283 5331 ministerium
2308 5276 2649 5348 inpauperes
2671 5294 2925 5337 exercere
2947 5282 3127 5348 vellet,
3150 5299 3257 5339 uno
3280 5291 3541 5357 temporis

1932 5378 2205 5423 momento
2242 5370 2431 5424 caelum
2478 5372 2767 5440 abriperet.
2802 5374 2933 5440 Qua:
2981 5380 3131 5432 venia
3178 5377 3341 5448 igitur
3368 5422 3385 5447 ,
3418 5398 3538 5453 qua:

1928 5460 2287 5514 excusatiOuis
2316 5463 2501 5516 umbra
2527 5504 2543 5528 ,
2574 5462 2793 5533 quando
2822 5481 2889 5519 ne
2915 5482 2976 5521 ea
3016 5468 3230 5537 quidem
3249 5508 3270 5536 ,
3300 5487 3420 5541 qua:
3452 5473 3537 5527 hic

1928 5550 2217 5618 migrantes
2245 5552 2479 5608 relicturi
2512 5570 2717 5619 smnus,
2753 5566 2859 5611 tam
2891 5558 3110 5629 largiter
3134 5564 3321 5631 egenis
3341 5579 3534 5634 suppe-

1926 5640 2175 5705 ditaiuus,
2196 5659 2353 5714 quam
2385 5646 2471 5699 alii
2498 5649 2726 5703 scenicis
2750 5659 2995 5721 erngaut,
3019 5666 3142 5707 cum
3173 5662 3378 5710 tantum
3410 5656 3532 5709 inde

1924 5733 2152 5786 fructum
2181 5750 2403 5805 carpere
2432 5736 2759 5795 debeamus?
2783 5742 3001 5818 Etipmsi
3034 5747 3176 5799 enim
3205 5746 3291 5801 hic
3320 5762 3532 5815 semper

1924 5829 2162 5880 mansuri
2189 5843 2450 5896 essemus,
2478 5830 2564 5885 ltic
2588 5834 2825 5901 pulchris
2846 5829 3148 5904 sumptibus
3176 5854 3395 5909 parcere
3421 5854 3528 5893 non

1924 5928 2195 5989 oporteret
2221 5936 2235 5984 ;
2262 5938 2384 5977 cum
2417 5933 2595 5981 autem
2627 5933 2750 5996 post
2791 5928 3055 5983 tantillum
3102 5932 3356 5995 temporis
3403 5932 3527 5987 htne

3132 6039 3197 6099 11
