4186 6478
628 427 718 481 631

628 508 919 616 migratui'i,
951 540 1178 608 nudique
1201 532 1436 604 rapiendi
1459 532 1644 592 simus,
1664 541 1817 596 quam
1840 523 2201 580 defensionem

631 637 956 693 habebimus,
983 632 1068 701 qui
1098 645 1162 683 ex
1193 617 1535 696 preventibns
1572 618 1826 674 fatnelfcis
1856 624 1910 671 et
1935 615 2205 686 oppressis

632 746 731 782 non
766 722 1051 795 largimur?
1081 719 1193 774 Non
1235 724 1286 771 te
1314 730 1446 785 cogo
1474 724 1529 767 ut
1560 710 1925 781 possessiones
1953 708 2161 760 minuas
2188 747 2199 764 .

631 836 730 871 non
757 815 896 888 quod
941 814 1136 875 nolim,
1164 807 1422 876 sedquod
1475 815 1524 857 te
1567 800 1847 855 admodum
1886 813 2100 868 segnem
2131 797 2199 850 vi-

628 915 800 968 deam.
829 909 942 965 Non
971 907 1071 961 hoc
1098 919 1225 974 ergo
1254 901 1406 956 dico:
1432 897 1523 952 sed
1553 912 1614 950 ex
1647 893 1902 948 fructibus
1928 890 2165 959 expende
2188 930 2203 954 ,

629 1017 799 1072 neque
831 1001 916 1054 hic
941 995 1190 1069 pecunias
1215 993 1422 1061 collige.
1453 988 1591 1043 Satis
1620 995 1698 1039 est
1728 983 1815 1036 libi
1835 1025 1849 1044 ,
1879 984 1920 1036 si
1951 981 2208 1050 pecunia-

628 1071 744 1150 rum
775 1099 1084 1163 proventum
1116 1085 1264 1156 quasi
1306 1100 1369 1139 es
1410 1081 1552 1136 fonte
1577 1080 1824 1132 fluentem
1858 1074 2052 1129 habeas
2081 1091 2093 1126 :
2126 1071 2204 1128 fac

629 1201 809 1240 earum
836 1190 1112 1239 consortes
1151 1190 1410 1247 pauperes
1430 1212 1445 1234 ,
1479 1184 1531 1226 et
1562 1179 1676 1225 8510
1703 1167 1872 1221 bonus
1900 1180 2208 1221 (economus

627 1293 811 1335 eorum
840 1290 956 1346 quae
985 1273 1076 1329 tibi
1103 1287 1129 1323 a
1163 1271 1271 1324 Deo
1299 1267 1418 1321 data
1446 1274 1588 1319 sunt.
1620 1260 1744 1323 Sed,
1775 1259 2010 1327 inquies,
2039 1257 2205 1310 vecti-

627 1370 761 1439 galia
793 1345 986 1438 petido.
1019 1363 1209 1418 ldeone
1234 1359 1318 1413 hic
1338 1353 1654 1417 contemnis,
1677 1350 1795 1420 quia
1825 1362 1980 1402 nemo
2008 1345 2209 1414 exigit?

630 1436 694 1516 iit
724 1436 807 1515 illi
825 1457 1036 1529 quidem
1069 1453 1178 1522 qui,
1199 1451 1322 1504 sive
1355 1456 1492 1502 terra
1524 1451 1835 1513 proventum
1871 1437 2064 1497 tulerit.
2097 1436 2209 1490 sive

630 1566 784 1608 secus
811 1526 902 1611 ,te
948 1546 1088 1616 cogit
1129 1551 1182 1597 et
1208 1547 1391 1602 vexat,
1419 1548 1713 1605 repugnare
1754 1547 1858 1585 non
1901 1527 2064 1582 audes
2094 1545 2106 1578 :
2135 1526 2207 1580 illi

629 1649 775 1706 Vero,
798 1640 884 1711 qui
917 1640 984 1693 ita
1013 1641 1316 1690 mansuetus
1335 1637 1436 1692 est,
1465 1636 1517 1680 et
1539 1635 1662 1680 tunc
1685 1624 1855 1678 solum
1878 1619 2057 1689 exigit,
2087 1632 2207 1671 cum

633 1745 768 1786 terra
793 1707 1086 1799 protulerit,
1111 1739 1176 1778 ne
1193 1721 1410 1776 verbum
1433 1717 1642 1787 quidem
1666 1710 1989 1782 respondes?
2019 1707 2210 1775 Ecquis

635 1832 687 1876 te
722 1798 968 1874 liberabit
995 1817 1062 1871 ab
1093 1809 1510 1870 intolerabilibus
1555 1805 1662 1860 illis
1690 1800 2002 1872 suppliciis?
2027 1798 2210 1853 Nullus

636 1912 804 1979 plane.
827 1909 880 1963 Si
909 1907 1046 1962 enim
1077 1905 1161 1958 hic
1187 1901 1304 1957 ideo
1324 1898 1561 1953 studiose
1587 1895 1770 1959 solvis,
1792 1892 1912 1961 quia
1938 1905 2044 1944 non
2067 1887 2210 1942 danti

631 2001 959 2073 gravissimae
987 2011 1157 2067 ptente
1188 2001 1382 2064 paratae
1411 1998 1552 2053 sunt,
1581 1985 1781 2057 cogites
1802 1983 1955 2037 Velim
1985 1981 2069 2035 hic
2090 1995 2210 2050 gra-

635 2098 804 2149 viores
837 2090 1007 2161 parari
1034 2129 1048 2154 ,
1076 2101 1183 2140 non
1227 2082 1366 2154 quod
1399 2079 1623 2135 vinculis
1669 2073 2047 2144 constringaris
2067 2114 2080 2136 ,
2107 2086 2210 2125 non

633 2185 772 2256 quod
826 2185 878 2237 in
934 2193 1203 2236 carcerem
1252 2171 1553 2242 conjiciaris
1581 2210 1594 2234 ,
1624 2167 1716 2223 sed
1762 2165 1904 2235 quod
1955 2167 2005 2217 in
2037 2163 2209 2230 ignem

635 2280 792 2334 abeas
835 2285 1110 2329 :eternum.
1154 2266 1509 2337 Quamobrem
1559 2261 1673 2316 haec
1729 2259 1894 2328 prima
1942 2253 2212 2324 vectigalia

637 2369 922 2424 solvamus.
951 2364 1133 2432 Magna
1164 2359 1361 2429 quippe
1388 2355 1631 2416 facilitas,
1660 2349 1828 2419 major
1858 2357 2062 2401 merces
2085 2386 2097 2408 ,
2125 2360 2215 2398 co-

638 2459 834 2530 piosior
879 2452 1206 2524 negotiatio,
1239 2447 1451 2520 gravior
1497 2443 1649 2498 nobis
1696 2441 1858 2503 ultio,
1887 2439 1928 2492 si
1979 2436 2216 2506 improbe

637 2526 874 2619 agamus.
906 2545 1039 2599 Nam
1079 2539 1395 2610 supplicium
1441 2549 1537 2589 nos
1563 2532 1790 2599 excipiet
1822 2528 2022 2582 nullum
2059 2526 2215 2578 linem

640 2618 959 2693 habiturum.
994 2631 1144 2700 Quod
1173 2631 1216 2685 si
1260 2628 1386 2682 mihi
1431 2625 1624 2678 milites
1667 2621 1861 2688 alleges
1884 2660 1897 2682 ,
1925 2618 2010 2686 qui
2043 2632 2138 2684 pro
2169 2624 2217 2668 te

639 2741 821 2786 contra
852 2725 1103 2781 barbaros
1134 2726 1399 2790 pugnant,
1424 2725 1503 2769 est
1545 2726 1751 2783 quoque
1797 2708 1880 2761 hic
1927 2719 2217 2775 pauperum

642 2819 925 2883 exercitus,
953 2815 1040 2885 qui
1072 2826 1167 2884 pro
1200 2820 1249 2864 te
1275 2808 1470 2863 bellum
1499 2812 1685 2874 gerunt
1717 2810 1768 2855 et
1799 2807 2051 2869 pugnant.
2083 2794 2215 2850 Cum

641 2912 780 2966 enim
834 2907 1139 2976 accipiunt,
1168 2900 1412 2972 precibus
1469 2897 1633 2950 Deum
1678 2893 1769 2946 tibi
1829 2887 2219 2960 placantzpla-

641 3011 822 3058 rantes
847 3009 1058 3058 autem,
1092 3010 1195 3048 non
1224 2991 1476 3046 barbaros
1500 3029 1514 3053 ,
1549 2985 1641 3041 sed
1672 2985 1972 3038 daemonum
2004 2977 2220 3032 insidias

643 3093 900 3164 repellunt
930 3107 942 3142 :
979 3104 1081 3142 non
1114 3085 1424 3154 permittunt
1450 3088 1503 3133 ut
1531 3088 1582 3131 te
1612 3075 1872 3143 malignus
1904 3071 1989 3124 ille
2019 3068 2224 3121 fortiter

647 3162 874 3247 invadat,
904 3196 1000 3238 nec
1025 3189 1082 3234 ut
1103 3179 1407 3247 frequenter
1437 3175 1689 3240 insurgat,
1720 3166 1812 3222 sed
1837 3164 1950 3234 ejus
1975 3162 2112 3216 vires
2139 3174 2222 3213 re-

647 3279 877 3335 solvunt.

715 3416 766 3469 5.
796 3412 927 3467 Cum
974 3422 1100 3477 ergo
1149 3405 1245 3460 hos
1291 3402 1484 3456 milites
1534 3395 1716 3451 videas
1757 3389 1993 3464 quotidie
2045 3393 2226 3441 contra

647 3505 910 3561 diabolum
949 3476 1165 3570 propter
1195 3505 1244 3550 te
1277 3498 1569 3564 pugnantes
1608 3484 1852 3556 precibus
1877 3476 2230 3535 orationibus-

652 3609 770 3665 que,
798 3609 826 3646 a
855 3565 1021 3660 teipse
1045 3565 1145 3642 hoc
1172 3582 1584 3655 pulcherrimum
1615 3576 1868 3629 tributum
1902 3578 2099 3640 repete,
2127 3565 2225 3618 ali-

651 3697 822 3744 menta
847 3699 1036 3754 nempe
1062 3683 1314 3751 ipsormu.
1342 3675 1472 3730 Cum
1503 3671 1645 3726 enim
1673 3673 1974 3722 mansuetus
2004 3660 2091 3714 hic
2118 3659 2227 3712 Rex

650 3781 737 3845 sit,
773 3793 877 3831 non
910 3771 1158 3843 imposuit
1189 3767 1280 3823 tibi
1328 3773 1604 3819 exactores
1627 3799 1643 3826 ,
1675 3757 1768 3812 sed
1797 3756 1906 3808 vult
1951 3762 2000 3806 te
2039 3759 2228 3818 sponte

653 3872 921 3939 deponere
987 3863 1190 3919 etiamsi
1224 3873 1406 3939 parum
1435 3855 1666 3924 deponas
1688 3892 1701 3916 ,
1725 3847 1914 3916 accipit
1945 3854 2153 3903 tamen;
2183 3841 2227 3894 si

656 3977 758 4015 non
791 3960 859 4011 ita
900 3954 1131 4023 locuples
1165 3933 1280 4020 pnst
1325 3931 1544 4002 multum
1593 3939 1844 4010 temporis
1888 3931 2227 4004 reposueris,

656 4066 758 4105 non
786 4047 925 4117 cogit
949 4022 1051 4100 non
1085 4043 1384 4096 habentem.
1405 4036 1480 4090 Ne
1503 4034 1658 4105 igitur
1681 4028 1932 4102 patientia
1961 4026 2074 4093 ejus
2103 4022 2232 4074 abn-

657 4155 825 4194 tantur
851 4179 863 4202 ,
897 4137 989 4192 sed
1014 4133 1430 4189 thesaurizcmus
1458 4128 1610 4200 nobis
1638 4140 1739 4178 non
1769 4124 1898 4175 iram
1921 4159 1935 4183 ,
1963 4116 2055 4171 sed
2085 4114 2231 4168 salu-

659 4244 783 4295 tem;
814 4245 914 4282 non
942 4235 1188 4287 mortem,
1215 4221 1306 4275 scd
1335 4221 1513 4280 vitam;
1539 4230 1641 4270 non
1671 4212 1984 4282 supplicium
2004 4213 2057 4261 et
2077 4204 2234 4257 ultio-

658 4341 798 4388 nem,
832 4321 924 4376 sed
949 4320 1182 4374 honores
1210 4324 1263 4370 et
1289 4326 1536 4370 coronas.
1575 4309 1688 4364 Non
1720 4315 1805 4362 est
1834 4305 1918 4358 hic
1946 4296 2068 4372 quid
2100 4313 2230 4367 pen-

659 4415 884 4472 dendum
911 4412 977 4466 ad
1009 4419 1274 4465 vecturam
1302 4407 1600 4461 oblatorum
1624 4418 1637 4464 ;
1668 4415 1771 4455 non
1797 4392 2138 4451 laborandum
2167 4388 2230 4442 ad

659 4515 932 4579 argentum
960 4500 1365 4558 corradendum.
1392 4496 1449 4552 Si
1479 4495 1714 4563 deponas
1754 4490 1839 4544 illa
1867 4529 1881 4553 ,
1913 4486 2026 4554 ipse
2053 4481 2235 4536 Domi-

661 4577 758 4656 nus
783 4602 832 4654 in
859 4597 1047 4653 caelum
1073 4590 1350 4648 transfert:
1377 4587 1488 4657 ipse
1520 4586 1609 4639 tibi
1647 4577 2055 4650 negotiationem
2083 4578 2232 4640 parat

1362 416 1400 470 S
1451 410 1723 467 JUANNIS
1761 401 2228 463 (IllRYSOSTOMl
2270 400 2586 458 ARCIIIEP.
2618 397 3147 456 CONSTANTINOP.

3785 397 3884 451 67?.

2310 521 2529 574 multum
2548 518 2677 571 lucri
2700 516 3028 570 a'crentem.
3047 514 3160 569 Non
3184 523 3264 569 est
3287 513 3370 568 hic
3391 513 3710 584 qnmrcndns
3735 513 3889 568 hoino

2308 618 2394 689 qui
2423 616 2660 686 deposita
2692 616 3010 669 transferat:
3039 621 3240 667 tantum
3270 610 3494 678 depone,
3525 607 3700 660 statim
3729 606 3894 674 depn.

2309 709 2468 762 silum
2496 706 2756 770 ascendit;
2785 721 2887 760 non
2918 715 2972 759 nt
2997 704 3082 758 alii
3114 703 3310 757 milites
3339 701 3568 763 alantur,
3599 697 3693 751 sed
3721 705 3778 750 ut
3799 696 3897 749 tibi

2312 809 2552 854 maneant
2577 815 2694 854 cum
2724 813 2913 868 magno
2946 799 3164 854 fmnore.
3201 795 3292 850 llic
3322 795 3463 849 enim
3489 808 3610 846 cum
3633 791 3749 854 das,
3772 789 3899 843 data

2314 899 2554 959 repetere
2585 905 2688 944 non
2715 889 2837 944 licet
2869 908 2880 940 :
2913 889 3021 943 illic
3052 903 3178 942 vero
3207 900 3399 957 magno
3429 899 3549 940 cum
3580 885 3783 937 honore
3809 882 3901 935 illa

2310 996 2518 1034 rursum
2553 981 2810 1051 recipies,
2836 979 3141 1050 majoraque
3187 991 3250 1032 ac
3287 975 3580 1046 spiritualia
3618 973 3764 1028 lucra
3805 988 3896 1027 re-

2314 1075 2470 1128 feres.
2499 1074 2594 1129 llic
2611 1090 2726 1144 qua:
2749 1074 2941 1127 dantur
2961 1082 3080 1126 sunt
3102 1070 3330 1136 exactio,
3360 1068 3467 1123 illic
3492 1083 3672 1131 usura,
3699 1065 3896 1126 fremis,

2312 1164 2568 1219 debitum.
2596 1164 2724 1219 Nam
2757 1163 3105 1234 chirographa
3141 1163 3231 1216 tibi
3269 1161 3406 1215 Deus
3433 1159 3554 1214 fecit
3574 1176 3586 1214 :
3609 1158 3684 1212 ait
3711 1158 3859 1211 enim
3887 1173 3898 1206 :

2315 1257 2412 1322 Qui
2449 1259 2708 1312 miseretur
2733 1257 2987 1329 pauperis,
3017 1254 3124 1308 Deo
3149 1254 3425 1322 {teneretur
3455 1251 3632 1322 (Prov.
3667 1249 3754 1305 l9.
3788 1248 3904 1313 l7).

2314 1351 2464 1407 Dedit
2490 1349 2582 1403 tibi
2613 1347 2826 1401 arrham
2848 1355 2901 1400 et
2926 1345 3106 1411 vades,
3137 1345 3234 1399 etsi
3267 1343 3406 1398 Deus
3433 1344 3518 1395 sit.
3551 1341 3681 1410 Quae
3711 1340 3898 1396 arrba.

2312 1443 2398 1513 qui
2423 1439 2619 1496 vades?
2636 1438 2764 1504 Qua:
2785 1447 2907 1492 sunt
2930 1439 2980 1490 in
3003 1435 3248 1505 prmsenti
3276 1435 3400 1498 vita,
3423 1433 3712 1493 sensibiiia.
3737 1433 3837 1499 spii
3857 1432 3898 1482 i-

2315 1534 2492 1598 tualia,
2508 1531 2725 1586 exordia
2741 1527 3060 1582 futurorum.
3077 1525 3211 1592 Quid
3233 1527 3388 1595 igitur
3407 1524 3582 1577 tardas
3601 1522 3902 1584 etduhitas,

2312 1642 2430 1681 cum
2471 1633 2545 1678 tot
2575 1630 2826 1691 tantaque
2857 1620 2966 1690 jam
2998 1617 3298 1688 receperis,
3323 1625 3399 1670 tot
3435 1615 3741 1683 exspectes?

2314 1733 2430 1788 quas
2448 1715 2692 1785 recepisti
2709 1714 2820 1768 haec
2839 1719 2960 1766 sunt
2981 1729 2992 1765 :
3011 1725 3203 1780 corpus
3220 1709 3310 1763 tibi
3329 1707 3645 1769 elformavit,
3670 1707 3902 1758 animam

2317 1809 2406 1864 tibi
2437 1809 2657 1872 indidit;
2690 1816 2739 1861 te
2769 1805 2937 1859 solum
2971 1803 3023 1856 in
3053 1811 3190 1857 terra
3215 1801 3420 1854 ratione
3445 1799 3681 1860 ornavit;
3715 1813 3903 1852 eorum

2315 1919 2431 1973 quae
2449 1901 2547 1956 sub
2563 1909 2830 1967 aspectum
2846 1896 3035 1951 eadunt
3053 1894 3286 1948 omnium
3307 1908 3458 1946 usum
3476 1890 3640 1956 dedit;
3655 1890 3910 1960 cognitio-

2318 2011 2436 2050 nem
2464 1995 2543 2048 sni
2573 1992 2660 2046 tibi
2681 1991 2897 2059 largitus
2918 1996 2998 2042 est
3022 2002 3036 2051 ;
3064 1985 3256 2040 Filium
3284 1998 3436 2037 suum
3459 1997 3553 2052 pro
3575 1991 3625 2036 te
3653 1980 3866 2035 tradidit
3891 1996 3904 2043 ;

2319 2087 2575 2156 baptisma
2608 2093 2684 2137 tot
2708 2080 2959 2136 refertum
2977 2077 3131 2132 donis
3152 2075 3437 2139 concessit,
3461 2087 3666 2127 net-non
3697 2086 3906 2125 sacmm

2317 2193 2588 2240 mensam;
2631 2173 2875 2246 promisit
2921 2185 3141 2241 regnum
3190 2177 3245 2223 et
3290 2165 3572 2222 ineffabilia
3619 2166 3776 2219 bona.
3807 2162 3911 2218 Tot

2317 2285 2444 2342 ergo
2460 2267 2689 2337 acceptis
2709 2275 2761 2322 et
2782 2276 2854 2319 tot
2873 2272 3184 2333 accepturus
3201 2259 3274 2329 (id
3297 2258 3436 2314 enim
3459 2271 3665 2312 rursum
3685 2256 3881 2325 diuini)
3895 2297 3908 2314 ,

2318 2367 2454 2420 circa
2487 2364 2747 2432 perituras
2785 2358 3032 2429 pecunias
3061 2370 3252 2425 parcus
3298 2353 3396 2409 es?
3425 2367 3643 2422 ecquam
3689 2350 3912 2403 habebis

2320 2453 2572 2510 veniam?
2599 2451 2702 2506 Sed
2733 2450 2929 2504 liberos
2960 2445 3184 2515 respicis
3212 2486 3224 2509 ,
3256 2452 3307 2498 et
3336 2444 3548 2498 illorum
3576 2455 3733 2495 causa
3782 2439 3915 2492 dare

2321 2544 2553 2614 refugis?
2577 2541 2644 2597 Et
2665 2542 2761 2595 hos
2789 2553 2998 2609 quoque
3038 2536 3252 2590 institue
3290 2533 3354 2587 ad
3385 2530 3681 2602 hujusmodi
3715 2528 3915 2583 facien-

2323 2637 2388 2689 da
2422 2636 2587 2689 lucra.
2617 2633 2745 2687 Nam
2776 2632 2819 2684 si
2847 2639 3122 2698 argentum
3171 2625 3392 2680 haberes
3433 2624 3532 2678 sub
3565 2623 3767 2677 foenore
3796 2620 3914 2672 col-

2324 2727 2572 2790 locatum,
2597 2734 2650 2778 et
2679 2722 2886 2777 debitor
2909 2719 3101 2789 probus
3123 2725 3284 2779 esset,
3312 2715 3496 2769 malles
3522 2721 3669 2768 certe
3689 2727 3916 2782 syngra-

2324 2816 2481 2887 pham
2511 2829 2665 2886 quam
2697 2828 2882 2867 aurum
2915 2810 3024 2864 lilio
3046 2809 3365 2878 relinquere,
3390 2813 3447 2859 ut
3474 2805 3595 2860 inde
3624 2814 3918 2874 proventus

2327 2909 2424 2978 ipsi
2468 2914 2612 2961 esset
2655 2918 2878 2974 magnus
2899 2945 2912 2968 ,
2938 2917 3037 2956 nec
3075 2909 3354 2969 cogeretur
3384 2898 3516 2951 alios
3547 2910 3790 2966 qumrere
3819 2895 3910 2947 ubi

2329 3011 2510 3072 posset
2536 2998 2820 3053 collocare.
2847 2995 2998 3050 Nunc
3019 2991 3426 3063 chirographum
3459 2987 3759 3058 huiusmodi
3794 2986 3919 3040 filiis

2327 3092 2455 3146 dato
2478 3133 2490 3152 ,
2523 3100 2575 3144 et
2621 3090 2784 3144 Deum
2815 3087 2942 3156 ipsis
2982 3085 3218 3152 relinque
3242 3082 3556 3137 debitorem.
3589 3082 3758 3151 Agros
3809 3094 3916 3133 non

2331 3184 2519 3238 vendis
2544 3224 2558 3244 ,
2583 3181 2674 3237 sed
2707 3180 2828 3233 filiis
2855 3176 3111 3246 relinquis
3133 3216 3147 3241 ,
3175 3183 3232 3229 ut
3265 3181 3550 3243 proventus
3582 3178 3796 3225 maneat
3818 3210 3831 3233 ,
3863 3179 3920 3224 ut

2328 3274 2563 3329 accessio
2608 3272 2710 3326 illis
2741 3271 3083 3340 pecuniarum
3125 3269 3214 3322 flat
3242 3285 3255 3319 :
3286 3266 3388 3320 hoc
3431 3279 3591 3335 porro
3640 3263 3918 3332 chirogra-

2335 3365 2514 3435 phum,
2539 3363 2725 3432 quovis
2745 3377 2895 3431 agro,
2920 3359 3190 3430 quibusvis
3212 3355 3552 3426 proventibus
3573 3353 3917 3415 fructuosius,

2334 3465 2387 3510 et
2419 3464 2495 3508 tot
2520 3457 2693 3508 ferens
2725 3452 2961 3514 fructus,
2993 3449 3294 3518 relinquere
3325 3446 3520 3501 times?
3548 3459 3716 3514 ecqua
3741 3443 3919 3498 stulti-

2338 3551 2441 3613 tia,
2483 3563 2599 3617 qua:
2643 3545 2842 3598 insania
2895 3541 3007 3596 hrec
3055 3540 3266 3595 esttEt
3311 3539 3412 3593 hoc
3467 3553 3586 3592 cum
3642 3537 3782 3591 scias
3831 3544 3917 3599 te,

2335 3639 2541 3694 etiamsi
2572 3637 2698 3692 illud
2739 3635 2863 3690 liis
2907 3633 3172 3702 relinquas
3197 3672 3211 3696 ,
3237 3629 3364 3685 illud
3409 3639 3583 3684 tamen
3633 3628 3918 3681 abeuntem

2339 3742 2507 3786 tecum
2538 3745 2655 3785 esse
2687 3736 3034 3798 portaturum.
3069 3723 3216 3778 Talia
3237 3722 3429 3793 quippe
3455 3729 3578 3777 sunt
3603 3719 3914 3790 spiritualia,

2336 3836 2632 3894 magnaque
2668 3821 2909 3889 largitate
2940 3817 3203 3871 fruuntur.
3235 3811 3312 3868 Ne
3340 3815 3516 3882 itaque
3546 3811 3619 3866 ita
3658 3825 3918 3880 pauperes

2337 3917 2514 3971 animo
2544 3915 2739 3978 simus,
2766 3925 2937 3980 neque
2969 3925 3092 3978 erga
3122 3921 3219 3966 nos
3247 3908 3388 3976 ipsos
3417 3903 3689 3960 inhumani
3727 3902 3920 3958 evada-

2340 4023 2476 4070 mus,
2497 4004 2590 4060 sed
2619 4003 2753 4057 hanc
2781 4011 3134 4072 qumstuosam
3164 4005 3516 4052 mercaturam
3545 3993 3920 4064 suscipiamus,

2342 4108 2474 4152 utet
2506 4097 2602 4166 ipsi
2635 4094 2758 4148 hinc
2785 4092 3072 4161 migrantes
3103 4089 3246 4142 illam
3285 4085 3586 4140 auferamus
3607 4125 3623 4152 ,
3647 4093 3702 4139 et
3744 4093 3920 4138 tamen

2344 4188 2464 4243 liis
2517 4185 2909 4252 relinquamus,
2957 4178 3240 4248 futuraque
3291 4189 3686 4246 consequamur
3746 4174 3921 4240 bona,

2342 4281 2508 4352 gratia
2559 4287 2614 4332 et
2654 4271 3016 4330 misericordia
3062 4270 3264 4325 Domini
3310 4269 3475 4323 nostri
3520 4266 3646 4323 Jesu
3686 4264 3923 4333 Christi,

2341 4375 2552 4444 quicum
2602 4367 2742 4423 Patri
2786 4373 2842 4420 et
2879 4360 3096 4432 Spiritui
3125 4369 3307 4416 sancto
3352 4359 3518 4430 gloria
3544 4399 3558 4424 ,
3601 4357 3883 4427 imperium
3908 4398 3923 4424 ,

2343 4464 2550 4526 honor,
2585 4474 2725 4513 nunc
2774 4465 2828 4511 et
2874 4468 3122 4523 semper,
3147 4460 3200 4507 et
3240 4451 3290 4504 iu
3334 4451 3528 4505 saecula
3584 4449 3923 4504 saculorum.

2344 4559 2534 4612 Amen.

672 4674 3926 4755 -

1769 4782 2112 4850 HOMlLlA
2154 4769 2404 4843 LXVII.
2442 4764 2525 4827 al.
2571 4756 2852 4822 LXVIII.

666 4955 790 5009 (lar.
812 4950 901 5006 2L
932 4963 965 5002 v
1021 4945 1105 5001 .
1138 4942 1202 4997 Et
1229 4943 1481 5013 ingressus
1505 4936 1655 4991 Jesus
1691 4935 1745 4987 in
1791 4929 2062 4996 templum,
2096 4919 2239 4993 ejecit

736 5057 904 5097 omnes
925 5038 1190 5093 uendentes
1217 5042 1262 5088 et
1288 5039 1519 5092 ementes,
1545 5039 1592 5081 et
1621 5039 1815 5079 mensas
1839 5016 2238 5074 nuntulariorum

741 5132 932 5195 evertit,
959 5139 1004 5182 et
1031 5125 1296 5181 cathedras
1317 5120 1633 5176 vendentium
1657 5113 1934 5176 columbas,
1962 5110 2048 5164 15.
2082 5116 2127 5160 et
2159 5106 2238 5158 di-

739 5226 803 5276 cit
833 5221 900 5274 eis
929 5236 946 5272 :
976 5217 1234 5285 Scriptum
1261 5223 1332 5267 est
1355 5213 1395 5278 ,
1430 5210 1620 5264 Domus
1648 5223 1756 5260 mea
1789 5205 1967 5258 domus
2003 5199 2242 5253 orationis

742 5312 992 5365 vocabitur
1022 5306 1171 5377 (Isai.
1202 5303 1290 5360 56.
1318 5301 1373 5374 '7)
1401 5320 1414 5355 :
1445 5317 1530 5354 vos
1557 5308 1721 5352 autem
1746 5294 1933 5366 fecistis
1964 5292 2104 5346 illam
2133 5305 2242 5358 spe-

745 5407 940 5456 luncam
963 5401 1248 5454 latronum.

748 5536 798 5588 l.
830 5533 940 5588 Hoc
975 5541 1029 5588 et
1066 5532 1298 5588 Joannes
1329 5529 1491 5601 (Cap.
1523 5526 1576 5579 2.
1611 5523 1811 5597 lli-l6)
1851 5523 2009 5588 dicit;
2040 5519 2130 5574 sed
2163 5519 2249 5574 ille

677 5626 887 5699 quidem
936 5624 988 5678 in
1035 5622 1289 5692 principio
1337 5619 1630 5690 Evangelii,
1675 5617 1761 5671 hic
1799 5623 1974 5671 autem
2021 5615 2073 5668 in
2124 5611 2248 5668 ne.

681 5717 832 5774 Unde
861 5715 1148 5770 verisimile
1177 5724 1256 5767 est
1289 5715 1386 5767 hoc
1413 5712 1492 5765 bis
1521 5713 1712 5765 factum
1743 5708 1928 5775 fuisse,
1951 5717 2002 5764 et
2026 5707 2251 5763 diversis

797 5853 847 5904 In
870 5851 1028 5904 -.
1060 5866 1153 5900 non
1179 5851 1379 5912 legitur,
1407 5848 1633 5910 scriptum
1657 5855 1743 5898 est.

2345 4906 2672 4977 temporibus
2700 4921 2713 4955 :
2743 4897 2883 4970 quod
2915 4897 3084 4968 palam
3108 4910 3227 4950 esse
3251 4893 3458 4949 videtur
3481 4903 3591 4948 tum
3613 4908 3640 4946 a
3666 4901 3928 4964 tempore,

2348 5010 2455 5055 tum
2487 4997 2646 5051 etiam
2674 5007 2703 5046 a
2731 4989 3096 5060 responsione.
3149 4979 3263 5040 Illic
3305 4986 3447 5040 enim
3494 4985 3610 5055 ipso
3654 4983 3932 5040 Paschatis

2357 5101 2596 5158 tempore
2616 5083 2828 5139 advenit
2851 5100 2861 5133 :
2885 5080 2970 5134 hic
2993 5094 3118 5134 vero
3139 5077 3226 5131 diu
3250 5086 3372 5132 ante
3403 5076 3622 5131 Pascha.
3647 5074 3720 5131 lbi
3750 5076 3934 5132 dicunt

2349 5181 2539 5245 Iudici,
2575 5178 2722 5245 Quod
2751 5178 2949 5248 signum
2974 5173 3191 5228 ostendis
3221 5171 3363 5225 nobis
3395 5169 3564 5243 (Ibid.
3593 5186 3639 5223 .
3673 5169 3740 5225 18
3761 5166 3820 5242 )?
3850 5169 3935 5225 hic

2349 5291 2478 5333 vero
2526 5282 2701 5329 tacent
2726 5314 2740 5338 ,
2783 5270 2988 5326 etiamsi
3029 5269 3369 5336 inerepentur
3399 5283 3411 5319 :
3439 5280 3504 5319 eo
3545 5263 3686 5334 quod
3732 5264 3938 5320 scilicet

2353 5369 2492 5442 apud
2519 5381 2704 5421 omnes
2736 5366 2790 5418 in
2816 5361 3165 5416 admiratione
3202 5368 3364 5413 esset.
3412 5357 3535 5412 Hmc
3567 5365 3744 5411 autem
3776 5371 3936 5410 accu-

2357 5465 2492 5519 satio
2519 5462 2730 5530 gravior
2757 5465 2938 5512 contra
2961 5453 3174 5508 Judmos
3203 5461 3341 5516 erat,
3370 5449 3531 5521 quod,
3560 5448 3663 5503 etsi
3693 5447 3861 5503 semel
3886 5458 3937 5502 et

2359 5558 2438 5611 bis
2482 5554 2534 5609 id
2578 5553 2824 5625 fecisset,
2851 5550 2900 5603 in
2949 5545 3246 5615 hujnsmodi
3280 5541 3601 5598 commercio
3628 5555 3938 5611 persevera-

2359 5658 2511 5704 rent:
2536 5648 2814 5716 ipsumque
2836 5643 2948 5697 Deo
2971 5639 3332 5695 adversarium
3354 5637 3620 5699 dicebant,
3641 5649 3763 5688 eum
3783 5648 3938 5704 opor-

2363 5740 2550 5796 tuisset
2571 5738 2809 5793 ediscere
2833 5735 3001 5804 ipsum
3026 5733 3280 5786 honorem
3306 5730 3446 5785 Patri
3467 5729 3702 5783 debitum
3728 5741 3935 5790 curare,

2364 5845 2415 5889 et
2441 5846 2682 5904 magnam
2714 5829 3001 5900 potentiam
3034 5826 3247 5882 habere.
3297 5823 3506 5879 Etenim
3546 5824 3653 5893 jam
3688 5823 3834 5891 signa
3865 5817 3934 5874 ie-
