4186 6472
264 440 364 496 833

261 567 399 614 urat
423 597 439 621 ,
471 564 527 612 et
558 554 806 610 videbant
833 566 995 620 opera
1029 563 1148 603 cum
1181 545 1356 600 verbis
1383 551 1680 598 consonare
1711 554 1725 590 :
1753 530 1847 588 sed

263 665 438 720 neque
464 650 543 704 sic
570 649 1024 716 obtemperarunt,
1050 643 1157 695 imo
1184 635 1616 702 indignabantur,
1639 624 1850 720 etiamsi

261 718 378 799 haec
425 742 660 797 clamare
706 739 1015 808 prephetam
1057 732 1339 793 audirem,
1385 741 1448 781 ac
1493 718 1851 816 puerosplus

265 845 430 902 quam
447 838 580 884 aetas
603 829 764 880 ferret
793 823 1154 894 praedicantes
1175 833 1318 872 eum.
1335 815 1448 878 Qua
1458 819 1852 902 proptertncu~~

267 898 478 977 sontem
499 919 624 972 illos
639 916 834 970 Isaiam
859 911 1068 967 inducit
1087 905 1515 964 dicett8100mtts
1535 917 1648 953 nica
1669 898 1855 950 domus

261 1007 508 1061 orationis
518 1007 795 1060 vocabitur.
813 1003 992 1073 Neque
1011 1005 1109 1056 hoc
1123 999 1491 1055 tantummodo
1505 1011 1655 1051 suam
1672 1002 1852 1063 poten-

261 1101 386 1153 tiam
409 1097 662 1162 osmndit,
687 1098 780 1153 sed
808 1095 948 1168 quod
970 1104 1118 1151 curet
1140 1095 1310 1148 varias
1332 1091 1667 1146 inﬁrmitates
1693 1105 1706 1141 :
1728 1103 1848 1142 nam

263 1190 348 1244 I4.
384 1191 712 1243 Accesserant
748 1188 817 1241 ad
854 1203 965 1244 eum
1005 1185 1177 1240 claudi
1200 1195 1244 1238 et
1273 1183 1414 1248 cwci,
1439 1191 1484 1235 et
1510 1180 1705 1234 curavit
1730 1192 1850 1241 eos;

259 1293 308 1336 et
329 1281 413 1335 sic
425 1282 676 1335 virtutem
700 1288 1122 1350 potestatemque
1141 1291 1292 1331 suam
1316 1283 1597 1329 monstrat.
1625 1271 1701 1326 Illi
1725 1286 1850 1325 vero

263 1388 437 1443 neque
461 1373 541 1427 sic
565 1373 1021 1440 ohtemperarunt,
1045 1367 1138 1422 sed
1160 1384 1279 1422 cum
1309 1365 1563 1420 miracula
1587 1364 1846 1429 viderent,

265 1477 572 1532 puerosque
591 1461 836 1517 audirent
861 1463 1034 1536 ipsum
1059 1459 1432 1527 prmdicantes,
1456 1456 1852 1512 suﬂ'ocabantur

263 1564 316 1607 et
343 1552 598 1606 dicebant
630 1569 645 1606 :
679 1550 765 1607 I6.
801 1549 922 1606 Non
951 1550 1096 1604 audis
1117 1550 1238 1620 quid
1263 1549 1346 1603 isti
1373 1548 1585 1601 dicunt?
1610 1547 1766 1616 Atqui
1797 1545 1848 1600 id

257 1641 502 1698 Christus
520 1644 647 1713 ipsis
665 1643 842 1698 dicere
862 1643 1112 1712 potuisset
1133 1639 1274 1694 :Non
1291 1640 1484 1694 auditis
1512 1639 1636 1710 quid
1670 1639 1752 1694 isti
1769 1638 1850 1691 di-

257 1733 428 1787 cunt?
469 1732 601 1788 Nam
631 1733 702 1787 illi
729 1734 879 1803 quasi
918 1733 1025 1788 Deo
1051 1732 1334 1787 canebant.
1367 1730 1504 1798 Quid
1537 1731 1695 1801 igitur
1719 1729 1848 1785 ille?

257 1827 390 1892 Quia
443 1827 603 1879 rebus
647 1827 943 1881 manifestis
985 1826 1455 1891 contradicebant,
1506 1827 1684 1879 acrius
1729 1824 1848 1878 illos

256 1919 429 1988 carpit
451 1918 634 1973 dicens
664 1936 676 1970 :
708 1917 1003 1987 Numquam
1035 1917 1224 1988 legistis
1253 1931 1273 1968 :
1297 1916 1378 1971 Ea:
1397 1933 1484 1969 ore
1505 1916 1780 1986 infantium
1799 1926 1848 1968 et

257 2010 549 2063 luctantium
597 2010 850 2080 perfecisti
898 2011 1098 2063 laudent
1143 2006 1334 2076 (Psal.
1357 2008 1410 2064 8.
1447 2009 1480 2063 3
1502 2009 1558 2076 )?
1598 2008 1665 2062 Et
1700 2020 1848 2064 recte

253 2099 426 2165 dixit,
461 2099 542 2153 Ex
569 2117 672 2154 ore.
705 2100 818 2154 Non
849 2101 992 2156 enim
1021 2100 1312 2155 secundum
1344 2111 1574 2155 mentem
1609 2102 1844 2170 ipsorum

255 2192 340 2244 illa
371 2195 533 2246 verba
564 2203 736 2259 erant,
760 2193 852 2247 sed
884 2195 1075 2248 virtute
1109 2194 1272 2263 ipsius
1298 2194 1577 2247 immatura
1608 2193 1845 2262 ipsorum

253 2282 430 2351 lingua
467 2283 810 2354 dirigebatur.
842 2284 954 2339 Hoc
985 2301 1113 2338 vero
1138 2285 1306 2355 ﬁgura
1334 2285 1703 2354 eratgentium
1728 2285 1845 2340 bal.-

249 2374 593 2438 lnttieutium,
622 2393 738 2444 qua:
760 2376 1042 2431 confesdm
1067 2391 1253 2445 magna
1279 2378 1626 2432 insonuerunt
1652 2385 1705 2430 et
1732 2377 1846 2432 aui-

253 2482 340 2519 nio
380 2476 436 2521 et
481 2466 605 2530 fide,
631 2477 685 2522 et
721 2469 977 2539 apostolis
1023 2468 1157 2522 hinc-
1185 2484 1289 2522 non
1333 2483 1494 2538 parva
1523 2470 1841 2524 consolatio.

251 2557 325 2613 Ne
351 2559 496 2612 enim
522 2558 870 2630 ambigerem,
895 2559 1164 2636 (νιφοόο
1191 2559 1352 2614 rudes
1381 2559 1625 2613 homines
1653 2561 1846 2629 praedi-

250 2654 514 2706 cationem
551 2653 870 2707 annuntiare
900 2662 1182 2723 poterunt,
1213 2651 1650 2723 praeoccupandas
1694 2653 1842 2723 pueri

252 2743 390 2797 illam
423 2745 586 2798 animi
618 2745 916 2814 angustiam
954 2745 1246 2813 ejeccruut,
1279 2753 1334 2799 et
1372 2760 1520 2814 spent
1565 2745 1838 2812 fecerunt,

251 2833 555 2888 facultatem
584 2834 791 2889 dicendi
819 2835 1065 2888 daturum
1097 2834 1198 2888 sibi
1227 2849 1346 2889 esse
1374 2849 1497 2890 eum
1527 2836 1614 2906 qui
1648 2851 1841 2905 pueros

251 2925 508 2996 hymnum
556 2935 774 2981 cantare
821 2925 1038 2992 docuit;
1090 2941 1266 2996 neque
1314 2926 1416 2981 hoc
1457 2936 1700 2993 tantum,
1743 2927 1840 2983 sed

247 3019 404 3071 etiam
449 3033 568 3073 esse
608 3019 754 3072 illum
798 3028 1001 3073 natnrrc
1045 3019 1398 3083 conditorem,
1435 3020 1533 3074 huc
1582 3022 1840 3078 miraculo

247 3122 521 3164 ostensum
551 3121 651 3165 est.
679 3111 833 3166 l’ueri
862 3113 1020 3181 igitur
1046 3111 1144 3165 etsi
1177 3113 1474 3167 immatura:
1503 3116 1695 3179 aetatis,
1723 3115 1838 3169 fau-

246 3215 322 3257 sta
353 3213 410 3258 et
437 3205 682 3273 supernis
711 3219 946 3258 consona
987 3205 1340 3275 loquebantur
1371 3225 1383 3259 :
1419 3207 1518 3260 viri
1548 3219 1724 3262 autem
1757 3211 1836 3263 in-

245 3295 390 3349 sauia
439 3303 494 3349 et
533 3296 715 3351 furore
763 3297 940 3366 plena.
988 3296 1130 3351 Talis
1170 3312 1259 3351 res
1296 3308 1377 3351 est
1410 3299 1666 3368 nequitia.
1700 3300 1832 3367 Quia

245 3389 404 3454 igitur
433 3388 597 3442 multa
623 3398 776 3443 erant
802 3404 921 3458 qua:
951 3390 1069 3444 illos
1094 3399 1497 3444 commoverent
1517 3432 1530 3454 ,
1561 3390 1729 3446 turba:
1757 3392 1835 3445 vi-

241 3481 453 3544 delicet,
479 3481 671 3548 ejectio
694 3480 1057 3544 vendentium,
1082 3480 1359 3547 miracula,
1383 3482 1530 3549 pueri
1554 3492 1829 3548 canentes,

239 3587 428 3628 rursus
463 3588 558 3628 eos
595 3573 864 3644 relinquit,
915 3583 971 3629 ut
1013 3574 1226 3628 illorum
1275 3575 1427 3630 sedet
1475 3585 1736 3631 tumorem
1779 3585 1833 3631 ct

237 3663 392 3730 iram,
427 3663 701 3736 noluitque
722 3665 936 3734 docere,
959 3680 1025 3723 ne
1055 3666 1250 3723 invidia
1276 3667 1545 3723 ferventes
1574 3669 1712 3724 dicta
1734 3684 1831 3726 sua

239 3771 377 3827 aegre
405 3756 629 3812 ferrent.

310 3848 545 3904 Historia
567 3851 693 3918 ﬁcus
720 3866 753 3904 ιι
777 3851 976 3906 Christo
1001 3851 1282 3908 maledicta:
1310 3863 1694 3909 commentatur.
1726 3855 1832 3912 Cur

239 3937 469 3994 Christus
499 3942 620 4008 [icui
646 3941 926 3997 maledixit.
949 3973 1020 3984 --
1037 3944 1123 3999 I8.
1153 3943 1308 3999 Mone
1325 3956 1490 4000 autem
1511 3956 1758 4003 revertens
1778 3950 1831 4003 in

238 4031 425 4098 urbem,
475 4033 672 4087 esui-iit.
713 4032 994 4100 Quomodo
1039 4050 1196 4091 mane
1238 4035 1460 4092 esuriit?
1501 4038 1729 4108 Quando
1776 4038 1829 4095 id

236 4127 379 4182 carni
409 4128 700 4192 concessit,
735 4139 861 4183 tunc
897 4130 1038 4184 illius
1072 4145 1261 4185 sensus
1287 4127 1609 4187 ostenditur.
1639 4133 1727 4189 I9.
1764 4133 1831 4188 Et

237 4218 406 4272 ridens
432 4219 590 4288 ficum
620 4220 670 4272 in
699 4221 801 4285 via,
829 4222 962 4275 venit
987 4222 1055 4275 ad
1084 4238 1224 4287 eam,
1260 4234 1306 4277 et
1348 4223 1478 4277 nihil
1514 4225 1699 4279 inuenit
1733 4227 1830 4282 nisi

237 4310 379 4381 folia.
410 4311 568 4365 Alius
594 4315 915 4383 evangelista
941 4314 1131 4383 (Marc.
1165 4316 1248 4370 II.
1281 4317 1370 4388 I3)
1398 4318 1562 4384 dicit,
1593 4318 1826 4374 nondum

237 4414 443 4474 tempus
474 4403 671 4470 fuisse;
699 4407 792 4461 sed
824 4408 866 4462 si
897 4409 1131 4463 nondum
1159 4419 1367 4478 tempus
1393 4419 1529 4477 erat,
1559 4414 1830 4483 quomodo

234 4497 366 4551 alter
392 4499 721 4568 evangelista
747 4502 762 4529 ¹
793 4499 899 4566 ait,
934 4499 1112 4565 Venit,
1145 4512 1198 4555 ut
1225 4504 1268 4556 si
1293 4508 1424 4573 forte
1451 4508 1670 4574 fructum
1691 4507 1830 4559 inve-

235 4587 356 4641 niret
384 4589 438 4642 in
463 4590 566 4643 ea!
609 4587 762 4645 Unde
791 4591 1132 4647 manifestum
1165 4602 1266 4657 est,
1303 4595 1429 4649 illud
1468 4613 1533 4651 ex
1573 4598 1827 4666 Opinione

233 4677 616 4747 discipulorum
660 4679 840 4743 fuisse,
876 4685 962 4752 qui
996 4684 1172 4739 adhuc
1204 4686 1623 4753 imperfectiores
1652 4703 1823 4745 erant.

231 4767 358 4824 Nam
381 4771 674 4841 opiniones
695 4773 1244 4856 discipulorumszepc
1264 4779 1576 4834 describunt
1601 4798 1827 4852 evange~

234 4864 387 4921 listte.
425 4864 576 4920 Sicut
615 4865 776 4935 igitur
802 4868 928 4923 illud
958 4872 1252 4926 secundum
1281 4873 1490 4927 illorum
1518 4877 1846 4946 opinionem-

231 4966 362 5024 erat,
394 4958 476 5014 sic
500 4973 715 5029 quoque
741 4973 861 5015 cum
893 4961 1166 5030 putabant,
1198 4963 1367 5032 ipsum
1397 4965 1735 5022 maledixissc
1762 4970 1822 5022 li-

231 5051 332 5114 ωε,
366 5052 512 5122 quod
549 5053 776 5109 fructum
807 5069 910 5108 non
942 5054 1183 5111 haberet.
1227 5057 1334 5112 Cur
1375 5075 1502 5130 ergo
1546 5062 1821 5117 maledicta

231 5137 360 5193 fuit?
409 5143 642 5215 Propter
680 5144 992 5215 discipulos,
1027 5157 1083 5201 ut
1125 5165 1317 5218 nempe
1357 5152 1428 5205 illi
1470 5154 1821 5210 confiderent.

232 5232 358 5296 Quia
382 5249 530 5290 enim
555 5236 750 5308 ubique
771 5238 1024 5294 beneficia
1051 5241 1356 5310 prmstabat,
1387 5245 1698 5314 nullumque
1726 5263 1822 5316 pn-

231 5324 408 5379 niebat
452 5345 466 5382 :
509 5335 566 5382 et
608 5339 784 5385 tamen
826 5333 1108 5400 Oportebat
1147 5333 1351 5388 ultricis
1392 5350 1503 5389 sua:
1547 5344 1824 5407 potestatis

231 5417 533 5486 exemplum
559 5419 814 5487 praebere,
838 5432 893 5473 ut
913 5421 1252 5479 discerentet
1274 5424 1517 5495 discipuli
1550 5436 1606 5482 et
1631 5429 1820 5499 Judaei,

233 5504 397 5571 ipsum
416 5523 542 5563 cum
567 5522 746 5580 posset
767 5527 860 5567 eos
881 5515 966 5583 qui
991 5531 1049 5568 se
1067 5516 1444 5573 crucifixerunt
1459 5525 1818 5591 exstinguere,

233 5596 457 5656 libenter
485 5612 662 5658 tamen
697 5605 743 5658 id
771 5609 1118 5678 concessisse,
1145 5626 1317 5680 neque
1346 5613 1688 5671 exstinxisse.
1719 5617 1825 5673 Νο-

233 5688 323 5745 luit
360 5708 527 5764 porro
573 5695 622 5751 id
670 5696 721 5751 in
767 5698 1072 5755 hominibus
1104 5699 1296 5760 factum
1329 5705 1613 5776 exhibere,
1641 5709 1737 5765 sed
1771 5712 1820 5764 in

520 5836 759 5910 quomodo
795 5836 925 5910 ideo}
963 5837 1296 5906 Eeangelista;
1317 5849 1491 5897 recte:
1513 5849 1661 5899 verba
1689 5862 1818 5901 enim

232 5903 338 5944 sunt
363 5898 521 5958 itaret,
548 5911 652 5959 cap.
677 5898 748 5949 ll.
779 5913 824 5949 ν.
855 5899 929 5950 15.

1193 431 1256 487 ΙΝ
1297 412 1704 485 ΜΛΤΤΙΙᾸΞΒΜ
1748 416 1980 473 IIOMIL.
2024 413 2230 471 LXVII.
2274 416 2344 472 al.
2391 414 2618 469 LXVIII.

3454 415 3556 469 tm

1964 531 2155 586 arbore
2195 530 2400 585 ultricis
2430 546 2542 584 sum
2574 530 2854 600 potestatis
2882 532 3185 598 ex~nzplum
3216 528 3381 586 dedit.
3423 533 3555 586 Cum

1961 632 2137 678 autem
2167 624 2217 678 in
2245 623 2360 678 loca
2389 665 2400 686 ,
2434 623 2516 677 vel
2544 624 2595 678 in
2624 623 2863 686 arbores,
2890 622 2970 676 vel
3006 622 3056 676 iu
3084 623 3242 678 bruta
3266 623 3556 677 animantia

1960 718 2067 772 tale
2109 717 2379 786 quidpiam
2425 716 2749 782 immittitur,
2785 733 2852 771 ne
2896 715 3108 771 curiose
3153 715 3410 785 Inquiras,
3456 731 3555 772 nec

1961 810 2106 864 dicas
2137 827 2150 862 :
2183 809 2462 877 Quomodo
2491 810 2634 879 jnste
2663 809 2932 865 exsiccata
2960 808 3092 863 ﬁcus
3115 817 3201 862 est
3222 849 3235 870 ,
3266 809 3310 863 si
3345 817 3557 878 tempus

1959 904 2225 958 ttuctuum
2247 919 2351 956 non
2375 913 2482 956 crat
2502 902 2526 955 τ
2547 902 2631 957 illa
2653 903 2797 957 enim
2821 902 3048 972 qua‘stio
3064 901 3419 970 ungaeissima
3437 910 3516 955 est
3540 919 3553 954 :

1960 995 2054 1050 sed
2082 995 2396 1050 miraculum
2417 995 2642 1064 respice,
2667 994 2884 1057 mirare,
2903 1001 2957 1048 ct
2979 991 3355 1046 miraculorum
3381 1002 3554 1061 patrn-

1961 1086 2062 1141 tori
2098 1086 2319 1156 gloriam
2366 1084 2527 1140 refer.
2574 1084 2706 1139 Nam
2748 1093 2803 1140 et
2837 1083 2906 1138 de
2945 1083 3238 1140 submersis
3271 1085 3446 1153 porcis
3477 1083 3559 1138 id-

1960 1179 2132 1249 ipsum
2161 1178 2310 1232 multi
2335 1176 2619 1245 dixerunt,
2645 1177 2873 1246 justitiaa
2898 1175 3160 1230 rationem
3187 1174 3554 1244 inquirentes;

1958 1270 2050 1327 sed
2074 1271 2180 1326 illis
2196 1286 2301 1325 non
2318 1267 2596 1324 attendere
2612 1277 2822 1338 oportet
2845 1287 2858 1323 :
2877 1282 3000 1321 nam
3024 1266 3140 1321 bzec
3171 1265 3554 1321 irrationabilia

1957 1371 2147 1429 erant,
2181 1370 2238 1416 ut
2265 1361 2427 1416 arbor
2454 1361 2632 1414 anima
2659 1359 2895 1415 carebat.
2927 1359 3038 1414 Cur
3063 1374 3193 1428 ergo
3220 1357 3320 1412 hac
3346 1359 3559 1414 ratione

1959 1469 2044 1508 res
2077 1463 2196 1508 acta
2222 1463 2304 1508 est
2327 1495 2342 1514 .
2379 1463 2432 1509 et
2466 1469 2563 1510 cur
2592 1452 2707 1508 haec
2735 1463 2818 1508 est
2844 1452 3233 1508 maledictlonis
3261 1451 3462 1508 causa?
3491 1453 3560 1506 l't

1952 1545 2063 1613 jam
2105 1543 2234 1611 dixi,
2266 1545 2369 1600 hoc
2411 1546 2475 1598 ad
2523 1545 2905 1615 discipulorqu
2950 1547 3256 1615 opinionem
3301 1546 3552 1614 pertinet.

1955 1639 2108 1705 Quod
2135 1639 2178 1692 si
2209 1638 2442 1693 nondum
2479 1651 2687 1708 tempus
2711 1648 2860 1704 erat,
2891 1648 3093 1693 temere
3122 1637 3338 1708 quidam
3367 1638 3454 1693 hic
3483 1638 3556 1692 le-

1956 1749 2076 1802 gem
2109 1731 2394 1801 signitieari
2431 1730 2634 1785 dicunt.
2664 1730 2809 1785 Nam
2828 1731 2984 1799 hujus
3012 1730 3219 1786 fructus
3243 1731 3378 1787 fides
3401 1742 3549 1794 erat,

1958 1822 2186 1891 fideique
2232 1833 2440 1890 tempus
2483 1831 2609 1877 tunc
2649 1821 2978 1887 advenerat,
3011 1838 3171 1892 quem
3200 1821 3432 1877 fructum
3465 1822 3550 1877 ille

1954 1914 2149 1968 attulit.
2179 1913 2300 1966 Jam
2326 1915 2456 1966 enim
2479 1914 2707 1984 regiones
2733 1915 2863 1968 albw
2880 1923 2999 1968 sunt
3020 1915 3088 1967 ad
3107 1931 3337 1974 messem.
3361 1915 3547 1984 inquit,

1953 2018 2026 2070 et,
2051 2006 2170 2060 Misi
2192 2021 2277 2058 vos
2294 2015 2475 2058 metere
2489 2020 2601 2074 quo?
2616 2021 2716 2058 non
2733 2005 3001 2060 laborastis
3033 2005 3214 2079 (Joan.
3243 2007 3294 2062 4.
3321 2007 3408 2063 55.
3438 2007 3540 2077 58).

2024 2097 2078 2151 Si.
2112 2095 2250 2151 Nihil
2281 2111 2408 2166 ergo
2439 2096 2742 2166 hujusmodi
2773 2095 2861 2151 hic
2889 2097 3290 2163 subindicatur,
3333 2099 3463 2166 sed,
3501 2111 3555 2154 ut

1953 2185 2084 2254 dixi,
2117 2196 2436 2258 potestatem
2466 2185 2710 2241 ultricem
2739 2185 2938 2241 indicat
2962 2229 2976 2253 ,
3006 2197 3063 2242 et
3090 2187 3190 2242 hoc
3213 2189 3446 2244 ostendit
3474 2190 3554 2243 di—

1952 2294 2116 2344 cens,
2153 2278 2400 2334 Nondum
2435 2280 2569 2333 enim
2606 2289 2714 2333 erat
2753 2292 2973 2349 tempus,
3004 2279 3313 2351 significans
3341 2297 3400 2336 se
3433 2282 3554 2336 ideo

1953 2372 2222 2441 praecipue
2258 2371 2490 2435 venisse,
2520 2386 2626 2425 non
2664 2371 2806 2442 quod
2835 2373 3087 2438 esuriret,
3111 2372 3206 2427 sed
3236 2383 3452 2444 propter
3472 2375 3554 2427 ιιι-

1950 2464 2205 2532 scipulos,
2226 2463 2315 2533 qui
2343 2462 2631 2518 admodum
2654 2464 2829 2517 mirati
2857 2474 3002 2528 sunt,
3022 2465 3122 2520 etsi
3152 2466 3319 2520 multa
3347 2467 3552 2536 majora

1949 2559 2101 2626 signa
2133 2556 2243 2626 jam
2277 2557 2409 2611 facta
2441 2556 2679 2623 fuerant;
2711 2557 2804 2612 sed
2830 2597 2845 2623 ,
2876 2567 2933 2612 ut
2959 2557 3068 2612 dixi
3096 2599 3109 2621 ,
3145 2561 3245 2613 hoc
3276 2558 3551 2613 insolitum

1949 2644 2087 2714 erat,
2119 2666 2260 2704 nunc
2287 2652 2427 2705 enim
2461 2651 2635 2721 primo
2666 2661 2984 2722 potestatem
3018 2653 3261 2707 ultricem
3291 2653 3548 2709 ostendit.

1952 2741 2152 2797 Idcirco
2179 2758 2285 2796 non
2314 2743 2364 2795 in
2395 2742 2497 2796 alia
2527 2743 2722 2797 arbore
2745 2783 2761 2808 ,
2792 2743 2885 2798 sed
2920 2745 2971 2798 in
3003 2745 3244 2798 omnium
3288 2744 3551 2800 humidis-

1948 2835 2082 2888 sima
2123 2834 2334 2904 signum
2379 2833 2542 2900 fecit,
2578 2835 2646 2887 ita
2677 2844 2734 2887 ut
2764 2834 2886 2889 inde
2914 2835 3089 2905 majus
3116 2836 3389 2893 videretur
3426 2853 3550 2893 esse

1948 2927 2283 2982 miraculum.
2334 2926 2401 2981 Et
2446 2936 2501 2980 nt
2538 2926 2738 2994 discas,
2775 2927 2876 2982 hoc
2921 2938 3141 2999 propter
3186 2929 3305 2986 illos
3349 2930 3546 2986 factum

1946 3033 2084 3080 esse,
2114 3027 2171 3072 ut
2195 3018 2297 3073 illis
2329 3018 2576 3074 lidnciam
2610 3019 2839 3085 inderet,
2863 3019 2987 3075 audi
3018 3037 3080 3076 ea
3108 3037 3229 3092 qua:
3256 3032 3438 3093 postea
3468 3025 3548 3078 di-

1945 3111 2034 3165 cit.
2082 3110 2216 3179 Quid
2247 3112 2404 3180 igitur
2433 3112 2597 3166 dicit?
2643 3112 2712 3167 Et
2738 3127 2833 3167 vos
2864 3112 3066 3182 majora
3099 3115 3323 3176 facietis,
3350 3115 3393 3169 si
3424 3132 3546 3170 cre-

1941 3202 2071 3257 dere
2098 3204 2394 3267 volueritis,
2419 3214 2473 3260 et
2496 3206 2546 3259 in
2569 3204 2813 3259 oratione
2839 3205 3130 3260 conlidere.
3161 3205 3347 3262 Viden‘
3375 3217 3544 3263 totum

1942 3304 2159 3365 propter
2198 3296 2319 3350 illos
2358 3296 2554 3351 factum
2582 3312 2735 3362 esse,
2778 3312 2846 3353 ne
2886 3297 3107 3354 insidias
3149 3298 3546 3357 formidarent?

1942 3389 2065 3443 Ideo
2097 3389 2225 3444 illud
2252 3391 2441 3444 iterum
2479 3391 2695 3461 repetit,
2728 3401 2781 3446 ut
2809 3391 3060 3461 precibus
3087 3401 3142 3447 et
3165 3393 3286 3449 ﬁdei
3319 3393 3546 3451 firmiter

1939 3480 2145 3536 haerere
2166 3481 2408 3536 suadeat.
2432 3481 2550 3537 Non
2575 3483 2719 3538 enim
2742 3483 2844 3539 hoc
2869 3492 3074 3539 tantum
3097 3483 3323 3549 facietis,
3346 3487 3541 3556 inquit,

1936 3573 2029 3628 sed
2060 3574 2223 3628 etiam
2255 3584 2468 3630 montes
2494 3574 2846 3640 transferatis,
2875 3587 2929 3632 et
2959 3578 3184 3646 plurima
3214 3579 3314 3634 alia
3344 3595 3540 3651 opera-

1936 3664 2120 3720 bimini
2147 3707 2162 3729 ,
2192 3667 2234 3720 si
2268 3665 2388 3721 fidei
2421 3676 2476 3722 et
2503 3669 2731 3723 orationi
2759 3685 2880 3723 cum
2911 3670 3103 3728 lidueia
3135 3670 3404 3726 haerentis.
3437 3673 3540 3728 Ve-

1935 3770 2053 3811 rum
2082 3757 2252 3812 ludazi
2280 3768 2590 3828 arrogantes
2611 3768 2667 3814 et
2687 3760 2876 3828 inflati,
2903 3770 2960 3814 ut
2984 3759 3286 3817 doctrinam
3315 3764 3429 3833 ejus
3453 3765 3539 3818 iit-

1936 3837 2329 3921 terpellarent;
2372 3852 2691 3908 accedentes
2732 3853 3146 3909 sciscitabantur
3173 3868 3192 3909 ':
3219 3856 3310 3910 25.
3343 3854 3411 3909 In
3440 3873 3540 3929 qua

1937 3952 2180 4012 potestate
2205 3943 2313 3998 Inec
2352 3944 2523 4014 facis?
2564 3944 2698 4013 Quia
2738 3946 2882 4002 enim
2927 3947 3206 4002 miraculis
3250 3948 3538 4004 detrahere

1937 4052 2042 4090 non
2067 4044 2313 4106 poterant
2339 4037 2648 4093 venditores
2669 4053 2734 4093 ex
2764 4039 2964 4111 templo
2992 4039 3176 4110 pulsos
3207 4048 3261 4096 et
3282 4042 3539 4097 emenda-

1937 4137 2021 4182 tos
2048 4129 2120 4183 illi
2147 4128 2424 4198 objiciunt.
2457 4130 2655 4185 Eadem
2684 4132 2892 4188 ratione
2918 4133 3057 4203 apud
3079 4133 3342 4190 Joannem
3372 4136 3539 4192 inter-

1938 4231 2144 4290 rogant,
2168 4221 2291 4276 licet
2318 4238 2422 4276 non
2450 4223 2636 4278 iisdem
2666 4223 2863 4290 verbis,
2889 4241 3073 4280 verum
3097 4227 3288 4283 eadem
3319 4238 3540 4284 sentcn-

1937 4317 2036 4379 tia;
2085 4330 2205 4369 nam
2249 4317 2478 4370 dicunt:
2513 4317 2662 4382 Quod
2701 4319 2902 4389 signum
2951 4322 3174 4376 ostendis
3219 4325 3383 4390 nobis,
3417 4328 3539 4396 quia

1935 4410 2042 4462 Iiwc
2066 4413 2190 4479 facis
2213 4409 2405 4479 (Joan.
2435 4411 2486 4465 2.
2523 4413 2608 4466 18.
2643 4411 2790 4481 ι9)ι
2821 4413 2924 4468 Sed
2958 4414 3027 4468 ibi
3060 4416 3352 4484 respondet
3385 4419 3487 4472 illis
3522 4438 3532 4473 :

1937 4499 2129 4554 Solvite
2159 4501 2400 4566 templum
2425 4504 2540 4568 hoc,
2571 4513 2614 4556 et
2644 4505 2697 4557 in
2725 4505 2882 4558 tribus
2913 4505 3089 4560 diebus
3114 4508 3342 4562 excitabo
3372 4511 3502 4563 illud
3519 4529 3534 4572 ,°

1937 4594 2020 4646 hic
2047 4605 2224 4648 autem
2257 4595 2307 4647 in
2335 4595 2724 4651 dubitationem
2755 4597 2873 4651 illos
2904 4598 3145 4669 conjicit.
3178 4599 3330 4656 Unde
3363 4606 3536 4658 mani-

1936 4685 2124 4740 festum
2169 4696 2285 4750 est,
2332 4686 2458 4742 illud
2501 4688 2712 4757 quidem
2756 4689 2806 4742 in
2849 4691 3113 4761 principio
3153 4691 3348 4749 factum
3389 4711 3550 4756 esse,

1933 4778 2146 4833 cuando
2187 4773 2459 4835 'miracula
2509 4784 2671 4836 edere
2722 4783 3052 4852 incipiebat,
3105 4785 3208 4842 hoc
3250 4797 3431 4843 autem
3480 4791 3530 4843 in

1935 4875 2037 4927 line
2064 4870 2162 4944 (α).
2197 4872 2348 4939 Quod
2377 4882 2553 4928 autem
2584 4873 2790 4939 dicunt,
2823 4875 3132 4944 Itujusmodi
3161 4889 3244 4933 est
3275 4899 3286 4932 :
3320 4882 3399 4935 An
3431 4881 3535 4935 do-

1931 4969 2120 5022 ctrina:
2158 4968 2342 5024 sedem
2384 4970 2652 5037 occupas?
2699 4986 2823 5023 num
2856 4973 3109 5027 sacerdos
3138 4974 3419 5030 ordinatus
3452 4996 3532 5041 es,

1932 5063 2052 5129 quia
2087 5070 2286 5114 tantam
2318 5071 2633 5131 potestatem
2667 5063 2992 5119 exhibuisti?
3022 5066 3185 5136 Atqui
3218 5067 3348 5122 nihil
3377 5085 3533 5124 arro-

1932 5165 2118 5222 gantcr
2143 5155 2272 5225 egit,
2302 5156 2394 5210 sed
2435 5157 2614 5226 templi
2659 5157 2847 5211 honori
2893 5173 2955 5212 ac
2993 5158 3178 5215 decori
3206 5165 3483 5232 prospexit
3520 5182 3534 5217 :

1931 5256 2165 5300 attamen
2193 5263 2313 5301 eum
2346 5247 2477 5302 nihil
2520 5246 2660 5302 aliud
2702 5249 2883 5304 dicere
2926 5260 3164 5319 possent,
3209 5252 3350 5309 hanc
3378 5270 3533 5310 accn-

1931 5341 2082 5395 sandi
2129 5357 2310 5395 ausam
2358 5343 2640 5412 arripiunt.
2675 5345 2750 5398 Ac
2782 5360 2904 5399 cum
2937 5346 3231 5401 vendentes
3271 5348 3494 5417 ejiceret
3518 5391 3530 5413 ,

1931 5433 2062 5487 nihil
2108 5435 2223 5488 ausi
2271 5445 2392 5488 sinit
2434 5435 2635 5502 dicere,
2666 5438 2786 5506 quia
2830 5439 2920 5492 ille
2960 5439 3218 5494 miracula
3249 5441 3528 5497 ediderat:

1934 5536 2114 5595 postea
2144 5527 2230 5581 uhi
2262 5528 2510 5582 viderunt
2538 5546 2656 5583 eum
2679 5572 2692 5594 ,
2726 5532 3008 5600 increpare
3035 5541 3334 5600 creperum.
3394 5533 3529 5600 Quid

1930 5634 2058 5688 ergo
2091 5619 2211 5673 ille?
2252 5619 2364 5673 Non
2403 5622 2468 5674 ad
2515 5622 2798 5691 qua-situm
2841 5622 3044 5677 directe
3093 5625 3403 5694 respondet,
3433 5641 3526 5678 nec

1929 5711 2183 5780 ostendit,
2232 5727 2387 5779 posse
2437 5715 2576 5780 illos,
2606 5716 2647 5767 si
2680 5715 2878 5769 Vt‘IIl'nl
2915 5729 3066 5768 suam
3103 5726 3420 5786 potestatem
3458 5718 3521 5773 vi

1993 5848 2080 5956 (α)ῐ
2107 5845 2194 5898 llis
2234 5849 2451 5897 iunuitur
2497 5848 2740 5898 Christum
2795 5854 2868 5900 tds
2913 5850 3194 5904 vendentes
3242 5854 3451 5916 eiecisse.
3487 5871 3512 5908 te

1993 5925 2128 5956 nino.

1934 5918 2128 5971 templo.
