4186 6478
694 448 796 502 835

690 562 850 622 dere;
880 561 970 614 scd
1001 560 1154 613 aliam
1187 555 1404 626 apponit
1435 553 1900 621 ittterrngatimtem
1923 549 2044 603 :25.
2077 545 2254 616 Bapti-

695 668 800 704 sma
824 649 1038 703 Joannis
1069 649 1200 704 unde
1224 647 1369 701 erat?
1398 662 1460 698 ea:
1488 645 1630 705 casio,
1660 660 1724 695 an
1754 658 1814 696 ea:
1843 638 2154 694 hominibus?
2194 636 2260 692 Et

695 741 817 809 quid
851 740 983 806 haec,
1015 740 1240 807 inquies,
1273 737 1337 790 ad
1369 751 1476 791 rem
1506 733 1858 803 pnesentem?
1883 731 2007 786 Htcc
2035 729 2263 784 maxime

695 836 952 905 quadram
976 853 988 886 :
1015 850 1136 889 nam
1158 834 1201 889 si
1223 832 1499 894 dixissent,
1525 829 1566 884 Ε
1587 829 1737 893 ca-Io,
1762 825 2118 896 respondisset
2141 823 2218 877 eis
2243 838 2256 874 :

694 932 866 991 Quare
895 943 1022 996 ergo
1050 941 1152 980 non
1184 924 1481 979 credidistis
1510 923 1593 977 ei?
1618 922 1670 976 Si
1702 920 1840 975 enim
1871 919 2256 982 credidissent,

694 1033 795 1069 non
828 1018 895 1069 ita
928 1017 1361 1086 interrogassent.
1391 1012 1517 1067 Nam
1542 1014 1607 1066 de
1632 1013 1742 1080 ipso
1762 1011 1993 1064 Joannes
2015 1013 2255 1067 dixerat:

695 1111 812 1170 Non
858 1128 968 1164 sunt
1019 1111 1199 1180 dignus
1244 1108 1430 1161 solvere
1474 1108 1737 1176 corrigiam
1783 1101 2106 1156 calceantettli
2151 1100 2258 1168 ejus

699 1204 716 1270 (
740 1200 863 1253 Luc.
894 1202 946 1254 5.
984 1200 1047 1254 l6
1074 1203 1122 1268 );
1166 1209 1253 1264 et,
1282 1196 1413 1251 Ecce
1442 1214 1599 1267 agnus
1626 1194 1721 1247 Dei
1744 1195 1825 1264 qui
1853 1191 1980 1246 tollit
2007 1201 2263 1259 peccatum

695 1292 902 1352 mundi;
929 1301 981 1342 et
1005 1332 1019 1354 ,
1054 1288 1173 1358 Ipse
1196 1299 1264 1343 cst
1289 1287 1451 1341 Filius
1483 1289 1603 1349 Dei;
1632 1294 1702 1348 et,
1726 1285 1825 1349 Qui
1849 1284 1910 1336 de
1943 1299 2139 1336 sursum
2176 1297 2262 1332 ve-

693 1384 785 1447 nit,
810 1399 960 1452 supra
983 1398 1151 1436 omnes
1175 1391 1246 1434 est
1269 1380 1451 1451 (Joan.
1477 1380 1526 1433 I.
1543 1362 1629 1433 “2.9.
1652 1378 1737 1432 54.
1764 1387 1808 1430 et
1833 1375 2001 1440 5.5!);
2032 1383 2105 1438 et,
2145 1371 2269 1424 Ven-

693 1475 926 1526 tilttbrttnt
953 1475 1003 1526 in
1030 1489 1180 1525 manu
1205 1475 1331 1540 ejus,
1357 1483 1401 1525 et
1431 1471 1658 1541 pnrgabit
1685 1485 1853 1522 areant
1883 1483 2024 1520 suam
2051 1464 2259 1534 (Matth.

695 1567 746 1619 5.
780 1563 886 1634 I2).
917 1564 1092 1630 Quare
1133 1564 1176 1617 si
1206 1562 1392 1618 Joanni
1432 1562 1797 1622 credidissent,
1835 1558 1965 1612 nihil
2008 1554 2264 1624 impedire

699 1663 899 1722 poterat
926 1658 1207 1723 quominus
1237 1653 1475 1708 viderent
1506 1653 1555 1705 in
1581 1667 1679 1721 qua
1709 1658 1966 1720 potestate
1990 1647 2101 1700 hinc
2129 1645 2268 1700 face-

699 1753 796 1800 ret.
828 1744 1025 1799 Deinde
1046 1746 1165 1813 quia
1195 1745 1422 1813 maligne
1441 1743 1510 1795 illi
1533 1742 1937 1811 responderunt,
1962 1738 2052 1790 27.
2079 1735 2263 1790 Nesci-

696 1853 828 1902 mus,
859 1852 964 1890 non
991 1836 1120 1892 dixit
1150 1836 1254 1900 ille,
1288 1836 1466 1905 Neque
1493 1850 1590 1905 ego
1611 1835 1758 1889 scio:
1787 1833 1876 1886 sed
1905 1831 2062 1901 quid?
2095 1828 2268 1898 Neque

699 1946 788 1999 ego
813 1929 926 1983 dico
950 1930 1105 1985 vobis.
1140 1929 1266 1982 Nam
1299 1930 1342 1984 si
1372 1931 1683 1999 ignorabant
1708 1968 1722 1991 ,
1754 1925 1931 1980 doceri
1960 1924 2078 1977 illos
2107 1936 2266 1990 opor-

698 2023 859 2077 tebat.
891 2023 1020 2088 Quia
1057 2039 1183 2076 vero
1216 2023 1438 2092 maligne
1463 2022 1706 2090 agebant,
1728 2019 1849 2088 jure
1883 2017 2009 2070 nihil
2038 2015 2163 2085 ipsis
2185 2031 2270 2067 re-

697 2114 940 2181 spondet.
970 2114 1074 2167 (Σω-
1099 2123 1273 2167 autem
1307 2129 1408 2165 nott
1438 2112 1718 2172 dixerunt,
1752 2108 1828 2162 Ex
1859 2106 2158 2160 numinibus
2187 2111 2267 2158 est

700 2206 999 2275 baptisma?
1043 2205 1321 2259 Timebant
1365 2205 1564 2268 turbas,
1594 2202 1781 2270 inquit.
1820 2199 1998 2254 Viden’
2026 2212 2118 2251 cor
2154 2210 2271 2264 per-

699 2295 950 2349 versum?
985 2294 1187 2364 Ubique
1217 2294 1377 2348 Deum
1409 2293 1724 2360 despiciunt,
1756 2301 1807 2345 et
1837 2298 2022 2343 cuncta
2057 2280 2270 2356 protil'er

705 2386 944 2440 homines
965 2385 1189 2449 faciunt;
1218 2401 1337 2439 nam
1364 2395 1417 2439 et
1442 2384 1701 2438 Joannem
1724 2390 1941 2453 propter
1968 2380 2085 2433 illos
2114 2379 2269 2431 time-

702 2481 860 2542 bant;
892 2493 995 2531 non
1023 2478 1190 2530 virum
1224 2478 1392 2546 ipsum
1425 2476 1655 2538 reveriti,
1684 2475 1783 2528 nisi
1813 2473 2084 2528 hominum
2113 2484 2273 2524 causa

699 2577 937 2630 tantum;
979 2566 1189 2622 Christo
1227 2567 1384 2621 etiam
1425 2566 1645 2621 credere
1684 2563 1955 2618 hominum
1991 2575 2147 2616 causa
2178 2574 2274 2613 no-

702 2657 878 2711 lebant
911 2675 923 2708 :
952 2665 1005 2712 et
1055 2660 1170 2710 hare
1217 2671 1373 2710 causa
1426 2656 1530 2710 illis
1573 2656 1831 2708 malorum
1870 2653 2126 2706 omnium.
2171 2650 2273 2704 De-

705 2744 827 2800 inde
851 2746 976 2799 dicit
1001 2763 1012 2799 :
1036 2745 1126 2800 28.
1169 2746 1304 2813 Quid
1340 2745 1472 2799 vobis
1498 2745 1731 2799 videtur?
1761 2743 1925 2797 Homo
1950 2742 2152 2810 quidant
2180 2741 2274 2792 Ita-

707 2836 842 2890 bebat
886 2836 1012 2888 duos
1057 2838 1207 2902 ﬁlios,
1242 2846 1285 2890 et
1310 2835 1436 2889 dixit
1474 2838 1634 2904 primo
1668 2849 1688 2889 :
1723 2833 1876 2899 Vade,
1902 2832 2047 2885 hodie
2071 2845 2277 2898 operare

707 2931 755 2981 in
777 2929 938 2982 vinea.
966 2926 1055 2982 29.
1085 2926 1184 2980 Ille
1208 2937 1372 2979 autent
1394 2927 1697 2994 respondens
1721 2926 1846 2978 dixit
1871 2941 1887 2976 :
1911 2923 2064 2976 Nolo.
2097 2921 2277 2974 Postea

703 3028 868 3076 autem
899 3019 1187 3087 panitetttia
1213 3027 1376 3071 ntottts
1400 3018 1536 3071 abiit.
1562 3016 1649 3072 50.
1675 3015 1740 3068 Et
1760 3017 1996 3068 accedens
2017 3015 2084 3066 ad
2103 3029 2277 3067 secun-

705 3115 844 3178 dant,
866 3113 990 3166 dixit
1011 3113 1254 3165 similiter.
1283 3110 1380 3165 Ille
1402 3121 1568 3164 autem
1589 3110 1864 3179 respondit,
1889 3109 2021 3161 Abeo
2046 3108 2084 3174 ί,
2111 3115 2156 3159 et
2177 3121 2278 3159 non

707 3204 847 3257 abiit.
885 3203 973 3257 51.
1014 3202 1138 3269 Quis
1169 3218 1284 3271 ergo
1313 3217 1374 3254 ex
1400 3199 1591 3253 duobus
1617 3200 1730 3267 fecit
1758 3199 2060 3259 voluntatem
2087 3195 2281 3266 patris?

709 3292 898 3346 Dicunt
923 3295 988 3353 ei.
1018 3292 1241 3345 Primus.
1271 3292 1472 3346 Rursus
1496 3308 1588 3361 per
1609 3290 1883 3360 parabolas
1905 3290 2048 3358 ipsos
2076 3287 2279 3357 arguit;

711 3394 820 3438 tum
838 3384 1044 3438 illorum
1063 3377 1471 3451 improbitatem,
1499 3392 1606 3435 tum
1631 3381 2026 3449 reprobatarum
2049 3378 2283 3450 gentium

712 3473 1112 3543 obsequentium
1143 3473 1498 3527 subindicans.
1547 3472 1676 3526 Nam
1715 3472 1798 3526 hic
1823 3472 1930 3525 duo
1962 3470 2054 3524 lilii
2083 3469 2282 3540 siguili-

713 3575 836 3620 cant
857 3564 906 3618 id
929 3563 1067 3633 quod
1089 3564 1224 3632 apud
1256 3575 1370 3633 gcn'
1385 3579 1438 3618 es
1462 3573 1515 3618 et
1539 3563 1678 3634 quod
1701 3561 1835 3631 apud
1856 3561 2070 3617 Judteos
2089 3559 2284 3615 factum

715 3666 816 3712 est.
850 3655 1049 3712 Gentes
1069 3659 1208 3710 enim
1236 3671 1356 3710 cum
1391 3672 1494 3710 non
1524 3654 2284 3726 promisissentobedientiam,

719 3764 817 3804 nec
855 3748 1127 3802 audissent
1175 3749 1342 3818 legem
1365 3790 1379 3814 ,
1422 3749 1670 3818 operibus
1703 3748 2100 3817 obsequentiam
2133 3746 2287 3802 exhi-

719 3840 946 3894 buerunt
977 3855 989 3892 :
1022 3838 1075 3892 Iti
1102 3848 1284 3893 contra
1331 3852 1603 3910 pOStquam
1646 3835 1909 3906 dixerant,
1941 3837 2125 3893 Omnia
2148 3853 2287 3908 qut:-

719 3946 928 3999 cumque
955 3929 1136 3984 dixert't
1175 3929 1308 3984 Deus
1348 3930 1586 4002 faciemus
1611 3941 1657 3986 et
1681 3932 1939 3986 audiemus
1963 3929 1979 4003 (
2005 3929 2168 3985 Exod.
2200 3929 2287 3984 I9.

720 4021 797 4091 8),
827 4021 1076 4091 operibus
1120 4038 1220 4077 nou
1261 4023 1534 4093 obsequuti
1581 4033 1721 4078 sunt.
1770 4024 1890 4078 Ideo
1932 4039 1999 4079 ne
2046 4031 2292 4093 putarent

722 4115 890 4184 legem
915 4114 1058 4182 ipsos
1074 4114 1278 4182 juvare,
1301 4115 1534 4169 ostendit
1554 4115 1653 4170 hoc
1671 4117 1839 4186 ipsum
1867 4115 1987 4170 illos
2006 4114 2289 4179 damnare;

723 4203 773 4257 id
802 4205 942 4272 quod
973 4203 1130 4257 etiam
1153 4204 1286 4258 dicit
1317 4205 1506 4259 Paulus
1536 4223 1548 4257 :
1582 4203 1700 4258 Non
1731 4205 1984 4259 auditores
2023 4205 2146 4275 legis
2167 4205 2295 4275 justi

719 4307 836 4349 sunt
891 4296 1030 4366 apud
1086 4294 1244 4348 Deum
1273 4335 1288 4362 ,
1336 4298 1422 4349 sed
1470 4300 1680 4365 {actores
1729 4299 1850 4368 legis
1884 4298 2297 4369 justiﬁcabuntur

723 4385 897 4454 (Rom.
926 4385 980 4439 2.
1012 4386 1120 4455 I5).
1153 4385 1386 4441 Idcirco”
1416 4397 1470 4440 ut
1497 4402 1595 4441 suo
1623 4388 1720 4456 ipsi
1749 4389 1945 4457 judicio
1971 4387 2294 4443 damnaren-

725 4487 832 4541 tur,
865 4492 974 4531 rem
1002 4477 1078 4532 sic
1105 4478 1318 4548 dirigit,
1354 4487 1409 4532 ut
1439 4479 1533 4547 ipsi
1563 4481 1879 4534 sententiam
1904 4478 2077 4535 ferant
2109 4501 2122 4535 :
2155 4479 2295 4550 quod

726 4570 882 4622 etiam
908 4568 958 4621 itt
986 4570 1227 4638 sequenti
1256 4571 1501 4639 parabola
1535 4572 1700 4625 vinea:
1730 4571 1871 4626 facit.
1905 4611 1908 4614 .

796 4662 847 4713 3.
893 4658 1062 4730 thue
1099 4675 1184 4714 res
1219 4663 1288 4715 ita
1329 4661 1676 4727 succederet,
1706 4663 1861 4716 aliam
1887 4677 2168 4731 personam
2213 4663 2330 4717 in-'

725 4752 869 4806 ducit
907 4767 1026 4821 quin
1056 4755 1444 4810 accusationem
1467 4753 1654 4809 ferret.
1687 4754 1818 4822 Quia
1852 4757 1994 4811 enim
2044 4757 2299 4814 nolebant

727 4841 926 4896 directe
970 4841 1142 4907 lateri,
1175 4860 1267 4913 per
1292 4845 1595 4915 parabolam
1635 4861 1727 4900 eos
1753 4861 1859 4916 quo
1890 4848 2101 4903 volebat
2127 4849 2294 4904 addu-

728 4937 816 4990 cit.
861 4935 1082 5004 Quando
1133 4946 1309 4992 autent
1361 4936 1624 4992 dictorum
1664 4954 1886 5011 scaputn
1940 4956 2043 4998 non
2106 4941 2297 4997 intelli-

728 5040 909 5100 gentes
930 5031 1246 5085 sententiam
1274 5031 1526 5095 tulerunt,
1566 5040 1689 5086 tunc
1727 5033 1838 5102 ipse
1859 5036 2030 5104 aperit
2071 5035 2119 5090 id
2157 5036 2295 5106 quod

729 5123 934 5176 occulte
978 5124 1269 5192 agebatur,
1324 5135 1380 5178 et
1419 5123 1582 5179 dicit:
1615 5124 1883 5180 Pablicani
1931 5139 1975 5180 et
2019 5131 2298 5183 meretrices

731 5212 1006 5281 prtecedent
1046 5229 1128 5267 uos
1180 5215 1231 5266 in
1283 5231 1436 5284 regno
1457 5213 1570 5268 Dei.
1596 5215 1680 5270 5'2.
1726 5215 1866 5271 Venit
1904 5219 2038 5272 enim
2076 5218 2297 5272 Joannes

729 5304 796 5356 ad
823 5321 906 5357 vos
951 5305 1004 5358 in
1044 5305 1123 5358 via
1142 5305 1358 5375 justitita
1386 5346 1399 5371 ,
1433 5316 1479 5360 et
1509 5323 1608 5360 non
1643 5310 1923 5366 credidistis
1941 5312 2020 5364 ei:
2044 5312 2298 5380 publicani

729 5409 842 5448 vero
885 5395 1206 5449 crediderunt
1231 5399 1295 5451 ei.
1334 5396 1434 5452 Vos
1463 5409 1629 5451 autem
1657 5400 1890 5465 videntes,
1918 5420 2016 5454 non
2047 5403 2293 5473 paeniten-

728 5488 850 5540 tiam
875 5488 1045 5555 egistis
1064 5500 1256 5559 postea,
1291 5503 1342 5544 ut
1374 5492 1640 5546 crederetis
1662 5493 1726 5546 ei.
1757 5493 1885 5548 Nam
1917 5497 1958 5548 si
1988 5497 2291 5564 simpliciter

726 5577 966 5642 dixisset,
998 5579 1299 5636 Meretrices
1340 5585 1646 5651 praecedunt
1676 5599 1792 5654 vos,
1823 5602 2000 5643 sermo
2029 5591 2133 5643 illis
2169 5605 2297 5645 one-

790 5711 806 5744 ι
829 5709 923 5760 Alii
959 5711 1158 5773 habent,
1183 5723 1294 5780 Ego,
1326 5726 1533 5771 ροπιυιε.

752 5797 1128 5875 ,,.ῘΕΡ“ξεΒ⁰⁵ξ,
1154 5801 1300 5875 τεςῴο
1338 5807 1378 5875 5;
1408 5805 1531 5859 Pauli
1548 5840 1561 5862 .
1586 5808 1832 5875 sichabet
1859 5824 1870 5859 :
1897 5809 2061 5862 Melius
2082 5818 2150 5862 est
2172 5809 2296 5864 enim

731 5865 912 5918 dicere,
928 5865 1058 5917 Noto,
1085 5866 1128 5908 et
1153 5871 1312 5922 postea
1335 5867 1537 5928 obscqttt.
1571 5869 1770 5920 Idcirco.

1426 443 1479 495 S.
1511 437 1783 494 .IOANNIS
1821 426 2289 492 CliftYSUSTOMI
2325 424 2641 480 ARCIIIEP.
2679 419 3206 479 CONSTANTINOP.

3836 407 3937 463 636

2368 554 2519 593 rosus
2542 539 2682 592 visus
2719 535 2902 591 fuisset
2934 557 2945 591 :
2981 549 3119 589 nunc
3158 540 3332 586 autem
3379 539 3497 600 post
3523 525 3848 584 sententiam
3871 528 3940 579 ab

2368 628 2495 698 ipsis
2523 629 2681 684 latam
2719 628 2897 681 mitior
2917 627 3146 681 videtur.
3176 624 3298 679 Ideo
3319 637 3528 678 causam
3555 619 3753 689 adjicit.
3786 616 3943 686 Qua.

2368 737 2487 774 nam
2506 720 2592 773 illa
2618 729 2700 773 est
2724 717 2748 772 7
2789 715 2929 772 Venit
2971 717 3230 782 Joannes,
3261 715 3452 785 ittqttit,
3475 714 3541 768 ad
3567 729 3652 767 vos
3677 753 3691 774 ,
3739 725 3845 764 non
3874 708 3941 764 ad

2366 813 2504 867 illos.
2529 812 2714 880 Neque
2750 809 2851 865 hoc
2877 811 3071 876 solum,
3096 809 3189 864 sed
3233 818 3286 863 et
3314 807 3378 861 In
3400 810 3479 860 via
3498 806 3730 876 justitits.
3759 802 3943 872 Neque

2368 906 2586 974 potestis
2635 921 2756 960 eum
2802 903 3088 968 criminari,
3136 900 3276 972 quod
3332 901 3608 971 negligens
3635 898 3945 965 inutiIiSque

2368 996 2532 1049 fuerit
2564 1014 2574 1048 :
2607 996 2698 1051 sed
2730 1005 2782 1051 et
2810 995 2915 1048 vita
2951 993 3065 1063 ejus
3094 992 3238 1048 omni
3264 992 3417 1061 culpa
3449 993 3614 1046 libera
3647 1031 3661 1054 .
3694 999 3748 1045 et
3771 987 3946 1058 provio

2368 1087 2546 1142 dentia
2579 1089 2860 1157 singularis
2881 1129 2894 1152 ,
2927 1096 2978 1141 et
3007 1095 3182 1141 tamen
3239 1100 3342 1139 non
3389 1083 3690 1139 attendistis
3718 1081 3790 1134 ei.
3822 1081 3948 1133 Post

2370 1181 2470 1233 hoc
2498 1181 2655 1233 etiam
2681 1177 2823 1232 aliud
2867 1179 3069 1232 crimen
3096 1187 3172 1231 eat
3193 1217 3208 1240 ,
3235 1174 3374 1245 quod
3407 1173 3672 1243 publicani
3704 1170 3950 1225 attende-

2371 1273 2493 1336 rint;
2529 1272 2649 1326 Itinc
2679 1271 2819 1324 aliud
2852 1270 2988 1341 quod
3023 1285 3115 1324 vos
3146 1284 3212 1324 ne
3249 1267 3460 1336 quidem
3489 1265 3753 1336 pastillos
3777 1262 3950 1318 credi-

2369 1363 2574 1417 deritis.
2618 1361 2865 1430 Oportuit
2905 1361 3046 1414 enim
3086 1375 3178 1413 vos
3208 1368 3331 1413 ante
3363 1358 3479 1412 illos
3505 1355 3728 1411 credere
3755 1395 3770 1418 ,
3806 1353 3948 1424 quod

2371 1471 2497 1508 vero
2520 1470 2688 1523 neque
2716 1465 2831 1522 post
2871 1453 3008 1517 illos,
3041 1452 3184 1506 omni
3211 1450 3361 1505 venia
3391 1448 3662 1518 indignum
3684 1456 3807 1501 est:
3838 1445 3952 1498 laus

2370 1547 2577 1600 illorum
2607 1547 2820 1606 eximia,
2860 1545 3060 1598 crimen
3083 1525 3317 1597 vestrum
3344 1549 3522 1610 auget.
3546 1539 3624 1592 Ad
3658 1552 3752 1591 vos
3781 1536 3950 1600 venit,

2371 1654 2467 1693 nec
2488 1638 2777 1692 admisistis
2816 1637 2995 1700 illum;
3021 1650 3124 1689 non
3152 1634 3296 1689 venit
3323 1633 3389 1686 ad
3440 1632 3578 1696 illos,
3607 1640 3662 1685 et
3692 1642 3951 1696 suscepeo

2372 1740 2492 1784 runt
2511 1746 2628 1783 eum
2661 1746 2675 1794 ;
2705 1745 2875 1798 neque
2900 1729 3017 1784 illos
3042 1727 3290 1782 doctores
3317 1723 3617 1779 admittitis.
3645 1721 3780 1776 Vide
3820 1729 3954 1790 quot

2370 1821 2695 1890 argumentis
2718 1822 2831 1873 laus
2853 1821 3083 1885 illorum,
3110 1827 3163 1873 et
3185 1818 3373 1871 horum
3401 1817 3602 1870 crimen
3625 1811 3950 1868 ostenditur.

2375 1914 2452 1966 Ad
2485 1927 2578 1966 vos
2631 1915 2804 1977 venit,
2839 1929 2940 1966 non
2967 1911 3032 1965 ad
3066 1911 3204 1965 illos.
3235 1909 3337 1964 Vos
3362 1923 3465 1962 non
3496 1905 3822 1969 credidistis;
3853 1905 3954 1958 hoc

2374 2005 2478 2057 illis
2507 2003 2821 2058 offendicula
2869 2018 2975 2056 non
3029 2001 3145 2068 fuit.
3190 2000 3267 2055 Illi
3314 1999 3690 2062 crediderunt,
3721 1996 3775 2051 id
3804 1995 3958 2049 vobis

2374 2111 2478 2149 non
2507 2095 2722 2164 profuit.
2755 2095 2882 2149 Illttd
2913 2095 3078 2159 enim,
3105 2093 3424 2158 Prtecedettt,
3457 2107 3561 2145 non
3587 2090 3800 2153 dicitur,
3828 2101 3957 2157 qua-

2373 2188 2414 2240 si
2447 2186 2496 2239 lti
2525 2196 2848 2255 sequantur;
2893 2186 2986 2240 δρᾶ
3022 2186 3160 2255 quod
3206 2199 3353 2253 Spem
3383 2183 3610 2237 habeant
3639 2221 3654 2248 ,
3696 2180 3741 2233 si
3769 2179 3952 2233 velint.

2374 2278 2513 2333 Nihil
2543 2280 2684 2333 enim
2732 2280 2899 2348 magis
2927 2294 3083 2348 quant
3114 2277 3382 2331 mntulatio
3412 2276 3654 2329 rudiores
3699 2274 3955 2327 concitat.

2376 2367 2659 2438 Propterea
2706 2384 2917 2439 semper
2962 2368 3089 2422 dicit
3129 2385 3142 2420 :
3187 2366 3465 2420 Novissimi
3498 2365 3645 2434 primi
3682 2406 3696 2432 ,
3727 2374 3773 2417 et
3807 2364 3956 2432 primi

2376 2463 2650 2516 novissimi.
2683 2462 2908 2531 Ideoque
2949 2461 3258 2516 meretrices
3300 2469 3354 2514 et
3383 2458 3691 2528 publicanos
3722 2455 3954 2520 induxit,

2379 2562 2434 2606 ιιι
2465 2553 2581 2608 illos
2608 2553 2724 2607 lelo
2755 2551 3287 2628 intlammaretﬁlaac
3313 2551 3453 2605 enim
3484 2550 3589 2603 duo
3617 2558 3832 2618 peccata
3861 2564 3958 2602 ex-

2380 2658 2548 2702 trema
2573 2659 2715 2712 sunt,
2742 2665 2806 2702 ex
2837 2647 3057 2703 ferventi
3081 2661 3263 2700 amore
3301 2653 3444 2714 parta
3473 2687 3487 2708 .
3514 2645 3616 2698 alio
3645 2658 3958 2711 corporum,

2378 2741 2481 2793 alio
2507 2740 2864 2808 pecuniarum.
2905 2738 3144 2793 Ostendit
3172 2746 3348 2792 autem
3372 2778 3386 2800 ,
3415 2735 3542 2790 illud
3567 2750 3689 2789 vere
3715 2748 3838 2787 esse
3867 2748 3962 2786 au-

2380 2833 2494 2886 dire
2537 2834 2702 2900 legem
2736 2830 2850 2894 Dei,
2879 2833 2922 2884 si
2953 2830 3141 2885 Joanni
3172 2829 3440 2885 credatur.
3482 2826 3590 2882 Nec
3617 2841 3746 2880 vero
3774 2825 3964 2895 gratia:

2379 2925 2547 2979 solum
2602 2933 2682 2978 est
2731 2921 2871 2993 quod
2914 2924 3222 2977 meretrices
3267 2922 3556 2983 introeant,
3585 2934 3767 2973 verum
3800 2921 3964 2972 etiam

2375 3017 2613 3085 justitiam.
2643 3015 2757 3070 Non
2786 3016 2926 3069 enim
2950 3023 3228 3070 manentes
3256 3014 3569 3068 meretrices
3599 3012 3922 3065 introierunt
3946 3051 3962 3075 ,

2379 3107 2473 3162 sed
2495 3107 2805 3163 obedientes
2850 3115 2900 3162 et
2924 3106 3223 3169 credentes,
3259 3115 3313 3160 et
3340 3104 3605 3159 mundata:
3636 3111 3689 3156 et
3721 3109 3962 3166 munitm,

2380 3200 2461 3256 sic
2486 3199 2825 3254 introierunt.
2872 3198 3059 3254 Viden’
3084 3198 3352 3269 quomodo
3386 3199 3561 3252 minus
3596 3211 3880 3251 onerosam
3911 3203 3968 3250 et

2382 3291 2679 3345 breviorem
2724 3290 3023 3345 orationem
3056 3289 3180 3344 fecit
3204 3299 3316 3344 tum
3341 3304 3438 3359 per
3475 3286 3816 3356 parabolam,
3853 3295 3966 3338 tum

2385 3398 2479 3453 per
2541 3383 2879 3438 meretricum
2928 3381 3545 3437 commemorationem?
3596 3379 3776 3450 Neque
3823 3380 3968 3433 enim

2387 3475 2564 3530 atatim
2592 3474 2756 3539 dixit,
2785 3473 2892 3530 Cur
2921 3491 3025 3530 non
3071 3475 3374 3530 credidistis
3410 3474 3602 3530 Joauni
3627 3476 3651 3527 ’ἐ
3681 3472 3778 3528 sed
3824 3471 3969 3541 quod

2388 3568 2544 3637 longe
2567 3568 2743 3622 acrius
2772 3576 2907 3634 erat,
2939 3567 3232 3637 publicanis
3262 3566 3739 3636 meretricibusque
3768 3580 3972 3634 protro-

2389 3659 2503 3712 sitis
2527 3700 2540 3724 ,
2574 3667 2699 3713 tunc
2739 3657 2869 3713 illud
2899 3658 3126 3720 induxit,
3166 3674 3231 3714 ex
3263 3674 3438 3712 rerum
3471 3657 3612 3712 serie
3655 3656 3774 3710 illos
3818 3656 3973 3709 venia

2390 3750 2630 3820 indignos
2680 3765 2927 3821 arguens,
2986 3749 3400 3820 ostendensque,
3447 3749 3591 3818 ipsos
3651 3747 3721 3802 ob
3770 3755 3976 3800 metum

2391 3842 2661 3896 hominum
2707 3851 2762 3895 et
2810 3855 3003 3894 vanam
3055 3840 3283 3912 gloriam
3351 3840 3531 3894 omnia
3583 3837 3781 3893 facere.
3838 3836 3977 3892 Nam

2391 3932 2660 3986 Christum
2693 3947 2797 3986 non
2827 3932 3217 3987 conﬁtebantur
3247 3946 3354 4002 prze
3396 3931 3588 3985 timore
3613 3970 3627 3990 ,
3660 3944 3727 3984 ne
3746 3944 3777 3981 a
3809 3943 3974 4000 syna-

2391 4037 2523 4092 goga
2547 4023 2905 4093 pellerentur;
2943 4033 2996 4077 et
3016 4021 3274 4078 Joannem
3306 4037 3411 4076 non
3437 4021 3703 4092 audebant
3728 4035 3976 4090 carpere,

2394 4131 2500 4168 non
2526 4115 2594 4168 ob
2623 4115 2891 4184 pietatem,
2915 4117 3006 4171 sed
3038 4127 3253 4186 propter
3279 4124 3498 4170 metum.
3527 4114 3656 4182 Quie'
3673 4114 3856 4168 omnia
3888 4113 3981 4168 ille

2395 4207 2637 4276 probavit
2665 4221 2729 4262 ex
2775 4206 3089 4276 supradictis
3119 4248 3134 4273 ,
3185 4215 3240 4260 et
3286 4206 3501 4277 gravius
3551 4215 3734 4275 postea
3783 4206 3984 4260 vulnus

2400 4296 2590 4350 inﬂixit
2618 4298 2799 4352 dicens
2828 4312 2842 4349 :
2909 4297 3005 4352 Vos
3033 4309 3197 4352 autem
3228 4281 3447 4353 uidentes
3490 4313 3589 4351 tton
3634 4297 3984 4367 paenitentiam

2397 4390 2584 4461 egistis,
2623 4401 2676 4445 ut
2714 4392 2970 4446 crederitis
2990 4392 3056 4445 ei.
3091 4390 3396 4461 Improbum
3441 4391 3583 4447 enim
3622 4398 3704 4445 est
3728 4389 3798 4444 ab
3825 4390 3986 4445 initio

2399 4481 2591 4537 bonum
2625 4499 2730 4537 non
2757 4485 2972 4554 eligere;
3005 4484 3175 4554 majus
3196 4499 3324 4539 vero
3353 4485 3551 4541 crimen
3578 4524 3593 4551 ,
3619 4499 3722 4538 non
3754 4485 3982 4539 mutari.

2399 4575 2527 4631 Nam
2582 4577 2684 4632 hoc
2722 4579 2952 4634 maxime
2996 4578 3192 4633 multos
3223 4577 3492 4648 improbos
3521 4576 3684 4632 cI‘lIcit
3711 4617 3729 4643 ,
3757 4577 3810 4631 id
3834 4578 3987 4648 quod

2396 4666 2500 4737 jam
2533 4668 2583 4722 itt
2617 4671 2796 4725 multis
2817 4670 2973 4724 video
2996 4711 3010 4734 ,
3035 4669 3104 4726 ob
3130 4678 3424 4725 extremam
3449 4669 3820 4724 stoliditatem.
3869 4669 3985 4724 Sed

2399 4776 2556 4816 nemo
2581 4762 2698 4817 talis
2728 4764 2816 4826 sit,
2848 4778 2944 4817 oro
2977 4781 2990 4817 :
3022 4777 3208 4819 verum
3233 4761 3441 4816 etiamsi
3468 4762 3520 4816 in
3552 4770 3854 4825 extremum
3879 4776 3985 4815 ne-

2399 4853 2579 4921 quitiae
2607 4854 2783 4924 lapsus
2808 4855 2876 4910 sit
2896 4895 2910 4918 .
2939 4870 3005 4910 ne
3029 4855 3276 4925 desperet
3301 4853 3370 4910 de
3399 4853 3790 4922 resipiscentia;
3822 4851 3988 4908 facile

2400 4944 2591 5013 quippe
2615 4954 2695 5000 est
2730 4961 2791 5000 ex
2825 4945 3082 5013 profundo
3111 4945 3463 5014 improbitatis
3489 4957 3785 5014 emergere.

2473 5035 2699 5089 Historia
2736 5050 3007 5092 ntemnas
3054 5037 3320 5108 cujusdam
3373 5053 3484 5106 qua:
3560 5045 3754 5091 mutata
3807 5045 3989 5106 postea

2397 5140 2623 5182 saturant
2655 5129 2806 5183 vitam
2830 5128 3069 5182 duxit.—
3086 5130 3274 5183 Annon
3297 5128 3520 5183 audistis
3546 5125 3818 5196 quomodo
3865 5141 3989 5182 nte-

2404 5221 2564 5275 retrix
2618 5220 2707 5274 illa
2738 5260 2753 5285 ,
2783 5236 2900 5289 qua:
2944 5219 3157 5275 lascivia
3201 5234 3388 5276 omnes
3431 5217 3718 5290 superabat
3749 5259 3763 5281 ,
3789 5231 3989 5275 omnes

2401 5322 2580 5381 postea
2603 5314 2798 5383 pietate
2827 5313 2990 5369 vicit?
3010 5311 3123 5367 Non
3151 5313 3217 5368 de
3237 5313 3324 5367 illa
3347 5313 3536 5382 loquor
3553 5328 3673 5382 qua:
3721 5311 3772 5366 in
3806 5326 3983 5367 evan-

2395 5403 2548 5466 geliis
2577 5403 2772 5469 Iertur;
2820 5403 2912 5459 sed
2938 5404 3005 5458 de
3031 5405 3117 5458 illa
3159 5419 3277 5473 quae
3319 5413 3504 5460 nostro
3547 5418 3664 5460 arvo
3709 5419 3777 5458 ex
3814 5402 3982 5461 th-

2397 5499 2550 5551 mcize
2602 5498 2816 5553 civitate
2857 5498 3093 5552 omnium
3123 5497 3442 5566 nequissima
3466 5499 3582 5553 l'uit.
3632 5495 3756 5551 Hinc
3777 5497 3984 5566 quippe

2400 5591 2650 5646 meretrix
2690 5589 2830 5661 apud
2859 5604 2956 5644 nos
2980 5599 3095 5645 erat
3119 5631 3134 5656 ,
3164 5591 3470 5660 primasque
3521 5591 3574 5644 in
3618 5602 3778 5644 scena
3824 5597 3983 5644 tene-

2398 5684 2486 5739 bat
2515 5723 2530 5746 .
2566 5683 2716 5750 cujus
2754 5696 2945 5736 nomen
2977 5680 3167 5750 ubique
3195 5680 3566 5736 celebrabatur
3596 5719 3612 5744 ,
3642 5694 3741 5734 nec
3783 5679 3835 5734 in
3879 5695 3980 5736 no-

2399 5784 2507 5829 stra
2553 5775 2681 5830 urbe
2728 5782 2964 5838 tantum,
2997 5771 3093 5828 sed
3123 5786 3289 5842 usque
3331 5770 3397 5826 ad
3439 5770 3633 5830 Cilicas
3664 5778 3719 5824 et
3759 5769 3978 5838 Cappa—

2404 5869 2582 5922 docas.
2626 5866 3012 5936 Multorutnque
3042 5880 3168 5936 opes
3198 5865 3440 5922 exhausit
3469 5906 3483 5928 ,
3513 5859 3741 5935 pupillus
3779 5862 3986 5948 multos
