4186 6538
65 84 272 117 3:53:le-
287 90 310 103 ι
327 100 336 101 κ
356 98 364 99 ί

228 474 313 538 637

228 596 351 666 ccpi'.
377 593 433 645 ':
476 582 686 658 plurimi
726 593 854 637 vero
889 590 1007 632 eam
1055 572 1312 629 maleticis
1339 569 1414 624 uti
1457 565 1662 622 artibus
1707 562 1790 617 di-

227 659 412 748 cebant,
442 695 543 736 nec
575 676 820 747 corporis
852 671 1021 726 forma
1055 676 1281 730 tantum,
1306 664 1401 720 sed
1427 678 1493 719 ex
1517 659 1791 716 veneﬁciis

229 780 345 835 retia
370 770 700 844 expendisse.
751 766 876 822 Ilaec
917 759 1274 832 imperatricis
1316 770 1528 826 quoque
1568 751 1789 844 fratrem

229 843 448 924 irrctivit.
495 861 625 916 Nam
667 857 829 912 multa
875 857 923 907 vi
955 849 1254 925 tyrannidis
1282 847 1531 917 pollebat.
1566 843 1672 898 Sed
1701 857 1786 896 re-

229 970 368 1031 pente
414 953 592 1010 nescio
643 947 952 1022 quomodo,
995 946 1102 998 imo
1140 942 1303 1011 probe
1367 940 1481 994 scio
1519 933 1790 1006 quomodo

224 1025 398 1120 sponte
427 1053 646 1107 mutata,
676 1041 902 1112 gratiam
951 1036 1042 1090 Dei
1094 1033 1195 1088 sibi
1247 1029 1540 1084 concilians
1565 1067 1580 1090 ,
1611 1025 1790 1120 omnia

227 1117 304 1198 illa
331 1139 546 1211 sprevit,
571 1152 633 1191 ac
658 1133 908 1205 proiectis
928 1127 1206 1183 dinbnlieis
1249 1120 1514 1178 illecebris
1541 1160 1556 1183 ,
1590 1117 1655 1170 ad
1683 1125 1790 1171 cat-

221 1237 318 1292 Ium
347 1231 594 1288 accurrit.
618 1228 950 1296 Quamquam
983 1220 1112 1274 nihil
1143 1218 1228 1273 illa
1259 1215 1466 1284 turpius
1484 1223 1595 1267 erat
1624 1252 1639 1276 ,
1669 1223 1789 1262 cum

224 1329 270 1382 in
290 1341 442 1382 scena
479 1325 855 1392 compareret:
900 1324 1135 1368 attamen
1180 1308 1376 1363 multas
1405 1315 1584 1375 postea
1628 1303 1791 1357 casti-

222 1431 319 1474 tate
345 1415 609 1487 superavit
639 1453 654 1477 ,
705 1409 986 1477 cilicioqne
1030 1403 1214 1460 induta
1259 1416 1420 1455 omne
1467 1395 1794 1466 transigebat

221 1522 434 1579 tempus.
468 1507 636 1575 llnjus
662 1499 976 1558 revocanda:
1000 1510 1160 1551 causa
1193 1491 1477 1563 praefectus
1503 1503 1534 1542 a
1569 1488 1792 1579 quibus-

217 1578 330 1656 dam
357 1600 652 1657 concitatus
677 1603 759 1649 est
780 1633 796 1660 ,
840 1591 1038 1646 milites
1066 1585 1256 1642 armati
1286 1583 1353 1637 ad
1397 1595 1612 1635 scenam
1649 1578 1793 1631 illam

219 1694 496 1750 transferre
527 1707 631 1745 non
667 1692 978 1760 potuerunt,
1019 1690 1280 1748 neqnc‘ex
1309 1686 1452 1731 ccetu
1485 1673 1745 1741 virginum
1775 1713 1791 1736 ,

214 1802 326 1857 qua:
369 1785 512 1837 illam
559 1785 873 1848 receperant
901 1815 915 1837 ,
945 1772 1196 1827 educere.
1227 1767 1353 1821 llaec
1378 1766 1549 1819 sacris
1578 1763 1793 1833 dignata

219 1878 509 1950 mysteriis,
539 1881 659 1928 cum
699 1877 918 1938 accepta
957 1865 1126 1936 gratia
1175 1863 1392 1931 dignum
1437 1859 1645 1913 virtutis
1683 1867 1799 1910 stu-

215 1973 352 2026 dium
393 1968 744 2029 adhibuisset,
776 1963 936 2017 vitam
967 1958 1194 2020 clausit,
1223 1971 1344 2010 cum
1374 1964 1589 2024 peccata
1617 1950 1795 2004 omnia

219 2079 302 2130 per
327 2063 552 2132 gratiam
583 2058 804 2111 cluisset
835 2095 851 2118 ,
908 2060 963 2107 et
1013 2057 1130 2120 post
1183 2046 1506 2117 baptismum
1550 2057 1796 2113 magnam

215 2154 538 2208 exhibuisset
593 2146 1004 2220 philosophiam.
1065 2141 1174 2196 Nec
1234 2154 1488 2208 umquam
1531 2145 1798 2190 amatores

215 2247 332 2299 olim
380 2260 508 2299 suos
548 2241 864 2296 accedentes
916 2235 1160 2305 aspicere
1192 2232 1378 2293 voluit,
1426 2244 1590 2298 seque
1628 2227 1796 2296 ipsam

218 2339 440 2402 inclusit,
475 2335 778 2404 multosque
807 2345 977 2384 annos
1018 2327 1166 2398 quasi
1193 2327 1244 2379 in
1276 2338 1493 2378 carcere
1513 2319 1796 2389 transegit.

217 2433 299 2486 Sic
325 2440 472 2485 erunt
522 2426 780 2482 novissimi
805 2422 952 2493 primi
986 2461 1002 2487 ,
1035 2429 1080 2474 et
1108 2417 1258 2489 primi
1288 2414 1544 2470 novissimi
1568 2413 1585 2484 (
1611 2410 1797 2464 Matth.

214 2526 297 2582 20.
329 2527 394 2581 l6
421 2527 440 2596 )
475 2543 486 2577 :
518 2523 598 2578 sic
649 2500 804 2576 nobis
831 2517 1024 2587 ubique
1053 2511 1276 2568 ferventi
1304 2511 1484 2563 animo
1522 2521 1658 2577 opus
1693 2513 1796 2560 est.

214 2619 343 2672 Nihil
373 2613 898 2686 impeditquominns
917 2607 1089 2678 magni
1111 2616 1163 2660 et
1181 2603 1453 2659 mirabiles
1478 2599 1788 2656 evadamus.

279 2713 331 2766 4.
374 2708 676 2780 Desperatio
756 2715 803 2759 et
881 2699 1207 2774 prtesumptio
1281 2692 1804 2751 uitanda—Nemo

213 2803 366 2874 igitur
397 2803 451 2856 in
496 2797 734 2869 nequitia
774 2795 976 2866 degens
1017 2792 1302 2860 deSperet:
1338 2803 1498 2842 nemo
1540 2786 1797 2841 virtutem

213 2907 471 2948 exercens
499 2890 774 2954 dormitet,
809 2901 984 2956 neque
1017 2878 1113 2935 ille
1130 2881 1364 2937 confidat
1390 2882 1434 2934 '.
1471 2878 1628 2947 Srepe
1652 2893 1803 2931 uatn-

211 3002 308 3054 que
333 2985 553 3040 eveniet
591 2992 649 3036 ut
691 2979 942 3034 meretrix
987 2977 1143 3030 illum
1188 2981 1508 3028 antevertat.
1544 2970 1640 3026 Ille
1680 2985 1806 3024 ver-

213 3095 275 3133 ne
300 3079 598 3148 desperet;
636 3073 829 3144 poterit
855 3072 996 3125 enim
1026 3069 1186 3124 etiam
1227 3067 1428 3137 primos
1481 3062 1806 3132 prtcccdere.

211 3171 341 3226 Audi
395 3169 527 3239 quid
573 3167 716 3222 dicat
771 3166 908 3219 Deus
937 3161 1308 3232 Jcrosolymat.
1367 3156 1489 3213 Dixi
1541 3167 1809 3228 postquam

214 3266 468 3334 fornicata
500 3271 573 3317 est
617 3262 671 3314 in
700 3259 778 3312 bis
817 3257 1047 3311 omnibus
1070 3296 1086 3319 ,
1125 3253 1441 3318 Convertere,
1473 3261 1520 3304 et
1570 3266 1811 3304 conversa

211 3373 306 3410 non
337 3366 411 3412 est
443 3353 581 3426 (λεν.
613 3353 668 3409 3.
697 3351 790 3421 7).
821 3348 959 3404 Cum
999 3346 1160 3416 igitur
1196 3344 1491 3400 ferventem
1530 3342 1626 3396 Dei
1655 3356 1778 3394 amo

212 3463 320 3504 rem
348 3448 586 3507 adimus,
622 3459 729 3498 non
781 3439 1099 3496 recordatur
1125 3439 1214 3491 ille
1244 3436 1503 3506 prinrtun.
1553 3433 1671 3488 Non
1730 3443 1814 3488 est

210 3537 338 3594 sicut
373 3538 544 3592 homo
587 3536 728 3590 Deus
756 3551 771 3600 ;
805 3547 978 3603 neque
1007 3530 1148 3585 enim
1174 3533 1447 3600 prieteritu
1478 3527 1676 3596 probro
1698 3524 1810 3590 dat,

213 3645 385 3702 neque
411 3631 551 3688 dicit
581 3647 594 3683 :
625 3627 802 3698 Quare
824 3635 972 3680 tanto
999 3633 1237 3693 tempore
1282 3619 1535 3674 abfuisti?
1566 3619 1610 3674 si
1635 3627 1813 3673 tamen

213 3723 594 3792 pteuitentiam
637 3721 947 3791 egerimus;
995 3716 1091 3772 sed
1134 3714 1305 3784 diligit
1335 3727 1453 3779 nos,
1483 3728 1604 3767 eum
1642 3712 1814 3781 ipsum

212 3813 424 3868 adimus
461 3854 476 3878 ,
528 3811 658 3866 dum
693 3818 750 3864 ut
803 3816 1016 3877 oportet
1045 3804 1380 3862 accedamus.
1415 3804 1520 3872 Ipsi
1546 3819 1674 3872 ergo
1718 3801 1815 3856 ad-

212 3907 430 3959 modum
467 3905 774 3959 limreamus
802 3942 818 3968 ,
845 3909 899 3955 et
923 3898 1252 3970 conﬁgaums
1283 3896 1476 3950 timore
1515 3896 1632 3964 ejus
1656 3893 1817 3948 corda

213 3996 444 4051 nostra'
475 3992 669 4065 (Paul.
704 3992 824 4047 ll8.
876 3990 1042 4055 120).
1094 3988 1201 4043 Res
1251 3987 1558 4057 hujusmodi
1614 4001 1718 4040 non
1767 3987 1819 4040 in

219 4101 349 4142 nova
413 4088 599 4142 solum
649 4085 804 4154 lege,
855 4080 948 4137 sed
1003 4091 1055 4137 et
1109 4080 1160 4134 in
1219 4079 1384 4135 veteri
1444 4079 1820 4134 observantur.

220 4182 350 4254 Quid
380 4184 536 4237 enim
583 4164 824 4234 Manasse
850 4178 1086 4233 deterius
1112 4176 1136 4230 ‘l
1165 4175 1269 4231 Sed
1304 4174 1476 4245 potuit
1517 4174 1680 4229 Deum
1710 4174 1824 4243 pla-

213 4291 337 4332 care
371 4276 464 4348 (Δ.
494 4274 622 4344 Reg.
650 4270 788 4342 ειη
818 4271 953 4340 Quid
977 4269 1262 4324 Salomone
1289 4266 1536 4322 beatius?
1566 4265 1672 4320 Sed
1701 4266 1828 4319 dor-

216 4370 416 4424 niitaus
469 4366 672 4422 cecidit
700 4364 787 4436 (5.
824 4363 950 4434 Reg.
979 4363 1068 4417 11.
1103 4359 1337 4435 1).·1ηιο
1367 4359 1486 4414 haec
1513 4358 1671 4412 ambo
1700 4373 1824 4427 pos-

214 4476 332 4517 sum
368 4462 422 4517 in
459 4475 577 4514 uno
622 4456 907 4512 ostendere
933 4499 948 4521 ,
985 4457 1036 4510 in
1066 4457 1185 4522 ejus
1218 4455 1420 4508 scilicet
1469 4462 1656 4524 patre:
1706 4467 1826 4521 nam

217 4552 305 4608 ille
326 4564 384 4608 et
416 4550 630 4621 probus
665 4557 721 4604 et
761 4547 1034 4615 improbus
1064 4543 1183 4598 fuit.
1219 4545 1358 4612 Quid
1389 4545 1524 4599 Inda
1561 4545 1776 4600 beatius
1804 4546 1827 4598 ἲ

215 4644 322 4701 Sed
358 4644 464 4700 fuit
511 4641 777 4714 proditor.
823 4639 959 4712 Quid
1005 4638 1169 4695 Paulo
1229 4639 1525 4694 miserius?
1578 4638 1686 4694 Sed
1735 4638 1832 4693 fuit

214 4737 535 4807 apostolus.
585 4732 723 4801 Quid
769 4731 1020 4786 Mattlneo
1067 4731 1270 4802 pejus?
1302 4731 1408 4787 Sed
1455 4731 1556 4786 fuit
1606 4747 1834 4802 evange-

215 4830 362 4884 lista.
419 4825 573 4896 Quid
612 4826 832 4880 Simone
885 4824 1242 4879 laudabilius?
1287 4825 1393 4880 Sed
1447 4824 1544 4880 fuit
1596 4827 1834 4880 omnium

215 4923 600 4979 miserrimus.
660 4919 802 4983 Quot
854 4916 1057 4971 similes
1096 4918 1459 4982 mutationes,
1503 4927 1556 4972 et
1602 4920 1728 4974 olim
1781 4931 1839 4976 et

219 5031 367 5073 nunc
427 5010 684 5085 quotidie
758 5009 924 5065 factas
959 5051 973 5074 ,
1022 5010 1208 5066 videre
1245 5011 1437 5081 potes?
1478 5013 1839 5080 Quamobrem

216 5111 362 5170 dico,
399 5121 515 5162 nec
548 5103 739 5158 histrio
762 5102 1034 5172 desperet,
1065 5117 1165 5158 nec
1200 5103 1243 5157 is
1269 5104 1358 5174 qui
1394 5104 1445 5157 in
1477 5105 1702 5160 ecclesia
1759 5115 1842 5162 est

220 5202 493 5258 ronﬂdat.
543 5197 683 5269 Huic
716 5212 948 5268 namque
991 5196 1142 5252 dicit.
1173 5197 1273 5264 Qui
1318 5199 1515 5254 videtur
1561 5210 1716 5263 stare,
1763 5201 1842 5255 oi-

218 5296 335 5352 deat
357 5312 428 5351 ne
453 5291 622 5350 cadat
653 5288 729 5364 (l.
764 5290 882 5345 Cor.
909 5289 996 5346 10.
1031 5289 1114 5361 12)
1142 5307 1156 5357 ;
1198 5290 1273 5346 illi
1323 5299 1501 5348 autem
1526 5333 1544 5361 ,
1579 5292 1846 5364 Numquid

279 5484 296 5515 ι
327 5479 505 5537 Alius,
533 5472 710 5527 stultos
732 5471 954 5525 reddidit
969 5470 1228 5538 orplzanos.

276 5568 299 5598 ι
327 5560 540 5619 μοι-ει..
558 5570 701 5609 nemo
723 5555 946 5608 ulmum
966 5568 1200 5609 exerceas
1222 5555 1452 5622 catﬁdat,
1479 5558 1675 5610 omissis
1697 5561 1848 5610 inter

213 5628 413 5692 puellis.

279 5715 300 5746 ³
324 5715 411 5763 sic
459 5705 610 5760 Edlti
632 5712 707 5768 et
741 5705 1165 5768 stanuscriptorum
1203 5716 1318 5767 pars
1339 5705 1562 5768 maxima
1576 5718 1601 5768 κε·
1624 5703 1705 5754 alii
1732 5718 1846 5768 pro,

217 5777 373 5826 corda
399 5777 608 5842 inpetro,
630 5766 1016 5842 legunt,”cgnes
1034 5766 1243 5842 nostras,
1262 5775 1316 5842 ut
1337 5767 1622 5842 habetur-in
1647 5766 1848 5842 Pssimo,

218 5849 275 5886 ex
291 5850 402 5900 quo
421 5834 650 5885 me
665 5828 848 5883 librarii
1211 5828 1371 5880 locom
1391 5829 1664 5883 emendare
1681 5842 1739 5879 se
1765 5828 1850 5893 pu-

208 5905 409 5956 urunt.

1119 453 1183 512 IN
1223 445 1626 509 11ΑΤΤ11ᾸΞ1311
1669 442 1897 502 1101111..
1939 445 2145 504 LXVII.
2186 447 2258 504 al.
2299 447 2534 507 LXVIII.

3396 451 3504 510 658

1901 567 1985 633 qui
2022 565 2159 617 cadit
2198 581 2300 618 non
2341 574 2567 635 resurget
2585 563 2717 634 (Jer.
2751 563 2804 619 8.
2833 561 2906 635 4)
2930 562 3038 632 fel,
3057 563 3244 620 Manus
3266 570 3501 623 remissas

1900 669 1947 712 et
1980 676 2144 730 genua
2173 659 2358 713 debilia
2386 658 2618 713 roborata
2642 656 2812 729 (lsai.
2832 658 2920 714 55.
2951 659 3043 729 ὅ).
3075 660 3152 713 Ac
3179 674 3367 714 rursus
3392 659 3498 725 his,

1912 749 2152 822 Vigilate;
2176 751 2282 805 illis
2311 767 2437 806 vero
2465 792 2478 813 ,
2509 751 2678 821 Surge
2709 792 2723 816 ,
2768 751 2854 822 qui
2875 750 3069 806 dormis
3096 792 3114 818 ,
3164 761 3210 805 et
3235 768 3446 824 resurge
3473 770 3504 805 a

1903 843 2113 899 marinis
2135 846 2153 917 (
2176 845 2364 914 Epltes.
2399 846 2452 902 5.
2486 845 2552 899 ll
2573 847 2613 915 ).
2638 843 2770 899 Nam
2801 843 2852 896 hi
2893 843 2944 898 id
2976 843 3119 913 quod
3147 843 3347 900 habent
3391 861 3510 899 ser-

1902 954 2026 994 vare
2056 939 2276 1004 debent,
2309 939 2381 993 illi
2437 953 2567 994 vero
2611 938 2661 992 id
2718 937 2831 992 fieri
2885 938 3030 1006 quod
3083 954 3190 992 non
3239 950 3412 1005 sunt;
3449 937 3505 992 Ili

1905 1031 2190 1084 sanitatem
2228 1029 2531 1094 custodire,
2559 1030 2628 1084 illi
2660 1030 2729 1084 ab
2751 1028 3062 1084 infirmitate
3089 1029 3326 1086 liberari.
3372 1029 3510 1086 IIuI-

1905 1133 2015 1176 tum
2077 1122 2320 1176 laborant
2349 1121 2686 1193 a'gritndine,
2722 1121 2816 1176 sed
2866 1121 3016 1176 multi
3059 1122 3186 1192 tegri
3237 1123 3506 1182 valetudi-

1889 1230 2031 1278 )lCllI
2076 1223 2396 1282 recuperaut
2421 1255 2436 1276 ,
2475 1225 2525 1268 et
2560 1214 2695 1268 bene
2738 1213 3004 1279 valentes,
3030 1213 3074 1268 si
3106 1214 3415 1285 negligant,
3451 1216 3505 1271 in

1906 1305 2152 1359 morbum
2193 1307 2454 1360 incidunt.
2496 1305 2603 1360 Illis
2638 1306 2816 1376 itaque
2859 1305 3030 1360 dicit:
3066 1302 3396 1376 Eccesantu
3427 1313 3511 1380 [a-

1900 1409 2011 1454 ctus
2042 1415 2092 1453 es
2112 1415 2131 1455 .·
2160 1399 2268 1453 noli
2289 1399 2512 1468 amplius
2538 1414 2766 1469 peccare,
2791 1415 2853 1452 ne
2875 1398 2974 1453 tibi
2988 1400 3113 1470 quid
3138 1399 3360 1456 deterius
3379 1417 3506 1456 con-

1901 1491 2063 1561 tingat
2084 1489 2266 1566 (Joan.
2299 1490 2351 1547 5.
2377 1491 2490 1560 Id);
2523 1491 2607 1545 his
2655 1506 2802 1557 vero,
2851 1489 2937 1546 Vis
2964 1510 3120 1548 sanas
3165 1493 3320 1563 ﬁeri?
3362 1491 3512 1550 Tolle

1903 1584 2171 1653 grabatum
2200 1594 2358 1644 luunt,
2379 1593 2425 1637 et
2457 1584 2583 1637 vade
2599 1584 2650 1638 in
2664 1584 2873 1638 domum
2905 1595 3042 1638 tuam
3071 1583 3236 1662 (Ibid.
3268 1601 3317 1638 υ.
3349 1585 3402 1641 6.
3425 1584 3507 1647 8).

1904 1677 2096 1733 Gravis
2125 1678 2291 1742 enim,
2320 1677 2498 1747 gravis
2543 1688 2690 1733 certe
2737 1678 2999 1751 paralysis
3048 1687 3133 1734 est
3183 1689 3507 1750 peccatum;

1905 1773 2014 1825 imo
2043 1786 2148 1825 non
2181 1771 2444 1840 paralysis
2464 1779 2688 1835 tantum,
2721 1770 2814 1826 sed
2836 1770 3036 1841 aliquid
3065 1772 3303 1842 gravius.
3325 1771 3512 1840 Neque

1905 1865 2051 1919 enim
2084 1863 2169 1918 hie
2200 1864 2355 1917 bonis
2399 1875 2601 1918 tantum
2647 1865 2885 1933 privatur
2917 1904 2932 1929 ,
2971 1864 3073 1920 sed
3132 1867 3187 1919 iu
3241 1864 3508 1920 malorum

1906 1958 2162 2013 exercitio
2188 1967 2290 2012 est.
2324 1959 2570 2012 Attamen
2620 1956 2745 2012 licet
2775 1958 2843 2012 ita
2871 1956 3095 2013 allectus
3121 1957 3216 2022 sis,
3248 1957 3293 2012 si
3323 1956 3511 2011 voluc-

1905 2050 1980 2104 ris
2032 2050 2300 2118 paululum
2363 2064 2656 2120 exsurgere
2691 2091 2706 2116 ,
2766 2052 2946 2104 omnia
3004 2050 3144 2106 mala
3205 2051 3508 2106 solvuntur.

1905 2143 2127 2198 Etiamsi
2170 2145 2382 2214 triginta
2412 2155 2536 2198 octo
2562 2159 2732 2198 annos
2761 2143 2963 2199 habeas
2985 2185 3001 2208 ,
3030 2144 3073 2198 si
3103 2145 3390 2199 sanitatem
3420 2160 3508 2200 re-

1906 2248 2164 2300 cuperare
2206 2232 2423 2288 studeas
2457 2276 2470 2299 ,
2512 2234 2642 2287 nihil
2707 2235 2882 2288 obest.
2946 2235 3115 2290 Adest
3161 2235 3324 2289 etiam
3367 2251 3512 2289 nunc

1905 2325 2150 2382 Christus
2178 2336 2232 2382 et
2277 2327 2440 2390 dicit,
2485 2325 2631 2380 Tolle
2656 2327 2839 2381 lectum
2894 2336 3076 2379 tuum:
3128 2327 3291 2382 modo
3337 2327 3511 2389 velis;

1907 2434 2088 2490 surge,
2120 2436 2185 2473 ne
2228 2419 2520 2489 desperes:
2563 2420 2834 2474 hominem
2859 2435 2965 2474 non
2990 2419 3154 2474 habes
3174 2461 3188 2482 ,
3221 2419 3315 2474 sed
3347 2421 3515 2476 babes

1911 2512 2101 2568 Deum.
2128 2512 2243 2566 Non
2287 2510 2454 2567 habes
2482 2513 2653 2566 virum
2685 2511 2774 2582 qni
2803 2520 2854 2567 te
2884 2511 2935 2566 in
2968 2512 3227 2581 piscinam
3257 2511 3457 2582 injiciat
3495 2530 3511 2580 ;

1909 2603 2003 2660 sed
2037 2603 2201 2659 habes
2225 2619 2349 2658 eum
2379 2605 2468 2673 qui
2501 2619 2607 2658 non
2635 2603 2778 2659 sinat
2814 2612 2866 2659 te
2893 2618 3030 2674 opus
3061 2603 3262 2660 habere
3286 2605 3512 2674 piscina.

1909 2695 2024 2752 Non
2057 2696 2221 2751 habes
2242 2695 2330 2765 qui
2365 2707 2415 2750 te
2447 2694 2540 2750 illo
2573 2696 2857 2765 conjiciat,
2881 2695 2976 2750 sed
3010 2695 3176 2750 habes
3206 2697 3296 2764 qui
3324 2697 3512 2765 jnbeat

1903 2789 2099 2844 tollere
2131 2788 2326 2844 lectum
2356 2798 2526 2842 tmun.
2568 2787 2683 2842 Non
2723 2788 2845 2843 licet
2872 2787 3078 2845 diceret
3109 2830 3124 2855 ,
3156 2787 3292 2842 Dum
3312 2806 3404 2861 ego
3434 2805 3519 2844 oe-

1912 2883 2020 2944 nio,
2047 2882 2179 2936 alius
2211 2893 2328 2937 ante
2369 2899 2447 2936 me
2478 2881 2735 2937 descendit
2761 2879 2923 2956 (Ibid.
2958 2899 3006 2937 υ.
3041 2883 3119 2950 7).
3152 2882 3208 2941 Si
3252 2883 3396 2938 enim
3426 2899 3521 2938 ve—

1912 2975 1980 3030 lis
2007 2975 2060 3030 in
2088 2975 2288 3030 fontem
2317 2975 2669 3042 descendere,
2699 2991 2859 3031 nemo
2891 2975 3164 3046 impediet.
3194 2976 3376 3032 Gratia
3409 2993 3518 3032 non

1914 3070 2273 3133 consumitur,
2322 3085 2427 3124 nou
2461 3068 2788 3138 impenditur
2817 3088 2830 3122 :
2876 3068 2996 3123 fons
3025 3069 3242 3140 quidam
3271 3080 3353 3124 est
3377 3084 3524 3124 sem-

1917 3179 2012 3230 per
2035 3163 2366 3225 scaturiens,
2399 3178 2463 3216 ex
2494 3162 2833 3233 plenitudine
2861 3163 2980 3230 ejus
3016 3179 3206 3218 omnes
3242 3178 3520 3230 sanamnr,

1916 3263 1971 3308 et
2000 3253 2295 3310 secundum
2324 3254 2558 3307 animam
2605 3262 2660 3307 et
2705 3253 3004 3307 secundum
3035 3268 3255 3320 corpus.
3286 3255 3526 3308 Acceda-

1919 3361 2038 3401 Iaus
2065 3346 2224 3414 igitur
2252 3345 2413 3400 etiam
2443 3360 2604 3400 nunc.
2639 3343 2771 3399 Nam
2798 3345 2945 3399 Raab
2981 3345 3236 3402 meietrix
3261 3355 3400 3410 erat,
3427 3349 3523 3403 sed

1919 3448 2130 3494 servata
2158 3450 2274 3505 est;
2305 3439 2443 3493 latro
2486 3437 2756 3494 homicida
2801 3447 2938 3505 erat,
2987 3439 3080 3493 sed
3121 3439 3354 3509 paradisi
3390 3441 3528 3496 civis

1920 3532 2145 3588 effectus
2165 3541 2248 3587 est
2275 3548 2290 3589 :
2313 3542 2368 3588 et
2396 3530 2582 3598 ludas,
2613 3531 2702 3601 qui
2728 3527 2851 3585 cum
2874 3533 3134 3602 magistro
3160 3540 3299 3598 erat,
3331 3533 3526 3601 periit;

1923 3623 2060 3678 latro
2089 3633 2269 3679 autem
2299 3665 2314 3686 ,
2353 3624 2405 3678 in
2436 3638 2596 3679 cruce
2628 3639 2750 3678 eum
2783 3631 2969 3688 esset,
3017 3622 3315 3694 discipulus
3355 3621 3530 3678 factus

1922 3725 2025 3770 est.
2077 3715 2202 3770 Ilzec
2231 3715 2324 3771 Dei
2372 3713 2637 3770 mirabilia
2661 3725 2807 3768 sunt.
2853 3713 2944 3770 Sic
2993 3715 3131 3784 magi
3171 3714 3531 3786 acceptabiles

1927 3807 2183 3874 fuerunt;
2229 3809 2309 3864 sic
2354 3808 2674 3881 publicanus
2712 3808 3041 3879 evangelista
3089 3807 3259 3863 factus
3299 3819 3423 3874 est;
3452 3809 3534 3863 sic

1926 3895 2276 3968 blasphemus
2300 3899 2399 3955 fuit
2427 3899 2726 3972 apostolus.

2001 4028 2054 4082 5.
2105 4027 2322 4083 Horatia
2352 4029 2642 4084 exhortatio
2667 4028 2736 4082 ad
2776 4027 2971 4082 labores
3001 4029 3115 4082 vitta
3140 4028 3387 4097 patienter
3417 4028 3538 4082 tole-

1929 4123 2137 4183 randos.
2169 4153 2241 4164 -—
2263 4122 2388 4178 H.130
2413 4123 2700 4192 conspiee,
2727 4132 2784 4178 et
2813 4138 3103 4192 numquam
3130 4121 3408 4191 desperes,
3439 4122 3537 4176 sed

1931 4230 2147 4283 semper
2165 4214 2398 4278 eonlide,
2432 4224 2488 4270 et
2511 4216 2690 4270 excita
2718 4215 2972 4289 teipsum.
2999 4212 3151 4271 Viam
3179 4215 3353 4270 solum
3381 4215 3538 4281 iuito,

1932 4324 2052 4377 qua:
2084 4308 2175 4362 illo
2197 4308 2361 4374 ducit,
2386 4317 2442 4362 et
2460 4308 2715 4363 celeriter
2745 4307 2960 4368 incede.
2988 4307 3064 4362 Ne
3079 4306 3301 4362 claudas
3321 4306 3538 4387 ianuas,

1936 4418 2002 4458 ne
2030 4403 2330 4472 ingressum
2377 4403 2646 4472 obsepias.
2678 4404 2849 4458 Breve
2871 4410 2954 4456 est
3001 4412 3240 4471 prmsens
3289 4410 3536 4469 tempus,

1939 4511 2133 4566 parvus
2156 4497 2326 4552 labor.
2373 4497 2592 4552 Etiamsi
2634 4511 2856 4568 magnus
2884 4504 3031 4550 esset
3062 4539 3078 4563 ,
3102 4509 3174 4550 ne
3201 4497 3279 4549 sic
3323 4493 3538 4563 quidem

1939 4587 2232 4659 desperare
2288 4595 2587 4658 oporteret.
2637 4588 2858 4642 Etiamsi
2899 4588 3041 4642 enim
3074 4601 3218 4642 nunc
3244 4583 3545 4656 pulcherri-

1945 4699 2088 4737 muni
2115 4673 2374 4748 laborem,
2421 4697 2580 4751 quem
2615 4681 2928 4750 pmnitentia
2976 4688 3031 4734 et
3072 4680 3242 4734 virtus
3287 4677 3541 4743 afferunt,

1941 4791 2050 4838 non
2080 4775 2362 4844 suscipias,
2396 4761 2448 4827 in
2478 4772 2678 4827 mundo
2709 4783 2855 4827 certe
2879 4771 3148 4827 Iaborabis
3173 4779 3228 4825 et
3251 4770 3360 4825 alio
3384 4768 3549 4824 modo

1943 4867 2182 4924 sudabis.
2206 4865 2357 4935 Quod
2387 4866 2429 4918 si
2465 4876 2514 4920 et
2547 4865 2634 4921 hic
2680 4874 2734 4920 et
2769 4864 2879 4918 illic
2919 4863 3070 4918 labor
3117 4873 3200 4918 est
3225 4902 3242 4928 ,
3289 4877 3387 4917 cur
3438 4877 3545 4918 non

1945 4961 2092 5018 hunc
2132 4959 2372 5014 laborem
2408 4959 2734 5029 suscipimus
2766 4999 2782 5022 ,
2832 4957 2921 5028 qui
2971 4956 3195 5012 multum
3239 4953 3396 5010 affert
3441 4953 3551 5010 fru-

1946 5062 2090 5107 ctum
2122 5058 2178 5105 et
2214 5065 2464 5120 magnam
2514 5049 2819 5104 mercedem
2846 5048 2869 5101 ‘.’
2897 5045 3236 5118 Quamquam
3270 5061 3375 5100 non
3409 5047 3553 5101 idem

1949 5143 2038 5198 hic
2089 5141 2243 5198 labor
2280 5143 2370 5212 qui
2408 5141 2540 5196 illic.
2571 5139 2628 5195 In
2670 5139 3019 5195 stccularibus
3063 5139 3207 5194 enim
3243 5135 3551 5207 frequentia

1949 5237 2209 5308 pericula,
2237 5235 2432 5291 damna
2480 5235 2581 5290 sibi
2625 5243 2810 5290 mutuo
2854 5233 3200 5291 suecedentia
3229 5274 3248 5300 ,
3295 5246 3421 5302 spes
3475 5232 3560 5284 iu—

1950 5342 2118 5395 certa,
2144 5331 2377 5386 servitus
2431 5328 2622 5395 multa,
2660 5329 3008 5399 pecuniarum
3042 5370 3059 5396 ,
3108 5341 3396 5397 corporum
3431 5364 3448 5389 ,
3500 5331 3558 5378 et

1951 5423 2146 5480 animas
2173 5422 2476 5493 dispendia,
2505 5431 2560 5487 et
2598 5420 2867 5477 fructuum
2923 5430 3218 5493 proventus
3268 5436 3363 5490 spe
3399 5419 3560 5488 longe

1955 5519 2213 5584 minores,
2248 5517 2292 5571 si
2321 5526 2499 5572 tamen
2529 5515 2747 5570 veniant
2786 5534 2800 5572 :
2833 5531 3006 5586 neque
3031 5516 3175 5571 enim
3217 5513 3556 5568 sa‘cularium

1955 5625 2134 5664 rerum
2163 5609 2390 5666 sudores
2436 5609 2668 5664 fructum
2718 5623 2936 5679 semper
2962 5608 3212 5664 aﬂ'eru'nt.
3265 5606 3543 5662 Verumta-

1958 5718 2080 5757 men
2108 5705 2208 5760 etsi
2242 5718 2347 5758 non
2385 5703 2677 5770 excidant,
2712 5703 2923 5759 etiamsi
2956 5703 3182 5760 multum
3236 5711 3557 5774 proventum

1957 5795 2219 5864 aderant,
2273 5797 2486 5853 modico
2517 5807 2762 5868 tempore
2811 5805 3053 5855 manent.
3087 5795 3220 5855 Cum
3274 5795 3419 5851 enim
3466 5809 3554 5853 Ie-

1966 5889 2168 5957 nueris,
2194 5903 2292 5945 nec
2321 5889 2493 5961 possis
2517 5889 2582 5947 iis
2629 5905 2728 5961 pro
2770 5898 2895 5947 voto
2924 5887 3049 5961 frui,
3082 5900 3204 5947 tunc
3249 5887 3559 5946 mercedem
