4186 6482
711 415 812 470 659

711 523 949 577 laborum
991 517 1215 586 recipies
1246 518 1284 572 ί.
1337 515 1423 572 Sic
1452 515 1602 571 labor
1657 517 1864 586 vigente
1906 529 2128 586 corpore
2170 528 2288 569 sus-

711 616 946 684 cipitur:
998 612 1200 666 fructus
1248 617 1425 664 autem
1471 620 1524 664 et
1575 610 1854 678 voluptas,
1895 624 2120 678 corpore
2170 608 2280 677 jam

712 720 840 760 sene
869 713 919 759 et
945 703 1119 757 soluto
1147 743 1163 767 ,
1195 716 1314 755 cum
1354 716 1568 756 sensum
1615 714 1819 770 tempus
1845 699 2137 763 exstinxit,
2182 702 2281 754 etsi

712 811 817 851 non
837 808 1052 865 prorsus
1075 792 1418 858 exstinxerit,
1449 793 1632 846 mortis
1658 806 1780 860 spes
1801 807 1904 845 non
1935 791 2058 845 sinit
2083 789 2285 846 deliciis

714 889 835 942 frui.
864 888 972 942 lllic
998 901 1126 946 vero
1153 901 1238 940 res
1268 901 1372 940 non
1405 885 1475 939 ita
1510 901 1569 941 se
1599 884 1756 940 habet
1777 927 1791 950 ,
1824 885 1920 940 sed
1949 885 2098 940 labor
2123 891 2206 940 est
2230 886 2281 939 in

713 979 1053 1046 corruptione
1099 987 1154 1032 et
1180 977 1230 1030 in
1266 976 1472 1030 mortali
1509 991 1773 1046 corpore;
1814 990 2009 1030 corona
2055 990 2182 1031 vero
2230 976 2284 1029 in

711 1071 957 1138 integro,
1015 1067 1306 1123 immortali
1356 1073 1417 1133 ',
1475 1071 1631 1123 liuent
1693 1086 1798 1123 non
1856 1071 2105 1126 habente.
2161 1071 2270 1128 La-

706 1161 806 1216 bor
833 1162 1083 1231 praecedit
1115 1174 1165 1215 et
1193 1161 1370 1216 brevis
1407 1172 1489 1215 est
1515 1179 1528 1226 ;
1570 1177 1774 1216 merces
1817 1175 1993 1216 autem
2025 1166 2271 1234 sequitur

708 1259 762 1302 et
789 1258 869 1302 est
892 1249 1168 1310 immensa,
1201 1254 1258 1300 ut
1290 1261 1412 1300 cum
1445 1247 1688 1302 libertate
1736 1246 1950 1302 demum
2004 1250 2279 1317 quiescas,

709 1337 836 1392 nihil
863 1347 1178 1407 exspectans
1205 1336 1571 1405 injucundum.
1597 1336 1747 1392 Nulla
1791 1339 1932 1392 euitn
1964 1339 2031 1394 ibi
2062 1341 2282 1394 mutatio

710 1429 940 1485 timenda
963 1471 978 1496 ,
1008 1430 1183 1484 nullus
1212 1445 1387 1492 casus,
1413 1439 1470 1484 ut
1499 1430 1548 1483 in
1575 1429 1677 1484 hoc
1706 1432 1923 1484 mundo.
1953 1431 2134 1498 Qualia
2183 1447 2280 1486 au-

709 1530 812 1575 tem
843 1529 967 1575 sunt
997 1520 1110 1576 b:ec
1133 1521 1291 1587 bona,
1318 1536 1421 1575 non
1452 1530 1558 1574 tuta
1584 1563 1597 1585 ,
1625 1520 1718 1575 sed
1748 1522 1946 1589 brevia,
1973 1523 2130 1589 lutea,
2163 1540 2280 1593 qua:

771 1657 785 1717 Τ
815 1661 1006 1703 Graecus
1044 1661 1210 1717 textus
1235 1654 1503 1717 accuratius
1525 1654 1816 1717 redderetur
1838 1654 2092 1717 hocgmodo
2133 1669 2145 1705 :
2185 1664 2282 1717 ouo

708 1715 829 1764 enim
853 1723 1078 1781 tempore,
1100 1712 1463 1781 tibiseuescenti
1478 1713 1725 1781 voluptatis
1738 1729 1903 1769 sensus
1923 1714 2166 1781 hebetatus
2187 1712 2277 1781 est,

707 1783 818 1839 tunc
840 1774 1108 1839 mercedem
1128 1775 1342 1839 laborum
1366 1774 1539 1839 recipis
1553 1774 1649 1839 ,ﬁ'et
1681 1777 1816 1838 juxta
1852 1778 2012 1839 Morel.
2044 1793 2056 1827 :
2087 1774 2282 1839 Tempus

711 1836 836 1886 enim
859 1849 951 1900 quo
972 1836 1056 1900 tibi
1077 1836 1336 1900 senescenti
1357 1836 1605 1900 uoluptatis
1626 1836 1792 1889 sensus
1813 1837 2055 1891 hebetatus
2078 1847 2164 1899 est,
2191 1836 2282 1892 hoc

709 1897 892 1972 tempus
915 1897 997 1972 tibi
1019 1898 1291 1972 mercedem
1312 1897 1469 1972 g/fert;

768 1961 786 1990 ⁸
806 1957 984 2027 Mcrela
999 1966 1051 2009 et
1072 1959 1265 2022 quidam
1286 1957 1395 2017 alii,
1422 1971 1597 2010 corona
1635 1972 1745 2009 vero
1774 1959 1824 2010 in
1860 1959 2214 2027 incorruptibili
2234 1970 2280 2014 et
2332 1964 2335 1965 ⁷

707 2017 1000 2081 intpassibili.

1446 406 1502 463 s.
1541 404 1814 463 JOANNIS
1852 400 2320 460 cunvsosront
2361 401 2670 460 ARCHIEP.
2713 383 3237 458 CONSTANTINOP.

3865 401 3971 454 6Δο

2395 516 2480 569 vix
2509 526 2764 586 apparent
2791 526 2842 571 et
2867 526 3207 583 evanescunt,
3235 532 3296 572 ac
3321 531 3439 572 cum
3470 516 3649 572 multis
3691 517 3969 574 laboribus

2391 608 2766 678 possidentur?
2802 608 2930 677 Qua:
2971 609 3106 664 bona
3134 618 3260 665 sunt
3284 610 3386 665 illis
3407 611 3627 681 mqnalia
3649 653 3663 673 ,
3693 626 3810 680 qum
3840 621 3968 664 sunt

2389 699 2699 768 immobilia,
2748 717 2868 772 quas
2916 717 3200 773 numquam
3242 712 3529 759 senescunt
3555 695 3578 770 ,’
3613 718 3734 772 qua:
3765 705 3967 757 nullius

2388 801 2511 846 sunt
2538 793 2768 860 laboris,
2798 810 2915 864 quae
2941 796 3290 848 certamimnn
3330 805 3567 865 tempore
3611 812 3837 852 coronas
3869 795 3964 849 tibi

2387 884 2658 941 all'er'unt?
2690 887 2816 940 Nam
2841 889 2926 957 qui
2960 887 3211 956 pecunias
3246 887 3501 957 despicit,
3527 889 3636 957 jam
3677 889 3799 941 tunc
3823 903 3970 941 mer-

2387 979 2572 1034 cedcm
2618 979 2803 1048 recipit
2837 1020 2850 1041 ,
2883 979 3239 1034 sollicitudine
3267 994 3484 1045 vacuus,
3536 979 3702 1034 liVore
3727 1021 3741 1044 ,
3810 994 3969 1047 53cc—

2387 1070 2600 1141 phantia
2631 1111 2646 1136 ,
2676 1072 2900 1135 insidiis,
2933 1071 3145 1125 invidia.
3192 1072 3288 1139 Qui
3321 1081 3499 1127 castus
3545 1081 3626 1126 est
3677 1081 3730 1126 et
3776 1083 3970 1124 ornate

2387 1164 2534 1230 vivit,
2561 1165 2721 1220 etiam
2756 1175 3036 1236 antequam
3063 1164 3305 1229 decedat,
3349 1173 3639 1220 coronatur
3666 1175 3718 1219 et
3749 1167 3797 1218 in
3827 1165 3964 1218 deli-

2387 1256 2487 1309 ciis
2517 1255 2678 1327 degit,
2706 1255 2987 1322 dedecore,
3020 1256 3372 1320 irrisionibus,
3405 1257 3656 1325 periculis
3684 1298 3698 1322 ,
3746 1271 3967 1312 accusa-

2389 1347 2617 1402 tionibus
2643 1347 2865 1418 aliisque
2893 1348 3136 1403 omnibus
3164 1348 3314 1403 malis
3339 1349 3615 1402 liberatus.
3656 1350 3785 1403 Alite
3827 1363 3965 1414 quo-

2386 1456 2487 1511 quc
2509 1439 2717 1495 virtutis
2751 1448 2929 1510 partes
2963 1441 3205 1495 similiter
3225 1441 3334 1509 jam
3369 1441 3452 1495 hic
3481 1440 3630 1495 nobis
3661 1440 3966 1495 mercedem

2386 1533 2630 1587 afferunt.
2669 1534 2733 1589 Ut
2773 1534 2930 1604 igitur
2965 1543 3018 1589 et
3057 1535 3336 1603 praesentia
3367 1546 3420 1590 et
3450 1536 3621 1590 futura
3669 1550 3970 1606 consequa-

2387 1643 2504 1680 mur
2533 1625 2667 1681 bona
2693 1668 2706 1692 ,
2741 1625 3000 1696 fugiamus
3044 1628 3330 1697 nequitiam
3372 1636 3426 1681 et
3467 1628 3712 1681 virtutem
3757 1629 3967 1696 amplc-

2386 1727 2609 1771 ctamur.
2644 1716 2732 1770 Sic
2756 1714 2896 1770 enim
2936 1728 2984 1770 et
3027 1715 3111 1770 hic
3140 1716 3191 1769 iu
3218 1716 3423 1771 delieils
3460 1717 3678 1778 erimus,
3711 1726 3762 1771 et
3789 1716 3966 1770 futura

2386 1826 2774 1881 consequemur
2799 1808 2937 1864 bona
2974 1827 2986 1863 :
3013 1825 3128 1879 qum
3161 1809 3362 1864 utinam
3394 1824 3583 1864 omnes
3609 1809 3970 1879 adipiscamur

2386 1904 2551 1974 gratia
2585 1913 2637 1958 et
2681 1902 3005 1973 benignitate
3031 1902 3241 1955 Domini
3271 1903 3436 1958 nostri
3463 1903 3591 1958 Jesu
3612 1903 3809 1959 Christi
3839 1946 3850 1968 ,
3881 1906 3967 1957 cui

2385 1995 2551 2064 gloria
2578 2004 2629 2050 et
2651 1995 2928 2065 imperium
2958 1996 3008 2048 in
3037 1995 3229 2050 smcnla
3253 1995 3593 2050 sreulorum.
3626 1997 3820 2050 Amen.

711 2138 3959 2166 ___________________________________

1808 2222 2153 2288 HOMILIA
2195 2227 2477 2291 LXVIII.
2522 2229 2609 2291 al.
2655 2229 2878 2291 LXIX.

705 2386 828 2440 Car.
863 2382 953 2437 ει.
985 2398 1034 2434 v.
1066 2383 1151 2437 53.
1191 2382 1358 2436 Aliam
1401 2383 1692 2452 parabolam
1732 2386 1918 2438 audite.
1977 2385 2141 2441 Homo
2164 2389 2279 2460 qui—

775 2473 892 2525 dam
930 2482 1036 2526 erat
1061 2473 1444 2542 paterfamilias,
1491 2475 1580 2544 qui
1607 2475 1846 2544 plantavit
1871 2478 2082 2543 vineam,
2124 2490 2169 2533 et
2207 2497 2282 2533 se-

777 2581 887 2633 pem
915 2565 1271 2634 circumposuit
1297 2565 1342 2618 ei
1369 2581 1387 2618 :
1412 2576 1458 2618 et
1485 2566 1614 2633 fodit
1634 2566 1685 2618 in
1704 2582 1760 2620 ea
1786 2569 2027 2633 torcular,
2053 2580 2099 2624 et
2126 2571 2282 2639 autin-

777 2655 904 2709 cavit
931 2657 1107 2710 turrim
1129 2675 1148 2710 :
1174 2666 1221 2710 et
1245 2657 1423 2711 locavit
1449 2673 1558 2710 eam
1583 2659 1839 2729 agricolis,
1863 2671 1909 2714 et
1935 2678 2137 2734 peregre
2165 2681 2284 2734 pro-

781 2754 937 2818 fectus
966 2759 1057 2802 est.
1090 2751 1178 2804 54.
1216 2749 1431 2818 Quando
1453 2762 1620 2805 autem
1646 2754 2065 2824 appropinquavit
2087 2767 2283 2825 tempus

783 2841 1058 2906 fructuum,
1087 2841 1222 2893 misit
1250 2857 1414 2896 servos
1454 2858 1571 2896 suos
1609 2845 1676 2895 ad
1700 2845 1970 2915 agricolas,
2008 2857 2060 2899 ut
2089 2850 2283 2915 accire-

776 2942 884 2985 rcnt
905 2935 1098 3003 [ructus
1117 2935 1246 3004 ejus.
1275 2934 1361 2988 55.
1396 2933 1461 2987 Et
1487 2937 1741 3005 agricola},
1784 2938 2108 3005 apprehensis
2131 2943 2284 2994 servis

777 3025 904 3093 ejus,
953 3025 1110 3077 alium
1151 3025 1455 3089 ceciderunt,
1502 3027 1657 3080 alium
1696 3028 2069 3098 interfecerunt,
2122 3032 2282 3085 alium

778 3125 945 3169 autent
990 3115 1356 3184 lapidaverunt.
1398 3117 1485 3171 56.
1525 3116 1748 3171 Rursum
1789 3120 1920 3173 misit
1954 3122 2081 3176 alios
2119 3139 2283 3177 servos

781 3221 986 3258 numero
1013 3206 1202 3274 plures,
1240 3215 1284 3259 et
1312 3210 1531 3276 fecerunt
1561 3207 1663 3262 illis
1698 3209 1945 3266 similiter.
1978 3213 2065 3266 37.
2099 3211 2286 3267 Novis-

785 3296 907 3349 sime
934 3306 1100 3350 autent
1134 3297 1269 3349 misit
1290 3297 1357 3349 ad
1374 3313 1458 3351 eos
1485 3298 1646 3366 ﬁlium
1666 3317 1810 3354 suum
1832 3302 2003 3356 (licens
2027 3319 2045 3357 :
2075 3304 2283 3359 Revere-

781 3387 961 3441 buntur
981 3387 1109 3455 forte
1126 3387 1288 3454 ﬁlium
1309 3403 1490 3441 meum.
1525 3389 1611 3444 58.
1640 3390 1889 3461 Agricola:
1918 3404 2085 3448 autem
2112 3396 2286 3450 niden-

785 3487 856 3531 tes
880 3477 1063 3545 ﬁlium,
1095 3475 1327 3531 dixerunt
1356 3481 1407 3531 in
1433 3480 1610 3548 seipsis
1632 3495 1651 3534 :
1672 3479 1772 3535 Hic
1809 3493 1883 3537 est
1913 3485 2075 3549 heres,
2099 3487 2278 3554 uenite,

781 3567 1141 3634 interﬁciamus
1166 3583 1298 3634 eum,
1339 3578 1384 3622 et
1412 3570 1755 3637 possideamus
1789 3574 2112 3629 hereditatem
2150 3579 2281 3646 ejus.

783 3655 870 3710 39.
904 3655 968 3710 Et
995 3657 1364 3727 apprehensum
1407 3675 1522 3713 eum
1565 3661 1813 3730 eiecerunt
1842 3673 1980 3718 extra
2017 3666 2209 3719 vineam
2241 3676 2286 3720 et

779 3746 1151 3814 interfecerunt.
1188 3747 1277 3802 40.
1306 3747 1432 3802 Cum
1466 3765 1584 3820 ergo
1626 3754 1809 3805 venerit
1843 3754 2077 3808 dontiuus
2105 3757 2280 3822 vincar,

780 3837 899 3907 quid
925 3837 1073 3906 faciei
1097 3837 1332 3908 agricolis
1359 3840 1501 3894 illis?
1520 3842 1608 3895 41.
1639 3841 1823 3896 Dicunt
1849 3845 1892 3898 ei
1916 3860 1935 3899 .°
1963 3846 2130 3901 Malos
2151 3850 2285 3903 male

781 3926 970 3995 perdet,
1022 3938 1068 3980 et
1113 3929 1306 3980 vineam
1347 3932 1487 3982 su‘am
1519 3931 1700 3985 locabit
1743 3934 1856 3989 aliis
1892 3938 2149 4006 agricolis,
2198 3941 2284 4008 qui
2372 3945 2376 3948 ’

781 4019 987 4071 reddent
1025 4019 1068 4071 ei
1110 4023 1302 4090 fructus
1352 4024 1655 4092 temporibus
1699 4027 1824 4080 suis.
1873 4027 1961 4082 49..
2004 4027 2140 4084 Dicit
2183 4033 2284 4086 illis

780 4109 930 4164 Jesus
958 4127 976 4164 :
1009 4110 1306 4183 Numquam
1353 4115 1542 4185 legistis
1584 4117 1637 4170 iu
1682 4117 1998 4188 Scripturis,
2039 4121 2286 4194 Lapidem

780 4220 925 4274 quem
969 4206 1358 4270 reprobarerunt
1403 4208 1729 4276 aediﬁcantes,
1782 4213 1863 4266 hic
1917 4218 2079 4285 [actus
2124 4228 2197 4271 est
2234 4219 2287 4273 in

784 4303 935 4357 caput
973 4295 1148 4366 anguli
1175 4294 1344 4366 (Psal.
1380 4299 1499 4352 H7.
1523 4298 1652 4369 22)?

783 4386 835 4439 l.
880 4385 1036 4440 Multa
1061 4401 1154 4454 per
1181 4387 1317 4442 hanc
1345 4389 1648 4458 parabolam
1671 4393 2006 4451 subindicat:
2039 4398 2134 4454 Dei
2160 4415 2286 4471 pro-

711 4477 1017 4542 videntiam,
1049 4494 1149 4548 qua
1181 4493 1393 4550 semper
1424 4482 1526 4538 illis
1553 4484 1740 4551 adluit,
1773 4491 2170 4559 sanguinarium
2196 4511 2288 4549 eo-

713 4585 828 4624 rum
843 4583 871 4621 a
895 4569 1149 4638 principio
1164 4572 1418 4639 animum,
1441 4574 1675 4646 nihilque
1694 4583 2107 4647 prtetermissum
2127 4584 2286 4643 luisse

713 4657 854 4726 quod
902 4657 967 4712 ad
1009 4673 1190 4713 curam
1236 4677 1418 4718 eorum
1459 4667 1747 4734 gerendam
1789 4672 2099 4740 pertineret,
2144 4677 2284 4745 quod

716 4747 988 4816 prophetis
1033 4749 1222 4803 occisis
1261 4765 1364 4806 non
1411 4768 1632 4810 aversus
1677 4757 1744 4811 ab
1789 4759 1892 4816 illis
1920 4760 2080 4817 fuerit
2127 4764 2282 4833 Deus,

714 4839 805 4893 sed
845 4847 898 4893 et
942 4839 1132 4894 Filium
1163 4857 1315 4896 suum
1349 4846 1588 4910 miserit;
1619 4849 1759 4918 quod
1801 4849 1933 4906 Novi
1978 4862 2032 4908 et
2075 4854 2286 4914 Veteris

716 4927 1039 4987 Testamenti
1071 4948 1205 4988 unus
1244 4943 1299 4990 et
1329 4935 1466 4992 idem
1508 4939 1577 4993 sit
1603 4940 1744 4995 Deus
1771 4959 1784 5006 ;
1815 4944 1956 5012 quod
1996 4962 2141 5002 mors
2166 4951 2282 5018 ejus

718 5038 904 5094 magna
953 5035 1167 5094 operata
1215 5027 1312 5094 sit;
1359 5029 1499 5098 quod
1541 5041 1805 5088 extremas
1832 5049 2016 5103 positas
2059 5039 2185 5095 dent
2213 5042 2280 5096 ob

715 5130 926 5170 erucem
954 5125 1009 5170 et
1047 5114 1250 5188 facinus
1279 5134 1433 5175 suum
1461 5139 1475 5175 :
1499 5124 1732 5192 gentium
1775 5129 2198 5200 conversionem,
2229 5142 2285 5188 et

713 5205 1013 5263 Judazorum
1042 5208 1272 5278 lapsum.
1309 5209 1434 5266 Ideo
1471 5213 1630 5281 igitur
1657 5216 1793 5272 hanc
1828 5220 2134 5287 parabolam
2167 5235 2284 5292 post

716 5300 1099 5368 princedentem
1133 5303 1326 5371 posuit,
1362 5312 1418 5357 ut
1447 5314 1499 5359 et
1524 5306 1693 5377 majus
1723 5311 1924 5365 crimen
1954 5315 2279 5382 ostenderet,

715 5390 854 5460 quod
900 5389 1098 5445 nullam
1126 5395 1336 5449 veniam
1382 5408 1697 5455 mereretur.
1746 5400 1862 5468 Quo
1892 5402 2049 5458 modo
2087 5416 2138 5461 et
2179 5425 2281 5479 qua

716 5481 957 5538 ratione?
983 5483 1115 5548 Quia
1147 5494 1342 5539 tantam
1382 5489 1518 5542 nacti
1548 5489 1638 5545 Dei
1668 5492 2074 5564 providentiam,
2105 5512 2133 5551 a
2171 5515 2279 5555 me

716 5571 991 5629 :etricibus
1016 5582 1069 5628 et
1096 5573 1388 5643 publicanis
1412 5577 1556 5646 victi,
1582 5580 1735 5652 longe
1761 5596 1905 5637 retro
1940 5585 2104 5641 relicti
2136 5602 2277 5645 sunt.

720 5661 990 5731 Perpende
1028 5674 1205 5720 autem
1249 5673 1304 5720 et
1343 5658 1458 5737 ejus
1489 5684 1730 5740 magnam
1776 5675 2178 5746 providentiam,
2230 5691 2283 5736 et

721 5752 922 5811 illarum
957 5746 1316 5814 incredibilem
1349 5756 1707 5832 supinitatcut.
1752 5764 1880 5821 Nam
1915 5784 2031 5840 qua:
2073 5774 2279 5843 agrico-

2385 2390 2554 2446 larum
2582 2403 2760 2457 erant,
2787 2394 2899 2464 ipse
2930 2393 3049 2449 fecit
3082 2412 3095 2448 :
3133 2398 3418 2452 maceriam
3449 2398 3854 2468 circumposuit,
3889 2403 3969 2456 vi-

2382 2500 2535 2539 neam
2564 2485 2839 2555 plantavit,
2881 2487 3080 2557 reliqua
3112 2488 3286 2542 omnia
3329 2490 3613 2557 prmstitit;
3659 2500 3713 2545 et
3741 2507 3965 2562 parvum

2384 2576 2507 2646 quid
2541 2578 2670 2646 ipsis
2701 2578 2932 2647 reliquit,
2961 2588 3017 2633 ut
3043 2596 3129 2634 res
3157 2580 3275 2634 illas
3305 2593 3574 2647 curarent,
3607 2592 3662 2638 et
3688 2601 3805 2654 quae
3840 2585 3965 2640 data

2382 2664 2588 2720 fuerant
2612 2678 3010 2722 conservarent.
3031 2667 3170 2723 Nihil
3191 2670 3333 2725 enim
3357 2673 3611 2726 omissum
3638 2673 3808 2728 fuerat
3829 2692 3846 2741 ;
3871 2677 3967 2730 sed

2385 2760 2560 2812 omnia
2601 2759 2833 2828 perlecta
2880 2771 3029 2815 erant
3061 2781 3073 2815 :
3111 2761 3238 2816 nihil
3280 2772 3454 2818 tamen
3498 2764 3601 2818 illis
3642 2766 3764 2820 inde
3807 2767 3967 2835 lucri,

2383 2849 2507 2904 licet
2535 2851 2660 2920 ipsis
2689 2859 2830 2905 tanta
2859 2853 3174 2908 contulisset
3194 2853 3352 2909 bona.
3376 2854 3508 2911 Nam
3538 2866 3659 2926 post
3688 2872 3969 2927 egressum

2386 2956 2449 2995 ex
2482 2941 2714 3014 Egypto
2753 2944 2921 3013 legem
2968 2944 3136 3011 dedit,
3177 2945 3362 3001 urbem
3402 2948 3659 3012 condidit,
3707 2949 3968 3020 templum

2383 3035 2697 3100 Construxit,
2727 3050 2871 3088 aram
2908 3037 3095 3091 erexit.
3127 3035 3195 3090 Et
3227 3055 3433 3109 peregre
3469 3040 3722 3110 profectus
3767 3054 3883 3104 est;
3913 3042 3968 3096 id

2386 3134 2486 3186 est,
2516 3127 2668 3196 longa
2702 3141 2829 3180 usus
2869 3137 2949 3182 est
2977 3128 3248 3198 patientia,
3276 3145 3396 3185 cum
3437 3146 3542 3186 non
3587 3147 3802 3204 semper
3843 3149 3969 3204 per-

2385 3217 2628 3272 cautibus
2678 3221 2856 3274 statim
2903 3221 3159 3291 supplicia
3207 3222 3441 3278 inferat:
3483 3228 3968 3296 peregrinationem

2385 3308 2578 3378 quippe
2628 3309 2838 3380 longam
2884 3311 3218 3367 tolerantiam
3273 3325 3444 3369 vocat.
3506 3317 3570 3370 Et
3618 3319 3752 3372 misit
3799 3335 3969 3374 servos

2388 3414 2533 3464 suos,
2572 3400 2673 3454 hoc
2711 3408 2829 3463 est,
2877 3404 3195 3473 prophetas;
3241 3416 3301 3460 ut
3345 3405 3571 3462 fructum
3622 3411 3967 3480 acciperent,

2391 3490 2443 3545 id
2488 3501 2589 3556 est,
2638 3491 2997 3549 obedientiam
3043 3511 3137 3564 per
3191 3512 3351 3567 opera
3399 3498 3841 3558 demonstratam.
3889 3503 3971 3560 llli

2388 3597 2517 3638 vero
2563 3582 2647 3638 hic
2688 3585 2846 3640 etiam
2891 3589 3179 3657 nequitiam
3229 3606 3377 3646 suam
3436 3593 3812 3662 exhibueruut,
3859 3612 3970 3652 non

2389 3674 2549 3730 modo
2584 3676 2722 3746 quod
2750 3687 2867 3746 post
2889 3686 3088 3733 tantam
3128 3696 3310 3736 curam
3352 3683 3579 3739 fructum
3618 3703 3722 3741 non
3754 3691 3970 3757 darent,

2387 3765 2528 3835 quod
2570 3767 2942 3838 negligentiam
2972 3787 3080 3840 pra:
3117 3787 3175 3828 se
3216 3773 3478 3840 ferebant,
3510 3776 3604 3832 sed
3634 3779 3794 3834 etiam
3824 3783 3970 3850 quod

2390 3857 2508 3912 illos
2545 3861 2821 3915 venientes
2852 3861 3066 3933 indigne
3109 3865 3330 3921 ferrent.
3378 3867 3511 3922 Nam
3556 3872 3646 3941 qui
3677 3873 3969 3942 debebant,

2387 3963 2485 4002 nec
2533 3948 2756 4005 reddere
2805 3961 3070 4022 poterant,
3123 3972 3228 4011 non
3283 3959 3551 4030 indignari
3603 3979 3773 4035 neque
3825 3981 3973 4039 agre

2387 4037 2525 4094 ferre
2555 4041 2855 4109 Oportebat,
2880 4045 2972 4100 sed
2997 4060 3202 4116 rogare.
3234 4047 3309 4104 llli
3339 4066 3465 4107 vero
3486 4069 3592 4110 non
3622 4037 3976 4130 indignaban-

2390 4137 2475 4183 tur
2520 4131 2699 4199 modo,
2750 4135 2843 4189 sed
2898 4151 3084 4193 manus
3126 4142 3384 4211 sanguine
3422 4147 3734 4215 replebant,
3781 4163 3836 4208 et
3879 4157 3973 4226 qui

2390 4235 2573 4290 pmnas
2593 4223 2720 4279 dare
2747 4225 3031 4292 debebant,
3063 4245 3248 4300 pmnas
3278 4239 3623 4306 expetebant.
3660 4223 3975 4315 Ideoque'et

2387 4315 2650 4370 secundos
2691 4327 2743 4371 et
2776 4320 2959 4376 tertios
2997 4321 3162 4386 misit,
3196 4334 3252 4379 ut
3280 4329 3652 4388 ostenderetur
3677 4345 3730 4391 et
3756 4337 3974 4394 illorum

2389 4409 2620 4476 nequitia
2661 4419 2713 4464 et
2754 4411 3012 4470 mittentis
3047 4415 3368 4489 benignitas.
3412 4422 3479 4478 Et
3520 4441 3616 4482 cur
3657 4444 3761 4483 non
3803 4430 3976 4490 lilium

2389 4497 2567 4551 statim
2600 4499 2787 4554 misit?
2828 4501 2898 4558 Ut
2939 4519 3004 4559 ex
3050 4507 3204 4563 malis
3237 4525 3355 4577 qum
3402 4513 3453 4568 in
3495 4513 3614 4571 illos
3657 4519 3972 4590 intulerunt,

2387 4600 2506 4641 sese
2531 4586 2846 4646 damuantes
2896 4593 3134 4664 iramque
3173 4605 3522 4667 remittentes.
3556 4606 3704 4664 illum
3745 4586 3976 4668 venien;

2389 4687 2492 4732 tem
2520 4691 2846 4737 vererentur.
2879 4683 3161 4741 Possemus
3185 4691 3313 4746 alias
3343 4695 3724 4766 explicationes
3748 4703 3975 4771 addere,

2388 4768 2480 4822 sed
2511 4770 2576 4824 ad
2602 4775 2876 4839 sequentia
2911 4791 3208 4845 pergamus.
3233 4782 3367 4849 Quid
3388 4785 3488 4840 sibi
3510 4789 3621 4842 vult
3643 4789 3790 4855 illttd.
3816 4768 3977 4852 Forte

2388 4861 2784 4916 reverebantur?
2815 4864 2928 4921 Non
2957 4866 3248 4937 ignorantis
3283 4883 3384 4938 est,
3415 4879 3572 4942 absit,
3617 4883 3708 4938 sed
3742 4887 3978 4945 volentis

2388 4951 2671 5007 ostendere
2705 4965 2958 5024 quantum
2990 4974 3268 5029 peccatum
3294 4977 3455 5033 esset,
3485 4979 3538 5025 et
3565 4976 3707 5029 omni
3740 4993 3973 5035 excusa-

2390 5040 2532 5096 tione
2576 5058 2819 5101 vacuum.
2861 5047 2990 5103 Cum
3036 5055 3198 5109 sciret
3239 5058 3380 5113 enim
3434 5063 3780 5121 occidendum
3833 5070 3972 5140 lore,

2388 5134 2530 5187 misit
2556 5143 2750 5192 tamen.
2781 5139 2910 5195 Illud
2939 5154 3137 5212 autem,
3172 5147 3545 5208 Reverebuntur
3569 5159 3734 5224 filium
3779 5134 3970 5233 meum,

2388 5226 2526 5293 quod
2556 5227 2728 5284 facere
2754 5229 3017 5288 debebant
3057 5242 3294 5295 enuntiat
3320 5263 3332 5296 :
3363 5246 3482 5314 quia
3511 5253 3790 5318 oportebat
3820 5226 3969 5316 certe

2389 5315 2782 5412 il‘los‘mvercri.
2812 5321 3084 5394 Siquidem
3112 5339 3166 5383 et
3186 5333 3308 5387 alibi
3337 5335 3506 5393 dicit:
3539 5315 3600 5397 Si
3623 5347 3754 5412 forte
3789 5315 3972 5404 auare.

2387 5408 2487 5460 rint
2508 5407 2717 5477 (Ezech.
2753 5413 2802 5466 2.
2828 5415 2882 5483 5)
2910 5435 2923 5470 :
2956 5434 3127 5489 neque
3152 5421 3256 5480 illic
3286 5426 3575 5497 ignorabat,
3609 5407 3702 5490 sed
3725 5453 3793 5494 ne
3816 5441 3972 5498 dicc-

2389 5511 2506 5554 reut
2536 5505 2747 5572 quidam
2792 5507 3037 5578 improbi,
3069 5516 3463 5584 praedicuouem
3498 5524 3659 5584 luisse
3699 5547 3807 5588 non
3838 5535 3974 5593 obe~

2388 5591 2561 5648 diemli
2594 5602 2946 5656 necessariam
2973 5620 3208 5673 causam,
3243 5611 3361 5668 ideo
3399 5616 3476 5672 sic
3511 5619 3649 5676 dicta
3679 5591 3966 5696 temperat,

2390 5685 2451 5741 Si
2481 5691 2609 5756 forte
2635 5692 2842 5760 dicens,
2886 5706 2938 5750 et
2965 5697 3219 5756 Fortasse.
3252 5704 3379 5762 Nam
3405 5711 3448 5763 si
3483 5713 3623 5768 circa
3651 5685 3838 5774 servos
3873 5685 3976 5778 im:-

2394 5782 2539 5849 probi
2564 5781 2795 5851 luerunt,
2829 5786 2919 5844 lilii
2951 5791 3256 5859 dignitatem
3287 5804 3517 5858 revereri
3542 5809 3795 5877 oportuit.
3826 5814 3970 5882 Quid
