4186 6518
237 459 324 514 «ιιι
1143 441 1206 499 |.\'
1240 437 1651 498 MATTIIAﬂL‘M
1690 432 1923 492 HOMIL.
1968 429 2194 486 LXVI".
2237 431 2310 484 al.
2353 427 2540 484 LXIX.

236 585 363 640 ergo
392 567 525 624 isti?
547 565 684 622 Cum
712 575 997 619 accurrere
1023 557 1376 629 oportuisset,
1402 555 1724 623 veniamque
1747 553 1814 606 de

193 679 200 684 ·
237 662 466 732 peccatis
484 669 687 731 petere,
710 655 892 727 priora
919 667 1181 722 superare
1203 655 1542 711 concertant,
1571 655 1623 700 et
1644 643 1816 700 scele-

3402 428 3509 487 ϐιιέ

1910 545 2036 605 rint,
2061 557 2224 597 unum
2263 557 2382 598 esse
2409 540 2637 608 futuros,
2683 539 2925 611 quamvis
2969 547 3115 596 tanto
3146 538 3296 611 prius
3340 539 3510 596 inter-

1910 637 2054 691 vallo
2081 635 2364 700 distarent.
2407 632 2609 688 Deinde
2640 641 2698 687 ut
2725 632 3032 690 ediscerent
3072 630 3207 687 nihil
3227 642 3507 703 gestorum

240 723 294 810 ra
326 723 623 811 sceleribus
655 723 877 804 vincere
900 787 915 814 ,
950 745 1129 816 priora
1171 757 1386 810 semper
1422 737 1817 809 posterioribus
1907 741 2027 782 esse
2052 728 2160 782 Deo
2184 725 2496 790 adversum,
2527 723 2622 780 sed
2647 724 2803 780 valde
2831 733 3114 795 acceptum
3147 733 3308 796 atque
3339 724 3507 779 mira-

227 855 546 916 obruentes;
582 846 728 919 quod
751 852 803 899 et
833 845 951 914 ipse
966 841 1253 896 declarans
1276 838 1353 890 ait
1374 855 1388 890 :
1411 833 1632 902 Implete
1658 845 1802 883 men-

232 960 404 998 suram
435 951 646 1010 patrum
677 946 966 992 vestrorum
999 929 1215 1002 (Matth.
1246 928 1336 983 25.
1361 922 1482 997 ‘52).
1516 922 1635 979 Jam
1672 920 1805 976 olim

227 1036 366 1090 enim
402 1032 686 1102 propheta:
727 1029 795 1084 de
841 1028 926 1082 bis
973 1026 1094 1080 illos
1141 1019 1474 1077 accusabant
1507 1016 1752 1070 dicentes
1790 1025 1805 1064 :

239 1125 424 1178 Alanus
465 1131 651 1176 restria
682 1121 850 1189 plena:
878 1127 998 1171 sunt
1029 1115 1286 1185 sanguine
1323 1110 1480 1182 (Isai.
1516 1109 1568 1163 Ι.
1601 1106 1724 1173 15);
1756 1108 1815 1156 ιιι

233 1210 552 1282 Sanguinem
589 1209 838 1280 sanguini
870 1208 1089 1280 miscent
1115 1202 1274 1275 (Osce
1302 1203 1356 1256 4.
1388 1200 1467 1273 2);
1498 1207 1573 1264 et,
1609 1193 1812 1264 Addi/i-

221 1310 360 1353 nmte
389 1299 516 1354 Sion
545 1299 600 1352 iis
630 1296 958 1368 sang‘uinibus
985 1294 1171 1366 (Mich.
1205 1293 1258 1348 5.
1293 1291 1404 1362 i0),
1447 1288 1555 1345 Sed
1586 1303 1690 1341 non
1718 1301 1800 1340 re-

220 1391 561 1462 sipiscebant,
606 1390 707 1444 etsi
754 1388 857 1443 hoc
904 1385 1208 1440 mandatum
1259 1382 1626 1452 accepissent,
1679 1376 1801 1432 Non

220 1483 430 1545 occides,
461 1489 515 1535 et
555 1495 584 1534 a
616 1479 884 1534 sexcentis
909 1477 1027 1531 aliis
1051 1475 1372 1545 iuberentur
1417 1471 1711 1536 abstinere,
1739 1481 1802 1522 ac

221 1568 458 1640 νει-1100,
501 1585 699 1640 perque
725 1568 827 1622 alia
862 1568 1026 1622 multa
1055 1553 1132 1620 ad
1171 1563 1602 1620 observationem
1646 1560 1804 1629 hujus

225 1661 472 1732 prmcepti
503 1661 901 1717 inducerentur.
944 1661 1193 1712 Attamen
1238 1655 1375 1709 hanc
1417 1648 1633 1723 pravam
1677 1666 1807 1705 con-

225 1754 552 1809 suetudinem
583 1768 686 1807 non
714 1752 1096 1821 deposuerunt.
1125 1749 1231 1805 Sed
1263 1747 1388 1818 quid
1410 1747 1594 1800 dicunt
1625 1743 1808 1796 viden-

227 1855 300 1901 tes
328 1844 486 1898 eum?
520 1843 695 1898 Venite
723 1845 1010 1897 occidamus
1035 1857 1170 1895 eum.
1194 1839 1309 1906 Qua
1350 1838 1416 1893 de
1456 1834 1654 1891 causa?
1681 1833 1806 1903 quid

224 1945 312 1990 aut
335 1951 555 2007 parvum
579 1944 671 1989 aut
698 1948 950 2004 magnum
977 1931 1246 1988 criminari
1278 1928 1542 2000 potestis?
1570 1941 1638 1980 an
1665 1924 1806 1995 quod

227 2042 316 2082 vos
348 2027 710 2092 honoraverit,
755 2041 816 2080 ac
860 2026 998 2080 Deus
1026 2038 1146 2079 cum
1195 2032 1357 2087 esset,
1387 2021 1550 2074 homo
1591 2028 1810 2088 propter

227 2133 317 2174 vos
357 2118 527 2174 factus
569 2115 659 2183 sit,
691 2117 1078 2186 innumeraque
1109 2114 1196 2168 illa
1243 2112 1473 2168 ediderit
1515 2109 1811 2165 miracula?

227 2224 291 2263 an
316 2211 456 2280 quod
491 2217 706 2279 peccata
752 2206 1038 2270 dimiserit,
1071 2205 1155 2260 vel
1199 2203 1266 2259 ad
1307 2218 1530 2274 regnum
1569 2200 1811 2256 vocarit?

226 2299 356 2358 Vide
381 2316 503 2356 cum
536 2301 810 2370 impietate
834 2298 1178 2369 canjunctam
1204 2296 1532 2352 dementiam
1565 2295 1812 2359 multam,

223 2402 277 2448 ct
302 2392 448 2448 necis
467 2406 682 2447 cattsam
715 2390 920 2444 insania
949 2389 1180 2458 plenam.
1212 2385 1518 2442 Occiduntus
1556 2401 1689 2449 cuiu,
1732 2384 1809 2438 in-

223 2483 431 2554 quiunt,
478 2493 522 2536 et
552 2490 726 2535 nostra
755 2481 849 2534 erit
888 2478 1142 2534 hereditas
1173 2476 1321 2550 (Luc.
1351 2475 1441 2532 9.0.
1474 2477 1587 2546 14).
1631 2474 1698 2528 Ει
1725 2473 1811 2528 υι›ι

225 2575 470 2631 occidere
499 2571 830 2629 deliberant?
858 2571 1021 2627 Extra
1053 2572 1284 2626 vineam.

287 2665 346 2721 2.
393 2665 638 2721 Vidistin‘
680 2663 948 2736 quomodo
975 2663 1138 2735 etiam
1174 2662 1353 2716 locum
1377 2659 1679 2740 (prophetet
1724 2657 1813 2713 ubi

222 2758 536 2813 mactandos
574 2766 709 2813 erat.
755 2755 822 2810 Et
849 2756 1102 2826 ejicientes
1128 2754 1416 2808 occiderunt
1441 2752 1600 2826 (Ibid.
1631 2769 1677 2806 ιι.
1706 2751 1815 2806 16-

229 2851 336 2921 48).
363 2850 536 2906 Lucas
565 2850 779 2921 quidem
814 2849 889 2903 ait
912 2849 1084 2919 ipsum
1113 2848 1502 2903 determinasse
1529 2846 1655 2917 quid
1694 2846 1815 2901 illos

221 2943 332 3012 pati
374 2950 665 3012 oporteret,
712 2942 961 3012 ipsosque
1001 2940 1223 3005 dixisse,
1255 2941 1433 3004 Absit;
1480 2949 1534 2995 et
1575 2941 1815 2995 testimo-

224 3033 369 3087 nium
409 3033 702 3087 induxisse.
733 3029 864 3086 Illos
901 3032 1045 3087 enim
1071 3033 1280 3086 intuitus
1320 3033 1446 3085 dixit
1473 3047 1492 3085 :
1523 3031 1658 3100 Quid
1695 3046 1815 3102 ergo

219 3134 297 3178 est
341 3124 479 3195 quod
515 3125 760 3195 scriptum
797 3133 893 3190 est,
935 3121 1183 3193 Lapidem
1224 3139 1371 3195 quem
1421 3125 1814 3193 reprobaverunt

218 3217 556 3286 odiﬁcantes,
599 3218 680 3270 hic
710 3221 873 3288 [actus
902 3217 1052 3272 estin
1088 3228 1239 3287 caput
1274 3217 1452 3288 anguli
1487 3215 1656 3286 (Psal.
1688 3217 1812 3272 H7.

221 3307 357 3378 θυι
395 3310 482 3375 Et,
514 3309 825 3378 Quicumque
851 3308 1082 3362 ceciderit
1109 3325 1262 3378 super
1281 3325 1412 3374 eum,
1445 3311 1812 3380 confringetur.

223 3397 507 3454 llatthznus
531 3414 660 3454 vero
683 3397 815 3454 dicit
850 3399 969 3454 illos
1014 3399 1301 3469 protulisse
1338 3401 1682 3455 sententiain.
1713 3398 1816 3455 Ve-

221 3507 344 3548 rum
380 3509 488 3547 non
516 3501 775 3562 repugnat
819 3507 938 3546 cum
981 3492 1108 3546 alio.
1143 3490 1268 3547 llsec
1307 3493 1450 3547 enim
1490 3494 1648 3548 ambo
1676 3493 1815 3548 facta

219 3591 368 3648 sunt,
401 3584 610 3655 ipsique
644 3583 962 3638 sententiam
1001 3582 1239 3638 tulerunt
1263 3594 1449 3637 contra
1492 3584 1717 3654 seipsos.
1752 3598 1817 3638 ac

222 3690 411 3730 rursus
440 3690 562 3731 cum
593 3674 854 3730 dictorum
882 3673 989 3729 vim
1017 3674 1336 3741 sensissent,
1364 3674 1634 3739 dixerunt,
1652 3674 1812 3729 Absit.

219 3763 548 3838 I‘rophetam
587 3777 764 3823 autem
809 3768 938 3838 ipsis
976 3769 1246 3838 opposuit,
1295 3777 1350 3823 ut
1389 3767 1657 3836 suaderet,
1700 3785 1813 3824 rem

221 3873 448 3926 prorsus
476 3873 598 3915 esse
627 3859 877 3914 futuram.
910 3862 1161 3916 Attamen
1201 3860 1538 3917 vocationem
1577 3863 1815 3931 gentium

223 3966 291 4005 ne
318 3950 575 4020 carpendi
615 3964 829 4004 causam
863 3950 1140 4016 haberent,
1177 3967 1281 4007 non
1323 3963 1507 4022 aperte
1534 3951 1688 4017 dixit,
1719 3953 1814 4007 sed

218 4041 578 4096 subindicavit
593 4051 796 4096 tantum
815 4041 1021 4108 dicens,
1039 4043 1191 4098 Dabit
1213 4045 1328 4098 aliis
1345 4048 1537 4098 vineam
1555 4044 1705 4116 (Luc.
1719 4043 1812 4101 20.

222 4135 333 4206 46).
366 4133 496 4190 Ideo
523 4143 670 4190 certe
702 4133 800 4190 hac
823 4135 1072 4205 parabola
1100 4151 1226 4191 usus
1250 4147 1352 4201 est,
1382 4146 1441 4192 ut
1470 4137 1568 4208 ipsi
1597 4146 1818 4193 senten-

226 4227 347 4281 tiam
382 4226 618 4283 ferrent.
656 4225 816 4294 Quod
873 4228 923 4280 in
975 4227 1168 4282 Davide
1212 4245 1422 4300 quoque
1469 4230 1663 4286 factum
1708 4241 1812 4296 est,

216 4317 441 4388 quando
485 4317 555 4372 de
598 4317 859 4386 parabola
909 4317 1133 4373 Nathani
1186 4323 1504 4376 sententiam
1551 4323 1691 4378 tulit.
1734 4323 1814 4378 Tu

221 4424 352 4464 vero
384 4408 529 4464 mihi
568 4407 693 4463 hine
729 4408 1006 4463 considera
1033 4425 1190 4480 quant
1227 4410 1367 4480 justa
1413 4413 1483 4468 sit
1525 4415 1811 4479 sententia,

220 4500 435 4569 quando
480 4499 536 4560 ii,
566 4500 656 4570 qni
688 4499 937 4568 puniendi
966 4509 1111 4569 sunt,
1143 4501 1238 4570 ipsi
1270 4517 1387 4558 sese
1431 4504 1810 4563 condemnant.

227 4589 427 4646 Deinde
458 4590 796 4645 utdiscerent
823 4607 926 4646 non
949 4593 1118 4645 solum
1153 4592 1202 4646 id
1231 4593 1489 4662 justitiam
1511 4597 1810 4665 requirere,

221 4680 315 4736 sed
365 4682 534 4737 etiam
579 4681 688 4748 jam
737 4681 863 4735 olim
912 4683 962 4736 id
1003 4681 1258 4754 Spiritum
1303 4687 1698 4754 pronuntiasse,
1759 4698 1814 4744 et

226 4769 397 4826 Deam
427 4772 600 4841 ipsum
629 4773 947 4827 sententiam
982 4777 1188 4842 tulisse,
1223 4777 1552 4847 prophetiam
1582 4778 1806 4846 induxit,

222 4863 450 4934 illosque
499 4864 793 4932 increpavit
837 4864 1044 4928 dicens,
1090 4866 1384 4940 Numquam
1414 4869 1622 4940 legistis,
1655 4871 1810 4942 Lupi:

220 4956 330 5008 dein
375 4971 524 5024 quem
550 4955 940 5023 reprobaverunt
975 4958 1302 5026 cediﬁcantes,
1341 4963 1419 5014 hic
1459 4967 1623 5031 {actus
1663 4965 1811 5019 estin

219 5057 368 5112 caput
398 5045 624 5116 anguli?
654 5048 697 5100 Α
740 5047 957 5103 Domino
986 5054 1177 5121 factum
1202 5063 1273 5104 est
1299 5053 1452 5116 istud,
1484 5065 1530 5108 et
1556 5066 1626 5110 est
1656 5058 1812 5110 mira-

221 5138 314 5192 bile
347 5141 402 5194 in
431 5141 597 5195 oculis
620 5142 806 5195 nostris
827 5157 847 5196 :
877 5142 959 5197 his
988 5144 1236 5198 omnibus
1262 5147 1570 5209 ostendens,
1595 5148 1810 5205 Jutlmos

220 5231 276 5276 ut
305 5223 619 5280 incredulos
661 5225 1008 5294 abjiciendos,
1056 5239 1242 5297 gentes
1271 5238 1449 5285 autem
1484 5233 1811 5289 inducendas

220 5330 358 5372 esse.
391 5317 446 5370 Id
476 5317 639 5371 etiam
681 5334 774 5385 per
799 5318 1174 5384 Chananseam,
1219 5321 1267 5374 id
1298 5337 1390 5391 per
1418 5324 1622 5380 asinum
1645 5328 1684 5388 ',
1716 5343 1810 5396 per

220 5409 616 5471 centurionem,
639 5423 841 5479 perque
872 5411 1064 5468 multas
1085 5413 1219 5469 alias
1253 5415 1534 5483 Parabolas
1559 5419 1806 5476 subindi-

222 5504 376 5560 ravit.
423 5503 540 5558 Hoc
584 5502 744 5577 etiam
795 5519 955 5559 nunc.
992 5504 1113 5560 Ideo
1155 5507 1463 5576 snbjunxit:
1496 5511 1538 5563 Α
1585 5510 1807 5570 Domino

223 5588 416 5658 factum
441 5605 514 5678 est
535 5594 691 5656 istud,
719 5604 766 5649 et
802 5607 873 5650 est
900 5599 1128 5652 mirabile
1146 5602 1198 5653 in
1229 5601 1388 5655 oculis
1414 5605 1597 5657 nostris
1621 5621 1639 5658 :
1666 5621 1808 5676 prte-

220 5679 523 5750 signiiicans
546 5686 841 5744 credituras
877 5703 1081 5760 gentes,
1115 5701 1167 5747 ct
1191 5691 1400 5751 Judteos
1430 5697 1518 5767 qui
1566 5699 1808 5757 credidek

279 5877 297 5908 ‘
323 5877 538 5935 Quidam,
562 5897 650 5938 per
676 5887 876 5935 usura-It.

1912 819 2038 883 bile,
2062 818 2204 889 quod
2232 818 2535 874 videntibus
2566 827 2841 886 stuporem
2886 817 3102 872 aﬂ'errct
3142 819 3280 888 (erat
3308 817 3511 888 quippe

1909 911 2224 965 miraculum
2263 907 2574 979 ineﬂiibile,)
2623 908 2898 977 sobjunxit
2941 907 3149 974 dicens,
3192 908 3237 962 Δ
3288 908 3508 962 Domina

1908 1002 2100 1076 factum
2140 1014 2211 1058 est
2261 1003 2420 1059 istud.
2463 1003 2718 1074 Lapidem
2768 1019 2894 1057 vero
2946 1003 3184 1072 seipsum
3230 1015 3405 1071 vocat,
3452 1014 3507 1070 et

1911 1096 2234 1151 aediﬁcantes
2254 1096 2562 1151 Judarorum
2587 1094 2873 1160 doctores;
2902 1093 3044 1164 quod
3072 1094 3233 1148 etiam
3263 1095 3509 1150 Ezechiel

1911 1189 1985 1243 ait
2038 1209 2051 1244 :
2102 1189 2448 1260 zEdi/icantes
2502 1207 2701 1243 murum
2729 1230 2744 1254 ,
2794 1202 2838 1244 et
2893 1191 3134 1244 lintentes
3181 1190 3510 1258 incomposite

1913 1279 2126 1353 (Ezech.
2184 1283 2270 1336 I3.
2315 1281 2428 1351 IO).
2477 1280 2761 1348 Quomodo
2812 1291 2990 1334 autem
3050 1280 3512 1350 reprohaverout?

1911 1372 2043 1426 Cum
2067 1373 2331 1439 dicerent,
2361 1372 2460 1427 Hic
2484 1392 2585 1428 non
2610 1385 2682 1429 est
2704 1391 2766 1428 ea:
2787 1373 2894 1428 Deo
2917 1389 2936 1429 .°
2958 1375 3041 1427 hic
3060 1375 3252 1428 seducit
3279 1374 3510 1440 turbam;

1912 1473 1968 1520 et
2009 1469 2244 1528 rursum,
2285 1466 2644 1522 Samaritanus
2685 1485 2736 1522 es
2791 1480 2866 1533 tu,
2913 1477 2958 1522 et
3003 1468 3310 1522 dcemonium
3359 1469 3514 1521 habes

1914 1556 2093 1626 (Joau.
2128 1559 2177 1611 7.
2217 1558 2299 1612 12.
2330 1571 2373 1611 et
2404 1558 2457 1613 8.
2488 1558 2604 1624 48).
2636 1559 2835 1613 Deinde
2865 1568 2923 1613 ut
2959 1567 3370 1630 cognoscerent,
3405 1573 3510 1613 non

1915 1648 1965 1703 id
1990 1659 2192 1702 tantum
2223 1650 2321 1704 sibi
2352 1650 2532 1704 itrl‘erri
2559 1650 2700 1720 quod
2724 1649 3068 1719 ejiceruntur,
3092 1649 3352 1721 supplicia
3381 1664 3513 1720 quo-

1913 1759 2021 1812 que
2053 1742 2228 1807 alfert,
2261 1743 2445 1798 dicens
2477 1761 2489 1796 :
2526 1744 2616 1799 44.
2651 1742 2828 1798 Omnis
2859 1744 2944 1814 qui
2973 1743 3207 1798 ceciderit
3246 1759 3402 1811 super
3430 1742 3514 1797 lac

1918 1834 2086 1903 pidem
2113 1837 2266 1899 hunc,
2295 1837 2641 1906 confringetur
2669 1852 2687 1890 :
2713 1853 2867 1904 super
2893 1852 3039 1914 quem
3065 1846 3234 1890 autem
3257 1835 3513 1904 ceciderit,

1919 1924 2172 1978 uentilubit
2211 1942 2344 1979 eum.
2397 1926 2535 1980 Duas
2590 1927 2676 1980 hic
2721 1926 2988 1996 pernicies
3038 1936 3300 1992 annotat;
3345 1927 3517 1996 primo

1916 2016 2060 2085 quod
2099 2016 2198 2070 hoc
2226 2017 2356 2086 ipsis
2386 2015 2708 2071 oll’endicnlo
2739 2015 2896 2071 luerit
2925 2035 2939 2070 :
2969 2016 3071 2073 hoc
3097 2027 3179 2073 est
3219 2020 3384 2082 enim,
3417 2018 3517 2084 Qui

1916 2107 2152 2163 ceciderit
2177 2125 2330 2178 super
2353 2108 2578 2180 lapidem
2603 2110 2739 2162 hunc
2762 2124 2781 2172 ;
2812 2110 3050 2166 secundo
3090 2111 3396 2166 subindicat
3423 2127 3518 2166 ex-

1919 2201 2116 2255 cidium
2147 2216 2354 2266 eorum,
2389 2216 2677 2263 :erunmas,
2713 2203 3025 2271 perniciem,
3055 2218 3215 2273 quam
3261 2205 3408 2259 clare
3437 2205 3519 2258 in-

1918 2293 2116 2349 dicavit
2160 2293 2366 2359 dicens,
2415 2291 2688 2348 Ventilabit
2719 2295 2909 2364 ipsum.
2943 2295 3035 2349 llis
3065 2296 3522 2352 resurrectionem

1920 2400 2074 2440 suam
2106 2384 2484 2441 subindicavit.
2530 2384 2796 2456 Propheta
2833 2398 2980 2442 certe
3019 2388 3184 2443 Isaias
3214 2390 3422 2444 vineam
3450 2387 3523 2443 ab

1921 2476 2038 2546 ipso
2058 2488 2363 2531 accusatam
2386 2477 2537 2539 dicit,
2564 2478 2941 2548 principesque
2962 2479 3141 2548 populi
3167 2479 3521 2536 criminatur:

1921 2577 1975 2621 et
2013 2568 2083 2622 ibi
2112 2569 2327 2638 quidem
2378 2569 2472 2635 ait,
2510 2568 2648 2635 Quid
2687 2568 2834 2623 debui
2880 2572 3050 2641 facere
3095 2571 3255 2626 vinea
3294 2589 3438 2640 mere,
3476 2582 3524 2628 et

1921 2675 2022 2712 non
2061 2659 2159 2727 feci
2206 2658 2360 2730 (Isai.
2391 2659 2443 2715 5.
2486 2658 2584 2730 ψ
2628 2660 2753 2714 alibi
2787 2675 2918 2714 vero
2956 2677 2971 2716 :
3016 2661 3154 2729 Quid
3183 2665 3282 2733 feci
3322 2663 3432 2729 tibi,
3477 2675 3524 2717 et

1921 2750 2056 2821 quod
2093 2751 2386 2805 invenerunt
2415 2761 2583 2822 patres
2623 2755 2695 2806 tui
2725 2754 2779 2806 in
2814 2770 2894 2808 me
2917 2753 3157 2814 delictum
3177 2754 3312 2824 (Jer.
3338 2758 3394 2811 2.
3428 2758 3527 2828 δη

1922 2857 1987 2896 ac
2018 2860 2247 2905 rursum,
2282 2842 2484 2914 Popute
2528 2861 2693 2911 meus,
2743 2845 2867 2916 quid
2895 2847 2991 2915 feci
3015 2847 3105 2901 tibi
3120 2848 3147 2902 I
3193 2858 3281 2901 aut
3327 2849 3382 2903 in
3426 2865 3525 2921 quo

1922 2935 2212 2989 contristari
2243 2945 2289 2989 te
2318 2934 2506 3006 (Mich.
2536 2938 2589 2991 6.
2619 2936 2714 3009 3)?
2740 2940 3006 3007 ingratum
3046 2939 3259 2995 illorum
3285 2939 3522 2998 animum

1923 3028 2232 3092 ostendens,
2265 3038 2319 3083 et
2339 3028 2616 3084 beneﬁciis
2642 3028 2887 3096 aﬂ’ectos,
2913 3034 3181 3086 contraria
3210 3032 3523 3102 rependissc

1923 3120 2222 3177 declarans.
2253 3122 2351 3177 llic
2389 3134 2566 3177 autem
2601 3122 2733 3177 illud
2763 3122 3136 3179 vehementius
3158 3126 3522 3194 exprimitur:

1924 3228 2098 3283 neque
2137 3214 2280 3268 enim
2312 3214 2426 3283 ipse
2449 3213 2601 3280 dicit,
2653 3213 2792 3280 Quid
2838 3215 3104 3284 oportebat
3148 3233 3230 3269 me
3255 3219 3444 3287 facere,
3477 3228 3526 3270 et

1923 3324 2024 3362 non
2052 3309 2146 3379 feci
2169 3307 2194 3361 2
2214 3307 2307 3362 sed
2334 3308 2452 3362 illos
2485 3306 2685 3364 inducit
2715 3307 3040 3363 sententiam
3060 3307 3322 3373 dicentes,
3350 3310 3523 3380 ipsum

1923 3400 2142 3470 quidem
2171 3399 2300 3455 nihil
2333 3399 2616 3469 reliquisse
2661 3401 3091 3470 pronuntiantes,
3125 3411 3288 3472 atque
3315 3403 3524 3471 seipsos

1924 3489 2368 3544 condemnantes.
2403 3488 2536 3546 Nam
2573 3505 2695 3546 cum
2725 3490 2931 3554 dicunt,
2957 3489 3127 3545 Malos
3165 3494 3299 3547 male
3325 3493 3522 3565 perdet,

1926 3591 1970 3637 et
1996 3583 2191 3636 vineam
2216 3599 2360 3637 suam
2391 3583 2575 3637 locabit
2606 3584 2724 3637 aliis
2766 3585 3026 3656 agricolis,
3072 3586 3201 3640 nihil
3235 3587 3378 3642 aliud
3420 3589 3522 3645 sibi

1926 3673 2134 3740 volunt,
2164 3683 2218 3729 et
2246 3689 2366 3728 cum
2394 3689 2583 3744 magna
2617 3675 2857 3745 emphasi
2886 3679 3206 3732 sententiam
3238 3677 3434 3734 lerunt.
3469 3680 3523 3734 Id

1923 3764 2229 3833 Stephanus
2252 3779 2466 3835 quoque
2491 3766 2620 3834 ipsis
2657 3767 3024 3836 esprobrarit,
3057 3780 3110 3823 et
3139 3769 3260 3824 illos
3288 3771 3525 3826 maxime

1925 3854 2208 3910 mordebat
2228 3854 2363 3928 (Act.
2397 3855 2452 3911 6.
2478 3866 2525 3910 et
2551 3857 2630 3924 7),
2660 3857 2802 3927 quod
2831 3874 3020 3930 magna
3057 3860 3147 3916 Dei
3187 3863 3525 3932 μοι-Μοιιώ

1925 3962 2139 4016 semper
2164 3948 2388 4018 dignati,
2432 3948 2759 4005 benefactori
2801 3953 3067 4007 contraria
3118 3953 3518 4024 rependerent;

1926 4039 2068 4111 quod
2097 4057 2347 4120 magnum
2387 4043 2596 4113 signum
2624 4053 2759 4110 erat,
2792 4060 2897 4099 non
2930 4048 3264 4116 punientem,
3296 4047 3391 4103 sed
3425 4031 3522 4105 eos

1926 4131 2017 4202 qui
2050 4132 2428 4202 puniebantur,
2462 4149 2680 4190 causam
2723 4138 2968 4206 supplicii
3014 4155 3156 4195 esse.
3203 4140 3315 4194 Hoc
3347 4142 3524 4209 ipsum

1927 4222 2014 4277 hic
2052 4234 2382 4279 monstratur
2427 4241 2522 4294 per
2572 4229 2877 4296 parabolant
2921 4241 2976 4284 et
3019 4246 3115 4299 per
3161 4231 3519 4302 prophetiam.

1924 4314 2107 4384 Neque
2134 4316 2276 4371 enim
2309 4317 2437 4370 satis
2469 4317 2652 4371 halmit
2677 4320 2982 4387 parabolam
3013 4322 3233 4386 dixisse,
3270 4322 3362 4377 sed
3394 4340 3522 4393 pro-

1925 4408 2163 4480 phetiam
2194 4409 2460 4478 duplicem
2506 4411 2746 4476 adduxit,
2781 4413 2994 4467 Davidis
3026 4429 3223 4486 nempe
3250 4426 3315 4472 .et
3343 4432 3517 4475 suam.

1924 4502 2058 4571 Quid
2110 4519 2240 4573 ergo
2275 4503 2556 4573 oportebat
2599 4505 2712 4559 lucc
2755 4505 3035 4561 audientes
3079 4507 3300 4563 facere?
3338 4526 3520 4566 annon

1925 4593 2198 4648 adorare?
2236 4609 2415 4647 annon
2466 4593 2717 4648 admirari
2764 4597 3155 4663 providentiam
3199 4601 3432 4668 priorem
3464 4614 3520 4658 et

1925 4688 2275 4755 posteriorem
2301 4685 2323 4738 ?
2351 4685 2404 4738 Si
2433 4694 2610 4739 autem
2639 4701 2702 4740 ex
2735 4686 2880 4740 nullo
2902 4702 3087 4741 eorum
3117 4689 3369 4744 meliores
3396 4691 3520 4748 facti

1922 4787 2066 4839 sunt,
2099 4792 2276 4831 annon
2305 4786 2450 4831 metu
2496 4776 2742 4846 supplicii
2774 4779 3126 4847 sapientiores
3157 4781 3271 4835 ﬁeri
3305 4793 3521 4853 oporte-

1923 4867 2048 4922 bat?
2074 4867 2180 4922 Sed
2210 4883 2314 4921 non
2348 4867 2600 4922 meliores
2628 4865 2754 4923 facti
2797 4878 2943 4923 sunt.
2975 4869 3112 4935 Quid
3145 4886 3308 4940 porro
3337 4876 3518 4944 sequi-

1925 4961 2047 5015 tur?
2082 4961 2172 5015 45.
2219 4959 2343 5013 Cum
2383 4961 2664 5027 audissent,
2714 4959 2907 5026 inquit,
2944 4975 3285 5032 cognoverunt
3311 4967 3430 5035 quia
3456 4970 3520 5023 de

1921 5054 2049 5122 ipsis
2090 5052 2306 5106 dicebat.
2349 5051 2438 5106 46.
2472 5049 2536 5104 Et
2563 5063 2844 5122 querentes
2871 5069 2984 5106 eum
3016 5061 3200 5115 tenere,
3237 5057 3517 5114 timuerunt

1920 5145 2114 5209 turbas,
2140 5144 2380 5212 quoniam
2430 5145 2556 5196 sicut
2597 5143 2897 5212 prophetam
2927 5160 3039 5199 eum
3069 5145 3338 5201 habebant.
3373 5149 3513 5206 Sen-

1920 5246 2108 5291 serunt
2130 5236 2272 5288 enim
2303 5235 2536 5297 tandem,
2571 5236 2711 5304 quod
2743 5236 2887 5305 ipsos
2932 5236 3142 5291 ocmtlte
3174 5248 3401 5296 notaret.
3449 5243 3513 5297 Et

1920 5325 2204 5396 aliquando
2249 5328 2600 5394 interceptus,
2634 5342 2728 5396 per
2770 5327 3003 5381 medium
3045 5329 3256 5384 illorum
3303 5335 3512 5396 transit,

1918 5429 1972 5472 et
2000 5418 2072 5470 illi
2098 5434 2202 5469 non
2235 5418 2455 5482 vident;
2486 5417 2772 5487 aliquando
2799 5435 3143 5488 comparem,
3185 5423 3392 5476 illorum
3422 5424 3514 5477 de—

1918 5515 2174 5568 siderium
2231 5515 2492 5584 reprimit.
2537 5515 2688 5582 Quod
2735 5517 3064 5571 admirantes
3113 5519 3184 5571 illi
3216 5519 3460 5574 dicebant
3499 5540 3510 5574 :

1919 5605 2106 5662 Nonne
2129 5608 2210 5661 hic
2244 5620 2314 5662 est
2340 5607 2369 5660 J
2379 5609 2530 5661 esus?
2562 5608 2693 5662 Ecce
2719 5610 2889 5677 palam
2913 5612 3156 5682 loquitur,
3199 5624 3243 5665 et
3273 5615 3399 5667 nihil
3418 5617 3515 5678 ipsi

1918 5702 2089 5756 dicunt
2115 5699 2294 5774 (Joan.
2329 5703 2379 5755 7.
2411 5700 2501 5755 25.
2535 5702 2652 5772 ‘26).
2697 5703 2792 5758 llic
2819 5720 2971 5770 vero,
3003 5707 3124 5775 quia
3153 5708 3513 5763 multitudinis

1921 5794 2112 5848 timore
2137 5793 2532 5860 detinebantur,
2582 5794 2684 5849 hoc
2714 5797 2846 5852 satis
2880 5795 3084 5865 habuit,
3121 5814 3220 5855 nec
3253 5800 3512 5857 tt‘iiracula

1921 5897 1976 5941 ut
2005 5899 2127 5942 ante
2155 5889 2320 5944 voluit
2346 5888 2528 5949 cdere.
2565 5892 2710 5946 verbi
2743 5892 2912 5962 gratia
2942 5909 3039 5962 per
3067 5893 3299 5950 medium
3323 5908 3510 5949 eorum
