4186 6482
656 421 759 476 685

658 529 1000 593 transeundo,
1028 537 1126 579 nec
1152 535 1208 574 se
1235 515 1546 572 imisibiiem
1581 508 1899 582 praestando.
1931 505 2046 560 Non
2075 502 2213 558 enim

658 625 834 679 omnia
865 633 1023 688 supra
1051 613 1316 668 hominem
1350 607 1522 661 facere
1551 603 1779 665 volebat,
1825 610 1881 654 ut
1915 597 2218 653 crederetur

658 711 970 770 oeconomia.
1002 706 1080 760 llli
1117 712 1288 758 autem
1317 715 1423 754 non
1450 699 1638 751 timore
1671 690 2020 748 multitudinis
2049 700 2200 741 einen

655 805 944 864 dabantur,
994 813 1099 851 nou
1146 795 1214 847 ab
1266 792 1430 861 ipsius
1469 788 1795 843 dictisznon
1844 779 2216 850 prophetarum

659 892 1013 951 testiinonium
1054 885 1453 946 reverebantur,
1499 895 1601 933 non
1644 890 1791 930 suam
1825 874 2058 942 ipsorum
2102 882 2221 921 scn-

656 985 900 1047 tentiam,
940 996 1044 1036 non
1085 978 1366 1032 multorum
1410 968 1902 1026 existimationem:
1939 963 2008 1016 ita
2056 957 2219 1013 semel

653 1079 774 1133 illos
805 1071 1106 1130 dominandi
1151 1065 1409 1134 cupiditas
1453 1070 1506 1115 et
1535 1074 1682 1112 vanze
1723 1057 1906 1126 glorite
1944 1067 2092 1106 amor
2129 1064 2218 1103 oc-

660 1179 904 1230 raecarat,
936 1162 1072 1232 quod
1108 1168 1444 1225 tcmporanea
1474 1159 1791 1222 quaererent.

725 1283 778 1336 3.
798 1276 992 1332 Futura
1016 1268 1336 1342 praesentibus
1351 1264 1700 1336 anteponenda
1720 1275 1853 1318 sunt.
1873 1263 2057 1318 Contra
2081 1266 2221 1318 thea-

657 1372 716 1425 tri
748 1367 1052 1433 spectacula.
1085 1361 1452 1416 Monac/torum
1476 1358 1594 1411 vita.
1649 1354 1901 1409 Exercitio
1929 1358 2220 1410 monastica.

663 1461 877 1517 ——Nihil
924 1457 1062 1513 enim
1105 1455 1175 1509 ita
1224 1451 1444 1520 impellit
1473 1459 1528 1504 et
1567 1447 1888 1515 praecipitem
1928 1445 2053 1510 dat;
2094 1448 2222 1501 nihil

659 1566 764 1607 tam
797 1568 824 1604 a
857 1550 1149 1604 futurorum
1182 1557 1362 1598 amore
1386 1541 1582 1608 dejicit,
1604 1549 1658 1592 ut
1686 1537 2014 1607 ﬂuxisamigi
2044 1539 2222 1604 rebus;

659 1645 786 1699 nihil
819 1646 886 1696 ita
920 1650 970 1694 et
999 1635 1344 1706 praesentibus
1373 1641 1426 1687 et
1456 1631 1643 1684 futuris
1664 1630 1894 1698 jucunde
1912 1634 1984 1684 uti
2019 1632 2221 1698 tribuit,

659 1747 715 1789 ut
740 1735 912 1789 futura
942 1722 1183 1783 omnibus
1211 1734 1552 1792 anteponere.
1583 1722 1670 1775 Ait
1697 1723 1891 1791 quippe
1935 1721 2178 1778 Christus
2210 1742 2225 1778 :

661 1827 880 1893 Quwritc
907 1824 1122 1892 primum
1151 1833 1358 1886 regnum
1381 1813 1493 1874 Dei.
1520 1823 1566 1867 et
1595 1812 1701 1866 hth
1730 1814 1900 1865 omnia
1927 1813 2228 1884 adjiciantur

659 1919 793 1972 vobis
824 1913 1030 1984 (Matth.
1062 1910 1115 1964 6.
1147 1908 1261 1976 33).
1294 1905 1447 1974 Atqui
1488 1904 1690 1957 etiamsi
1725 1903 1836 1957 haec
1869 1903 2096 1972 adjectio
2130 1919 2224 1974 po-

656 2013 754 2064 sita
776 2024 879 2062 non
907 2012 1067 2069 esset,
1093 2017 1194 2055 non
1227 2007 1399 2051 tamen
1431 1995 1542 2048 haec
1563 1993 1847 2048 admodum
1878 1994 2225 2050 desideranda

657 2106 869 2160 essent;
901 2107 1038 2148 nunc
1079 2099 1254 2144 autem
1282 2100 1403 2140 cum
1433 2085 1516 2137 illa
1546 2083 1739 2152 accipis
1758 2122 1774 2148 ,
1808 2083 1921 2138 haec
1947 2085 2104 2136 etiam
2136 2099 2226 2154 ap-

657 2186 958 2258 prehendis.
989 2178 1235 2238 Nonnulli
1267 2188 1439 2231 tamen
1469 2173 1551 2228 his
1574 2188 1678 2227 non
1701 2172 2099 2240 obtemperant;
2131 2173 2224 2228 sed

660 2279 914 2347 lapidibus
939 2288 1096 2327 sensu
1129 2267 1431 2323 carentibus
1460 2263 1682 2327 similes,
1702 2263 1986 2331 voluptatis
2014 2264 2225 2319 umbras

657 2379 967 2440 sequuntur.
1015 2362 1148 2432 Quid
1193 2360 1331 2415 enim
1378 2356 1532 2410 dulce
1574 2356 1627 2408 in
1662 2355 1908 2423 prmsenti
1957 2356 2061 2409 vita
2106 2357 2227 2410 est?

656 2461 781 2532 quid
805 2455 1091 2527 jucundum
1113 2456 1129 2504 ὲ
1149 2451 1278 2504 Nam
1301 2464 1420 2503 eum
1447 2446 1645 2516 majore
1685 2445 1875 2499 fiducia
1907 2461 2001 2499 vos
2030 2447 2229 2516 alloqui

660 2553 815 2608 hodie
838 2549 954 2604 volt.
990 2589 1001 2600 .
1039 2546 1122 2600 sed
1171 2559 1250 2596 inc
1303 2540 1460 2605 forte,
1508 2548 1566 2590 ut
1609 2535 1823 2591 discatis
1856 2578 1870 2598 ,
1906 2537 2062 2591 vitam
2108 2553 2226 2608 qua:

660 2647 792 2701 dura
823 2653 874 2697 et
901 2652 1122 2695 onerosa
1144 2635 1380 2694 videtur,
1421 2627 1802 2684 monachorum
1833 2627 2035 2682 scilicet
2063 2637 2116 2682 et
2139 2643 2231 2682 co-

659 2753 774 2793 rum
813 2735 898 2804 qui
930 2731 1132 2800 seipsos
1157 2724 1563 2786 cruciilxerunt,
1590 2719 1744 2789 longe
1773 2718 2062 2773 dulciorem
2089 2719 2229 2774 desi-

659 2829 1136 2893 derabilioremque
1163 2835 1282 2875 esse
1307 2818 1406 2871 hac
1435 2816 1537 2870 vita
1572 2853 1588 2879 ,
1620 2829 1738 2883 qua:
1782 2813 1988 2867 videtur
2016 2828 2228 2867 suavmr

658 2922 1053 2988 delicatiorque.
1088 2913 1358 2982 llujusque
1379 2909 1452 2963 rei
1483 2917 1642 2961 testes
1671 2919 1764 2958 vos
1786 2905 1934 2969 estis,
1966 2904 2054 2973 qui
2082 2919 2226 2971 saepe

657 3015 710 3070 in
751 3007 1133 3066 calamitatibus
1171 3011 1224 3057 ct
1267 2999 1517 3054 aerumnis
1559 3004 1786 3049 mortem
1817 2994 2060 3062 optastis,
2093 2993 2228 3047 illos-

657 3119 760 3175 que
787 3104 968 3156 beatos
1001 3092 1344 3165 prmdicastis,
1365 3089 1450 3157 qui
1482 3088 1532 3140 in
1566 3085 1854 3148 montibus,
1878 3083 1928 3137 in
1957 3083 2223 3153 speluncis

657 3173 1230 3263 degunt.ca‘libemqtve
1254 3188 1306 3234 et
1325 3176 1550 3246 negotiis
1568 3189 1783 3228 vacuam
1810 3173 2005 3227 ducunt
2029 3173 2184 3225 vitam
2209 3189 2224 3236 ;

657 3299 752 3338 vos
775 3294 965 3348 nempe
992 3318 1006 3342 ,
1038 3275 1126 3344 qui
1157 3271 1238 3326 vel
1278 3269 1507 3324 artifices
1527 3306 1543 3330 ,
1579 3266 1658 3320 vel
1691 3264 1885 3320 milites
1915 3263 2045 3317 estis
2069 3303 2082 3324 ,
2115 3263 2227 3316 sive

657 3374 746 3445 qui
777 3373 934 3426 vitam
956 3365 1149 3422 ducitis
1168 3360 1347 3425 otiosi,
1381 3359 1492 3412 sive
1521 3357 1609 3426 qui
1641 3356 1692 3409 in
1735 3369 1894 3410 scena
1938 3362 1992 3408 et
2026 3351 2214 3445 orche-

650 3443 779 3516 stris
794 3460 932 3513 diem
960 3453 1276 3524 transigitis.
1300 3452 1424 3505 lude
1447 3454 1612 3510 enim.
1633 3448 1879 3518 quamvis
1901 3445 2044 3498 mille
2065 3443 2217 3498 volu-

653 3561 826 3622 ptates
867 3547 1131 3604 scaturire
1169 3545 1471 3606 videantur,
1505 3550 1756 3596 sexcenta
1795 3538 1895 3592 tela
1930 3537 2218 3590 mittuntur

655 3641 996 3698 amarissima
1019 3640 1058 3694 ‘.
1081 3638 1135 3691 Si
1158 3637 1281 3706 quis
1294 3637 1437 3690 enim
1461 3633 1708 3688 saltantis
1727 3631 1916 3702 puella:
1933 3643 2116 3682 amore
2139 3627 2220 3680 in-

657 3736 980 3796 ﬂammetur,
1004 3730 1149 3786 omni
1177 3727 1387 3792 militia,
1419 3726 1566 3780 omni
1593 3721 2023 3794 peregrinatione
2044 3720 2225 3773 durio-

660 3844 749 3884 res
765 3823 1212 3881 feretcruciatus.
1236 3819 1512 3890 pejoriqne
1533 3818 1586 3870 in
1612 3825 1776 3875 statu,
1794 3828 1957 3883 quam
1979 3812 2106 3865 urbs
2124 3811 2223 3864 ob-

662 3934 836 3986 sessa,
853 3916 973 3972 erit.
995 3915 1100 3971 Sed
1120 3930 1186 3968 ne
1211 3915 1316 3967 illis
1334 3912 1538 3966 diutius
1559 3907 1962 3969 incumbamus,
1982 3904 2114 3974 ipsis
2133 3918 2230 3956 eo-

665 4027 785 4066 rum
800 4010 892 4081 qui
911 4008 989 4064 sic
1002 4007 1142 4077 capti
1157 4015 1281 4062 sunt
1295 4002 1645 4058 conscientia:
1659 3997 2078 4068 relictis,age,de
2095 3994 2232 4048 mul-

665 4115 846 4158 torum
871 4103 978 4156 vita
1015 4113 1155 4154 nunc
1181 4110 1433 4166 agamus:
1462 4103 1516 4147 et
1547 4103 1754 4146 tantum
1786 4091 1923 4142 inter
1947 4098 2234 4153 utramque

670 4197 836 4251 vitam
851 4195 1190 4249 inveniemus
1208 4187 1836 4250 iutervahum.quautum
1859 4183 1998 4234 inter
2016 4188 2231 4248 portum

659 4293 710 4334 et
753 4279 998 4333 ﬂuctibus
1026 4275 1279 4347 agitatum
1314 4272 1535 4343 pelagus
1587 4271 1667 4326 Ex
1699 4270 2014 4326 habitaculis
2049 4275 2228 4328 statim

660 4375 725 4428 ab
761 4370 982 4428 exordio
1020 4370 1205 4423 horum
1248 4366 1552 4421 felicitatem
1583 4363 1856 4418 considera
1889 4378 1904 4427 ;
1946 4363 2057 4418 fora
2086 4365 2226 4418 enim

653 4477 710 4521 et
756 4464 914 4519 urbes
957 4460 1312 4527 tumultusque
1364 4456 1415 4510 in
1469 4455 1644 4510 medio
1691 4456 1892 4525 positos
1921 4455 2180 4525 fugientes
2208 4500 2224 4524 ,

657 4559 817 4612 vitam
868 4556 918 4609 in
949 4551 1217 4608 montibus
1259 4547 1572 4616 delegerunt
1593 4587 1608 4612 ,
1639 4561 1757 4614 qua:
1786 4545 1914 4598 nihil
1944 4561 2063 4600 cum
2098 4564 2229 4614 pra:-

657 4649 795 4705 senti
817 4649 923 4700 vita
949 4656 1230 4700 commune
1259 4638 1435 4705 habet,
1461 4653 1578 4707 quae
1607 4637 1738 4692 nihil
1767 4637 2050 4691 humanum
2081 4639 2230 4707 pati—

661 4755 784 4805 tor;
825 4754 929 4794 non
955 4737 1195 4794 dolorem
1223 4747 1316 4803 pro
1341 4733 1503 4787 rebus
1529 4730 1875 4785 szrcularibus
1906 4771 1920 4792 ,
1964 4746 2066 4783 non
2098 4745 2204 4787 nim

659 4846 834 4888 rorem
865 4829 952 4883 vel
974 4823 1406 4888 sollicitudinem,
1439 4837 1543 4876 non
1573 4822 1826 4890 pericula,
1859 4835 1964 4875 non
1989 4819 2230 4887 insidias,

658 4940 766 4980 non
786 4920 1058 4980 invidiam.
1091 4931 1195 4971 non
1229 4915 1470 4976 livorem,
1499 4927 1601 4966 non
1633 4921 1813 4982 turpes
1840 4926 2054 4968 amores
2076 4954 2090 4973 .
2124 4929 2229 4968 non

658 5016 799 5073 aliud
839 5012 1108 5086 quidpiam
1139 5008 1331 5064 simile.
1358 5005 1474 5061 Jam
1505 5006 1589 5059 hie
1628 5006 1700 5060 illi
1744 5021 1861 5076 qua:
1902 5005 1966 5058 ad
2010 5021 2228 5076 regnum

659 5110 910 5166 caelorum
942 5103 1201 5173 pertinent
1237 5098 1579 5161 meditantur,
1613 5098 1664 5150 in
1692 5097 1911 5151 saltibus
1933 5107 2226 5162 versantes,

665 5197 929 5256 montibus
956 5192 1295 5261 foutibusque
1325 5231 1339 5254 ,
1380 5204 1500 5243 cum
1527 5187 1703 5257 quiete
1732 5189 1890 5241 multa
1923 5206 1936 5240 :
1969 5189 2231 5258 prmeipue

660 5299 837 5342 autem
883 5287 991 5341 Deo
1034 5284 1280 5344 luerent,
1329 5281 1700 5350 tuguriumque
1741 5279 1947 5334 illorum
1979 5281 2120 5335 omni
2146 5291 2228 5335 tu-

663 5377 829 5432 multu
854 5389 1073 5430 vacuum
1089 5383 1190 5441 est,
1213 5372 1388 5426 anima
1412 5371 1560 5427 omni
1585 5371 1772 5427 morbo
1799 5380 1853 5426 et
1895 5386 2058 5442 pravo
2098 5370 2231 5427 ail'e-

736 5616 752 5644 ¹
783 5610 863 5661 Sic
886 5615 992 5659 tres
1030 5609 1163 5658 codd.
1196 5607 1323 5658 Editi
1350 5622 1469 5657 vero
1497 5625 1507 5657 :
1536 5607 1612 5659 Ibi
1634 5608 1759 5658 enim
1783 5610 1910 5657 unde
1936 5609 2069 5660 nul’e
2096 5609 2232 5660 eolu-

674 5680 822 5743 ptates
844 5670 1082 5722 scaturire
1101 5669 1369 5730 rideantur,
1393 5680 1614 5722 sexcenta
1635 5675 1727 5722 tela
1749 5670 2001 5722 mittuntur
2032 5671 2241 5724 amaris-

680 5749 835 5846 l“"th
872 5796 1038 5847 Morel.
1071 5800 1189 5858 inec,
1212 5791 1342 5845 omni
1373 5792 1564 5857 militia,
1587 5794 1770 5845 desunt

1410 399 1465 453 S.
1505 392 1778 453 JOANNIS
1805 385 2273 448 CllRYSOSTOMl
2315 383 2630 441 ARCIIIEP.
2669 377 3194 437 (ΖΟΝΞΤΑΝΤῙΝΟΡ.

3747 372 3908 438 Ὗῖμ

2329 499 2629 562 ctulibera,
2664 498 2814 561 levis,
2839 495 3102 564 expedita,
3134 503 3187 549 et
3217 493 3526 549 tenuissimo
3549 508 3674 550 acre
3701 498 3906 566 purior.

2327 589 2468 659 Opus
2493 600 2669 643 autem
2705 588 2915 642 illorum
2946 587 3173 654 idipsum
3215 599 3315 650 est,
3348 585 3489 655 quod
3543 585 3711 640 Adam
3756 587 3914 641 initio

2329 679 2509 734 habuit
2538 722 2551 742 ,
2590 689 2871 748 antequam
2897 688 3176 750 peccaret,
3222 679 3434 748 quando
3473 679 3640 748 gloria
3691 678 3905 735 indutus

2331 783 2446 823 cum
2497 771 2603 825 Deo
2641 771 2810 825 libere
2854 769 3167 838 loquebatur
3198 809 3213 835 ,
3243 779 3299 823 et
3347 769 3520 823 locum
3561 769 3708 823 illum
3738 769 3908 824 multa

2332 861 2655 927 beatitudine
2683 860 2932 917 refertum
2958 861 3243 916 incolebat.
3275 860 3331 915 lu
3359 875 3464 930 quo
3489 861 3632 916 enim
3673 860 3723 914 hi
3754 860 3911 930 pejus

2325 967 2482 1022 quam
2512 954 2602 1009 ille
2626 951 2840 1023 degunt,
2867 968 2986 1007 cum
3013 962 3134 1006 ante
3161 952 3570 1006 iuobedieutiam
3603 953 3802 1021 positus
3825 962 3918 1009 est

2329 1043 2382 1096 in
2416 1045 2662 1112 paradiso
2696 1054 2751 1098 ut
2771 1043 3124 1113 operaretur?
3151 1043 3298 1097 Nulla
3325 1043 3421 1112 ipsi
3452 1042 3722 1096 saecularis
3752 1044 3912 1096 solli-

2327 1135 2506 1192 citudo
2535 1138 2708 1191 inerat
2730 1177 2745 1203 ,
2785 1137 2923 1190 nulla
2949 1137 3107 1192 etiam
3135 1136 3410 1191 monachis
3444 1135 3547 1190 illis
3575 1153 3588 1189 :
3619 1151 3746 1204 pura
3775 1151 3915 1189 en..-

2332 1229 2548 1283 scientia
2606 1228 2770 1284 Deum
2815 1227 3221 1298 alloquebatur,
3274 1236 3328 1282 et
3377 1226 3431 1281 hi
3476 1227 3767 1282 similiter:
3802 1228 3916 1282 imo

2330 1319 2496 1373 multo
2533 1318 2790 1388 majorem
2835 1334 2993 1389 quam
3036 1319 3125 1373 ille
3169 1318 3412 1372 ﬁduciam
3449 1317 3646 1373 habent
3676 1359 3690 1382 ,
3725 1329 3916 1388 utpote

2331 1410 2516 1478 majori
2560 1410 2795 1464 fruentes
2838 1410 3004 1480 gratia
3034 1409 3288 1480 Spiritus.
3323 1409 3426 1465 Par
3455 1420 3601 1465 esset
3637 1421 3783 1466 certe
3814 1427 3916 1468 vos

2333 1501 2444 1554 luce
2466 1500 2634 1555 oculis
2665 1501 2974 1570 percipere;
3007 1501 3097 1555 sed
3127 1501 3248 1571 quia
3281 1515 3384 1555 non
3413 1501 3573 1556 vultis
3604 1541 3618 1563 ,
3663 1513 3826 1571 atque
3853 1502 3913 1557 in

2332 1593 2556 1646 tumultu
2587 1601 2638 1647 et
2670 1591 2782 1647 foro
2815 1592 3025 1662 degitis,
3050 1607 3143 1646 vos
3167 1591 3357 1647 saltem
3389 1592 3552 1647 verbo
3581 1591 3871 1649 doceamus
3897 1613 3912 1649 :

2331 1699 2488 1738 unam
2514 1699 2641 1740 vero
2669 1693 2867 1754 partem
2897 1685 3016 1739 vitae
3046 1684 3256 1739 illorum
3283 1687 3608 1756 excipiemus
3627 1728 3642 1753 ,
3669 1704 3789 1741 nam
3820 1698 3880 1743 to
3899 1721 3914 1730 -

2332 1781 2439 1828 tam
2463 1775 2716 1844 persequi
2745 1790 2848 1829 non
2881 1789 3183 1844 possumus.
3232 1774 3310 1828 Illi
3339 1777 3426 1844 qui
3461 1777 3742 1831 luminaria
3786 1789 3920 1833 sunt

2331 1864 2496 1928 orbis,
2526 1879 2644 1919 cum
2675 1865 2755 1919 sol
2782 1873 2931 1920 ortus
2955 1875 3066 1926 est.
3099 1866 3205 1919 imo
3235 1865 3324 1920 diu
3358 1875 3641 1936 antequam
3689 1867 3862 1922 luceat
3895 1910 3914 1936 ,

2332 1971 2362 2010 e
2410 1957 2547 2011 lecto
2585 1965 2860 2027 surgentes
2909 1960 3044 2022 sani,
3077 1967 3199 2012 sunt
3223 1959 3429 2028 vigiles,
3459 1958 3688 2030 expediti
3714 1961 3919 2029 (nullus

2331 2048 2470 2101 enim
2504 2047 2572 2102 ibi
2596 2047 2774 2114 dolor,
2802 2050 2882 2104 vel
2904 2049 3226 2111 sollicitudo.
3261 2049 3342 2103 vel
3371 2064 3554 2118 sapor,
3584 2065 3687 2104 nou
3717 2051 3870 2105 labor
3899 2094 3916 2115 ,

2332 2152 2437 2192 ηοη
2471 2139 2798 2208 negotiorum
2829 2140 2979 2194 turba
3001 2181 3016 2208 ,
3075 2155 3178 2193 non
3223 2139 3347 2206 quid
3376 2140 3550 2194 simile
3582 2182 3596 2206 ,
3635 2140 3725 2194 sed
3757 2143 3916 2209 quasi

2332 2231 2502 2301 angeli
2535 2233 2587 2286 in
2620 2233 2752 2286 cado
2779 2232 3019 2303 degunt)
3051 2250 3064 2285 :
3099 2241 3374 2301 surgentes
3406 2231 3562 2302 igitur
3591 2233 3767 2286 statim
3799 2233 3912 2288 laeti

2331 2332 2384 2377 et
2414 2323 2628 2390 hilares,
2657 2324 2876 2379 chorum
2901 2324 3154 2380 facientes
3183 2340 3363 2386 unum.
3394 2323 3516 2378 laeto
3547 2325 3690 2379 vultu
3713 2335 3763 2378 et
3785 2340 3920 2379 eou-

2333 2416 2550 2470 scientia
2579 2417 2736 2471 simul
2767 2431 2974 2482 omnes,
3004 2415 3154 2486 quasi
3183 2432 3288 2470 uno
3316 2431 3430 2479 ore,
3463 2415 3672 2487 hymnis
3702 2417 3920 2472 univcr-

2333 2520 2511 2560 Sorum
2563 2507 2726 2560 Deum
2771 2506 3082 2568 celebrant,
3137 2505 3416 2560 laudantes
3450 2521 3570 2560 eum
3615 2515 3668 2560 et
3715 2507 3919 2574 gratias

2335 2595 2429 2666 ipsi
2458 2606 2672 2664 agentes
2700 2612 2794 2666 pro
2815 2597 3079 2660 omnibus,
3110 2597 3221 2649 sive
3245 2596 3472 2664 prOpriis
3490 2637 3504 2660 ,
3531 2595 3644 2650 sive
3668 2610 3916 2650 cominu-

2335 2688 2493 2743 nibus
2523 2688 2812 2742 beneﬁciis.
2845 2688 3018 2756 Quare
3050 2688 3212 2742 misso
3248 2687 3470 2752 Adamo,
3505 2688 3915 2759 interrogemus,

2336 2776 2386 2830 in
2435 2792 2540 2846 quo
2581 2777 2788 2831 dili‘erat
2822 2778 2891 2831 ab
2929 2779 3132 2848 angelis
3163 2778 3250 2832 ille
3284 2778 3480 2832 chorus
3524 2780 3829 2834 canentium
3864 2783 3918 2834 in

2334 2876 2472 2922 terra
2497 2877 2550 2922 et
2575 2867 2861 2924 dicentium
2889 2886 2900 2922 :
2933 2867 3108 2923 Gloria
3132 2870 3182 2922 in
3211 2869 3419 2923 excelsis
3448 2866 3552 2923 Deo
3576 2910 3590 2930 ,
3620 2882 3667 2924 et
3693 2871 3744 2924 in
3773 2880 3912 2925 terra

2331 2978 2451 3032 pax,
2474 2963 2525 3014 iu
2556 2963 2841 3015 hominibus
2870 2961 3000 3016 bona
3032 2964 3263 3016 voluntas
3294 2961 3456 3033 (Luc.
3484 2961 3537 3015 2.
3571 2963 3699 3032 24).
3734 2963 3918 3019 Vestia

2335 3060 2510 3106 autem
2556 3053 2658 3106 illis
2689 3053 2816 3106 \iris
2849 3053 3004 3120 digna
3033 3063 3116 3106 est
3146 3070 3157 3104 :
3191 3067 3361 3113 neque
3395 3052 3536 3106 enim
3569 3052 3790 3121 perinde
3823 3069 3914 3108 ver

2330 3142 2563 3195 stiuntur
2585 3152 2742 3212 atque
2774 3143 2804 3196 ii
2836 3143 2924 3210 qui
2951 3144 3154 3197 tunicas
3184 3141 3398 3197 trahunt
3427 3158 3523 3211 per
3550 3143 3694 3197 vicos
3715 3185 3730 3207 ,
3755 3159 3920 3199 ener-

2337 3236 2442 3288 vati
2473 3243 2525 3288 et
2558 3234 2846 3289 eiieiuinati
2881 3234 2992 3303 (a):
3027 3233 3119 3288 sed
3143 3243 3199 3288 ut
3221 3235 3357 3288 beati
3391 3234 3464 3287 illi
3492 3234 3687 3305 angeli.
3726 3235 3872 3290 Elias
3901 3279 3918 3299 .

2336 3323 2557 3379 Elisteus
2581 3366 2597 3391 ,
2625 3325 2856 3380 Joannes
2878 3368 2892 3392 ,
2921 3326 3181 3394 apostoli,
3215 3328 3514 3382 vestiuntur
3539 3369 3554 3389 ,
3588 3327 3675 3380 alii
3704 3343 3766 3381 ex
3796 3328 3922 3397 pilis

2334 3415 2566 3483 caprinis
2591 3457 2604 3480 ,
2638 3415 2726 3469 alii
2767 3431 2828 3469 ex
2879 3417 2998 3485 pilis
3042 3417 3365 3472 camelorum
3399 3435 3411 3471 :
3440 3417 3655 3487 quidam
3688 3418 3920 3487 pellibus

2337 3511 2538 3559 tantum
2589 3506 2909 3561 amiciuntur
2949 3517 3210 3563 vetustate
3257 3509 3414 3562 tritis.
3447 3509 3653 3563 Deinde
3684 3520 3804 3578 post
3829 3509 3916 3564 illa

2333 3597 2533 3650 cantica
2562 3611 2732 3665 genua
2765 3597 3040 3653 ﬂectentes
3069 3639 3086 3665 ,
3120 3600 3285 3654 Deum
3325 3609 3607 3670 precantur
3627 3616 3726 3671 pro
3755 3602 3923 3658 rebus

2332 3700 2450 3754 quae
2501 3687 2680 3741 multis
2729 3703 2796 3743 ne
2838 3689 2888 3743 in
2941 3700 3173 3744 mentem
3220 3691 3431 3760 quidem
3475 3691 3658 3746 venire
3690 3695 3915 3760 possint.

2333 3774 2677 3830 Pracsentium
2710 3779 2850 3832 enim
2885 3781 3028 3836 nihil
3068 3790 3250 3850 petunt
3297 3780 3414 3852 (illa
3442 3781 3635 3851 quippe
3665 3782 3793 3836 nihil
3824 3798 3923 3838 cu-

2331 3863 2486 3932 rant)
2523 3883 2537 3931 ;
2577 3866 2668 3920 sed
2711 3877 2768 3921 ut
2809 3884 2926 3922 cum
2966 3869 3156 3924 ﬁducia
3185 3885 3326 3924 Stare
3357 3872 3561 3940 possint
3585 3881 3710 3926 ante
3742 3872 3916 3926 tribu-

2332 3956 2417 4009 nal
2465 3955 2592 4010 illud
2642 3957 2965 4012 horrendum
2992 4001 3007 4026 ,
3040 3959 3250 4029 quando
3288 3959 3460 4016 veniet
3494 3961 3798 4031 unigenitus
3826 3964 3918 4018 Dei

2333 4047 2498 4104 Filius
2521 4049 2759 4119 judicare
2802 4051 2947 4106 vivos
2974 4062 3027 4107 ct
3055 4062 3334 4118 mortuos;
3366 4062 3418 4107 et
3461 4063 3516 4107 ut
3551 4069 3710 4114 nemo
3735 4055 3921 4110 audiat

2337 4139 2632 4193 terribilem
2665 4140 2805 4195 illam
2836 4157 3018 4197 vocem
3046 4185 3060 4208 ,
3089 4142 3273 4198 Nescio
3301 4160 3386 4197 vos
3412 4143 3627 4212 (Matth.
3657 4144 3749 4200 25.
3780 4144 3914 4215 1Ξ);

2335 4239 2495 4301 atque
2526 4242 2580 4286 ut
2617 4249 2738 4287 cum
2771 4250 2897 4302 pura
2940 4237 3263 4289 conscientia
3295 4245 3350 4291 et
3373 4237 3524 4290 bonis
3550 4237 3805 4305 operibus
3833 4237 3916 4292 la-

2335 4323 2601 4378 boriosam
2627 4326 2761 4379 hanc
2796 4327 2955 4381 vitam
2985 4327 3324 4391 emetiantur,
3352 4339 3405 4382 et
3431 4328 3788 4397 procellosum
3814 4329 3918 4386 huc

2334 4431 2481 4470 mare
2518 4419 2797 4487 tranquille
2825 4427 3170 4474 transmecnt.
3205 4418 3313 4472 Dux
3347 4429 3431 4474 est
3457 4429 3632 4474 autem
3663 4420 3767 4476 Illis
3787 4435 3918 4474 ora-

2335 4509 2493 4563 tionis
2523 4552 2537 4573 ,
2579 4519 2728 4577 pater
2771 4521 2823 4565 et
2875 4511 3175 4580 pra-fectus.
3225 4511 3424 4567 Deinde
3466 4521 3750 4581 surgentes
3793 4522 3918 4581 post

2333 4609 2543 4654 sanctas
2573 4600 2690 4655 illas
2709 4611 2760 4656 et
2793 4601 3101 4672 frequentes
3118 4603 3404 4665 orationes.
3435 4602 3638 4658 oriente
3665 4603 3779 4658 sole
3805 4604 3922 4658 sin-

2333 4691 2440 4760 guli
2469 4692 2531 4745 ad
2559 4708 2710 4747 suum
2741 4709 2874 4764 Optts
2900 4710 2958 4750 se
2984 4694 3264 4750 conferunt
3290 4711 3304 4758 ;
3351 4694 3475 4751 hinc
3499 4710 3751 4766 magnum
3779 4711 3912 4767 ego-

2336 4784 2417 4838 nis
2441 4799 2751 4854 proventum
2784 4797 3048 4857 parantes.

2404 4903 2456 4956 4.
2489 4900 2588 4958 Ubl
2619 4913 2742 4956 sunt
2769 4916 2907 4956 nunc
2936 4901 3116 4971 iliiqui
3144 4900 3918 4960 diaboliclschorissededunt

2335 4994 2752 5062 meretriciisque
2781 4993 3019 5048 cantibus
3044 5034 3060 5058 ,
3089 5004 3144 5048 et
3184 4995 3234 5048 in
3273 4993 3498 5049 theatris
3535 4993 3768 5050 sedenti
3795 4994 3916 5052 Non

2334 5086 2450 5139 sine
2479 5085 2679 5154 pudore
2707 5085 2824 5139 illos
2851 5101 3147 5140 memorare
3179 5100 3393 5156 possum
3420 5103 3434 5149 ;
3467 5085 3559 5140 sed
3586 5084 3656 5140 ob
3684 5085 3916 5143 iniit-ini-

2337 5182 2494 5229 tatem
2545 5184 2771 5230 vestram
2801 5176 2850 5230 id
2893 5175 3065 5230 facere
3099 5191 3274 5244 opera:
3305 5176 3532 5245 pretium
3565 5174 3742 5230 fuerit.
3779 5173 3915 5230 Nam

2334 5268 2403 5322 ait
2433 5269 2627 5323 Paulus
2653 5286 2665 5322 :
2696 5268 2840 5323 Sicut
2866 5269 3019 5338 igitur
3044 5268 3336 5322 exhibuistis
3367 5268 3585 5320 membra
3612 5276 3774 5321 vestra
3807 5283 3919 5321 aer-

2335 5361 2437 5414 uire
2458 5360 2786 5414 immunditiie
2818 5403 2829 5421 .
2857 5360 2926 5412 ita
2970 5375 3104 5412 nunc
3133 5358 3354 5413 exhibete
3383 5358 3474 5413 illa
3500 5359 3681 5413 servire
3697 5358 3919 5429 justitic

2335 5452 2385 5505 in
2413 5453 2857 5518 sanctiﬁcationem
2883 5451 2901 5521 (
2931 5450 3080 5506 Rom.
3103 5450 3155 5506 6.
3194 5451 3260 5506 13
3361 5451 3468 5505 Nos
3494 5450 3670 5520 itaque
3689 5447 3918 5508 chorum

2398 5655 2471 5719 (α)
2497 5653 2572 5719 De
2615 5652 2906 5719 elfemiuatis
2933 5653 3223 5719 huiusmodi
3247 5651 3468 5719 Catilinae
3500 5649 3716 5719 asseclis.
3744 5650 3921 5719 Cicero

2339 5712 2529 5776 Catili
2551 5730 2562 5765 :
2586 5713 2834 5767 Manicatis
2875 5712 3199 5776 talaribusque
3243 5712 3433 5774 tunicis,
3460 5712 3575 5762 velis
3617 5712 3924 5771 amictuum

2341 5775 2476 5839 togis.
