4186 6538
270 487 378 543 ωτι

274 601 428 656 illum
474 593 817 651 meretricmu
849 585 1130 641 mulierum
1168 579 1185 611 ‘
1222 576 1566 646 exploremus
1591 610 1604 632 ,
1636 583 1733 621 nec
1759 584 1772 618 ι
1798 579 1868 616 ou

271 704 650 763 corruptorum
672 664 949 757 iuvenum,
979 679 1068 748 qui
1097 683 1240 731 stant
1267 673 1318 725 in
1347 683 1506 723 scena
1528 707 1544 729 ,
1575 674 1627 718 et
1649 673 1868 727 compa-

275 758 457 843 remus
486 799 582 840 eos
599 797 720 836 cum
751 779 831 831 liis
857 770 1026 831 beatis
1057 767 1184 823 viris
1215 808 1230 829 ,
1277 763 1418 834 qhozl
1445 760 1510 814 ad
1543 758 1880 841 voluptatem

278 882 548 952 pertinet:
575 889 676 946 qua
708 871 981 941 voluptate
1011 863 1296 934 capiuntur
1344 848 1493 910 multi
1541 851 1766 952 jure-ipes
1806 853 1872 900 ex

276 932 754 1042 iiegligentioribus
781 1005 797 1029 ,
838 932 1056 1016 illorum
1080 932 1094 934 ﬁ
1125 953 1331 1008 artibus
1379 940 1591 1002 irretiti.
1644 932 1872 996 Tantum

275 1041 422 1122 enim
455 1064 594 1116 inter
618 1062 874 1123 utroSque
900 1049 1192 1106 discrimen
1216 1041 1546 1112 reperiemus
1569 1078 1584 1099 ,
1613 1041 1870 1102 quantum

278 1160 423 1213 inter
453 1153 671 1222 angelos
693 1151 744 1203 in
765 1147 899 1201 cado
927 1152 1185 1199 canentes
1209 1179 1225 1204 ,
1248 1132 1303 1192 et
1334 1137 1553 1189 Suavem
1584 1127 1730 1182 illam
1760 1136 1874 1176 me-

283 1250 484 1304 lodiam
512 1244 820 1300 emittentes
847 1280 860 1301 ,
889 1245 946 1291 et
968 1242 1132 1289 canes
1180 1233 1477 1300 porcosqtte
1519 1224 1570 1276 in
1601 1223 1726 1274 limo
1754 1215 1876 1269 ulu-

275 1346 451 1398 lantes
474 1349 528 1395 et
550 1334 914 1410 grunnientes.
943 1325 1046 1384 Per
1077 1328 1267 1379 horum
1293 1321 1436 1376 enim
1464 1329 1554 1370 ora
1574 1313 1850 1369 Christus,

279 1451 380 1503 per
407 1402 616 1486 illoruin
651 1427 880 1496 linguam
909 1419 1152 1476 diabolus
1178 1410 1433 1484 loquitur.
1461 1407 1632 1465 Tibize
1664 1403 1772 1459 illis
1798 1402 1880 1455 iu—

277 1494 495 1580 cundita
527 1537 656 1576 voce
691 1494 884 1572 sonant
912 1556 928 1576 ,
976 1506 1433 1581 injucundnmque
1471 1507 1746 1568 aspectum
1793 1494 1876 1547 ln-

281 1619 424 1673 llat:e
463 1629 614 1685 gena:
652 1620 706 1665 et
738 1604 983 1664 distracti
1027 1600 1174 1657 nervi
1221 1597 1464 1653 efficiunt
1505 1611 1517 1646 :
1552 1598 1738 1646 verunt
1790 1584 1880 1640 hic

278 1681 716 1781 gratia‘Spiritus
747 1702 976 1759 insonat,
1009 1710 1106 1764 pro
1129 1692 1252 1748 tibia
1276 1732 1291 1755 ,
1324 1687 1527 1741 cithara
1559 1692 1614 1737 et
1640 1681 1877 1752 syringe,

282 1776 588 1856 sanctorum
609 1793 965 1847 vocibususa.
996 1787 1107 1842 Imo
1129 1780 1462 1852 quantalibet
1481 1776 1744 1835 dicamus,
1772 1779 1877 1822 nou

283 1905 569 1965 possumus
597 1888 740 1942 illaut
762 1883 1088 1950 voluptatem
1115 1873 1420 1931 describere
1447 1865 1748 1922 limiiiuihus
1769 1863 1882 1916 luto

288 1958 350 2042 et
382 1981 623 2039 lateritio
664 1977 815 2050 operi
861 1974 1105 2028 addictis.
1150 1970 1328 2036 Quare
1359 1965 1547 2020 vellem
1576 1958 1879 2030 quempiam

283 2095 355 2134 ex
388 2072 767 2131 insanientium
801 2067 1009 2122 illorum
1050 2077 1274 2116 numero
1316 2058 1442 2111 illuc
1477 2053 1743 2107 adducere
1771 2090 1786 2113 ,
1827 2057 1884 2101 ut

282 2174 512 2227 chorum
545 2168 692 2223 illum
740 2173 1046 2219 sanctorum
1080 2154 1282 2210 videret
1317 2193 1332 2215 ,
1367 2165 1538 2219 neque
1582 2143 1710 2200 mihi
1759 2153 1885 2196 tunc

286 2261 472 2318 verbis
494 2269 637 2314 esset
661 2271 816 2324 Opus.
839 2251 1104 2306 Caeterum
1131 2244 1230 2300 etsi
1272 2242 1445 2296 Iuleos
1471 2236 1718 2290 homines
1746 2232 1882 2286 allo-

284 2368 542 2426 quamur,
569 2357 624 2403 et
659 2365 722 2403 ex
750 2347 861 2400 luto
891 2345 1012 2397 illos
1049 2350 1103 2393 et
1131 2353 1194 2392 ex
1223 2349 1382 2391 emno
1423 2330 1676 2402 paulatim
1716 2325 1888 2381 abdu-a

284 2419 417 2503 cere
439 2443 775 2501 tentabimus.
798 2439 943 2492 Illinc
960 2435 1102 2490 enim
1123 2433 1244 2502 igne
1269 2425 1460 2497 impuri
1487 2421 1686 2478 artioris
1707 2419 1884 2474 statim

286 2541 656 2596 inﬂammatur
695 2531 906 2585 auditor
936 2545 947 2579 :
975 2541 1094 2580 nam
1139 2522 1290 2593 quasi
1333 2535 1438 2573 non
1485 2516 1615 2570 satis
1652 2522 1796 2568 esset
1819 2511 1885 2565 ad

285 2631 528 2684 animum
556 2621 988 2680 inflammandam
1021 2614 1318 2671 meretricis
1347 2618 1619 2679 aspectus,
1659 2621 1726 2660 ex
1755 2617 1889 2658 voce

288 2732 510 2791 quoque
539 2714 829 2786 perniciem
857 2707 1133 2777 adjiciunt.
1168 2703 1262 2757 llic
1291 2711 1472 2755 autem
1497 2698 1540 2752 si
1566 2695 1693 2766 quid
1715 2692 1889 2748 simile

288 2809 534 2865 hauserit
571 2807 746 2860 anima
775 2843 789 2865 ,
823 2802 1003 2856 statim
1047 2795 1284 2866 deponit.
1314 2792 1498 2861 Neque
1537 2806 1639 2843 Vox
1681 2796 1886 2864 tantum

289 2905 508 2958 illorum
537 2943 550 2964 ,
581 2897 673 2952 sed
706 2896 865 2949 etiam
908 2901 1177 2960 aspectus,
1227 2888 1336 2942 imo
1374 2885 1535 2940 etiam
1573 2880 1888 2937 vestimenta

289 3002 626 3064 spectatores
654 2983 996 3042 conturbant.
1023 2981 1078 3035 Si
1109 2994 1308 3050 pauper
1337 2975 1551 3045 quidam
1593 2973 1661 3025 sit
1695 2978 1760 3024 ex
1801 2978 1889 3023 ru-

293 3084 541 3140 dioribus
587 3067 1116 3148 ahjectioribusqne,
1176 3069 1280 3124 hoc
1332 3064 1695 3137 spectaculum
1747 3075 1891 3129 sche

291 3179 520 3233 moleste
544 3173 696 3233 feret.
727 3183 782 3225 et
803 3169 937 3222 intra
969 3181 1027 3221 se
1054 3165 1196 3219 dicet
1220 3181 1231 3211 :
1254 3160 1507 3216 Meretrix
1537 3158 1625 3212 illa
1655 3164 1711 3211 et
1742 3169 1891 3210 seor-

292 3278 460 3330 tator,
489 3264 758 3319 lauionum
783 3260 866 3313 Vel
887 3272 1153 3319 sutorum,
1182 3267 1583 3321 nonnumquam
1613 3264 1889 3305 servorum

292 3361 394 3415 filii
425 3400 440 3422 ,
470 3359 520 3412 in
555 3366 698 3410 tanta
727 3353 918 3408 vivunt
955 3351 1227 3418 voluptate
1253 3366 1266 3402 :
1298 3361 1398 3417 ego
1430 3360 1557 3400 vero
1582 3343 1717 3398 liber
1747 3349 1802 3397 et
1824 3357 1888 3396 ex

289 3451 480 3506 liberis
499 3459 666 3506 ortus.
687 3446 834 3516 justo
861 3443 1040 3498 labore
1062 3443 1256 3496 victum
1281 3452 1495 3508 parans,
1526 3451 1592 3490 ne
1619 3432 1894 3490 somnians

289 3541 511 3614 quidem
541 3540 610 3592 ita
643 3537 877 3592 deliciari
914 3549 1130 3604 possum
1156 3531 1337 3587 :etsic
1367 3542 1598 3584 maerore
1618 3523 1895 3582 confectus

291 3608 431 3688 abit.
468 3631 616 3700 Apud
649 3629 942 3685 monachos
972 3635 1151 3681 autem
1177 3624 1310 3678 nihil
1337 3621 1531 3682 simile.
1563 3608 1658 3675 sed
1685 3627 1896 3674 contra-

291 3729 436 3784 rium
466 3725 705 3780 nomino.
736 3723 869 3777 Cum
897 3722 1038 3776 enim
1067 3719 1158 3774 ille
1184 3707 1383 3772 viderit
1421 3711 1646 3771 divitum
1677 3714 1817 3768 filios
1842 3722 1897 3767 et

291 3820 563 3890 majorum
594 3815 882 3885 insignium
915 3822 1139 3882 inputes
1170 3811 1236 3864 iis
1265 3810 1487 3864 vestitos
1530 3805 1891 3866 indumentis.

290 3929 420 3984 qua:
448 3926 514 3965 ne
549 3902 838 3980 pauperum
865 3904 1078 3976 quidem
1111 3903 1280 3957 ultimi
1313 3900 1454 3956 ferre
1494 3899 1847 3969 dignarentur
1878 3940 1894 3964 ,

290 4019 354 4060 et
387 4005 437 4059 in
469 4005 568 4058 hac
603 4019 660 4058 re
686 4001 938 4072 gaudere,
971 3999 1202 4068 cogitate
1231 4005 1427 4065 quanta
1461 3992 1789 4063 paupertatis
1809 4008 1900 4046 ac-

291 4106 458 4166 cepta
476 4094 843 4148 consolatione
859 4091 1097 4145 recedat.
1116 4088 1170 4141 Si
1194 4087 1344 4142 dives
1372 4086 1552 4144 fuerit.
1573 4083 1900 4139 moderatior

293 4201 358 4245 ct
400 4188 589 4242 melior
638 4178 857 4240 recedit.
894 4181 947 4237 lu
991 4181 1202 4236 theatro
1228 4179 1273 4232 si
1304 4174 1523 4232 videant
1555 4176 1894 4230 meretricem

294 4279 484 4334 aureis
515 4275 902 4330 circumdatam
940 4269 1273 4327 ornamentis
1297 4312 1312 4336 ,
1340 4285 1543 4338 pauper
1565 4268 1817 4336 ejnlabit,
1848 4273 1903 4320 et

295 4368 624 4440 deplorahit,
655 4383 882 4421 uxorem
910 4380 1061 4419 suam
1096 4363 1282 4418 videns
1306 4361 1434 4416 nihil
1467 4359 1767 4414 istiusmodi
1799 4360 1894 4411 ha-

299 4467 522 4520 bentem
558 4479 570 4513 :
601 4469 656 4515 et
694 4457 884 4514 divites
904 4474 968 4513 ex
999 4457 1100 4511 hoc
1123 4446 1429 4526 Spectacula
1453 4456 1676 4514 rexersi,
1707 4467 1902 4507 uxores

299 4570 431 4609 suas
450 4553 749 4622 despicient
783 4570 796 4605 :
830 4567 950 4604 nam
970 4560 1248 4620 postquam
1269 4548 1520 4603 meretrix
1546 4555 1600 4601 et
1629 4547 1900 4612 vestitum,

297 4661 358 4704 et
385 4656 682 4716 aspectum,
715 4655 768 4698 ct
801 4659 1010 4709 vocem,
1034 4655 1088 4697 et
1116 4643 1403 4704 incessum,
1433 4651 1488 4694 et
1516 4642 1693 4693 omnia
1726 4639 1903 4693 molli-

298 4745 396 4796 tia:
421 4739 582 4811 plena
608 4737 907 4793 exhibuerit
935 4733 1310 4806 praesentibus,
1341 4731 1654 4786 inflammati
1686 4731 1756 4784 illi
1784 4730 1901 4785 dis-

299 4832 533 4897 cedunt,
566 4840 620 4885 et
653 4827 846 4899 captivi
879 4827 931 4881 in
958 4825 1100 4880 aedes
1129 4839 1253 4880 suas
1296 4823 1515 4878 intrant.
1551 4821 1684 4876 llinc
1713 4831 1906 4876 contu-

305 4924 505 4989 meliae,
526 4922 700 4993 jargia
724 4964 739 4986 ,
766 4922 930 4986 rixae,
955 4911 1126 4984 bella,
1155 4910 1359 4973 mortes
1388 4917 1712 4986 quotidiana:
1739 4935 1751 4971 :
1783 4916 1906 4972 hinc

303 5019 419 5071 vita
461 5017 633 5084 captis
677 5013 881 5083 ingrata
908 5029 922 5067 :
952 5009 1147 5079 coniux
1176 5009 1435 5078 deinceps
1463 5009 1784 5080 injucunda,
1811 5009 1902 5063 filii

305 5109 492 5165 minus
518 5098 796 5161 amabiles.
827 5103 1005 5157 omnia
1027 5101 1173 5156 domi
1205 5115 1417 5170 pessum
1440 5109 1604 5163 eunt,
1640 5099 1709 5152 ita
1743 5108 1799 5150 ιιι
1827 5099 1907 5151 vel

304 5202 443 5258 solis
471 5198 650 5253 radios
673 5187 899 5252 moleste
937 5193 1072 5249 ferat
1098 5193 1186 5263 qui
1219 5193 1341 5248 talis
1369 5202 1472 5247 est.
1503 5190 1703 5245 Verum
1735 5207 1798 5246 ex
1828 5189 1911 5243 his

297 5297 490 5350 choris
505 5291 634 5346 nihil
653 5288 998 5358 iniucundum
1013 5287 1241 5342 refertur
1267 5306 1278 5341 :
1298 5287 1423 5343 hinc
1440 5288 1744 5342 venientem
1778 5302 1912 5339 uxor

303 5386 484 5439 virum
503 5391 838 5436 mansuetum
858 5379 1108 5434 etmitem
1127 5379 1376 5446 excipiet.
1400 5378 1468 5433 ab
1497 5379 1642 5432 ολιιιιὶ
1677 5376 1904 5430 absurda

308 5476 589 5546 voluptate
618 5473 866 5533 liberum.
900 5483 954 5524 et
982 5470 1274 5524 faciliorem
1306 5485 1462 5538 quam
1495 5480 1618 5523 ante
1649 5471 1904 5538 reperio”

309 5570 448 5629 “me
484 5565 623 5622 mala
667 5563 866 5620 chorus
893 5563 980 5616 ille
1010 5603 1024 5622 ,
1066 5562 1180 5616 haec
1209 5561 1347 5614 bona
1387 5559 1472 5613 hic
1504 5562 1642 5631 parit
1670 5578 1681 5610 :
1729 5561 1814 5613 ille
1844 5577 1909 5615 ex

304 5662 509 5720 ovibus
538 5659 729 5730 lupos.
760 5654 845 5711 hic
882 5672 946 5709 ex
990 5655 1128 5721 lupis
1175 5670 1340 5722 agno;
1384 5654 1526 5706 facit.
1572 5653 1677 5707 Sed
1729 5652 1908 5706 forsan

303 5757 380 5814 dc
417 5753 695 5824 voluptate
731 5745 858 5802 nihil
893 5748 1071 5802 adhuc
1093 5747 1296 5801 dixisse
1325 5746 1586 5800 videmur.
1633 5746 1770 5814 Quid
1797 5745 1918 5801 dul—

368 5911 388 5950 ί
411 5909 585 5966 Morel.
608 5907 783 5963 habet,
811 5905 1100 5963 puellarum,
1129 5918 1231 5966 pro,
1261 5902 1536 5954 mulierum.

658 5986 935 6046 I'nnoL.
986 5985 1103 6044 (in.
1160 5983 1349 6043 LVIII

1208 464 1272 520 ΙΝ
1311 455 1714 517 ΜΑΤἸῊΛίυΜ
1757 449 1986 509 IIOMIL.
2027 447 2256 503 LXVIII.
2295 447 2370 538 al.
2415 442 2600 499 LXIX.

3481 435 3540 492 G-i
3551 437 3584 488 li

1976 561 2094 615 cius
2120 567 2277 630 quam
2306 561 2542 614 auinuun
2577 572 2673 612 uec
2700 556 3102 629 perturbatione
3129 571 3226 609 nec
3253 552 3443 608 dolore
3473 569 3579 620 agi-

1934 663 1947 675 '
1984 659 2150 706 tatam
2181 651 2399 714 habere,
2434 665 2722 718 numquam
2755 648 2806 702 in
2837 647 3028 702 dolore
3054 661 3174 701 esse
3199 686 3214 710 ,
3247 645 3328 699 vel
3360 643 3585 712 ingemi-

1981 758 2133 798 scere
2157 744 2181 796 ἲ
2211 742 2590 798 Verumtamen
2619 756 2928 796 sermonem
2956 739 3182 795 ulterius
3205 737 3581 808 producamus,

1984 849 2144 906 atque
2172 837 2452 907 utriusque
2479 845 2590 890 tum
2622 844 2834 899 cantus,
2865 843 2977 888 tum
3010 831 3302 903 spectaculi
3331 830 3583 902 gaudium

1975 932 2351 986 'examin'emus
2376 949 2389 984 :
2419 930 2827 999 videbimusque
2847 927 2992 982 aliud
3021 942 3192 997 usque
3217 927 3281 981 ad
3305 926 3585 997 vesperam

1983 1037 2222 1087 manere,
2252 1023 2427 1077 donec
2479 1022 2688 1076 Scilicet
2733 1021 2785 1075 in
2834 1019 3045 1075 theatro
3092 1028 3367 1090 spectator
3392 1019 3588 1081 sedet,

1978 1114 2176 1169 deinde
2206 1125 2386 1168 autem
2409 1114 2627 1168 stimulo
2657 1113 2835 1167 acrius
2866 1114 3038 1182 ipsum
3071 1123 3346 1182 pungere;
3378 1112 3462 1167 hic
3493 1128 3559 1165 au

1985 1209 2091 1259 tem
2121 1206 2373 1275 gaudium
2405 1215 2664 1274 perpetuo
2693 1206 2874 1275 vigere
2903 1204 2954 1258 in
2978 1203 3336 1273 spectantium
3359 1204 3582 1258 animis:

1986 1313 2108 1352 nam
2143 1307 2197 1353 et
2236 1298 2472 1352 virorum
2507 1297 2734 1350 formam
2765 1338 2779 1359 ,
2812 1306 2868 1350 et
2909 1296 3013 1350 luci
3056 1293 3451 1364 iucunditatem
3484 1335 3501 1360 ,
3534 1307 3589 1349 et

1983 1391 2411 1446 conversationis
2439 1391 2801 1454 dulcedinem,
2827 1399 2882 1444 et
2907 1389 3032 1443 vitae
3062 1390 3370 1458 puritatem,
3395 1394 3442 1441 et
3470 1389 3588 1457 pul-

1985 1482 2238 1537 cherrimi
2281 1482 2683 1552 spiritualiSque
2711 1481 2905 1536 ωιιιίεἰ
2947 1482 3174 1551 gratiam
3203 1481 3401 1535 habent
3433 1484 3486 1535 in
3533 1498 3588 1535 se

1986 1592 2202 1647 semper
2224 1576 2569 1632 insidentem.
2590 1575 2687 1644 Qui
2705 1575 2809 1630 hoc
2831 1576 2991 1645 igitur
3003 1584 3156 1643 portu
3177 1590 3392 1650 semper
3409 1575 3589 1628 fruun-

1992 1679 2116 1734 tur,
2148 1670 2433 1724 tumultum
2484 1678 2667 1739 postea
2721 1669 2873 1740 quasi
2929 1669 3303 1739 tempestatem
3361 1668 3589 1737 fugiunt.

1986 1763 2172 1832 Neque
2201 1765 2375 1820 solum
2405 1775 2664 1820 canentes
2687 1764 2770 1818 vel
2799 1772 3108 1831 precantes,
3141 1762 3235 1817 sed
3257 1762 3420 1816 etiam
3443 1761 3593 1815 libris

1991 1856 2183 1910 intenti
2211 1898 2226 1922 ,
2260 1855 2558 1926 jucundum
2593 1856 2900 1911 videntibus
2932 1857 3174 1926 praebent
3203 1855 3590 1925 spectaculum.

1987 1947 2175 2002 Soluto
2215 1949 2414 2020 quippe
2455 1949 2625 2003 choro
2655 1948 2790 2004 alius
2832 1949 3020 2003 Isaiam
3062 1964 3283 2004 sumens
3313 1964 3434 2003 eum
3473 1951 3590 2019 ipso

1991 2042 2264 2113 loquitur;
2295 2043 2433 2098 alius
2461 2058 2585 2098 cum
2621 2043 2880 2112 apostolis
2902 2052 3186 2108 versatur;
3213 2043 3350 2097 alius
3380 2044 3448 2097 ab
3476 2044 3596 2096 aliis

1990 2137 2326 2206 coiiscriplos
2367 2137 2533 2191 libros
2564 2137 2713 2208 legit,
2736 2152 2798 2192 ac
2828 2137 2894 2192 de
2927 2137 3040 2192 Deo
3066 2137 3494 2208 philosophatur,
3529 2137 3598 2193 de

1992 2230 2269 2292 universo,
2298 2228 2368 2284 de
2391 2229 2715 2293 visibilibus,
2742 2229 2811 2284 de
2839 2230 3201 2285 invisibilibus
3225 2272 3239 2296 ,
3266 2231 3335 2286 tle
3359 2231 3594 2285 sensibi-

1989 2322 2150 2387 libus,
2183 2322 2251 2377 de
2277 2322 2664 2391 Spiritualibus.
2697 2322 2766 2380 de
2789 2323 2992 2378 vilitate
3019 2323 3178 2394 hujus
3221 2323 3345 2379 vita:
3367 2366 3382 2390 ,
3416 2324 3484 2386 de
3511 2323 3595 2378 fu-

1993 2418 2126 2468 tura:
2157 2410 2521 2484 magnitudine
2550 2425 2566 2447 ³
2579 2453 2591 2467 .
3147 2407 3153 2414 ’

2080 2510 2132 2563 5.
2194 2509 2424 2562 Aluntur
2483 2525 2661 2564 autem
2719 2511 2841 2564 cibo
2904 2510 3145 2578 optimo,
3198 2526 3306 2565 non
3357 2510 3599 2566 decoctis

1994 2599 2303 2653 animalium
2351 2597 2622 2666 carnibus,
2672 2592 2766 2655 sed
2830 2602 3059 2672 eloquiis
3120 2603 3212 2658 Dei
3267 2602 3602 2658 dulcioribus

1994 2709 2152 2764 quam
2204 2685 2309 2749 mel
2357 2705 2412 2750 et
2459 2695 2633 2750 favum
2666 2714 2680 2751 :
2709 2697 2811 2750 mel
2861 2697 3126 2761 mirabile,
3158 2697 3434 2767 multaque
3481 2713 3599 2752 me-

1997 2786 2098 2840 lius
2150 2803 2309 2857 quam
2355 2788 2482 2842 illud
2523 2805 2630 2859 quo
2672 2788 2910 2844 Joannes
2958 2790 3009 2843 in
3059 2789 3276 2844 deserto
3325 2789 3453 2845 olim
3495 2790 3603 2843 alc-

1997 2878 2173 2937 batur.
2222 2881 2320 2936 Mel
2352 2883 2549 2952 quippe
2596 2883 2734 2938 istud
2761 2927 2764 2930 «
2791 2900 2895 2937 ιιοιι
2928 2900 3056 2954 apes
3099 2894 3340 2956 agrestes
3381 2884 3603 2940 ﬂoribus

1997 2976 2289 3031 insidentes
2315 2977 2594 3045 colligunt,
2628 2992 2802 3045 neque
2819 2983 3004 3032 rorem
3025 2989 3341 3034 concoctum
3370 2978 3601 3033 alveari-

1996 3067 2096 3122 bus
2121 3068 2234 3123 suis
2262 3068 2552 3121 immittunt
2578 3085 2592 3133 ;
2626 3067 2720 3122 sed
2756 3068 2989 3138 Spiritus
3014 3070 3182 3139 gratia
3209 3083 3478 3140 apparans
3505 3086 3603 3139 pro

1999 3158 2133 3214 favis
2159 3201 2173 3222 ,
2202 3160 2506 3215 alvearibus
2529 3171 2582 3215 ct
2614 3161 2809 3216 fistulis
2840 3162 2890 3215 in
2923 3173 3230 3216 Sanctorum
3260 3164 3468 3218 animas
3499 3163 3570 3217 itu
3590 3191 3603 3199 -

2000 3255 2183 3320 mittit,
2209 3265 2264 3308 ut
2312 3257 2536 3325 quisque
2584 3257 2754 3324 possit
2805 3270 2903 3325 pro
2933 3257 3101 3310 lubito
3130 3269 3392 3326 perpetuo
3418 3258 3600 3313 cdere.

2000 3349 2106 3404 I-Ias
2128 3365 2256 3417 apes
2287 3350 2578 3413 imitantes,
2614 3366 2891 3405 sacrorum
2920 3352 3055 3405 favis
3092 3353 3348 3408 Iibrormu
3377 3355 3608 3411 circum-

1999 3441 2199 3504 volant,
2230 3442 2450 3494 multam
2482 3441 2604 3496 inde
2633 3443 2988 3511 decerpenles
3018 3444 3371 3511 Vnittplztlelll.
3397 3446 3452 3501 Si
3477 3463 3609 3518 ergo

2000 3533 2236 3587 volueris
2265 3550 2384 3603 qua:
2413 3535 2624 3588 illormu
2659 3551 2842 3590 mensa
2869 3538 2938 3589 sit
2979 3535 3243 3598 ediscere.
3279 3543 3496 3608 prapius
3541 3543 3608 3597 ad

1999 3643 2094 3681 eos
2113 3628 2359 3691 accedas,
2392 3638 2447 3684 et
2475 3630 2680 3684 videbis
2705 3638 2954 3685 eructare
2969 3647 3063 3686 eos
3087 3631 3262 3688 dulcia
3278 3644 3333 3689 et
3356 3635 3612 3704 spiritua-
3683 3687 3693 3698 ,

2003 3722 2035 3776 li
2061 3721 2228 3777 odore
2261 3722 2435 3792 plena.
2493 3723 2710 3778 Illmum
2757 3741 2850 3778 ora
2882 3725 3010 3778 nihil
3046 3734 3272 3795 possunt
3293 3737 3449 3798 turpe
3480 3745 3612 3799 pro-

2003 3812 2166 3878 ferre,
2199 3813 2329 3868 nihil
2382 3815 2609 3869 scurrile
2648 3815 2731 3869 vel
2780 3832 3054 3886 asperum,
3095 3817 3188 3872 sed
3239 3819 3421 3874 omnia
3477 3821 3612 3876 cado

2003 3905 2182 3974 digna.
2235 3904 2351 3960 Non
2384 3905 2480 3960 abs
2521 3921 2578 3960 re
2611 3907 2823 3970 feceris,
2873 3907 2918 3963 si
2949 3924 3041 3962 ora
3084 3909 3374 3964 multorum
3422 3913 3514 3981 qui
3557 3913 3610 3966 in

2007 3998 2122 4053 foro
2151 4008 2431 4068 vagantur,
2463 4008 2519 4053 et
2554 3999 2621 4053 ad
2663 4001 2941 4056 simulat-ia
2964 4003 3114 4073 quasi
3148 4003 3296 4058 rabie
3324 4002 3571 4060 feruntur
3597 4049 3612 4069 ,

2004 4090 2200 4144 cloacis
2230 4091 2649 4160 comparaveris,
2684 4092 3069 4148 monachorum
3090 4105 3272 4149 autem
3302 4109 3418 4159 ora,
3449 4097 3612 4150 fonti-

2006 4181 2105 4236 bus
2123 4182 2229 4237 mel
2251 4181 2671 4248 effundentihus,
2703 4184 3006 4252 fluentaque
3033 4199 3187 4254 pura.
3205 4185 3262 4241 Si
3287 4187 3408 4255 quis
3429 4199 3608 4244 autem

2006 4290 2148 4344 a-gre
2162 4275 2318 4340 ferat,
2345 4274 2486 4346 quod
2507 4275 2796 4329 multorum
2819 4291 2912 4329 ora
2937 4276 3137 4332 cloacis
3157 4283 3612 4349 comparaverim,

2010 4367 2053 4421 is
2082 4369 2216 4424 sciat
2257 4384 2342 4422 me
2372 4384 2531 4438 parce
2575 4369 2873 4438 loquutum.
2927 4368 3206 4439 Scriptura
3248 4387 3479 4441 namque
3507 4390 3612 4425 ιιυ.ι

2011 4459 2110 4514 hac
2139 4462 2303 4514 utitur
2342 4476 2615 4525 mensura,
2654 4460 2749 4514 sed
2783 4460 3190 4518 vehementiore
3240 4464 3614 4524 similitudine.

2009 4553 2215 4618 dicens,
2263 4552 2517 4606 Venenum
2557 4555 2792 4621 uspidum
2829 4555 2922 4608 sub
2970 4555 3117 4608 labiis
3152 4573 3348 4615 eorum,
3374 4567 3420 4609 cl
3447 4560 3619 4627 supul-

2009 4646 2185 4698 chrun'
2218 4657 2392 4714 puteus
2414 4655 2484 4698 est
2511 4657 2682 4714 guttur
2713 4663 2885 4698 eorum
2929 4646 3102 4715 (Paul.
3143 4649 3228 4702 I3.
3251 4648 3328 4716 '5).
3376 4650 3479 4704 Sed
3513 4668 3618 4705 non

2015 4737 2138 4792 talia
2161 4751 2283 4792 sunt
2314 4738 2525 4792 illorum
2552 4755 2643 4789 ora
2672 4780 2685 4799 ,
2715 4748 2771 4792 at
2800 4739 2941 4793 bono
2969 4738 3137 4794 odore
3179 4740 3357 4809 plena.
3389 4740 3457 4796 Et
3485 4757 3621 4812 pra:-

2014 4831 2184 4885 sentia
2236 4833 2450 4902 quidem
2512 4831 2821 4902 hnjusniodi
2866 4840 2994 4886 sunt
3039 4832 3262 4894 :futura
3319 4850 3450 4890 vero
3502 4852 3626 4906 qua:

2016 4927 2188 4979 oratio
2217 4928 2567 4995 assequatur?
2614 4944 2734 4998 qua:
2781 4943 2933 4981 mens
2963 4926 3367 4998 apprehendat?
3414 4940 3617 4984 sortem

2026 5018 2168 5068 illam
2231 5019 2564 5086 angelicam,
2613 5018 3050 5086 beatitudinem,
3103 5019 3392 5076 inelfabilia
3444 5021 3625 5075 bona?

2020 5111 2167 5164 Multi
2197 5111 2424 5167 fortasse
2455 5111 2668 5169 fervore
2695 5114 2944 5180 incensi,
2977 5115 3414 5186 concupiscentia
3463 5115 3624 5185 hujus

2020 5207 2203 5274 optimi
2235 5205 2460 5260 instituti
2482 5207 2623 5275 capti
2649 5208 2780 5262 estis
2805 5224 2820 5261 :
2851 5207 2950 5264 sed
2976 5207 3105 5279 quid
3137 5208 3262 5262 hinc
3284 5209 3630 5264 emolumen-

2024 5312 2082 5362 Ii,
2113 5300 2156 5352 si
2185 5299 2269 5352 hic
2297 5309 2501 5353 tantum
2533 5299 2636 5356 hoc
2664 5303 2785 5371 igne
2811 5304 3069 5369 ardeatis,
3097 5303 3221 5358 hinc
3249 5313 3428 5358 autem
3447 5319 3628 5375 egres-

2023 5413 2089 5459 si,
2149 5394 2418 5447 flanimam
2473 5394 2863 5464 exstinguatis,
2910 5408 2964 5452 ct
3013 5396 3102 5452 hic
3148 5411 3302 5451 amor
3354 5398 3628 5453 tabescati

2024 5486 2307 5552 ρειιιιιιιιιιυ
2365 5486 2526 5556 igitur
2579 5486 2701 5541 huic
2751 5489 2894 5542 malo
2947 5488 3296 5544 medebcris?
3338 5489 3405 5546 Ut
3433 5492 3633 5545 amoris

2044 5579 2252 5632 fervore
2279 5579 2497 5642 teneris,
2541 5577 2627 5632 adi
2656 5579 2877 5645 angelos
2913 5582 3068 5645 illos;
3113 5590 3166 5636 te
3194 5582 3426 5651 amplius
3455 5583 3636 5637 incen-

2028 5675 2114 5730 de.
2157 5675 2272 5729 Non
2299 5675 2444 5730 enim
2476 5675 2594 5730 lucc
2623 5674 2794 5729 oratio
2817 5676 3039 5745 perinde
3065 5688 3116 5733 te
3145 5678 3446 5735 accendere
3472 5678 3632 5747 valet,

2099 5881 2112 5910 ι
2141 5877 2341 5937 Quidam
2365 5877 2570 5939 habent,
2591 5874 2841 5943 felicitate,
2870 5893 2973 5941 pro,
3000 5879 3352 5944 magnitudine.

3241 5971 3316 6032 12
