4172 6490
655 442 756 500 ιιιπ

1376 434 1430 489 8.
1469 428 1743 488 ΙΟΛΝΝΞΞ
1779 419 2250 482 οιιιιῑεοοεεολιι
2291 417 2604 476 ARCHIEP.
2645 412 3174 472 CONS'I'ANTINOP.

3809 396 3920 453 6-1.8

649 569 708 612 nt
737 557 906 627 ipsum
944 566 1121 608 rerum
1169 545 1546 618 spectaculum.
1577 542 1654 598 Ne
1698 540 1915 606 dixeris,
1937 539 2240 624 Colloquar
2324 542 2449 592 sunt
2478 533 2642 604 probe
2689 532 3058 602 disponentur.
3113 528 3202 584 Ait
3226 525 3366 580 enim
3397 538 3410 576 :
3445 518 3919 627 Qut-eritqprimnm

653 665 772 702 ι-ιιιιι
796 660 977 709 uxore,
1006 653 1060 698 et
1087 656 1174 696 res
1199 639 1469 693 absolvam
1500 631 2110 706 primum.Ncgligentiui
2133 629 2225 684 ini-

654 741 784 793 tium
812 745 894 791 est
918 735 1032 789 haec
1054 729 1481 802 procrastinatio.
1505 725 1640 780 Audi
1665 723 1964 794 quempiam
1992 721 2225 777 voluisse

654 829 878 900 primum
906 827 971 880 iis
995 824 1083 894 qui
1107 821 1250 876 domi
1279 830 1432 875 erant
1451 817 1843 878 valedicere,‘ct
1865 813 2178 884 prephetam
2203 811 2219 842 ³

654 936 758 976 non
802 915 1110 988 permisisse
1144 913 1218 984 ('5.
1251 911 1374 981 Reg.
1409 909 1495 965 19.
1524 907 1595 961 20
1616 907 1659 977 ).
1700 905 1900 975 Ecquid
1930 905 2051 959 dico
2086 903 2227 956 vale-

654 1007 869 1065 dicere?
909 1007 1119 1061 Patrem
1171 1001 1398 1070 sepelire
1439 996 1605 1052 voluit
1632 995 1945 1065 discipulus,
1975 1008 2147 1063 neque
2173 991 2223 1046 id

649 1097 913 1154 concessit
935 1095 1178 1151 Christus
1202 1091 1353 1160 (Lac.
1381 1090 1431 1144 9.
1463 1088 1579 1157 60).
1633 1087 1793 1157 Atqui
1841 1084 1968 1156 quid
2016 1085 2226 1138 videtur

652 1193 744 1247 tibi
775 1191 844 1245 ita
876 1186 1230 1244 necessarium
1261 1198 1381 1239 esse
1411 1191 1468 1236 ut
1493 1176 1765 1250 sepultura
1795 1177 1997 1248 patris?
2025 1177 2094 1230 At
2119 1189 2224 1229 non

653 1282 704 1336 id
733 1280 990 1351 permisit.
1015 1277 1228 1344 Quare?
1255 1274 1387 1340 Quia
1414 1274 1755 1326 vehementer
1784 1269 1943 1322 instat
1961 1266 2222 1332 diabolus,

654 1386 708 1428 ιιι
737 1386 855 1428 sese
885 1371 1119 1426 insinuet
1148 1385 1172 1439 ε,
1191 1376 1245 1421 et
1285 1367 1331 1420 si
1363 1364 1621 1419 tantillum
1649 1360 1909 1417 socordiae
1934 1369 1986 1412 et
2008 1358 2227 1412 tardita-

657 1468 724 1521 tis
749 1462 1132 1535 deprehendat,
1161 1460 1213 1513 in
1231 1473 1488 1528 magnam
1534 1453 1788 1508 desidiam
1817 1451 2050 1520 coojicit.
2103 1449 2228 1504 Ideo

655 1565 836 1612 monet
858 1553 1137 1625 quispiam,
1165 1548 1246 1603 Ne
1266 1548 1431 1602 tardes
1452 1547 1513 1599 de
1531 1546 1612 1598 die
1627 1547 1678 1597 in
1696 1543 1826 1597 diem
1849 1540 2040 1613 (Eccle.
2066 1540 2118 1595 5.
2133 1538 2186 1611 8)
2209 1555 2224 1604 ;

653 1649 734 1702 sic
775 1645 916 1703 enim
970 1642 1199 1713 plurima
1242 1638 1438 1709 poteris
1490 1635 1804 1697 emendare,
1838 1633 1916 1686 sic
1942 1646 2060 1701 qua:
2084 1629 2227 1686 domi

720 1821 736 1851 ‘
762 1818 827 1868 In-
843 1813 1003 1866 Morel.
1020 1813 1228 1877 legitur,
1262 1809 1526 1877 doniimun.
1549 1809 1643 1877 sed“
1664 1805 2068 1877 vggtprophetant
2105 1807 2231 1877 opti-

655 1894 737 1931 me
759 1879 987 1942 quadrat”,
1012 1868 1110 1942 hic”
1129 1868 1257 1924 enim
1293 1873 1466 1942 agitur
1484 1870 1550 1942 de
1573 1870 1676 1942 Elia
1698 1868 1925 1942 Elisteu'tn
1951 1870 1998 1916 in
2022 1868 2232 1931 discipu-

658 1941 751 1990 hun
774 1931 1005 1999 iocante';
1031 1938 1160 1987 lilias
1183 1931 1388 1992 vero,itt
1412 1934 1476 1981 ait
1498 1932 1574 1980 hic
1596 1931 1972 1999 Chrysostomus,
2001 1942 2098 1999 non
2117 1943 2229 1992 per-

657 2005 790 2052 misit
811 1991 1004 2058 }ilisteo;
1031 2005 1084 2047 ut
1124 2008 1309 2060 patrem
1351 2003 1654 2060 matremque
1677 1991 1934 2060 salutatum
1955 1991 2231 2060 iret,_ante-

658 2076 801 2125 quam
823 2052 1054 2122 magistro
1084 2052 1141 2107 se
1178 2065 1327 2127 totum
1365 2052 1633 2103 addiceret.
1661 2053 1725 2101 At
1758 2063 1902 2123 secus
1923 2052 2231 2123 inperiptura

660 2124 858 2174 lenitur.
883 2123 964 2171 ubi
986 2121 1102 2171 dicit
1124 2118 1272 2174 Ehas,
1292 2117 1423 2166 Vade
1443 2121 1490 2166 et
1513 2122 1768 2174 revertere,
1803 2121 1857 2162 ut
1880 2125 1928 2161 tn
1951 2110 2112 2162 Btbltis
2133 2120 2228 2162 He-

695 2126 858 2176 mitur.
883 2126 964 2171 ubi
986 2126 1102 2171 dicit
1124 2126 1272 2176 bilius,
1292 2126 1423 2166 Vade
1443 2126 1490 2166 et
1513 2126 1768 2174 revertere,
1803 2126 1857 2162 ut
1880 2126 1928 2161 tn
1951 2126 2112 2162 sinitis
2133 2126 2228 2162 ue-

660 2141 858 2187 lcglllll',
883 2141 964 2171 ιιυι
986 2141 1102 2171 usust.
1124 2141 1272 2176 Duas,
1292 2141 1422 2166 ruat;
1443 2141 1488 2166 τι
1513 2141 1637 2164 tcum
1650 2141 1768 2174 ιῠισ,

656 2187 860 2246 hruicis,
888 2183 1062 2233 Srmcis
1083 2189 1134 2231 et
1157 2180 1330 2230 latinis
1355 2178 1576 2226 habetur.

2327 643 2536 698 regnum
2568 624 2681 688 Dei,
2712 633 2756 678 et
2771 623 3030 696 justitiam
3052 621 3182 691 ejus,
3219 627 3264 671 et
3295 621 3402 669 Itazc
3423 613 3593 668 omnia
3610 610 3922 678 adjiciantur

2327 718 2462 773 nobis
2504 713 2719 790 (Matth.
2763 717 2816 770 6.
2851 713 2968 782 53).
2999 709 3059 767 Si
3098 723 3198 764 nos
3223 705 3365 761 enim
3389 745 3406 772 ,
3432 717 3552 758 cum
3578 698 3917 790 quidamsna

2329 788 2676 879 negligentes,
2707 803 2906 862 nostris
2933 800 3103 872 magis
3127 796 3439 868 advigilant,
3472 793 3615 846 omni
3647 788 3919 843 sollicitu-

2329 900 2453 954 dine
2493 913 2691 953 vacuos
2745 910 2866 952 esse
2918 906 3169 949 curamus
3202 909 3216 944 :
3247 888 3414 944 multo
3444 886 3610 955 magis
3630 884 3787 946 Deus,
3821 880 3912 948 qui

2330 1005 2436 1044 non
2469 988 2566 1044 hac
2603 988 2779 1042 habita
2805 985 3016 1041 ratione
3056 990 3236 1037 nostra
3262 987 3432 1042 curat,
3455 977 3622 1044 iisque
3648 969 3912 1043 providet.

2332 1079 2412 1133 Ne
2463 1081 2637 1149 itaque
2684 1077 2752 1133 de
2797 1076 2903 1130 tuis
2951 1073 3212 1130 sollicitus
3240 1070 3352 1131 sis.
3379 1069 3470 1124 sed
3517 1067 3607 1120 illa
3636 1063 3915 1118 committe

2334 1169 2465 1224 Deo.
2515 1168 2647 1223 Nam
2677 1168 2721 1222 si
2761 1176 2815 1221 tu
2858 1165 3121 1220 sollicitus
3149 1176 3229 1226 es,
3277 1168 3332 1214 ut
3363 1159 3524 1212 homo
3551 1167 3739 1216 coms;
3774 1153 3922 1206 Deus

2331 1277 2458 1317 vero
2489 1271 2546 1315 ut
2593 1261 2738 1316 Deus
2767 1257 3030 1330 providet.
3078 1254 3156 1310 Ne
3182 1267 3309 1322 ergo
3335 1251 3402 1306 de
3432 1250 3495 1303 iis
3533 1246 3790 1302 Sollicitus
3813 1243 3916 1307 sis,

2337 1351 2704 1422 praestantiora
2750 1349 3076 1418 relinquens,
3123 1342 3357 1414 alioquin
3411 1341 3549 1395 Deus
3600 1337 3684 1390 illa
3736 1335 3922 1389 minus

2332 1441 2571 1506 curabit;
2602 1449 2661 1496 ut
2690 1441 2778 1494 illa
2802 1455 2930 1510 ergo
2959 1437 3246 1509 diligenter
3273 1441 3446 1496 curet,
3475 1429 3574 1500 ipsi
3607 1427 3705 1482 soli
3737 1429 3923 1482 omnia

2333 1534 2622 1588 committe.
2673 1532 2728 1587 Si
2758 1533 2901 1588 enim
2929 1531 3127 1586 relictis
3148 1525 3532 1596 spiritualihus,
3565 1522 3651 1576 illa
3688 1531 3915 1583 tracaes,

2337 1642 2439 1681 non
2464 1641 2708 1695 magnam
2737 1638 2924 1680 eorum
2950 1623 3090 1676 Dens
3118 1629 3267 1689 geret
3297 1613 3698 1686 providentiam.
3721 1608 3787 1666 Ut
3816 1610 3924 1678 igi—

2339 1724 2423 1770 tur
2453 1725 2506 1770 et
2529 1717 2619 1770 tibi
2666 1718 2779 1770 hmo
2809 1721 2950 1768 recte
2989 1709 3282 1780 composita
3313 1707 3440 1770 sint,
3469 1713 3525 1759 et
3565 1699 3928 1756 soihcltndine

2335 1808 2477 1861 omni
2511 1806 2771 1868 libereris,
2795 1805 2939 1858 luere
2980 1795 3651 1872 Spiritualibus,sa-cnlaiia
3669 1792 3922 1860 despice:

2336 1900 2414 1953 sic
2442 1901 2584 1953 enim
2609 1910 2661 1953 et
2695 1908 2886 1952 terram
2916 1912 3035 1950 cum
3067 1893 3198 1948 caelo
3228 1889 3510 1951 obtinebis,
3541 1899 3591 1942 et
3621 1887 3790 1939 futura
3823 1886 3927 1937 ho-

2338 2003 2402 2042 na
2427 1988 2788 2058 consequeris,
2835 1986 3004 2057 gratia
3054 1992 3108 2037 et
3151 1981 3475 2050 benignitate
3519 1975 3720 2031 Domini
3755 1974 3927 2027 nostri

2333 2079 2458 2134 Jeso
2488 2078 2682 2134 Christi
2707 2121 2720 2140 ,
2750 2078 2835 2132 cui
2857 2077 3022 2148 gloria
3051 2084 3104 2129 et
3139 2071 3418 2143 imperium
3448 2070 3499 2123 in
3531 2067 3723 2122 sarcula
3754 2080 3933 2119 sarcu.

2338 2170 2531 2224 lorum.
2559 2172 2750 2224 Amen.

3443 2301 3812 2316 -μ

3813 2301 3930 2314 ε*

1780 2389 2137 2452 HOMILIA
2177 2391 2404 2457 LXIX.
2431 2395 2517 2457 al.
2563 2395 2765 2457 LXX.

656 2539 780 2604 Car.
824 2540 916 2595 ἥ.
959 2555 1010 2592 v.
1061 2539 1110 2592 1.
1167 2535 1231 2589 Et
1277 2532 1580 2604 respondens
1605 2530 1757 2587 Iesus
1801 2531 1929 2584 dixit
1962 2530 2145 2585 iterum
2180 2529 2234 2583 in

726 2631 980 2702 parabolis
1008 2629 1102 2683 εἳ.
1147 2625 1328 2682 Simile
1374 2634 1445 2680 est
1492 2638 1702 2695 regnum
1753 2621 1993 2675 caelorum
2045 2619 2236 2674 homini

727 2723 852 2794 regi,
882 2721 966 2791 qui
996 2720 1111 2790 fecit
1151 2718 1356 2788 nuptias
1403 2715 1512 2786 ﬁlio
1538 2714 1734 2769 suo-5.
1772 2711 1846 2766 Et
1889 2712 2024 2765 misit
2071 2727 2235 2766 servos

726 2830 844 2868 suos
874 2810 1309 2867 oocare‘inaitatos
1335 2806 1403 2861 ad
1430 2805 1631 2876 nuptias
1660 2819 1679 2858 :
1699 2814 1745 2858 et
1767 2804 2228 2859 nolueruntuenire.

729 2907 783 2959 4.
816 2904 1010 2958 Rursus
1035 2900 1168 2955 misit
1197 2900 1324 2953 alios
1351 2913 1535 2960 servos,
1566 2895 1737 2948 dicens
1763 2910 1782 2948 :
1807 2891 1970 2947 Dicite
1991 2892 2230 2957 invitatis,

728 2996 860 3051 Ecce
886 2993 1155 3065 prandium
1182 3005 1350 3044 meum
1379 2987 1572 3060 parari,
1597 2986 1730 3039 tauri
1747 2985 1846 3038 mei
1872 2993 1918 3040 et
1931 2984 2105 3038 'a'ltilia
2126 3001 2234 3036 mea

726 3087 888 3142 occisa
913 3093 1058 3150 sunt,
1086 3092 1131 3138 et
1157 3081 1325 3135 omnia
1365 3087 1580 3151 parata;
1629 3077 1789 3132 venite
1826 3077 1895 3128 ad
1922 3077 2137 3146 nuptias.
2175 3077 2231 3131 5.

726 3175 820 3230 Illi
843 3184 1011 3228 autent
1049 3187 1162 3226 cum
1186 3169 1513 3241 negligerent,
1541 3167 1788 3227 abierunt,
1819 3166 1951 3219 alias
1973 3167 2026 3219 in
2057 3183 2234 3237 agrum

729 3282 897 3330 suum,
923 3263 1056 3317 alius
1075 3261 1144 3315 ad
1166 3258 1550 3331 negotiationem
1575 3272 1740 3309 suam.
1761 3254 1815 3310 6.
1844 3255 2044 3327 Reliqui
2071 3266 2236 3309 autem

730 3365 995 3412 tenuerunt
1019 3369 1185 3409 servos
1221 3353 1351 3421 eius,
1379 3360 1425 3404 et
1465 3351 1770 3403 contumelia
1793 3345 2002 3414 affectos
2028 3348 2233 3419 interfe-

733 3457 924 3508 cerant.
952 3456 1057 3503 etc.
1665 3504 1672 3510 ⁸

743 3542 795 3596 1.
822 3538 990 3604 Hujus
1009 3547 1054 3590 et
1083 3534 1407 3606 pra'cedentis
1422 3532 1646 3586 Itomilitz
1662 3533 1995 3601 comparatio.
2042 3524 2240 3593 Ejeett’o

661 3634 692 3688 Ι
702 3634 978 3688 udteorum.
995 3628 1230 3685 Gentium
1256 3629 1468 3681 vocalia.
1488 3624 1689 3678 Excidii
1704 3621 2034 3692 Jerosolgmte
2050 3621 2238 3688 praedi-

667 3727 786 3781 ctio.
817 3753 888 3765 —
913 3720 1154 3777 Vidistin’
1179 3731 1234 3774 et
1277 3721 1329 3772 in
1371 3715 1689 3786 praecedenti
1719 3722 1774 3769 et
1801 3715 1850 3766 in
1877 3712 1976 3768 hac
1991 3712 2236 3782 parabola

670 3822 924 3883 quantum
965 3812 1187 3864 interest
1233 3806 1403 3861 ﬁlium
1457 3805 1594 3860 inter
1643 3814 1696 3858 et
1740 3803 1964 3858 servos?
2011 3800 2238 3855 vidistin’

672 3916 914 3974 magnam
943 3900 1084 3956 inter
1120 3886 1399 3968 utramq’ue
1424 3894 1732 3967 parabolam
1763 3892 2092 3956 affinitatem,
2127 3906 2234 3946 ma-

662 4008 926 4067 gnamque
962 3988 1356 4047 diﬁcrentiam?
1406 3988 1535 4044 Nam
1576 3988 1688 4043 lucc
1727 3987 1840 4056 ipsa
1867 3982 2100 4039 ostendit
2145 3983 2234 4037 Dei

664 4086 994 4142 tolerantiam
1041 4080 1533 4152 providentiamque
1575 4091 1840 4146 magnam,
1875 4075 2240 4144 ingratamque

665 4176 939 4232 Iudaicam
970 4171 1385 4242 improbitatem.
1443 4167 1640 4221 Verum
1695 4168 1807 4220 lucc
1851 4163 1978 4233 quid
2017 4163 2242 4232 amplius

669 4282 826 4338 quam
867 4266 956 4320 illa
985 4263 1163 4318 habet.
1191 4259 1517 4316 Prtenuntiat
1537 4259 1678 4312 enim
1707 4265 1758 4311 et
1792 4254 2096 4309 Judzeorum
2127 4253 2240 4322 eje-

669 4361 924 4423 ctionem,
955 4365 1010 4410 et
1062 4354 1295 4424 gentium
1345 4349 1676 4405 vocationem
1723 4364 1737 4401 :
1783 4354 1902 4414 post
1957 4346 2070 4400 hare
2116 4359 2244 4398 vero

667 4449 900 4507 ostendit
923 4457 976 4502 et
1005 4444 1216 4501 vivendi
1238 4443 1602 4511 disciplinam,
1633 4450 1686 4495 et
1710 4451 1903 4510 quanta
1933 4439 2244 4508 negligenti-

667 4546 764 4598 bus
794 4555 949 4612 pmna
989 4539 1059 4593 sit
1089 4547 1288 4606 parata.
1329 4534 1561 4604 Jureqne
1610 4533 1724 4587 haec
1755 4541 1872 4600 post
1899 4531 2044 4584 illam
2073 4531 2243 4598 posita

673 4643 774 4690 est.
820 4631 952 4699 Quia
981 4629 1121 4685 enim
1145 4626 1298 4687 dixit,
1334 4623 1552 4678 Dabitur
1592 4623 1728 4693 genti
1775 4621 1977 4692 facienti
2026 4612 2268 4690 fructum

674 4724 833 4791 ipsius
866 4720 1074 4790 (Matth.
1101 4717 1165 4770 2i
1221 4716 1333 4784 43),
1358 4715 1446 4769 hic
1469 4714 1726 4779 declarat,
1757 4718 1841 4784 cui
1867 4712 2042 4782 genti;
2075 4727 2247 4780 neque

677 4815 777 4868 hoc
826 4821 1050 4872 tantum,
1078 4808 1172 4862 sed
1200 4815 1254 4860 et
1283 4820 1342 4860 se
1373 4819 1556 4896 rurgns
1583 4804 1831 4859 ineﬂahili
1870 4817 1993 4870 erga
2034 4801 2246 4857 Judteos

677 4904 1001 4976 providentia
1023 4901 1116 4957 uti.
1136 4900 1210 4956 lbi
1236 4899 1378 4956 enim
1400 4907 1524 4952 ante
1550 4912 1759 4953 crucem
1787 4906 1956 4958 vocat,
1985 4896 2068 4948 hic
2089 4897 2247 4949 etiam

677 5007 795 5070 post
824 5009 1007 5052 necem
1054 4996 1233 5056 instat,
1282 5001 1335 5047 et
1373 4991 1540 5062 pergit
1597 4991 1714 5045 illos
1769 5004 1979 5044 vocare.
2017 4988 2084 5042 Et
2129 5002 2245 5043 cum

679 5088 991 5162 gravissima
1037 5084 1155 5139 illos
1206 5097 1358 5152 paena
1413 5083 1644 5152 plectere
1683 5097 1778 5151 par
1804 5081 2009 5146 luisset,
2038 5088 2162 5134 tunc
2183 5081 2246 5134 ad

678 5180 898 5250 nuptias
952 5179 1103 5247 ipsos
1151 5175 1351 5239 trahit,
1392 5179 1760 5246 supremoque
1816 5170 1978 5226 adicit
2017 5171 2243 5223 honoro.

683 5273 747 5328 Et
783 5273 1153 5327 animadverte
1203 5269 1473 5339 quomodo
1520 5277 1574 5324 et
1623 5268 1734 5324 illic
1778 5282 1886 5321 non
1925 5264 2078 5335 prius
2118 5279 2242 5333 gen-

684 5377 768 5423 tes
799 5377 956 5420 vocet
984 5363 1076 5417 sed
1105 5361 1324 5416 Iudaeos
1345 5401 1360 5422 .
1389 5369 1440 5415 et
1471 5361 1557 5413 hic
1591 5362 1844 5414 similiter
1872 5376 1885 5410 :
1916 5356 2013 5417 sed
2051 5372 2242 5422 quein—

678 5454 973 5514 admodum
1013 5450 1086 5506 ibi
1113 5492 1127 5517 ,
1153 5464 1273 5505 cum
1307 5447 1451 5501 illum
1491 5447 1762 5515 suscipere
1814 5444 2118 5509 noluerunt,
2147 5446 2252 5500 imo

677 5559 730 5602 cl
759 5545 1062 5601 venientem
1105 5542 1439 5607 occiderunt,
1475 5549 1601 5595 tunc
1629 5540 1837 5594 vineam
1880 5539 2029 5594 dedit
2060 5557 2073 5592 :
2103 5541 2171 5596 ita
2201 5553 2254 5597 ct

640 5629 657 5646 ’
679 5640 782 5704 hic,
811 5651 932 5694 cum
965 5635 1243 5691 nolderuut
1270 5633 1334 5688 ad
1374 5632 1584 5702 nuptias
1615 5631 1829 5695 venire,
1863 5631 1998 5686 alios
2025 5633 2249 5687 vocavit.

677 5732 812 5801 Quid
859 5745 986 5801 ergo
1031 5728 1134 5785 illis
1187 5729 1443 5798 ingratius
1491 5723 1672 5787 fuerit,
1699 5724 1914 5794 quando
1950 5726 2014 5779 ad
2048 5726 2254 5797 nuptias

679 5823 876 5884 vocati,
913 5819 1194 5877 resiliunt?
1238 5820 1354 5889 quis
1393 5817 1537 5874 enim
1577 5816 1642 5871 ad
1686 5816 1894 5888 nuptias
1922 5819 2102 5874 venire
2152 5839 2253 5879 non

2341 2543 2582 2606 optaret,
2603 2543 2658 2591 et
2694 2534 2759 2588 ad
2786 2533 2997 2603 nuptias
3023 2530 3182 2602 regis,
3211 2530 3298 2601 qui
3323 2528 3433 2583 ﬁlio
3459 2525 3691 2597 nuptiale
3734 2525 3931 2579 conri-

2343 2629 2483 2681 vium
2531 2627 2719 2696 parat?
2766 2626 2833 2680 Et
2859 2639 2984 2688 cur,
3016 2622 3220 2692 inquies
3244 2662 3260 2686 ,
3303 2622 3498 2694 nuptias
3540 2615 3828 2673 vocantur?
3859 2615 3933 2672 Ut

2342 2715 2848 2787 Dei/providentiam
2891 2727 3182 2783 agnoscas,
3216 2710 3440 2780 ejusque
3477 2723 3599 2779 erga
3647 2722 3744 2764 nos
3773 2723 3932 2760 amn-

2339 2825 2475 2874 rem,
2502 2822 2679 2863 rerum
2716 2805 3074 2877 splendorem,
3100 2813 3159 2858 ut
3192 2802 3324 2856 nihil
3374 2802 3444 2856 ibi
3486 2802 3636 2856 triste
3678 2801 3767 2862 sit,
3794 2800 3928 2852 nihil

2343 2899 2667 2964 luctuosum,
2694 2898 2789 2953 sed
2834 2898 3013 2951 omnia
3054 2895 3251 2966 gaudio
3276 2893 3534 2964 spirituali
3565 2892 3740 2962 plena.
3775 2891 3932 2946 Ideo-

2299 3025 2302 3029 λ
2340 3004 2444 3059 que
2466 3003 2718 3058 sponsum
2743 2988 2890 3042 illum
2920 2996 3074 3041 vocat
3098 2986 3331 3041 leannes
3361 2983 3510 3055 (Cap.
3543 2985 3598 3039 5.
3629 2982 3760 3052 29);
3807 2983 3931 3035 ideo

2342 3079 2534 3134 Paulus
2565 3079 2712 3145 dicit,
2743 3076 3003 3148 Despondi
3031 3094 3116 3131 vos
3144 3075 3234 3129 uni
3260 3076 3366 3128 viro
3390 3073 3465 3143 (2.
3496 3072 3613 3127 Cor.
3643 3074 3722 3127 11.
3747 3070 3842 3143 9);
3872 3084 3929 3124 et

2342 3185 2573 3234 rursum,
2627 3169 2925 3240 Mysterinm
2968 3169 3063 3222 hoc
3093 3183 3332 3238 magnum
3357 3175 3449 3227 est,
3479 3181 3571 3235 ego
3596 3175 3766 3219 autem
3809 3164 3930 3218 diro

2339 3262 2392 3314 in
2420 3259 2617 3315 Christo
2638 3269 2683 3314 et
2709 3260 2760 3313 in
2791 3258 3017 3314 Ecclesia
3047 3257 3272 3330 (Ep/tes.
3302 3258 3356 3314 5.
3382 3256 3451 3314 3‘3
3473 3257 3516 3326 ).
3536 3255 3643 3312 Cur
3671 3271 3799 3326 ergo
3821 3272 3930 3309 non

2343 3351 2483 3407 Patri
2510 3366 2703 3421 Sponsa
2734 3351 3050 3421 desponderi
3081 3350 3294 3415 dicitur,
3324 3350 3415 3405 sed
3446 3349 3578 3404 Filio
3598 3349 3623 3403 ?
3647 3348 3782 3417 Quia
3806 3365 3934 3420 qua:

2353 3441 2486 3496 Filio
2511 3441 2892 3511 despondetnr,
2925 3441 3064 3496 Patri
3095 3442 3474 3511 despondetur.
3528 3439 3656 3496 Nam
3687 3442 3739 3495 in
3781 3441 3934 3496 Scri-

2347 3543 2496 3603 ptura
2526 3533 2628 3588 hoc
2655 3533 2736 3588 vel
2781 3532 2908 3587 illud
2933 3531 3298 3588 indifferenter
3321 3533 3514 3587 dicitur
3534 3573 3548 3595 ,
3575 3533 3646 3586 ob
3673 3533 3934 3585 substan-

2346 3624 2430 3677 tize
2453 3623 2803 3679 identitatem.
2838 3622 3066 3678 Abhinc
3092 3638 3220 3679 vero
3261 3625 3702 3678 resurrectionem
3735 3623 3935 3692 pra-di-

2344 3726 2448 3769 cat.
2478 3714 2610 3782 Quia
2629 3717 2775 3770 enim
2801 3716 2851 3769 in
2880 3713 3302 3784 przecedentibns
3332 3725 3557 3770 mortem
3585 3713 3738 3781 dixit,
3767 3709 3929 3768 mon-

2343 3816 2475 3862 strnt
2533 3806 2617 3861 hic
2670 3817 2787 3878 p051
2828 3817 3049 3863 mortem
3102 3809 3311 3878 nuptias
3357 3822 3718 3878 Sponsumque
3771 3807 3920 3863 fore.
4009 3819 4016 3832 ·

2350 3897 2542 3952 Verum
2592 3898 2646 3953 bi
2696 3914 2763 3954 ne
2790 3900 2859 3955 ita
2884 3899 3095 3969 quidem
3132 3899 3380 3954 meliores
3428 3909 3550 3954 sunt
3599 3898 3796 3965 eﬂ'ecti,
3830 3915 3935 3954 nec

2347 3989 2615 4053 mitiores;
2649 4005 2754 4058 quo
2773 3989 2895 4059 quid
2927 3989 3164 4045 deterius
3193 3991 3300 4045 sit?
3349 3991 3556 4045 Etenim
3614 3991 3728 4045 haec
3769 3993 3933 4045 tertia

2351 4091 2434 4134 est
2488 4081 2774 4135 accusatio.
2824 4081 3033 4145 Prima,
3071 4082 3209 4150 quod
3265 4082 3555 4152 prophetas
3602 4081 3932 4146 occiderint;

2349 4173 2561 4236 deinde,
2595 4172 2736 4243 quod
2766 4173 2924 4228 etiam
2953 4173 3178 4239 Filium;
3211 4174 3443 4239 demum,
3471 4174 3612 4246 quod
3642 4189 3762 4230 cum
3789 4177 3937 4229 occi-

2349 4265 2567 4328 dissent,
2601 4275 2655 4320 et
2705 4264 2770 4319 ad
2825 4266 3032 4335 nuptias
3075 4267 3142 4320 ab
3181 4267 3356 4320 occiso
3404 4267 3790 4331 invitarentur,
3823 4281 3933 4321 non

2350 4359 2597 4424 veniant,
2655 4358 2746 4413 sed
2799 4371 2988 4412 causas
3043 4356 3537 4421 comminiscentur,
3572 4341 3696 4426 juga
3744 4357 3933 4418 boum,

2351 4463 2563 4511 usmes,
2608 4462 2801 4517 agros:
2833 4462 3152 4516 quamquam
3198 4445 3310 4500 lucc
3347 4447 3624 4500 videantur
3669 4446 3937 4501 rationem

2353 4539 2566 4618 habere.
2595 4537 2697 4591 Sed
2729 4537 2851 4592 inde
2877 4537 3153 4602 discimus,
3189 4536 3289 4590 etsi
3323 4537 3619 4590 necessaria
3653 4535 3941 4590 videantur

2351 4647 2468 4686 esse
2519 4630 2604 4683 illa
2630 4645 2748 4699 qua:
2779 4645 2874 4683 nos
2913 4630 3186 4693 retinent,
3219 4628 3510 4698 spiritualia
3551 4641 3765 4697 semper
3815 4643 3941 4684 esse

2352 4722 2749 4789 antepoiseudn.
2807 4719 2968 4774 Vocat
3013 4729 3212 4784 autem,
3269 4734 3373 4773 non
3423 4735 3610 4790 nuper,
3658 4717 3755 4773 sed
3811 4730 3943 4775 ante

2352 4815 2575 4867 multum
2607 4815 2878 4882 temporis.
2906 4812 3035 4866 Nam
3061 4814 3150 4878 ait,
3178 4812 3341 4866 Dicite
3365 4812 3608 4875 inritatis;
3630 4820 3685 4866 et
3719 4810 3942 4878 iterum,

2363 4901 2544 4960 Vocate
2569 4906 2821 4969 invitatos,
2848 4905 2988 4975 quod
3010 4914 3155 4960 certe
3181 4906 3380 4960 crimen
3402 4914 3580 4975 auget.
3609 4903 3673 4958 Et
3689 4905 3942 4972 quando-

2353 5012 2474 5050 nam
2507 4997 2674 5050 vocati
2697 5000 2856 5050 sinit?
2889 4996 2987 5050 Per
3011 4994 3302 5064 proiihetas
3327 5009 3534 5063 omnes,
3558 5009 3651 5064 per
3675 4993 3945 5049 Joannem

2356 5102 2592 5151 rursmn,
2622 5087 2714 5157 qui
2766 5101 2955 5141 omnes
3003 5087 3070 5140 ad
3122 5085 3391 5141 Christum
3444 5085 3686 5140 mittebat
3731 5085 3947 5152 dicens,

2360 5177 2517 5233 Illum
2547 5187 2736 5249 Oportet
2766 5194 3007 5241 crescere,
3037 5194 3116 5232 me
3144 5188 3310 5230 autem
3337 5177 3500 5230 minui
3529 5175 3711 5246 (Joan.
3739 5175 3795 5231 5.
3826 5177 3944 5242 50).

2359 5273 2460 5328 Per
2517 5274 2684 5342 ipsum
2718 5273 2949 5342 denique
2997 5273 3210 5336 Filium,
3255 5272 3345 5342 qui
3399 5273 3493 5344 ait,
3559 5270 3735 5326 Venite
3771 5272 3841 5325 ad
3870 5288 3956 5325 me

2359 5381 2528 5420 omnes
2547 5365 2632 5432 qui
2661 5364 2899 5419 laboratis
2935 5373 2982 5418 et
3011 5365 3206 5418 onerati
3256 5364 3391 5428 estis,
3418 5372 3464 5417 et
3490 5379 3581 5435 ego
3605 5363 3836 5429 reﬁciam
3857 5382 3954 5417 nos

2361 5455 2571 5529 (Matth.
2606 5457 2660 5510 li
2709 5455 2803 5522 28)
2825 5472 2838 5518 ;
2862 5465 2916 5510 et
2941 5469 3147 5520 rursus,
3179 5452 3240 5508 Si
3265 5455 3376 5524 quis
3400 5455 3525 5518 sitit,
3554 5452 3721 5508 veniat
3750 5452 3819 5506 ad
3847 5469 3952 5513 me.

2361 5561 2406 5603 et
2432 5547 2565 5601 bibat
2595 5546 2771 5617 (Joan.
2802 5549 2855 5602 7.
2885 5549 3000 5618 57).
3050 5547 3233 5617 Neque
3282 5546 3459 5601 verbis
3503 5555 3708 5601 tantum
3730 5587 3744 5607 ,
3776 5544 3872 5600 sed
3899 5554 3958 5598 et

2362 5641 2610 5710 operibus
2639 5640 2767 5710 ipsis
2793 5642 3031 5706 vocabat,
3052 5649 3241 5711 etpost
3260 5640 3681 5709 assumptionem
3705 5639 3826 5708 ejus
3858 5653 3960 5708 per

2365 5732 2577 5787 Petrum
2605 5741 2658 5786 et
2682 5731 2889 5795 socios;
2915 5747 3035 5786 nam
3070 5730 3170 5796 Qui
3191 5740 3428 5801 operatus
3450 5737 3526 5784 est
3552 5727 3727 5795 Petro,
3758 5728 3960 5799 inquit.

2363 5829 2415 5879 in
2461 5825 2797 5894 apostolatnm
2827 5824 3244 5889 circnmcisionis,
3284 5833 3522 5877 oneratus
3550 5830 3625 5876 est
3647 5832 3696 5873 et
3725 5821 3851 5875 mihi
3880 5823 3966 5875 in-
