4172 6486
677 416 744 464 1ϊὲ
756 416 770 466 1

676 544 859 597 magna
890 522 1265 594 negligentibus
1307 521 1543 592 imtninet
1572 535 1741 591 parua.
1771 517 2219 586 Quemadmodum

676 617 816 669 enim
845 616 939 681 illi,
967 612 1104 681 quod
1133 629 1235 665 non
1259 612 1527 675 venerint,
1556 611 1869 666 contumelia
1898 608 2182 664 affecerunt
2207 624 2221 662 :

676 709 754 763 sic
778 714 831 760 ct
850 714 922 765 tu,
944 705 1064 776 quia
1086 703 1151 758 ad
1172 711 1473 771 corruptam
1494 702 1649 756 vitam
1674 702 1750 756 sic
1771 700 2063 755 declinasti.
2092 698 2221 752 Nam

674 796 898 852 sordidis
941 795 1176 849 vestibus
1219 794 1446 855 intrare,
1490 792 1541 845 id
1584 800 1683 856 est,
1725 806 1845 845 cum
1890 791 2090 858 impura
2119 788 2221 841 vita

675 888 793 943 inde
833 888 1136 950 discedere;
1184 885 1404 954 ideoque
1438 883 1765 938 obmutuisse
1799 882 2009 937 dicitur.
2047 881 2208 935 Viden

673 979 933 1050 quomodo
962 978 1083 1032 licet
1111 992 1197 1031 res
1224 977 1301 1031 sic
1342 975 1615 1030 manifesta
1642 975 1749 1038 sit,
1795 988 1899 1028 non
1930 974 2071 1041 prius
2095 986 2221 1040 sup-

675 1048 823 1135 plicia
850 1067 1056 1129 inferat,
1085 1081 1239 1136 quam
1268 1066 1380 1135 ipse
1407 1073 1649 1133 peccator
1672 1048 1984 1118 sententiam
2013 1059 2225 1114 tulerit?

671 1158 803 1225 Quia
822 1160 961 1212 enim
983 1157 1113 1211 nihil
1135 1156 1453 1225 respondere
1472 1164 1695 1224 poterat,
1718 1152 2056 1221 semetipsum
2076 1151 2223 1205 dam-

677 1249 850 1309 nabat,
878 1258 929 1303 et
952 1247 1017 1300 ad
1044 1247 1277 1315 ingentes
1298 1247 1496 1314 rapitur
1517 1260 1715 1313 pcenas.
1747 1242 1823 1297 Ne
1846 1252 1998 1311 putes
2024 1250 2219 1302 autem,

673 1354 791 1391 cum
822 1336 1063 1392 tenebras
1088 1337 1259 1401 audis,
1288 1337 1384 1389 huc
1410 1335 1552 1388 illum
1581 1333 1837 1403 supplicio
1862 1332 2053 1402 puniri,
2081 1328 2221 1398 quod

675 1438 723 1483 in
753 1432 1033 1486 obscurum
1060 1429 1229 1483 locum
1249 1427 1490 1482 trudatur
1511 1425 1870 1485 solummodo;
1897 1422 1988 1476 scd
2018 1421 2103 1474 ubi
2134 1421 2219 1475 i3.

678 1520 877 1585 Fletus,
919 1528 967 1574 et
990 1518 1173 1573 stridor
1198 1518 1414 1571 dentium
1430 1557 1446 1581 ,
1475 1515 1616 1586 quod
1642 1512 1997 1568 intolerabiles
2020 1511 2222 1579 signifi-

672 1622 754 1665 rat
781 1609 1015 1664 dolores.
1047 1608 1235 1663 Audite
1274 1617 1525 1677 quOIquot
1554 1605 1921 1677 mysteriorum
1950 1610 2224 1657 consortes

671 1701 820 1766 ustis,
862 1709 915 1754 et
940 1699 1005 1753 ad
1033 1699 1237 1767 nuptias
1260 1696 1553 1751 adventatis
1578 1736 1592 1757 ,
1623 1694 1949 1762 sordidisque
1977 1690 2223 1757 Operibus

671 1792 897 1842 animant
929 1787 1161 1841 induitis.
1202 1784 1391 1839 Audite
1426 1783 1561 1838 unde
1589 1784 1755 1836 vocati
1786 1783 1919 1835 sitis.
1946 1780 2020 1833 Ex
2049 1778 2217 1833 trivio.

671 1881 893 1944 Quinam
920 1878 1123 1933 eratis?
1166 1876 1347 1930 Claudi
1389 1885 1442 1929 et
1483 1873 1608 1927 eieci
1648 1873 1851 1935 animo,
1900 1869 2036 1938 quod
2067 1869 2224 1936 longe

671 1969 877 2033 gravius
903 1977 985 2021 est
1026 1967 1263 2035 corporis
1307 1964 1559 2019 caecitate.
1601 1960 1958 2016 ilevercamini
1990 1957 2223 2011 vocantis

673 2058 1065 2127 benignitatem,
1097 2070 1356 2123 nemoque
1380 2054 1449 2107 sit
1476 2051 1702 2107 sordidis
1727 2049 1937 2104 indutus
1968 2047 2219 2111 vestibus,

670 2149 761 2200 sed
787 2148 1008 2217 quisque
1034 2156 1269 2200 nostrum
1297 2144 1484 2198 animae
1512 2142 1759 2196 amictum
1786 2148 2083 2209 componat.
2114 2138 2222 2191 An-

671 2240 812 2305 ilitc,
856 2239 1132 2301 mulieres,
1174 2237 1382 2297 audite,
1429 2234 1545 2287 viri.
1588 2232 1699 2286 Non
1731 2232 1812 2285 his
1834 2229 2067 2284 vestibus
2090 2241 2223 2296 opus

672 2330 875 2383 habetis
900 2344 1032 2383 auro
1062 2327 1305 2391 intextis,
1331 2341 1448 2395 qua:
1474 2325 1730 2379 exteriora
1763 2332 1968 2386 nostra,
1999 2320 2091 2375 scd
2120 2320 2223 2373 illis

667 2434 785 2487 qua:
815 2417 1063 2471 interiora
1092 2424 1299 2468 ornant.
1332 2414 1508 2467 Donec
1537 2411 1652 2466 illas
1679 2412 1985 2473 retinemus,
2014 2408 2110 2463 has
2140 2408 2222 2460 in-

667 2511 829 2564 ducre
857 2508 1069 2563 difllcile
1103 2516 1202 2561 est.
1252 2505 1364 2559 Non
1409 2516 1686 2573 possumus
1726 2502 1953 2556 animam
1986 2501 2144 2554 simul
2170 2507 2225 2556 et

666 2616 858 2669 corpus
883 2614 1091 2653 ornare.
1123 2597 1234 2651 Non
1279 2610 1556 2664 possumus
1581 2602 1752 2658 certe,
1802 2608 1903 2647 non
1947 2606 2224 2660 possumus

672 2706 928 2745 mamonae
949 2690 1150 2745 servire
1173 2698 1226 2742 et
1249 2685 1459 2740 Christo
1488 2685 1701 2739 obedire
1729 2693 1783 2736 ut
1814 2699 1905 2752 par
1930 2691 2089 2736 esset.
2120 2682 2222 2733 De-

672 2795 923 2848 pouamus
948 2795 1076 2847 ergo
1104 2777 1240 2831 hanc
1267 2791 1474 2845 gravem
1505 2772 1849 2845 tyrannidem.
1879 2771 2059 2840 Neque
2081 2770 2220 2824 enim

668 2872 709 2922 si
732 2870 849 2938 quis
872 2864 1083 2923 domum
1111 2868 1368 2936 tapetibus
1393 2865 1568 2918 aureis
1590 2872 1821 2925 ornaret,
1849 2872 2003 2930 teque
2023 2860 2220 2914 nudmn

666 2975 787 3013 cum
832 2959 1018 3027 pannis
1062 2956 1248 3011 laceris
1292 2954 1478 3009 sedere
1516 2954 1751 3021 iuberet,
1791 2951 1841 3005 id
1868 2950 2221 3021 immanium

667 3051 852 3104 ferres.
900 3051 968 3101 At
1009 3062 1149 3101 mmc
1187 3046 1298 3115 ipse
1338 3044 1429 3099 tibi
1475 3044 1609 3097 hanc
1637 3042 1875 3111 injuriam
1906 3041 2066 3102 facis,
2098 3055 2217 3094 cum

666 3142 880 3193 domum
905 3140 1095 3193 animat:
1120 3147 1220 3191 tua-
1238 3177 1251 3199 ,
1282 3150 1471 3205 corpus
1496 3135 1714 3197 scilicet,
1744 3133 2034 3188 innumeris
2060 3145 2221 3185 ornas

666 3230 875 3293 au|:cis,
912 3230 1052 3282 illam
1081 3243 1207 3281 vero
1243 3240 1527 3295 pannosam
1562 3226 1747 3279 sedere
1773 3222 1923 3277 sinis.
1955 3224 2035 3276 An
2067 3222 2218 3290 igno—

668 3337 772 3387 ms,
812 3337 987 3391 regem
1029 3320 1192 3388 magis
1220 3334 1375 3386 quam
1418 3317 1680 3370 civitatem
1719 3314 1893 3367 ornari
1936 3312 2220 3382 oportere?

667 3413 892 3482 Ideoque
938 3412 1134 3464 civitati
1179 3411 1290 3464 vela
1333 3424 1395 3463 ex
1439 3409 1548 3462 lino
1578 3416 1859 3476 parantur,
1892 3404 2000 3475 regi
2043 3414 2216 3458 autem

666 3518 890 3573 purpura
933 3500 1263 3558 et'diadema
1289 3499 1497 3552 dantur.
1542 3498 1627 3553 Sic
1665 3507 1719 3552 et
1748 3507 1800 3550 tu
1836 3510 2029 3563 corpus
2066 3495 2219 3563 longe

664 3596 846 3648 viliore
871 3592 1025 3646 indue
1050 3593 1243 3645 amictu
1275 3591 1370 3657 (η),
1398 3590 1585 3642 auium:
1616 3603 1741 3640 vero
1765 3601 1993 3656 purpura
2022 3584 2217 3637 indute

661 3698 908 3739 coronam
939 3683 1182 3749 impone,
1227 3689 1281 3733 et
1321 3679 1371 3733 in
1416 3678 1622 3731 sublimi
1653 3677 1785 3731 solio
1810 3676 2091 3731 constitue.
2136 3673 2215 3729 Tu

666 3790 793 3828 vero
833 3773 1152 3826 contrariqu
1186 3770 1310 3823 facis
1329 3811 1342 3833 ,
1370 3769 1494 3822 dum
1526 3769 1706 3821 urbem
1737 3767 1877 3821 varie
1907 3780 2093 3828 ornas,
2124 3780 2213 3819 rc—

660 3880 775 3927 item
806 3878 931 3915 vero
954 3902 969 3922 .
1010 3863 1122 3915 sive
1150 3869 1379 3915 mentem
1404 3901 1416 3922 ,
1449 3860 1577 3913 sinis
1603 3860 1792 3912 victum
1822 3856 1957 3911 trahi
1981 3872 2009 3909 a
2042 3856 2215 3925 pravis

658 3956 949 4009 alfectihns.
978 3954 1090 4008 Non
1118 3954 1336 4022 cogitas,
1384 3942 1435 4006 te
1471 3952 1535 4004 ad
1579 3951 1783 4018 nuptias
1808 3961 1862 4004 et
1888 3950 1976 4003 Dei
2004 3950 2214 4017 nuptias

662 4058 901 4099 vocatmu
931 4047 1086 4099 esse?
1136 4060 1239 4097 nou
1269 4042 1468 4111 cogitas
1495 4058 1602 4109 quo
1631 4050 1780 4108 pacto
1821 4040 1871 4093 in
1904 4038 2000 4092 hos
2040 4038 2211 4091 thala-
2246 4070 2250 4075 -

660 4152 775 4188 inus
799 4145 1040 4188 vocatam
1066 4134 1293 4186 animam
1320 4133 1516 4184 intrare
1545 4138 1804 4197 oporteat,
1836 4129 2024 4183 vestitu
2046 4128 2212 4183 deau-

662 4233 775 4278 rato
802 4222 1201 4280 circumdatam.
1228 4226 1476 4274 varietate
1497 4220 1767 4273 ornatam?

730 4315 784 4366 5.
818 4312 907 4366 Vis
936 4310 1207 4365 ostendam
1240 4311 1328 4363 tibi
1363 4309 1450 4378 qui
1479 4308 1584 4383 sint
1624 4324 1748 4361 vere
1785 4308 1852 4361 ita
1882 4307 2095 4361 amicti?
2121 4308 2208 4375 qui

657 4403 801 4457 veste
829 4401 1046 4470 nuptiali
1076 4400 1392 4454 induantur?
1428 4384 1728 4453 Recordare
1763 4410 2063 4453 sanctorum
2090 4399 2208 4453 illo-

656 4508 769 4544 rum
790 4530 806 4556 ,
836 4491 903 4544 de
927 4490 1118 4558 quibus
1146 4504 1310 4557 nuper
1336 4489 1440 4542 dixi
1467 4529 1481 4553 ,
1508 4488 1593 4557 qui
1620 4488 1792 4542 cilicio
1820 4488 2125 4550 induuntur,
2157 4498 2211 4541 et

653 4585 861 4637 deserta
906 4584 1157 4636 incolunt.
1206 4582 1265 4634 lli
1312 4582 1543 4633 maxime
1582 4591 1776 4633 vestem
1806 4577 2091 4646 nuptialem
2117 4576 2211 4629 ba-

654 4676 887 4728 bentzet
916 4672 1040 4725 hinc
1078 4671 1327 4740 liquidum
1374 4680 1473 4732 est,
1513 4669 1649 4737 quod
1695 4670 1737 4721 si
1780 4669 1883 4721 illis
1923 4682 2207 4737 purpuram

655 4763 845 4817 utieras
866 4803 881 4826 ,
922 4762 1159 4831 accipere
1185 4762 1386 4813 nolint:
1411 4760 1503 4813 sed
1533 4759 1971 4827 quemadmodum
2002 4776 2091 4813 rex
2122 4760 2205 4813 in-

655 4856 902 4908 dumenta
934 4852 1175 4923 pauperis
1214 4851 1387 4904 oblata
1412 4890 1425 4913 ,
1472 4850 1548 4904 sic
1579 4850 1649 4903 illi
1680 4852 1873 4919 regiam
1920 4866 2203 4920 purpuram

652 4953 978 5014 respuerent.
1010 4944 1116 4999 Nec
1147 4943 1244 4995 alia
1275 4941 1340 4995 de
1365 4958 1519 4995 causa
1550 4940 1637 4993 illo
1665 4952 1784 4994 sunt
1811 4941 2017 5001 achctu,
2046 4960 2202 5011 quam

649 5038 789 5107 quod
823 5036 1259 5104 pulchritudinem
1290 5034 1447 5085 vestis
1477 5048 1585 5086 suae
1629 5034 1888 5086 noverint.
1923 5033 2045 5086 ideo
2074 5049 2200 5100 pur-

650 5142 862 5195 puream
892 5126 1029 5179 illam
1060 5134 1256 5177 vestem
1287 5131 1339 5174 ut
1364 5136 1571 5174 aranea:
1596 5122 1749 5173 telam
1778 5133 2049 5190 respuunt.
2082 5123 2202 5175 Haec

647 5218 787 5269 enim
820 5218 935 5268 illos
962 5215 1188 5269 cilicium
1216 5213 1393 5264 docuit
1418 5229 1431 5265 :
1456 5226 1575 5263 nam
1602 5222 1723 5264 sunt
1749 5211 1861 5281 ipso
1888 5228 2010 5280 rcgc
2036 5212 2200 5265 subli-

646 5310 841 5362 miurcs
882 5319 936 5363 et
975 5304 1377 5375 splendidiores.
1409 5304 1485 5356 Ac
1508 5304 1550 5355 si
1582 5318 1762 5371 posses
1781 5303 1969 5371 janoas
2009 5304 2201 5357 mentis

646 5414 828 5451 eorum
854 5399 869 5429 ⁸
902 5396 1128 5464 aperire,
1175 5395 1511 5463 ipsorumque
1550 5394 1773 5445 animam
1824 5394 2021 5456 videre,
2069 5394 2202 5445 inte—

646 5494 940 5558 rioremque
983 5497 1223 5541 ornatum
1267 5503 1514 5551 omnem,
1562 5486 1611 5538 in
1666 5494 1852 5538 terram
1892 5485 2195 5547 dccidercs,

706 5651 720 5679 ³
750 5646 929 5705 .uorel.,
953 5643 1114 5709 templi
1135 5658 1315 5699 eorum,
1342 5644 1481 5691 male.

702 5732 773 5786 (ιε)
797 5732 894 5838 tibi,
918 5737 1041 5777 stent
1060 5730 1102 5776 in
1124 5726 1284 5776 multis
1309 5724 1411 5773 aliis
1432 5725 1572 5785 hujus
1595 5724 1801 5774 humilia:
1826 5724 1957 5783 locis,
1982 5722 2106 5772 male
2125 5723 2195 5773 le-

702 5800 711 5838 ι
736 5798 857 5838 More
884 5825 895 5837 .
998 5824 999 5827 η

641 5805 670 5850 α
694 5800 711 5841 ι
736 5798 895 5839 Morel.

1394 409 1451 462 S.
1488 405 1759 465 JOANNIS
1779 404 2245 462 CllllYSOSTOMl
2286 402 2594 462 ARCIIIEP.
2633 403 3157 462 CONSTANTINOP.

3786 407 3898 466 639

2327 531 2447 571 cum
2480 534 2581 571 non
2630 517 2797 572 ferres
2828 526 2983 571 Lauta!
3020 516 3420 586 pulchritudinis
3447 520 3808 589 splendorem,
3833 533 3894 578 et

2328 624 2347 659 ι
2359 613 2548 663 αςιὶιιηι
2567 608 2842 678 fulgorem.
2863 624 3066 664 necnon
3084 609 3256 679 fulgur
3270 611 3608 666 conscientiae
3627 602 3891 684 ipsorum.

2325 696 2608 753 Posscmus
2632 698 2870 767 exempla
2887 698 3127 769 proferre
3143 710 3378 754 veterum
3401 716 3707 770 magnorum
3728 713 3896 773 atque

2326 787 2641 843 mirabilium
2668 788 2966 855 hominum;
2989 788 3082 843 sed
3101 790 3220 859 quia
3244 789 3482 844 rudiores
3500 791 3736 859 exempla
3766 807 3897 861 qua:

2324 877 2422 931 sub
2451 878 2635 933 oculos
2658 878 2849 933 cadum
2869 878 3033 947 magis
3053 878 3340 943 concitant,
3363 878 3482 934 ideo
3503 894 3597 934 vos
3615 880 3680 934 ad
3705 881 3860 936 taber
3876 910 3896 923 -

2326 968 2510 1021 uacula
2554 979 2852 1023 sanctorum
2900 968 3118 1023 isterum
3160 970 3331 1023 mitto.
3376 968 3515 1023 Nihil
3556 971 3699 1025 enim
3735 972 3894 1026 triste

2326 1062 2552 1126 habent;
2580 1062 2672 1117 sed
2702 1072 2878 1129 utpote
2907 1062 2997 1132 qui
3025 1064 3075 1117 iu
3102 1062 3249 1118 uelis
3274 1064 3477 1134 tuguria
3502 1078 3596 1119 sna
3625 1063 3895 1120 fundave-

2327 1155 2449 1217 rint,
2480 1154 2555 1207 sic
2582 1154 2761 1220 procul
2790 1170 2854 1208 ex
2883 1152 3038 1222 hujus
3062 1155 3184 1208 vita:
3213 1154 3437 1209 miseriis
3464 1154 3719 1219 habitant,
3748 1156 3899 1209 mili-

2328 1255 2495 1298 tantes
2518 1254 2700 1298 contra
2727 1244 3015 1312 diabolum,
3041 1253 3096 1299 et
3123 1244 3271 1313 quasi
3297 1244 3518 1301 choreas
3545 1257 3782 1316 agentes,
3809 1248 3895 1301 sic

2327 1335 2517 1389 bellum
2544 1344 2734 1404 gerunt
2770 1336 3027 1390 adversus
3052 1350 3196 1391 eum.
3233 1336 3354 1391 Ideo
3382 1338 3703 1392 constructis
3735 1348 3895 1407 tugu-

2325 1428 2416 1481 riis
2439 1466 2453 1491 ,
2483 1427 2639 1481 urbes
2659 1468 2674 1490 ,
2708 1424 2880 1481 forum
2904 1468 2920 1493 ,
2946 1427 3134 1481 domos
3162 1426 3385 1496 fugiunt.
3412 1427 3543 1483 Nam
3573 1428 3660 1498 qui
3688 1428 3891 1483 bellum

2325 1517 2482 1585 gerit,
2527 1531 2629 1569 non
2656 1516 2813 1570 debet
2838 1516 2981 1570 domi
3010 1516 3227 1582 sedere;
3259 1516 3351 1573 sed
3379 1530 3619 1587 prompte
3646 1528 3892 1588 paratum

2324 1605 2644 1659 domicilium
2673 1605 2861 1658 haheat
2888 1614 3131 1675 oportet,
3161 1615 3217 1659 ut
3246 1606 3335 1675 qui
3363 1607 3471 1661 cito
3501 1608 3759 1677 proﬁcisci
3789 1609 3891 1662 de-

2326 1694 2465 1748 heat.
2494 1694 2651 1749 Tales
2679 1702 2803 1750 sunt
2827 1694 2902 1748 illi
2926 1710 3133 1759 omnes,
3166 1704 3350 1750 contra
3372 1712 3527 1766 quam
3557 1712 3655 1753 nos
3678 1712 3890 1752 sumus.

2323 1786 2429 1840 Nos
2455 1787 2647 1855 quippe
2690 1801 2793 1840 non
2833 1794 2889 1840 ut
2930 1787 2981 1840 in
3028 1786 3302 1851 exercitu,
3351 1787 3445 1841 sed
3484 1788 3634 1858 quasi
3677 1788 3728 1841 in
3758 1804 3895 1857 pace

2325 1878 2528 1931 fruente
2554 1876 2683 1931 urbe
2704 1876 2945 1930 vivimus.
2978 1876 3106 1942 Quis
3130 1877 3270 1930 enim
3296 1891 3546 1945 umquam
3572 1877 3623 1931 in
3649 1878 3892 1931 exercitu

2323 1964 2662 2021 fundamenta
2706 1965 2832 2034 jacit
2856 2006 2871 2031 ,
2906 1976 2959 2020 et
2983 1966 3195 2020 domum
3226 1965 3516 2033 construit,
3546 1982 3702 2035 quam
3728 1969 3893 2035 paulo

2323 2064 2442 2125 post
2481 2056 2763 2111 relicturus
2808 2058 2926 2111 est?
2968 2056 3136 2112 Nemo
3180 2057 3459 2111 sane:sed
3503 2068 3556 2111 et
3599 2058 3643 2112 si
3686 2059 3810 2128 quis
3836 2058 3891 2112 id

2324 2147 2639 2210 tcutaverit,
2686 2158 2742 2201 ut
2788 2148 3024 2217 proditor
3062 2147 3336 2203 occiditur.
3379 2146 3507 2215 Quis
3549 2148 3601 2203 in
3650 2150 3891 2203 exercitu

2316 2247 2481 2311 terra:
2508 2238 2687 2308 jugera
2718 2238 2883 2303 emit,
2930 2249 2980 2294 et
3032 2239 3412 2308 negotiationes
3438 2239 3692 2308 apparat?
3716 2238 3894 2293 Nemo

2322 2338 2500 2394 certe,
2544 2341 2598 2382 et
2628 2329 2748 2397 jure
2788 2330 3022 2399 quidem.
3069 2328 3198 2382 Nam
3225 2327 3294 2384 ad
3319 2327 3621 2383 bellandum
3650 2315 3889 2394 venisti,

2326 2435 2426 2471 nun
2457 2419 2522 2473 ad
2550 2419 2940 2488 negotiandum.
2963 2418 3096 2487 Quid
3123 2419 3283 2489 igitur
3302 2417 3510 2473 laboras
3528 2419 3664 2474 circa
3686 2420 3888 2485 locum,

2324 2523 2478 2577 quem
2507 2510 2664 2579 paulo
2695 2518 2812 2578 post
2853 2509 3130 2564 relicturus
3171 2508 3268 2563 es?
3306 2507 3434 2562 Cum
3467 2510 3517 2562 in
3546 2509 3767 2578 patriam
3797 2525 3891 2564 vc-

2324 2600 2557 2653 neriutus
2586 2599 2635 2653 id
2664 2599 2852 2664 facito;
2880 2616 2998 2655 cum
3040 2601 3091 2653 in
3117 2615 3398 2669 supernam
3430 2601 3694 2655 civitatem
3721 2600 3891 2656 adve-

2324 2688 2577 2753 neritnus,
2606 2688 2688 2744 his
2713 2688 2906 2744 fruere.
2935 2690 3059 2744 Hcce
3090 2690 3181 2744 tibi
3209 2705 3348 2744 nunc
3370 2690 3523 2751 dico;
3553 2706 3672 2746 cum
3698 2707 3891 2761 super-

2324 2792 2443 2831 nam
2484 2778 2870 2845 possessionem
2918 2778 3055 2833 nacti
3100 2778 3389 2843 fuerimus,
3434 2791 3558 2835 tunc
3598 2780 3649 2836 id
3691 2779 3888 2843 facito;

2324 2868 2428 2919 imo
2456 2866 2580 2921 nihil
2612 2868 2700 2921 tibi
2732 2869 2836 2922 illic
2864 2856 3041 2925 labore
3068 2884 3200 2939 Opus
3226 2870 3365 2925 erit:
3397 2871 3505 2926 llcx
3538 2873 3676 2927 enim
3706 2876 3890 2930 omnia

2324 2958 2426 3011 illic
2468 2969 2738 3027 operatur.
2794 2958 2887 3013 llic
2936 2960 3088 3014 nobis
3130 2960 3259 3014 satis
3309 2972 3388 3015 est
3438 2961 3629 3016 fossam
3674 2979 3889 3032 parare,

2320 3047 2513 3100 vallum
2541 3049 2730 3115 figere:
2755 3047 2956 3103 aedilicii
2992 3049 3128 3103 nulla
3160 3050 3446 3105 necessitas
3474 3062 3575 3106 est.

2398 3137 2822 3192 Hantaxobiorum
2842 3148 2890 3193 et
2913 3137 2966 3192 Ν
2969 3140 3202 3193 amudum
3230 3141 3347 3193 vita.
3388 3140 3500 3195 Vita
3528 3145 3889 3197 monachorum

2320 3246 2469 3298 quam
2495 3240 2686 3284 sancta.
2713 3259 2783 3269 —
2806 3230 2942 3285 Audi
2971 3246 3211 3298 quasnam
3239 3232 3309 3285 sit
3338 3231 3780 3311 HantaXohiorum
3810 3238 3891 3305 (η)

2319 3317 2631 3388 Scytharum
2671 3318 2795 3381 vita,
2820 3319 2959 3387 quod
2986 3318 3276 3373 Nomadum
3308 3320 3600 3375 institutum
3624 3322 3764 3377 vitm.
3796 3327 3890 3380 Sic

2320 3419 2585 3478 oporteret
2615 3409 2939 3462 Christianos
2965 3410 3139 3464 vivere
3162 3452 3178 3476 ,
3207 3425 3302 3479 per
3338 3410 3521 3466 orbem
3564 3414 3844 3469 circumire
3868 3460 3885 3479 ,

2320 3509 2500 3552 contra
2526 3498 2795 3551 diabolum
2830 3510 3139 3568 pugnantes,
3174 3500 3408 3569 captivos
3435 3502 3501 3556 ab
3528 3503 3616 3557 illo
3639 3503 3889 3562 detentus

2320 3592 2622 3652 liberautes,
2669 3591 2862 3644 relictis
2902 3591 3146 3646 omnibus
3189 3592 3527 3647 stecularibus
3569 3594 3744 3649 rebus.
3779 3598 3890 3652 Cur

2317 3685 2529 3738 dummn
2558 3698 2781 3751 apparas
2805 3724 2819 3748 ,
2860 3700 2893 3734 o
2921 3683 3118 3737 homo?
3142 3699 3208 3738 an
3235 3694 3293 3738 ut
3322 3684 3543 3753 tcipsum
3575 3687 3739 3755 magis
3766 3690 3886 3742 vin-

2315 3775 2457 3827 eias‘!
2483 3774 2589 3827 Cur
2616 3775 2920 3827 thesaurum
2951 3774 3153 3829 deludis
3176 3817 3192 3839 ,
3236 3785 3291 3830 et
3318 3775 3588 3830 inimicum
3620 3792 3801 3833 contra
3832 3790 3886 3836 te

2316 3864 2541 3918 incitas?
2566 3879 2660 3917 cur
2687 3880 2814 3917 muri
2837 3879 2863 3918 s
2893 3863 3121 3918 nidificas
3144 3906 3157 3927 ,
3186 3873 3240 3919 et
3267 3866 3355 3919 tibi
3388 3882 3654 3922 carcerem
3684 3884 3839 3936 paras
3860 3872 3885 3924 ?

2314 3954 2464 4019 Quod
2494 3954 2536 4007 si
2566 3952 2678 4006 lucc
2710 3953 2797 4006 tibi
2826 3953 3059 4007 dil‘licilia
3088 3970 3206 4008 esse
3234 3956 3527 4022 vidcantur,
3574 3958 3637 4012 ad
3669 3960 3881 4015 illorum

2319 4046 2657 4100 tabernacula
2689 4060 2966 4114 pergamus
2990 4086 3004 4111 ,
3048 4056 3104 4099 ut
3145 4062 3207 4100 ex
3239 4063 3401 4116 opere
3422 4091 3435 4111 ,
3472 4050 3881 4108 rei-facilitatem

2314 4136 2629 4189 ediscamus.
2652 4134 2782 4188 Nam
2811 4149 2928 4188 cum
2959 4136 3159 4205 tuguria
3190 4137 3260 4189 illi
3284 4139 3645 4205 excitaverint,
3672 4142 3719 4197 si
3742 4158 3883 4212 opus

2312 4226 2379 4278 sit
2396 4224 2535 4277 illinc
2553 4224 2843 4287 discedere,
2858 4223 2934 4277 sic
2948 4225 3232 4279 abscedunt
3253 4237 3300 4280 ut
3322 4228 3514 4284 milites
3530 4231 3616 4299 qui
3637 4238 3881 4301 tempore

2316 4314 2456 4381 pacis
2480 4314 2773 4367 exercitum
2800 4314 3118 4383 relinquunt.
3150 4315 3278 4369 Nam
3308 4317 3358 4370 hi
3383 4319 3625 4374 similiter
3651 4325 3878 4377 tentoria

2315 4404 2477 4471 tigunt
2495 4443 2509 4461 ,
2537 4402 2628 4456 sed
2657 4402 2811 4472 longe
2838 4406 3070 4459 suavius.
3102 4405 3231 4458 Nam
3264 4407 3415 4475 longe
3439 4411 3652 4464 suavius
3677 4424 3757 4466 est
3783 4429 3879 4467 Su-

2313 4492 2587 4546 litudinem
2634 4493 2812 4548 videre
2860 4493 3157 4562 frequentes
3203 4497 3498 4551 monachos
3548 4499 3875 4571 habentem,

2288 4597 2466 4649 quam
2508 4582 2701 4636 milites
2747 4582 2797 4635 in
2842 4584 3073 4636 exercitu
3119 4585 3229 4638 vela
3274 4587 3573 4653 tendentes,
3611 4600 3661 4642 et
3693 4589 3877 4645 hastas

2312 4669 2564 4740 figentes,
2593 4682 2648 4724 et
2668 4687 2697 4723 a
2728 4671 2945 4740 cuspide
2989 4672 3251 4727 hastarum
3280 4690 3465 4730 crocea
3496 4679 3644 4745 pallia
3669 4678 3875 4747 depen-

2308 4760 2536 4827 dentes;
2595 4762 2866 4815 hominum
2922 4763 3310 4818 multitudinem
3363 4769 3524 4820 wueis
3569 4768 3874 4837 capitibus,

2310 4852 2566 4905 umbones
2608 4852 2913 4921 clypeorum
2961 4854 3218 4923 fulgorem
3264 4856 3485 4908 multum
3533 4859 3872 4928 emittentrs,

2311 4944 2484 4996 loricis
2516 4944 2726 4996 indutos
2754 4942 2944 4998 ferreis
2964 4986 2979 5011 ,
3014 4946 3209 5015 regiam
3256 4957 3497 5015 prompte
3523 4960 3777 5017 palatum.
3811 4954 3869 5005 il-

2311 5035 2493 5102 losque
2520 5050 2704 5089 otnnes
2733 5036 3047 5103 prandentes
3092 5047 3145 5089 et
3186 5037 3306 5089 tibia
3350 5038 3608 5093 ludentes.
3641 5039 3754 5094 Non
3801 5046 3872 5096 ita

2304 5128 2590 5195 jucundum
2621 5128 2718 5181 hoc
2749 5127 3009 5181 theatrum
3054 5138 3135 5182 est
3156 5168 3171 5192 ,
3200 5145 3353 5196 quam
3387 5130 3487 5184 hoc
3508 5130 3575 5185 de
3600 5146 3705 5199 quo
3730 5148 3874 5190 nunc

2309 5219 2511 5285 loquor.
2541 5218 2669 5271 Nam
2695 5218 2736 5271 si
2761 5219 2811 5271 in
2837 5220 3171 5272 solitudinem
3196 5220 3465 5285 abeamus,
3494 5221 3874 5293 videamusque

2308 5309 2531 5361 militum
2557 5308 2751 5362 Christi
2782 5309 3113 5363 tabernacula
3140 5350 3155 5372 ,
3198 5326 3301 5363 non
3330 5312 3442 5363 vela
3476 5321 3693 5366 extensa
3724 5313 3872 5369 vitle-

2306 5399 2495 5463 bimus,
2542 5416 2645 5453 non
2693 5399 2958 5453 hastarum
3002 5399 3265 5468 cuspides,
3310 5415 3414 5453 non
3462 5401 3639 5470 peplos
3678 5419 3875 5460 aureos

2306 5489 2500 5541 tholum
2550 5490 2746 5555 regium
2792 5488 3113 5554 efﬁcientes,
3160 5489 3252 5542 sed
3297 5505 3357 5543 ac
3400 5490 3445 5544 si
3486 5492 3603 5559 quis
3643 5492 3692 5543 iu
3728 5501 3873 5547 terra

2366 5602 2435 5661 (α)
2460 5602 2861 5669 De_ttaina_xuhiis
2882 5603 3087 5669 Scythis,
3113 5602 3195 5663 qui
3230 5603 3277 5651 in
3301 5602 3527 5664 plaustris
3544 5603 3692 5651 vitam
3711 5603 3875 5669 dege-

2302 5664 2431 5718 bant,
2458 5662 2591 5709 multi
2618 5665 2885 5723 scripsere.
2910 5662 3131 5711 Horatius
3154 5678 3166 5710 :

2514 5722 2727 5795 (inerunt
2737 5723 2953 5795 plaustra
2977 5737 3116 5794 togas
3140 5722 3230 5793 rite
3254 5722 3443 5795 trahunt
3467 5724 3639 5795 (fatuas.

2309 5784 2379 5833 De
2407 5785 2685 5833 muralibus
2708 5784 2812 5834 sive
2835 5786 3073 5848 pecuariis
3098 5786 3272 5847 passim
3293 5784 3576 5833 Herminius.
