4172 6490
250 452 359 505 (ιῗῖῗι

251 571 429 623 multo
450 568 551 618 hac
574 564 765 619 latiore
784 573 835 614 et
854 561 1112 615 immensa
1134 556 1329 611 multos
1345 553 1653 608 ostenderet
1670 552 1848 611 c;rlos,

257 672 457 712 ll0\'llln
487 666 649 725 atque
675 651 918 706 mirabile
943 650 1212 703 theatrum
1241 645 1568 706 ostenderet,
1598 642 1666 695 ita
1695 650 1750 696 et
1778 641 1847 693 ibi

258 749 446 803 rizlere
492 757 573 801 est
598 762 612 797 :
640 741 938 798 habitacula
982 739 1181 809 quippe
1220 737 1431 790 illorum
1474 737 1607 788 ca'lo
1637 749 1741 786 non
1771 732 1853 783 itt-

256 840 453 893 ft-riora
487 833 796 890 aestimanda
828 839 955 886 sunt
979 849 992 885 :
1017 846 1136 882 nam
1162 827 1335 896 angeli
1357 826 1422 880 ad
1444 840 1538 880 eos
1557 825 1848 886 divortunt,

257 931 367 983 imo
394 932 509 997 ipse
533 925 843 995 angelorum
874 921 1148 977 Dominus.
1175 918 1308 974 Nam
1333 918 1375 970 si
1400 918 1463 969 ad
1492 914 1848 970 Abrahanmtu

256 1028 558 1080 vi-uetunt,
606 1016 694 1085 qui
740 1028 959 1068 uxorem
1005 1009 1238 1065 habebat
1280 1018 1335 1064 et
1378 1007 1514 1060 lilios
1541 1004 1803 1063 nutriebat
1831 1046 1846 1068 ,

254 1114 379 1181 quia
424 1106 740 1177 hospitalem
786 1106 932 1167 illum
962 1102 1211 1155 viderunt
1234 1118 1247 1154 :
1270 1112 1391 1161 cum
1419 1098 1667 1151 virtutem
1695 1096 1851 1164 longe

258 1204 516 1269 majorem
565 1198 878 1260 inveniunt,
920 1205 974 1251 et
1018 1194 1287 1247 hominem
1335 1205 1365 1245 a
1408 1203 1633 1256 corpore
1658 1187 1851 1242 libera-

255 1303 369 1348 tum
396 1335 409 1351 .
444 1301 605 1359 atque
635 1290 686 1343 iu
717 1302 878 1343 carne
902 1300 1117 1340 carnem
1146 1282 1555 1353 despicientem,
1585 1278 1754 1334 multo
1781 1279 1845 1330 h-

255 1385 479 1440 lieutius
508 1382 577 1435 ibi
607 1389 910 1443 versantur,
937 1388 987 1432 et
1010 1377 1263 1431 choreum
1287 1382 1449 1444 agunt
1474 1372 1600 1442 ipsis
1622 1384 1846 1425 consen-

253 1487 490 1528 taueam.
521 1474 698 1533 Mensa
726 1472 923 1540 quippe
950 1468 1087 1539 apud
1118 1470 1236 1522 illos
1262 1466 1406 1521 omni
1437 1469 1562 1520 luxu
1590 1464 1847 1518 immunis

250 1578 331 1622 est
357 1606 372 1629 ,
419 1567 613 1620 munda
644 1576 697 1620 et
738 1564 1071 1634 philosophia
1102 1562 1277 1630 plena.
1306 1560 1423 1614 Non
1449 1557 1721 1627 sanguinis
1747 1556 1845 1611 rivi

251 1658 395 1723 apud
429 1659 571 1721 illos,
605 1673 775 1724 neque
802 1655 1048 1709 dissectzn
1074 1667 1286 1712 carnes,
1315 1667 1418 1705 non
1443 1649 1632 1717 capitis
1656 1663 1844 1716 grave-

259 1747 429 1812 .iiues,
455 1763 564 1805 non
584 1744 943 1805 condimenta,
968 1759 1075 1797 non
1095 1742 1249 1796 nidor
1267 1742 1520 1817 insuavis,
1541 1756 1645 1795 nou
1669 1739 1846 1797 fumus

250 1841 525 1909 ingratus,
557 1847 677 1892 'non
724 1851 948 1897 cursus,
999 1834 1288 1897 tumultus,
1336 1832 1526 1897 turhm,
1580 1832 1842 1887 clamores

250 1930 505 1990 onerosi;
552 1930 646 1986 sed
688 1929 837 1999 panis
864 1938 917 1981 et
944 1942 1111 1996 aqua;
1144 1927 1257 1980 lu'c
1295 1940 1359 1981 ex
1403 1924 1549 1995 puris
1576 1921 1840 1993 futuihus,

252 2023 343 2076 ille
387 2038 451 2075 ex
493 2021 653 2090 justis
702 2020 991 2073 laboribus.
1041 2016 1191 2084 Quod
1241 2016 1287 2070 si
1338 2016 1532 2069 lautius
1576 2012 1843 2070 voluerint

251 2113 497 2182 epulari,
541 2112 716 2166 harem
763 2111 1019 2165 lautitiam
1065 2108 1283 2177 implent
1317 2125 1328 2159 :
1357 2116 1411 2159 et
1452 2105 1621 2172 major
1648 2104 1733 2158 hic
1759 2112 1841 2161 est

249 2207 519 2275 \‘ttlttplzls,
543 2220 703 2274 quam
731 2204 783 2257 in
811 2203 971 2272 regiis
999 2201 1219 2255 mensis.
1250 2200 1433 2253 Nullus
1464 2199 1549 2252 hic
1573 2198 1731 2253 timor
1752 2206 1841 2251 aut

250 2308 458 2352 tremor
488 2314 501 2346 :
533 2311 635 2348 non
683 2296 1023 2363 magistratus
1053 2305 1298 2355 accusat,
1330 2306 1433 2343 nou
1468 2306 1603 2344 uxor
1630 2290 1838 2363 irritat,

249 2405 357 2441 non
392 2388 530 2441 titius
559 2388 610 2440 iu
640 2402 924 2441 titmrorettt
950 2386 1182 2453 eoujicit,
1215 2402 1318 2442 non
1350 2386 1491 2437 risus
1525 2385 1719 2439 nimius
1747 2398 1838 2436 re-

246 2480 407 2532 solvit
428 2520 442 2540 .
476 2494 580 2531 non
612 2478 944 2532 adulatorum
995 2492 1248 2530 numerus
1278 2475 1462 2539 inllat;
1496 2475 1587 2528 sed
1616 2474 1836 2545 angelo-

248 2587 369 2624 rum
414 2580 498 2625 est
543 2585 722 2622 mensa
745 2611 759 2630 ,
809 2570 955 2622 onmi
985 2568 1147 2626 simili
1181 2568 1408 2621 tumultu
1441 2582 1627 2621 vacua.
1659 2566 1838 2629 Strato

250 2662 397 2716 fmuo
422 2662 487 2713 ad
508 2661 922 2715 recumbentium
942 2670 1181 2719 utuntur,
1203 2659 1340 2720 ιιυιηι
1360 2671 1410 2712 et
1430 2659 1669 2713 Christus
1691 2658 1834 2725 fecit,

246 2771 372 2805 eum
420 2753 699 2821 prandium
745 2752 796 2806 iu
838 2751 1055 2805 deserto
1098 2751 1261 2815 dedit.
1314 2750 1459 2804 Multi
1497 2766 1624 2804 vero
1665 2764 1838 2818 neque

246 2858 351 2897 suo
378 2853 520 2898 tecto
550 2842 597 2895 id
631 2842 862 2905 faciunt,
890 2842 982 2896 sed
1011 2858 1107 2911 pro
1138 2852 1278 2896 tecto
1302 2843 1492 2897 eat-lum
1524 2842 1754 2905 habent,
1783 2853 1834 2894 et

249 2938 429 2993 lunam
460 2952 559 3007 pro
602 2936 832 2992 lacerum
870 2928 1093 2998 lumine,
1136 2951 1254 3003 qua!
1284 2951 1380 2988 nec
1407 2935 1528 2987 oleo
1557 2944 1696 3004 eget,
1736 2948 1837 2992 nec

246 3030 494 3083 ministro
529 3048 539 3078 :
576 3027 681 3082 illis
725 3039 875 3082 certe
917 3027 1047 3082 solis
1094 3026 1358 3097 condigne
1406 3028 1524 3083 luua
1573 3027 1836 3080 ministrat

247 3122 442 3175 Itlt'ctn.

320 3213 373 3266 4.
416 3212 561 3266 llaue
602 3212 774 3285 angeli
805 3228 1042 3268 mensam
1081 3228 1145 3268 ex
1176 3212 1309 3268 caelo
1351 3222 1656 3279 spectantes
1691 3228 1824 3283 gau—

244 3305 373 3359 dent
402 3316 446 3358 el
480 3306 742 3369 la-tantur.
774 3304 903 3361 Nam
936 3305 978 3357 si
1007 3305 1075 3359 de
1106 3320 1211 3358 uno
1252 3315 1531 3373 peccatore
1575 3306 1836 3363 ναιηίιιεη-

249 3395 378 3448 tiam
409 3406 599 3465 agente
627 3395 859 3466 gaudent
885 3393 1034 3463 (Luc.
1080 3395 1164 3449 15.
1186 3396 1275 3463 7),
1307 3394 1376 3448 de
1407 3396 1659 3462 totjustis
1691 3394 1835 3462 ipsos

247 3486 584 3540 imitantibus
603 3486 728 3555 quid
761 3502 865 3539 non
897 3486 1127 3540 lacient?
1156 3484 1271 3539 Non
1302 3496 1385 3540 est
1411 3486 1480 3537 ibi
1506 3485 1755 3539 dominus
1783 3494 1835 3537 et

245 3595 434 3633 servus
464 3595 479 3633 :
509 3594 695 3631 omnes
721 3578 890 3635 servi.
920 3592 1109 3629 omnes
1142 3577 1312 3631 liberi.
1359 3577 1469 3632 Nec
1505 3586 1661 3648 putes
1706 3579 1833 3631 mni-

244 3687 364 3738 gnta
396 3684 517 3724 esse
540 3669 588 3722 id
626 3670 767 3739 quod
786 3669 981 3723 dicitur
1013 3686 1030 3724 :
1062 3685 1184 3722 nam
1220 3674 1358 3722 servi
1384 3678 1569 3722 mutuo
1597 3673 1834 3725 alteral-

248 3764 447 3823 terius,
489 3772 538 3814 et
594 3761 792 3814 domini
836 3770 1023 3814 nmttto
1064 3771 1209 3815 sunt.
1259 3764 1555 3830 Appi-lente
1611 3776 1831 3830 Vespera

247 3867 405 3904 nemo
429 3860 652 3906 mmstus
679 3860 796 3913 est:
829 3851 971 3921 quod
999 3852 1151 3904 multi
1199 3851 1473 3905 hominum
1522 3852 1793 3921 patiuntur
1814 3892 1829 3911 ,

246 3947 371 4008 dum
404 3945 716 3997 diurnorum
746 3944 1005 4000 malorum
1048 3942 1432 3997 sollicitudines
1464 3944 1641 3995 animo
1660 3943 1836 3997 remil-

248 4046 397 4090 \‘unl.
423 4036 548 4089 Post
567 4050 773 4089 cumam
800 4049 904 4089 non
938 4044 1061 4088 sunt
1093 4035 1232 4088 fures
1259 4034 1510 4113 timendi,
1540 4051 1643 4088 non
1688 4035 1836 4089 clau-

245 4126 415 4182 denda
432 4130 613 4195 janua,
632 4145 740 4180 non
759 4128 1110 4199 imponendos
1130 4130 1294 4183 vectis
1310 4171 1325 4192 ,
1351 4144 1522 4197 neque.
1552 4129 1638 4183 alii
1662 4139 1834 4184 metus

245 4221 456 4274 adsunt.
488 4219 575 4288 qui
605 4220 859 4286 plurimos
886 4222 1175 4286 exngitan',
1200 4220 1287 4289 qui
1317 4230 1563 4273 accurate
1592 4222 1833 4274 lucernas

246 4310 666 4379 ixstiuguuut‘,
706 4327 772 4363 ne
822 4311 1049 4365 scintilla
1100 4312 1243 4365 :riles
1296 4310 1565 4364 incendat.
1621 4310 1831 4371 Illorum

245 4403 508 4471 colloquia
536 4402 721 4455 eadem
749 4412 871 4456 Sunt
898 4392 1277 4471 tranquiilitate
1306 4404 1457 4471 plena
1486 4421 1497 4456 :
1530 4419 1703 4484 neque
1739 4419 1830 4458 ea-

247 4496 392 4557 dem,
418 4508 540 4561 qua!
590 4508 708 4555 nos,
747 4493 1055 4565 loquuntur,
1097 4511 1219 4565 qua:
1261 4496 1389 4549 nihil
1424 4495 1489 4548 ad
1528 4510 1626 4550 nos
1670 4496 1833 4573 perti-

248 4594 402 4637 neant
424 4600 437 4635 :
464 4585 553 4637 llle
575 4584 854 4654 praefectus
873 4585 1039 4638 factus
1055 4599 1156 4652 est,
1179 4586 1267 4640 ille
1289 4586 1599 4655 prml'ectura
1616 4588 1832 4653 excidit;

249 4678 339 4729 ille
384 4685 624 4733 mortuus
658 4684 760 4735 est,
794 4687 841 4728 et
866 4677 1001 4729 alius
1022 4677 1372 4737 hereditatem
1411 4680 1640 4749 excepit,
1677 4695 1835 4751 atque

248 4768 549 4833 hujusmodi
577 4768 711 4831 alia;
743 4768 834 4822 sed
869 4769 941 4823 illi
984 4785 1198 4840 semper
1220 4770 1288 4822 de
1316 4770 1507 4835 futuris
1550 4772 1836 4855 loquuntur

249 4872 299 4911 et
354 4860 834 4929 philosophantur;
862 4876 923 4913 ae.
951 4862 993 4913 si
1026 4861 1077 4914 iu
1117 4862 1223 4915 alio
1255 4861 1555 4923 habitarent
1579 4865 1741 4928 orbe,
1773 4880 1835 4918 ac

246 4952 292 5003 si
327 4952 379 5003 iu
404 4950 600 5015 caelum
630 4951 872 5007 translati
895 4960 1098 5015 essent,
1126 4968 1189 5007 ac
1214 4954 1257 5008 si
1288 4954 1355 5008 ibi
1387 4957 1547 5009 vitam
1592 4969 1832 5027 agerent,

244 5041 325 5093 sie.
350 5042 415 5095 de
437 5029 741 5096 cailestibus
767 5057 979 5112 semper
1004 5044 1313 5113 loquuntur.
1341 5046 1409 5100 de
1439 5048 1559 5101 sinu
1582 5049 1832 5111 Abrahai.

246 5133 317 5183 ile.
342 5133 557 5186 coronis
600 5144 929 5195 sanctorum,
974 5135 1040 5189 de
1065 5134 1261 5191 Christi
1307 5138 1537 5203 chorea;
1585 5140 1652 5193 de
1697 5157 1835 5209 pra:-

245 5224 490 5278 seutibus
512 5225 652 5278 nulla
679 5228 907 5287 mentio;
942 5228 1037 5282 sed
1059 5230 1194 5284 sicut
1219 5231 1285 5284 de
1322 5232 1382 5284 iis
1407 5274 1421 5295 ,
1455 5250 1573 5302 qua:
1602 5233 1835 5289 hirtuie-n

248 5318 300 5368 in
347 5316 695 5370 foraminibus
724 5318 835 5369 suis
862 5328 1047 5389 agunt,
1093 5320 1233 5389 loqui
1262 5333 1365 5375 non
1406 5324 1688 5393 dignamur
1720 5345 1731 5377 :
1762 5327 1837 5379 sit:

246 5426 421 5477 neque
451 5411 524 5459 δἐἰ
551 5409 613 5461 ἀει
648 5410 806 5463 rebus
824 5414 1343 5482 nostrisloquuntur,
1372 5418 1462 5469 sed
1486 5417 1551 5469 de.
1580 5418 1721 5487 Rege
1750 5436 1839 5473 su-

246 5516 439 5569 perno,
470 5516 536 5553 ac.
566 5501 709 5553 bello
737 5503 1007 5568 prmsenti.
1047 5503 1116 5557 de
1143 5504 1339 5559 diaboli
1365 5509 1836 5571 machinamentis,

242 5594 313 5648 de
342 5600 654 5648 sanctorum
688 5593 873 5661 gestis.
904 5593 960 5647 Si
987 5609 1108 5647 cum
1154 5595 1259 5649 illis
1286 5613 1678 5665 comparemur,
1712 5602 1836 5670 quid

242 5703 272 5742 a
302 5685 543 5741 formicis
583 5684 917 5739 diﬂ‘erimus?
957 5685 1097 5740 Nihil
1140 5697 1305 5742 certe.
1342 5688 1473 5743 Nam
1515 5698 1570 5744 ut
1606 5690 1841 5745 formica:

309 5911 321 5940 ¹
352 5908 468 5968 Atil,
495 5906 589 5965 qui
604 5910 745 5955 mule
769 5903 989 5957 lucernas
1012 5912 1215 5966 perluat.

1222 440 1287 495 IN
1327 435 1730 493 )lATTIIIEUM
1774 432 1999 489 ll0.\l|l..
2044 435 2231 492 LXIX.
2273 439 2344 492 al.
2386 432 2555 492 LXX.

3460 439 3565 499 εει

1960 555 2254 621 corporalia
2286 568 2495 622 curant,
2527 559 2594 612 ita
2622 568 2675 611 et
2701 573 2828 619 uos;
2861 568 3021 628 atque
3047 558 3131 612 illa
3159 559 3334 614 solum
3359 558 3564 614 utinam

1958 661 2302 712 curaremus;
2346 658 2401 703 at
2429 659 2575 703 certe
2603 666 2741 703 nunc
2769 650 2938 705 multo
2970 650 3173 721 pejora.
3205 650 3390 722 Neque
3414 658 3561 708 enim

1960 741 2026 793 de
2060 742 2379 795 ηυωςεειτὶἰε
2409 741 2579 796 solum
2608 758 2732 796 cura
2777 753 2859 796 est
2900 743 3087 805 nobis.
3113 744 3250 798 sicut
3290 744 3560 810 formicis,

1958 832 2052 882 sed
2079 832 2239 884 etiam
2268 831 2333 885 de
2361 832 2669 900 superﬂuus.
2702 834 2815 888 ll|a~
2861 850 3092 906 namque
3125 812 3345 893 cursuni
3375 847 3564 894 tenent

1957 926 2102 977 omni
2148 925 2372 979 crimine
2419 925 2689 980 liberum:
2737 943 2833 981 nos
2886 940 3064 982 autem
3105 944 3319 985 omnem
3360 929 3563 1000 rapina:

1958 1017 2197 1070 modmu.
2238 1016 2423 1087 Neque
2451 1016 2702 1073 formicas
2736 1019 3028 1084 imitamur,
3066 1023 3158 1073 sed
3190 1021 3345 1092 lupos
3368 1032 3423 1079 et
3450 1023 3556 1079 leo-

1959 1107 2153 1176 pardus
2193 1109 2344 1162 :imo
2386 1118 2441 1164 ct
2498 1110 2601 1165 illis
2650 1110 2862 1181 pejores
2908 1126 3115 1166 sumus.
3177 1112 3285 1166 Illis
3328 1128 3561 1184 namque

1956 1215 2078 1252 eum
2128 1200 2377 1255 recondi
2409 1200 2626 1256 modum
2674 1212 2859 1255 natura
2903 1202 3082 1256 tribuit
3118 1220 3131 1256 :
3168 1218 3266 1258 nos
3295 1219 3427 1260 vero
3465 1222 3558 1261 ra-

1956 1292 2099 1346 tione.
2124 1300 2179 1348 et
2204 1294 2455 1363 :equitate
2480 1296 2691 1348 ornavit
2721 1294 2857 1348 Deus
2890 1296 2944 1358 ’ς
2975 1304 3023 1348 at
3059 1309 3157 1348 nos
3188 1294 3315 1350 feris
3349 1299 3560 1354 ratione

1953 1384 2219 1449 destitutis
2239 1386 2536 1440 deteriores
2564 1388 2834 1442 evasimus
2861 1387 2967 1441 :illi
2999 1403 3126 1442 vero
3152 1389 3356 1459 angelis
3375 1406 3555 1463 aequa-

1955 1476 2051 1538 les,
2074 1478 2210 1531 sicut
2235 1479 2497 1548 peregrini
2518 1486 2573 1534 et
2598 1478 2819 1533 advena:
2838 1478 2924 1534 hic
2947 1490 3066 1533 sunt
3089 1497 3103 1541 ;
3128 1482 3177 1533 in
3199 1482 3555 1554 omnibusque

1952 1577 2079 1622 sunt
2098 1569 2253 1623 nobis
2279 1569 2590 1635 dissimiles,
2610 1570 2660 1625 in
2687 1572 2946 1639 vestibus,
2967 1573 3110 1639 cibo,
3132 1574 3311 1637 domo,
3334 1576 3551 1641 calceis,

1951 1674 2219 1713 sernnne.
2253 1659 2308 1714 Si
2346 1660 2465 1730 quis
2501 1670 2555 1716 et
2601 1660 2721 1716 illos
2757 1671 2811 1716 et
2850 1678 2949 1717 uos
2991 1658 3273 1734 loquentes
3320 1666 3549 1730 audiret,

1953 1760 2078 1805 tunc
2112 1750 2269 1820 plane
2299 1761 2481 1806 nosset
2512 1752 2784 1821 quomodo
2825 1753 2898 1808 illi
2944 1754 3189 1810 emlestes
3228 1757 3409 1821 cives,
3454 1773 3553 1813 nos

1921 1860 2018 1909 ,ne
2050 1854 2190 1899 terra
2218 1844 2434 1914 quidem
2479 1845 2625 1915 digni
2658 1846 2849 1900 simus.
2896 1845 3025 1915 Ideo
3073 1863 3195 1902 cum
3224 1849 3344 1919 quis
3378 1850 3553 1920 digni-

1953 1949 2059 1999 tate
2088 1939 2311 2004 insignis
2339 1940 2460 1993 illos
2490 1940 2621 2006 adit,
2668 1950 2792 1996 tunc
2815 1942 3047 1997 maxime
3068 1942 3235 1997 fastus
3266 1946 3444 1998 omnis
3466 1945 3554 1999 tle-

1944 2032 2145 2099 jieitur.
2170 2032 2301 2089 Nam
2331 2033 2561 2103 agricola
2595 2034 2712 2099 ille,
2746 2034 3084 2089 smcularium
3114 2036 3352 2090 omnium
3382 2036 3551 2107 impe-

1949 2127 2101 2186 ritus,
2136 2141 2298 2194 prope.
2328 2125 2517 2179 ducem
2547 2126 2615 2179 de
2635 2126 2892 2195 dignitate
2919 2141 3011 2179 sua
3042 2128 3208 2181 altum
3245 2130 3542 2197 sapientem

1947 2220 2099 2271 sedet
2125 2234 2288 2287 super
2310 2228 2537 2275 stratum
2556 2219 2706 2285 fmui,
2732 2235 2852 2271 eum
2882 2220 3100 2274 sordido
3123 2221 3403 2290 pulvinari.
3430 2222 3546 2277 Non

1948 2311 2090 2362 enim
2122 2311 2315 2362 adsunt
2347 2311 2415 2365 ibi
2458 2310 2546 2380 qui
2586 2313 2759 2380 ipsum
2787 2312 3046 2366 extollant
3086 2321 3137 2366 et
3185 2313 3405 2379 inﬂent;
3450 2314 3545 2369 sed

1948 2399 2174 2469 idipsum
2217 2402 2429 2467 accidit,
2480 2417 2541 2453 ae
2572 2403 2613 2455 si
2642 2403 2762 2472 quis
2799 2403 2862 2455 ad
2909 2402 3181 2457 aui-ilicem
3213 2413 3268 2459 et
3307 2414 3545 2460 rosetum

1946 2496 2155 2556 veniat;
2187 2510 2309 2547 nam
2337 2504 2390 2548 et
2418 2497 2485 2547 ab
2520 2511 2651 2548 auro
2682 2504 2737 2549 et
2777 2511 2804 2548 a
2834 2496 2971 2550 rosis
3000 2497 3199 2567 aliquid
3242 2497 3547 2567 splendoris

1942 2583 2136 2651 arripit
2163 2601 2175 2635 :
2218 2585 2287 2638 ita
2319 2594 2369 2637 et
2404 2585 2497 2647 illi,
2529 2602 2591 2638 ex
2625 2586 3010 2641 mouarliorum
3038 2588 3203 2641 radiis
3227 2587 3426 2658 aliquid
3468 2591 3549 2644 lu-

1942 2680 2020 2733 (ενὶ
2047 2677 2361 2743 referentes,
2383 2680 2654 2748 paululum
2678 2681 2804 2751 quid
2830 2698 2891 2737 ex
2912 2684 3215 2751 arrogantia
3249 2684 3545 2756 deponunt.

1942 2771 2020 2827 Ae
2066 2772 2514 2837 quemadtuolum
2563 2776 2653 2841 qui
2705 2774 2757 2826 iu
2809 2774 2977 2827 altum
3033 2776 3277 2831 ascendit
3327 2776 3543 2843 locum,

1940 2865 2281 2933 quantumvis
2304 2874 2503 2918 statura
2539 2883 2733 2934 parvus
2751 2869 2840 2929 sit,
2871 2886 3127 2935 procerus
3155 2871 3366 2926 videtur
3390 2888 3543 2929 esse:

1942 2957 2018 3011 sic
2038 2966 2085 3008 et
2118 2957 2219 3011 isti.
2248 2972 2367 3010 cum
2396 2958 2651 3011 sublime.
2675 2960 2885 3015 illorum
2907 2961 3117 3016 animos
3143 2961 3364 3029 adeunt,
3395 2964 3548 3019 simi-

1943 3048 2019 3103 les
2064 3047 2167 3103 illis
2203 3059 2459 3117 apparent
2503 3052 2757 3119 quamdiu
2792 3053 2861 3105 ibi
2898 3063 3115 3108 manent
3151 3072 3164 3107 :
3195 3070 3318 3108 eum
3362 3065 3544 3110 autem

1940 3138 2338 3206 descenderint,
2373 3157 2558 3195 rursus
2585 3143 2899 3198 humiliores
2933 3144 3204 3210 vitientur,
3238 3147 3305 3200 ab
3330 3148 3425 3201 illa
3459 3148 3545 3203 al-

1942 3234 2167 3290 titudine
2191 3234 2405 3301 dejecti.
2428 3234 2569 3289 Nihil
2594 3236 2733 3304 apud
2767 3237 2885 3289 illos
2911 3247 2989 3290 est
3025 3254 3114 3291 rex
3137 3239 3316 3315 ,‘uihil
3355 3239 3547 3309 pmic-

1939 3336 2057 3386 elus
2088 3344 2101 3381 ε
2130 3326 2223 3381 sed
2265 3326 2715 3396 queumdmodum
2761 3345 2859 3382 nos
2886 3328 2953 3382 de.
2981 3329 3164 3401 pueris
3189 3330 3310 3385 illos
3335 3347 3541 3402 reprae-

1942 3418 2276 3472 settlnttliltlls
2305 3418 2541 3472 ridemus
2572 3434 2585 3473 :
2618 3419 2696 3473 sic
2720 3429 2774 3474 et
2804 3420 2876 3473 illi
2911 3430 3174 3481 tumorem
3204 3436 3414 3487 eorum,
3453 3424 3544 3494 qui

1942 3510 2068 3563 foris
2098 3518 2297 3563 metum
2322 3511 2401 3563 sui
2428 3512 2665 3565 incutere
2684 3522 2890 3575 cut-ant,
2918 3523 3198 3582 respuunt.
3219 3513 3272 3568 Id
3311 3514 3435 3570 inde
3461 3531 3545 3585 pa-

1943 3602 2044 3654 lam
2065 3613 2164 3666 est,
2196 3605 2337 3673 quod
2369 3605 2411 3657 si
2440 3606 2559 3672 quis
2582 3605 2708 3674 ipsis
2734 3620 2958 3675 regnum
2980 3616 3092 3659 tuto
3116 3608 3442 3662 servandum
3457 3608 3543 3662 of-

1941 3696 2122 3761 ferret,
2149 3713 2439 3764 numquam
2469 3698 2543 3752 illi
2572 3700 2879 3767 acciperent
2897 3716 2910 3760 :
2931 3702 3236 3771 acciperent
3260 3701 3417 3768 forte,
3440 3704 3543 3757 nisi

1938 3788 2096 3839 altius
2117 3797 2390 3856 saperent,
2424 3789 2524 3842 nisi
2551 3800 2949 3857 temporaneam
2982 3807 3097 3847 rem
3127 3808 3249 3847 esse
3271 3802 3540 3862 putarent.

1939 3881 2044 3934 Cur
2066 3896 2195 3948 ergo.
2233 3897 2337 3935 non
2384 3884 2791 3950 properabimus
2820 3884 2885 3939 ad
2934 3886 3076 3940 illam
3126 3887 3538 3952 beatitudinem,

1940 3988 2044 4024 non
2075 3971 2172 4026 has
2198 3973 2415 4041 angelos
2444 3973 2709 4027 adibimus
2731 4017 2743 4032 .
2775 3992 2879 4029 non
2914 3991 3073 4043 puras
3106 3987 3281 4032 restes
3315 3977 3545 4049 accipie-

1941 4082 2058 4119 mus
2079 4107 2092 4125 .
2136 4074 2189 4119 et
2214 4080 2333 4118 eum
2378 4082 2567 4135 pompa
2619 4066 2713 4119 Iris
2744 4070 2955 4135 nuptias
2984 4069 3376 4123 celebrabimus
3396 4110 3413 4135 ,
3444 4069 3539 4125 sed

1940 4158 2168 4212 mendici
2199 4160 2554 4220 manebimus,
2585 4160 2908 4226 pauperibus
2935 4161 3105 4215 nihilo
3128 4160 3320 4216 melius
3340 4162 3535 4223 affecti.

1941 4250 2047 4302 imo
2095 4248 2277 4317 peiore
2318 4265 2381 4302 ae
2431 4251 2820 4307 miserabiliore
2860 4266 3021 4320 quam
3070 4252 3143 4306 illi
3194 4251 3542 4307 conditione?

1938 4340 2069 4396 Nam
2103 4341 2205 4394 illis
2234 4351 2380 4395 certe.
2418 4342 2721 4397 miseriores
2753 4352 2877 4396 sunt
2908 4344 2997 4411 qui
3029 4344 3170 4399 male
3203 4356 3381 4414 partas
3400 4344 3542 4400 dii-i-

1941 4433 2041 4491 tias
2072 4432 2344 4501 pOssitlt‘ltl
2372 4450 2385 4485 :
2434 4433 2625 4486 melus
2667 4435 2864 4503 quippe
2892 4443 2977 4490 est
3016 4436 3346 4499 mendicare,
3379 4451 3540 4506 quam

1938 4525 2108 4579 aliena
2138 4540 2367 4593 rapere:
2403 4540 2529 4584 nam
2566 4525 2696 4579 illud
2738 4527 2925 4584 venia.
2984 4526 3087 4581 hoc
3138 4528 3405 4596 supplicio
3459 4528 3543 4583 di-

1938 4632 2137 4683 gnum;
2183 4627 2237 4675 et
2270 4617 2357 4672 ille
2406 4618 2620 4688 quidem
2664 4619 2826 4672 Deum
2877 4636 2982 4673 non
3038 4620 3303 4687 oll‘emlit,
3351 4621 3436 4677 hic
3488 4634 3542 4678 et

1942 4707 2110 4771 Deum
2135 4708 2359 4771 olfeittlit
2393 4720 2446 4764 et
2502 4710 2747 4772 ικηηῑιιρε
2774 4728 2788 4763 :
2824 4710 2913 4766 ille.
2942 4713 3143 4781 rapina!
3176 4714 3275 4766 l'rrt
3300 4714 3543 4783 labores,

1943 4798 2169 4857 fructum
2201 4810 2377 4864 autem
2411 4814 2631 4863 omnem
2658 4800 2749 4857 alii
2772 4815 2918 4869 srpe
2956 4804 3214 4866 tulerunt.
3247 4804 3372 4859 Ihm:
3415 4821 3542 4860 cum

1939 4892 2193 4954 :iaamus,
2236 4893 2459 4953 avaritia
2505 4894 2651 4952 onmi
2677 4893 2939 4961 deposita,
2981 4897 3216 4949 caelestia
3248 4907 3409 4967 atque
3433 4915 3541 4952 cm-

1944 4986 2075 5043 teste
2102 5000 2325 5055 regnum
2350 5000 2474 5040 cum
2504 4986 2685 5042 Studia
2713 4989 2857 5040 omni
2893 4987 3186 5056 rapiamus.
3211 4987 3327 5042 Non
3362 5001 3539 5058 potest

1946 5078 2111 5141 enim,
2142 5094 2246 5129 non
2275 5086 2446 5147 potest
2474 5088 2623 5132 certe
2652 5079 2741 5148 qui
2781 5080 3055 5147 negligens
3094 5092 3175 5134 est
3220 5097 3283 5136 eo
3315 5084 3537 5145 intrare.

1948 5170 2161 5226 Utinam
2190 5186 2317 5225 vero
2346 5187 2534 5226 omnes
2556 5216 2571 5244 ε
2599 5172 2791 5239 vigiles
2812 5172 2944 5228 facit
2965 5183 3017 5228 cl
3046 5173 3331 5245 diligentes
3352 5217 3367 5238 ,
3411 5177 3538 5230 illud

1942 5278 2369 5334 eonseqttamur,
2418 5267 2589 5335 gratia
2642 5275 2697 5323 et
2750 5266 3075 5335 benignitate
3118 5268 3326 5323 notitiai
3377 5275 3541 5325 nostri

1943 5355 2069 5409 Jesu
2100 5354 2320 5420 Christi,
2369 5358 2451 5409 eui
2478 5355 2644 5426 gloria
2672 5366 2726 5410 et
2757 5358 3114 5437 imperiumin
3138 5360 3335 5415 saecula
3365 5378 3538 5417 sacu-

1947 5449 2139 5512 htrutn.
2171 5452 2341 5502 Amen
2369 5450 2388 5479 ¹

2012 5550 2026 5577 ι
2048 5539 2137 5591 llic
2160 5542 2345 5599 variant
2376 5541 2691 5603 exemplaria.
2720 5542 2847 5591 Editi
2883 5543 3085 5597 habent.
3105 5558 3193 5594 uos
3225 5558 3338 5597 mo
3362 5553 3542 5596 ratione

1946 5612 1991 5653 ct
2016 5608 2238 5665 n'qtu'tnle
2266 5606 2460 5669 ornati!
2494 5604 2730 5654 Christus.
2758 5607 2918 5669 Pauci.
2946 5620 3052 5669 pro,
3080 5610 3325 5666 η’σςηέιηιρ,
3351 5609 3540 5666 legunt,

1947 5668 2123 5714 unitate
2148 5666 2369 5715 nominis.
2399 5669 2703 5725 lectionem,
2728 5678 2840 5728 qute
2870 5666 3113 5716 sincerior
3149 5672 3290 5719 nobis
3314 5671 3411 5717 visa
3448 5680 3540 5730 est,

1949 5732 1997 5777 ln
2024 5735 2165 5777 textu
2190 5730 2459 5788 posuimus.

2012 5791 2031 5820 ί
2058 5790 2195 5851 Apud
2222 5790 2380 5838 Morel.
2408 5788 2603 5837 humilia
2636 5788 2819 5839 desinit
2845 5790 2936 5839 hoc
2959 5789 3223 5839 πιοὰομη..
3252 5789 3443 5840 “Plat:
3469 5805 3537 5840 re-

1948 5850 2227 5914 yntmtcum
2249 5850 2377 5899 enati
2400 5851 2559 5900 studio
2580 5851 2830 5913 rapiamus
2867 5862 2912 5901 ut
2954 5852 3120 5918 {torua
3138 5856 3260 5907 bona
3284 5868 3544 5914 consequa-

1952 5926 2079 5970 mur,
2104 5920 2263 5975 gratia
2284 5920 2348 5976 et,
2378 5920 2473 5963 etc.
