4172 6540
560 451 663 507 σεκ

578 566 768 581 -.ι--ιο

1268 440 1323 499 8.
1364 441 1640 500 JOANNIS
1673 440 2146 499 CIIItYSOSTOSII
2184 440 2500 497 ARCHIEP.
2541 435 3074 497 CONS'I'ANTINOP.

2200 546 3820 579 ______________.___———

3720 428 3826 484 (£56

1721 664 2058 727 HOMILIA
2102 664 2303 726 LXX.
2350 663 2435 725 al.
2480 662 2709 727 LXXI.

606 838 741 893 Car.
760 833 848 890 2!.
889 849 941 889 ν.
981 833 1068 890 I5.
1113 832 1258 888 Tum:
1300 834 1538 887 abeuntes
1572 829 1825 886 Pharisrei
1867 829 2133 885 consilium

850 924 1086 987 item,
1111 932 1167 977 ut
1186 940 1295 979 eum
1321 924 1373 976 in
1402 938 1628 977 sermone
1653 929 1908 990 caperent.

661 1017 711 1071 Ι.
752 1012 914 1079 Tune,
944 1013 1275 1082 quandonam
1297 1012 1322 1063 ἲ
1350 1011 1571 1079 Quando
1601 1011 1830 1065 nraxime
1860 1010 1979 1065 illus
2013 1022 2163 1064 com-

594 1106 756 1177 pungi
785 1106 1022 1176 oportuit
1046 1147 1061 1171 ,
1091 1104 1306 1174 quando
1345 1104 1722 1174 benignitatem
1750 1102 1867 1171 ejus
1887 1098 2160 1167 admirari,

591 1196 801 1265 quando
828 1198 999 1251 futura
1030 1194 1315 1250 formidare
1341 1210 1435 1263 par
1455 1203 1589 1259 erat,
1608 1193 1822 1264 quando
1840 1207 1905 1248 ex
1928 1190 2167 1262 prseteri-

595 1289 663 1343 tis
686 1288 753 1343 de
792 1288 980 1342 futuris
1019 1284 1342 1341 credendum
1374 1296 1508 1340 erat.
1540 1286 1668 1340 Nam
1702 1276 1823 1339 cum
1850 1283 1999 1337 factis
2027 1281 2169 1336 dicta

2259 837 2315 884 et
2340 837 2621 899 tyrannum
2646 825 2905 896 supplicio
2921 823 3212 880 traderent.
3245 818 3377 876 Illud
3405 817 3548 874 enim
3573 855 3590 881 ,
3621 813 3742 867 Non
3771 822 3846 866 est

2262 922 2349 976 tibi
2389 938 2511 975 cum
2540 921 2602 973 de
2626 920 2812 987 aliqua,
2838 927 2913 983 et,
2962 916 3080 971 Non
3126 914 3332 984 respicis
3377 910 3444 965 ad
3477 923 3719 981 personas
3753 906 3845 956 ho-

2267 1014 2480 1075 minum,
2508 1012 2573 1066 de
2605 1010 2812 1065 lIerotle
2844 1019 2898 1062 et
2924 1010 3138 1062 Ca-sare
3163 1007 3261 1061 sub
3287 1003 3472 1058 umbra
3501 997 3732 1069 quadarn
3763 996 3853 1051 di-

2267 1105 2504 1169 cebatur,
2536 1102 2629 1156 Dic
2655 1103 2808 1173 igitur
2836 1100 2977 1154 nobis
2998 1141 3010 1161 ,
3049 1098 3171 1171 quid
3198 1096 3287 1150 tibi
3312 1090 3730 1163 videturINunc
3757 1089 3860 1140 bo-

2271 1198 2494 1259 noratis,
2523 1204 2576 1248 et
2601 1194 2873 1249 doctorem
2898 1192 3113 1261 putatis,
3138 1188 3225 1257 qui
3249 1186 3419 1249 illum,
3442 1199 3561 1239 cum
3583 1182 3653 1236 de
3680 1180 3860 1235 salute

2273 1294 2445 1341 vestra
2476 1286 2784 1349 dissereret,
2816 1280 3212 1345 contempsistis
3232 1319 3245 1338 ,
3273 1290 3415 1345 sepe
3441 1282 3495 1329 et
3526 1270 3861 1328 contumelia

598 1378 916 1444 clamabant;
948 1378 1211 1447 publicani
1239 1392 1291 1431 et
1314 1376 1621 1432 meretrices
1646 1374 2001 1440 crediderant,
2041 1387 2172 1444 pro-
2234 1418 2239 1424 .
2274 1376 2563 1432 allec-istis?
2582 1375 2910 1431 Undectiam
2928 1373 3014 1428 hic
3030 1370 3282 1428 Concordi
3301 1367 3565 1424 sententia
3585 1364 3861 1420 iucrunt'.

600 1467 777 1538 pheta:
805 1478 859 1524 et
880 1468 1005 1537 justi
1035 1460 1294 1522 interiecti
1328 1466 1536 1522 fuerant
1562 1484 1576 1521 :
1602 1466 1669 1520 ab
1694 1466 1773 1520 liis
1799 1480 1924 1521 vero
1950 1464 2172 1519 instituti

605 1576 709 1625 non
738 1560 1004 1616 debebant
1032 1561 1259 1613 futuram
1299 1572 1448 1612 suam
1498 1558 1789 1626 perniciem
1820 1571 2013 1627 negare
2035 1597 2050 1619 .
2082 1554 2175 1610 sed

605 1660 661 1706 et
693 1650 909 1708 credere
936 1661 992 1707 et
1037 1651 1368 1721 resipiscere.
1403 1655 1646 1705 Attamen
1691 1664 1860 1719 neque
1884 1649 1960 1703 sic
1984 1648 2181 1703 desiuit

608 1744 817 1798 illorum
862 1742 1117 1810 nequitia,
1145 1742 1237 1797 sed
1274 1741 1467 1796 crescit
1492 1750 1547 1795 et
1575 1740 1795 1795 ulterius
1822 1739 2178 1809 progreditur.

612 1831 806 1888 Verum
832 1834 955 1903 quia
987 1833 1165 1889 turbas
1194 1833 1460 1896 timentes,
1489 1820 1637 1887 illum
1657 1831 2059 1901 apprehendere
2078 1846 2183 1885 non

612 1922 900 1989 audebant,
939 1925 1095 1977 aliam
1126 1923 1293 1979 iniere
1322 1923 1481 1985 viain,
1512 1934 1567 1977 ut
1606 1922 1659 1977 in
1698 1922 1983 1991 periculum
2015 1920 2185 1991 conji-

613 2024 819 2077 cerent,
846 2024 895 2069 et
917 2012 1241 2081 publicarum
1261 2013 1592 2090 iniquitatum
1615 2028 1763 2067 reum
1784 2012 2187 2067 constituerent.

620 2101 707 2158 ιθ.
749 2101 958 2157 Mittunt
1004 2104 1144 2156 enim
1187 2103 1234 2157 ei
1274 2102 1550 2171 discipulos
1588 2118 1706 2157 suos
1726 2119 1839 2155 cum
1883 2101 2188 2157 Herodianis

619 2194 831 2249 dicentes
852 2210 872 2249 :
894 2194 1154 2263 Magister,
1178 2194 1361 2248 scimus
1388 2194 1506 2263 quia
1525 2209 1678 2247 verax
1703 2210 1774 2260 es,
1793 2204 1839 2247 et
1869 2194 1998 2247 viam
2016 2193 2113 2249 Dei
2139 2196 2189 2249 in

622 2289 827 2341 veritate
851 2288 1014 2346 doces.
1068 2303 1157 2340 nec
1202 2287 1267 2340 de
1287 2286 1456 2357 aliqua
1481 2287 1568 2340 tibi
1612 2303 1732 2340 cura
1778 2297 1892 2341 est:
1922 2305 2020 2341 mm
2062 2292 2194 2342 enim

624 2380 831 2447 respicis
854 2379 921 2432 ad
937 2395 1201 2447 personam
1226 2378 1503 2434 hominum.
1531 2378 1614 2433 l7.
1640 2378 1735 2431 Dic
1754 2394 1870 2447 ergo
1891 2380 2050 2440 nobis,
2075 2379 2195 2447 quid

626 2470 716 2522 tibi
752 2468 989 2549 videtur?
1030 2471 1141 2523 licet
1169 2486 1369 2525 censuit:
1398 2472 1521 2525 dare
1561 2471 1767 2536 Camiri,
1803 2488 1869 2524 an
1912 2488 2008 2524 non
2031 2473 2057 2525 .’
2080 2471 2199 2526 'I‘ri-

631 2560 812 2613 butum
840 2560 981 2615 enim
1009 2560 1117 2628 jam
1144 2561 1453 2625 solvebant,
1482 2577 1601 2616 cum
1624 2578 1711 2617 res
1740 2562 1973 2632 ipsorum
2018 2563 2068 2617 in
2096 2562 2204 2617 Ro~

630 2668 907 2708 manorum
936 2653 1213 2723 imperium
1239 2654 1575 2710 transissent.
1610 2654 1743 2721 Quia
1771 2656 1930 2725 igitur
1954 2656 2204 2711 videbant

630 2742 903 2798 Tlteudam
933 2753 988 2799 et
1010 2742 1198 2800 ludam
1230 2743 1329 2798 bac
1357 2743 1426 2799 de
1452 2758 1611 2800 causa
1636 2746 1792 2815 paulo
1812 2754 1935 2801 ante
1961 2747 2201 2817 periisse,

634 2844 695 2889 ιιι
737 2835 826 2906 qui
869 2835 1211 2891 rebellionem
1260 2836 1680 2905 meditarentur,
1712 2840 1996 2907 cupiebant
2032 2840 2202 2909 ipsum

635 2942 846 2997 quoque
872 2930 1008 2984 circa
1043 2944 1128 2983 res
1153 2928 1364 2984 easdem
1387 2931 1673 3000 suspicioni
1700 2931 1987 2988 obnoxium
2019 2934 2208 2988 redde-

634 3033 714 3071 re.
750 3016 977 3088 Ideoque
1022 3017 1311 3088 discipulos
1352 3034 1479 3075 suos
1524 3036 1645 3075 cum
1689 3021 1915 3078 Herodis
1954 3024 2208 3080 militibus

636 3110 917 3178 miserunt,
958 3110 1152 3180 duplex
1181 3114 1528 3183 praecipitium
1556 3125 1821 3184 parantes,
1850 3124 1907 3169 ut
1933 3116 2206 3187 putabant,

635 3210 693 3257 et
723 3202 953 3273 undique
997 3202 1241 3273 laqueum
1273 3204 1551 3259 tendentes
1577 3215 1667 3271 ut,
1695 3206 1945 3277 quidquid
1986 3208 2207 3276 diceret,

639 3302 920 3361 caperetur
947 3293 1015 3346 ab
1034 3293 1113 3347 eis
1133 3335 1149 3359 ,
1178 3308 1242 3348 ac
1285 3295 1329 3349 si
1366 3309 1461 3365 pro
1506 3295 1819 3351 Ilerodiauis
1844 3297 2209 3367 responderet,

641 3383 738 3451 ipsi
766 3394 1097 3449 accusarent,
1126 3385 1206 3439 sin
1232 3400 1329 3454 pro
1354 3385 1499 3454 ipsis,
1550 3386 1637 3439 alii
1658 3386 2087 3441 criminarentur.
2114 3391 2215 3442 Λι-

640 3473 729 3541 qui
756 3473 1062 3528 didmclnna
1079 3474 1191 3545 jam
1222 3475 1455 3529 solverat
1486 3494 1498 3527 :
1526 3475 1619 3530 sed
1653 3475 1754 3531 hoc
1785 3477 1857 3529 illi
1881 3478 2213 3547 ignorabant,

642 3576 697 3620 et
719 3566 974 3619 utrumvis
999 3566 1219 3633 diceret,
1250 3582 1309 3622 se
1351 3579 1599 3637 capturos
1624 3585 1743 3623 eum
1770 3570 2072 3639 sperabant.
2104 3570 2215 3625 Ma-

644 3656 865 3711 luissent
888 3667 1060 3712 tamen
1083 3674 1201 3712 cum
1219 3669 1402 3713 contra
1426 3660 1754 3716 Ilerodiauos
1787 3662 1983 3732 aliquid
2013 3664 2211 3718 dicere.

647 3747 875 3821 Ideoque
901 3752 1189 3822 discipulos
1219 3755 1433 3809 mittunt
1455 3796 1468 3819 ,
1511 3758 1597 3825 qui
1630 3757 1774 3810 illmn
1814 3760 2090 3826 praesentia
2122 3774 2215 3813 sua

647 3840 712 3892 ad
741 3842 790 3895 id
820 3841 1151 3909 iuducerent,
1171 3857 1227 3898 ut
1255 3846 1400 3923 illum
1426 3848 1633 3914 prasidi
1663 3849 1929 3904 traderent
1953 3862 2001 3903 ut
2038 3860 2219 3917 tyran-

652 3947 798 3984 uum.
829 3931 938 3986 Iloc
964 3935 1107 3987 cuitu
1136 3943 1187 3988 et
1216 3935 1385 3991 Lucas
1411 3938 1707 4006 subiudicat
1731 3940 1943 4007 dicens,
1985 3955 2077 3995 eos
2106 3953 2216 3995 tur-

651 4022 734 4073 bis
757 4023 1104 4090 prmsentibus
1134 4026 1261 4079 inter
1274 4043 1507 4096 rogasse,
1532 4038 1589 4083 ut
1616 4030 1782 4099 majus
1810 4042 1953 4087 esset
1983 4034 2220 4087 testimo-

651 4114 816 4167 nium.
857 4113 1189 4171 Contmrium
1236 4133 1410 4174 autem
1439 4123 1657 4175 omnino
1686 4124 1889 4187 evenit;
1933 4125 1983 4177 in
2034 4125 2221 4192 majori

650 4203 845 4273 quippe
876 4203 1084 4260 theatro
1120 4208 1353 4261 stultitia:
1378 4224 1487 4264 sua:
1532 4220 1897 4281 argumentum
1943 4213 2221 4267 dederunt.

652 4299 733 4349 Ac
761 4294 880 4349 vide
920 4296 1280 4352 adulationem
1318 4314 1533 4365 eorum,
1588 4286 1960 4372 crcultumque
2002 4303 2222 4357 dolum:

658 4385 924 4455 Nouimus,
954 4389 1211 4458 inquiunt,
1238 4391 1357 4456 quia
1385 4408 1537 4445 verax
1570 4409 1641 4446 es.
1667 4393 1776 4447 Cur
1798 4408 1926 4465 ergo
1947 4394 2221 4461 dicebatis,

653 4480 912 4535 Seductor
935 4489 1035 4542 est.
1060 4492 1131 4546 et,
1162 4481 1371 4535 Seducit
1396 4487 1609 4546 turbam,
1631 4492 1704 4547 et,
1731 4484 2047 4539 Dwmonium
2083 4487 2226 4541 habet

654 4568 847 4640 (Joan.
873 4571 923 4624 7.
959 4570 1024 4625 12
1052 4580 1098 4624 et
1124 4572 1339 4643 10.20),
1365 4581 1439 4639 et,
1463 4573 1575 4627 Non
1594 4583 1757 4629 estex
1784 4574 1924 4629 Deo?
1947 4592 2043 4632 cur
2072 4578 2227 4646 paqu

662 4672 788 4717 ante
817 4665 1208 4722 cousultabatis
1235 4670 1508 4738 quomodo
1541 4670 1694 4726 illum
1726 4672 2089 4727 occideretis?
2126 4672 2229 4728 Sed

664 4754 844 4808 omnia
865 4754 938 4808 illi
972 4755 1128 4817 nunt,
1156 4769 1317 4827 prout
1348 4761 1558 4816 insidia:
1582 4773 1900 4833 suggerunt.
1926 4764 2062 4829 Quia
2087 4765 2232 4818 enim

662 4846 818 4907 νειιιιιι
844 4854 962 4895 ante
992 4858 1111 4898 cum
1140 4848 1443 4915 arrogantia
1472 4847 1738 4911 dixerant,
1766 4848 1834 4903 In
1854 4868 1951 4919 qua
1988 4862 2232 4921 potestate

658 4937 765 4990 Iure
802 4936 929 5005 facis
959 4935 1166 5008 (Matth.
1197 4936 1286 4991 2|.
1316 4937 1454 5007 25)?
1482 4953 1583 4993 nec
1620 4942 2021 5009 responsionem
2046 4952 2229 4999 extor-

656 5046 823 5101 quere
854 5040 1157 5100 potuerunt,
1207 5041 1425 5101 sperant
1454 5032 1602 5085 illum
1630 5035 1930 5089 adulatione
1956 5036 2234 5091 emollien-

657 5122 782 5175 dum
829 5137 982 5187 esse,
1011 5130 1067 5176 et
1093 5122 1446 5177 inducendum
1485 5132 1540 5176 ut
1577 5123 1842 5194 quidpiam
1871 5127 2013 5180 dicat
2049 5136 2231 5181 contra

662 5218 826 5286 luges,
851 5233 967 5287 qua:
998 5229 1121 5270 tunc
1143 5218 1407 5285 vigebant,
1435 5228 1487 5273 et
1516 5218 1806 5273 dominanti
1841 5221 2087 5289 potentia:
2106 5236 2233 5275 cou-

661 5311 901 5365 trarium.
932 5309 1270 5381 Quapropter
1301 5312 1471 5381 ipsum
1496 5328 1734 5367 vcraccm
1768 5315 1981 5377 dicunt,
2012 5315 2060 5367 id
2093 5314 2233 5384 quod

657 5410 772 5455 erat
820 5402 1164 5468 conﬁtentes;
1210 5418 1398 5457 verum
1448 5418 1552 5457 non
1605 5413 1741 5457 recta
1792 5409 2088 5469 sententia,
2141 5422 2233 5460 nc-

657 5508 761 5562 que
790 5494 1033 5548 volentes
1058 5494 1106 5547 id
1136 5494 1338 5558 dicunt,
1367 5503 1419 5548 et
1462 5494 1562 5549 hoc
1584 5496 1841 5562 adjiciunt
1869 5518 1883 5551 :
1912 5492 2027 5549 Non
2050 5508 2120 5550 est
2146 5497 2234 5549 tibi

657 5602 779 5638 cura
814 5582 879 5639 de
909 5586 1099 5655 aliqua.
1135 5586 1263 5640 Vide
1289 5602 1445 5656 quam
1476 5589 1731 5659 liquidum
1757 5591 1825 5643 sit
1846 5633 1859 5653 ,
1893 5590 2026 5643 velle
2055 5604 2147 5644 eos
2179 5590 2231 5643 in

658 5680 963 5748 hujusmodi
1006 5694 1307 5735 sermonem
1350 5682 1617 5752 conjicere
1644 5699 1797 5751 cum,
1842 5701 1947 5755 quo
1996 5684 2233 5739 llerodes

658 5772 975 5835 offendatur,
1024 5782 1077 5827 ct
1104 5772 1155 5826 iu
1188 5774 1480 5843 tyrannidis
1514 5775 1876 5846 suspicionem
1919 5776 2133 5841 veniat,
2177 5784 2234 5830 ut

659 5880 742 5935 qui
763 5880 944 5924 contra
966 5872 1132 5940 legem
1171 5874 1533 5938 insert-exerit,
1559 5888 1662 5940 quo
1681 5870 1826 5925 illum
1849 5880 1902 5923 ut
1920 5869 2231 5928 seditiosum

2280 1472 2355 1524 Ac
2383 1469 2502 1523 vide
2531 1469 2740 1522 illorum
2770 1466 3051 1520 vafritiem.
3070 1464 3183 1517 Non
3206 1462 3408 1521 dicunt,
3438 1460 3531 1514 Dic
3555 1458 3711 1512 nobis
3736 1453 3866 1524 quid

2284 1561 2497 1621 bonum,
2518 1544 2644 1630 q’uid
2664 1560 2813 1624 utile,
2834 1558 2958 1627 quid
2985 1555 3194 1625 legale?
3220 1555 3335 1619 sed,
3370 1551 3505 1619 Quid
3528 1551 3619 1603 tibi
3644 1549 3871 1602 videtur?

2287 1652 2358 1705 Ita
2389 1652 2489 1705 hoc
2521 1666 2680 1705 unutn
2702 1650 3033 1720 Spt'ctztltttlll,
3068 1658 3121 1701 ut
3149 1647 3579 1705 lradercnteum,
3606 1649 3662 1696 et
3688 1648 3751 1694 ut
3771 1639 3875 1692 int-

2286 1743 2522 1813 pemntis
2550 1744 2757 1796 hostem
2804 1740 3159 1795 declararent.
3190 1735 3246 1791 Id
3286 1733 3589 1805 signiﬁcans
3636 1729 3875 1790 Marcus.

2288 1832 2752 1904 arrogantiamque
2795 1833 3029 1901 ipsorum
3084 1826 3585 1897 sanguinariumquc
3633 1822 3879 1876 animum

2292 1926 2607 1989 ostendens,
2634 1920 2831 1981 dixisse
2858 1924 2977 1979 illos
3002 1924 3077 1977 ait
3098 1939 3111 1977 :
3133 1921 3388 1975 Demusne
3414 1916 3603 1973 Casari
3629 1930 3838 1970 censum
3862 1953 3883 1979 ,

2291 2033 2359 2083 an
2400 2034 2501 2071 non
2537 2018 2712 2071 demus
2736 2014 2937 2087 (Marc.
2970 2014 3056 2069 i2.
3090 2012 3227 2083 Id)?
3256 2010 3330 2066 Ita
3374 2009 3611 2065 furorem
3662 2004 3887 2076 quidem

2295 2108 2605 2177 spirabant,
2636 2117 2691 2163 et
2721 2106 2940 2161 insidias
2985 2104 3384 2177 parturiebant.
3416 2102 3540 2158 dum
3567 2100 3770 2153 cultum
3802 2097 3889 2150 si-

2297 2198 2581 2255 mularent.
2608 2197 2746 2267 Quid
2778 2198 2936 2267 igitur
2956 2196 3080 2252 ille?
3106 2196 3189 2250 18.
3218 2193 3357 2262 Quid
3378 2210 3456 2246 me
3475 2190 3698 2254 tentatis,
3720 2189 3893 2260 hypo-

2298 2293 2480 2347 crita?
2501 2291 2742 2346 Vidistin’
2767 2290 3038 2361 quomodo
3064 2287 3266 2357 majore
3293 2302 3414 2343 cum
3460 2283 3754 2340 acrimonia
3797 2296 3893 2335 re-

2301 2384 2598 2455 spondeat?
2637 2382 2769 2450 Quia
2802 2382 2952 2437 enim
3004 2379 3240 2452 nequitia
3265 2390 3316 2433 et
3358 2379 3589 2447 perlecta
3625 2383 3680 2430 et
3708 2387 3895 2427 mant-

2305 2475 2437 2529 t‘csta
2463 2486 2599 2541 erat,
2626 2474 2804 2530 acrius
2834 2473 3015 2545 pungit
3053 2473 3196 2537 illos,
3225 2470 3401 2542 primo
3427 2466 3781 2528 confundens,
3820 2462 3899 2517 il-

2309 2567 2587 2637 lorumque
2612 2579 2701 2620 ora
2728 2565 3033 2630 obstruens,
3064 2572 3120 2617 ut
3166 2572 3373 2617 secreta
3424 2559 3635 2614 illorum
3675 2557 3729 2610 in
3769 2570 3899 2609 me-

2306 2655 2453 2711 dium
2497 2655 2820 2721 adduceret,
2872 2663 2928 2710 et
2966 2654 3136 2724 palam
3165 2652 3415 2707 omnibus
3465 2648 3733 2711 redderet,
3782 2660 3904 2715 quo

2308 2749 2375 2803 ad
2403 2748 2550 2805 illum
2579 2748 2759 2803 animo
2783 2747 3151 2802 accessissent.
3180 2744 3237 2799 Id
3260 2758 3421 2815 porro
3451 2739 3695 2802 faciebat,
3723 2748 3906 2793 utco-

2314 2854 2431 2893 rum
2462 2839 2750 2910 nequitiam
2780 2837 3116 2908 reprimeret,
3149 2850 3217 2891 ne
3260 2834 3383 2889 talia
3415 2836 3607 2888 iterum
3633 2830 3907 2885 auderent

2313 2934 2377 2989 ad
2419 2934 2739 2989 nocendum.
2778 2932 3036 3000 Quamvis
3062 2929 3224 2983 verba
3266 2924 3559 2981 honoriﬁca
3603 2921 3907 2978 admodum

2312 3034 2521 3090 essent;
2554 3039 2675 3078 natu
2704 3032 2760 3078 et
2787 3023 3097 3092 magistrum
3119 3018 3382 3075 vocabant
3402 3059 3417 3082 ,
3449 3025 3504 3071 et
3546 3028 3813 3078 veracem,
3845 3021 3911 3067 et

2315 3131 2597 3186 personam
2631 3130 2734 3169 non
2765 3116 3114 3184 accipientem
3146 3112 3278 3167 :sed
3311 3112 3449 3166 Deus
3474 3123 3595 3163 cum
3619 3114 3786 3172 esset,
3815 3102 3912 3159 his

2316 3208 2487 3279 decipi
2508 3222 2614 3263 non
2641 3214 2868 3278 poterat.
2899 3205 3051 3261 Unde
3071 3212 3310 3275 poterant
3333 3201 3409 3257 illi
3424 3199 3706 3271 suspicari,
3726 3199 3910 3268 ipSutu

2318 3318 2423 3357 non
2469 3300 2821 3371 coniectando
2868 3300 3205 3367 increpasse,
3244 3296 3339 3352 sed
3388 3281 3441 3350 id
3494 3307 3615 3350 esse
3665 3292 3911 3362 signum,

2320 3394 2467 3447 illum
2489 3402 2693 3446 secreta
2714 3406 2901 3445 eorum
2932 3403 3110 3461 nosse.

2388 3491 2443 3545 2.
2485 3489 2593 3544 Nec
2619 3489 2747 3543 satis
2774 3486 2849 3541 illi
2878 3485 2973 3541 fuit
2998 3488 3299 3553 increpasse
3328 3500 3342 3537 :
3372 3480 3578 3537 etiamsi
3610 3478 3916 3541 sufficeret,

2322 3581 2467 3634 illum
2495 3595 2614 3633 cum
2636 3579 2869 3632 animum
2901 3592 3084 3631 eorum
3126 3574 3515 3643 redarguisset,
3545 3570 3613 3626 de
3636 3580 3778 3624 tanta
3808 3584 3917 3624 ne-

2321 3673 2485 3743 quitia
2518 3670 2770 3741 pudorem
2802 3670 2903 3723 illis
2933 3669 3191 3735 ingerere.
3241 3665 3348 3722 Sed
3376 3680 3480 3720 non
3512 3664 3597 3719 hic
3627 3665 3793 3728 stetit,
3816 3678 3919 3717 vc-

2324 3780 2439 3817 rum
2468 3763 2574 3817 alio
2598 3762 2757 3817 etiam
2785 3761 2944 3817 modo
2984 3761 3192 3814 illorum
3236 3774 3329 3814 ora
3357 3757 3589 3822 consuit,
3629 3772 3751 3812 cum
3780 3757 3857 3811 ait
3894 3774 3911 3810 :

2330 3856 2415 3911 l9.
2449 3854 2709 3910 Ostendite
2738 3854 2860 3908 mihi
2899 3855 3149 3907 nuntiante
3177 3868 3373 3906 census.
3418 3850 3479 3907 Ut
3512 3860 3690 3904 autem
3720 3859 3918 3904 omen-

2324 3946 2534 4012 derunt,
2568 3960 2661 4014 pro
2685 3960 2831 3999 more
2860 3959 2959 3999 suo
2984 3958 3167 3998 eorum
3196 3943 3374 4013 lingua
3392 3940 3709 3996 sententiam
3736 3938 3917 4005 effert,

2328 4040 2574 4108 ipsosque
2600 4040 2889 4094 decernere
2914 4038 3076 4107 cogit,
3108 4035 3159 4090 id
3204 4035 3399 4090 licere:
3429 4049 3545 4104 qum
3571 4042 3685 4088 erat
3728 4032 3921 4101 Splen-

2328 4133 2447 4185 dida
2471 4131 2717 4197 claraque
2744 4130 2982 4183 victoria.
3018 4128 3195 4196 Itaque
3224 4142 3346 4181 cum
3396 4128 3521 4181 inter
3536 4133 3769 4196 rogaret,
3800 4140 3913 4179 non

2331 4223 2578 4293 ignorans
2607 4220 2978 4291 interrogabat,
3012 4220 3103 4274 sed
3137 4228 3194 4272 ut
3221 4234 3288 4272 ex
3315 4219 3525 4273 illorum
3563 4217 3920 4286 reSponsione

2332 4332 2451 4371 reos
2471 4317 2588 4369 illas
2602 4330 2721 4370 esse
2743 4316 3032 4369 evinceret.
3064 4312 3193 4367 Nam
3215 4328 3336 4367 cum
3356 4311 3685 4382 interrogati,
3703 4311 3792 4367 20.
3809 4310 3921 4366 Cu-

2322 4408 2411 4477 jus
2455 4419 2527 4459 est
2570 4406 2779 4477 imago?
2809 4403 3233 4474 respondissent,
3268 4404 3503 4465 Ctesuris,
3548 4404 3623 4456 ait
3668 4401 3919 4457 ille:2l.

2333 4498 2544 4553 Reddite
2557 4515 2668 4568 qua:
2693 4509 2807 4552 sunt
2829 4498 3061 4561 Censoris,
3080 4495 3290 4561 Cwsari,
3312 4508 3358 4550 et
3375 4512 3488 4566 qua:
3506 4506 3621 4550 sunt
3647 4493 3759 4560 Dei,
3788 4495 3918 4549 Deo.

2335 4591 2443 4644 Iloc
2470 4591 2611 4645 enim
2652 4605 2757 4646 non
2804 4600 2887 4645 est
2937 4590 3083 4655 dare,
3140 4588 3231 4642 sed
3269 4588 3535 4642 reddere:
3570 4586 3619 4641 id
3659 4586 3803 4656 quod
3850 4602 3922 4641 ex

2334 4683 2559 4751 imagine
2600 4691 2653 4737 et
2678 4698 2741 4737 ex
2784 4682 3126 4750 inscriptione
3172 4679 3569 4733 ostendebatur.
3620 4676 3821 4732 Deinde
3853 4694 3924 4734 ne

2334 4774 2592 4839 dicerent,
2612 4776 2993 4830 Ilominibusne
3022 4789 3118 4827 nos
3150 4773 3398 4841 subjicis?
3419 4772 3709 4840 subjunxit,
3729 4770 3791 4824 Et
3808 4788 3926 4842 quia

2334 4876 2449 4919 sunt
2476 4867 2590 4935 Dei,
2622 4866 2750 4921 Deo.
2791 4867 2938 4921 Licet
2961 4867 3101 4921 enim
3130 4876 3184 4919 et
3213 4864 3515 4919 hominibus
3544 4848 3640 4917 sua
3668 4862 3921 4930 reddere,

2335 4970 2391 5014 et
2420 4962 2525 5014 Deo
2554 4959 2702 5024 dare,
2749 4974 2868 5030 qua:
2895 4958 2964 5012 ab
2993 4956 3292 5011 hominibus
3322 4957 3419 5026 ipsi
3464 4955 3747 5011 debentur.
3798 4954 3926 5009 Ideo

2337 5054 2464 5108 dicit
2507 5054 2701 5108 Paulus
2730 5070 2744 5105 :
2775 5052 2991 5107 Reddite
3033 5052 3261 5104 euntibus
3300 5050 3465 5102 debita
3506 5064 3524 5101 :
3563 5048 3644 5101 cui
3674 5047 3922 5117 uectigal,

2338 5148 2549 5219 vectigal
2575 5167 2592 5197 :
2614 5148 2695 5199 cui
2723 5146 2988 5207 tributum,
3020 5145 3253 5196 tributum
3282 5158 3300 5194 :
3338 5142 3419 5194 cui
3443 5142 3715 5203 honorem,
3761 5140 3926 5193 hono-

2337 5260 2441 5295 rem
2468 5240 2644 5311 (Rom.
2690 5242 2774 5294 15.
2821 5237 2894 5310 7).
2924 5238 3003 5293 Τιι
3040 5251 3166 5291 vero
3206 5249 3326 5289 cum
3358 5232 3537 5298 audis,
3576 5230 3762 5285 Redde
3802 5245 3925 5300 qtae

2337 5346 2461 5389 sunt
2493 5333 2740 5400 Caesaris,
2766 5330 2980 5394 Czesari,
3024 5329 3091 5383 de
3119 5328 3181 5381 iis
3208 5325 3258 5379 id
3288 5326 3460 5379 solum
3500 5322 3758 5391 intelligo,
3803 5336 3926 5391 qua!

2340 5428 2467 5482 nihil
2502 5428 2748 5495 pietatem
2781 5422 3008 5485 lzedunt;
3044 5421 3113 5472 ita
3139 5429 3195 5471 ut
3224 5418 3268 5472 si
3301 5416 3515 5477 laedunt,
3538 5412 3648 5480 jam
3676 5427 3784 5466 non
3805 5411 3926 5466 Cte-

2338 5522 2495 5585 saris,
2545 5519 2637 5573 sed
2666 5517 2861 5572 diaboli
2893 5516 3145 5569 tributum
3175 5522 3227 5565 et
3259 5507 3483 5576 vectigal
3511 5507 3639 5562 sint.
3679 5503 3806 5560 Ilzer
3834 5521 3929 5558 au-

2338 5609 2895 5669 dientcsobticuernnt
2922 5606 3090 5668 inviti,
3110 5612 3163 5658 ct
3188 5598 3505 5670 sapientiam
3533 5597 3651 5669 ejus
3677 5595 3928 5651 admirati

2404 5816 2419 5843 ³
2443 5817 2569 5865 Hazc,
2594 5805 2721 5855 unde
2743 5802 2889 5855 etiam
2916 5802 2993 5851 hic
3018 5795 3242 5849 concordi
3266 5790 3497 5864 sententia
3518 5790 3738 5856 fuerunt,
3763 5786 3929 5841 omisit

2340 5882 2415 5922 δεμ
2431 5872 2505 5933 ιι.,
2534 5883 2626 5920 nec
2651 5868 2774 5931 legit
2797 5865 3035 5928 Georgius
3054 5867 3421 5923 'l‘rapezuuttus.
