  <div class='ocr_page' id='page_1' title='image "/cluster/home/n/w/nwhite01/storage/ocr_20150623/58/uva.x004914844/202.png"; bbox 0 0 4172 6486; ppageno 0'>
   <div class='ocr_carea' id='block_1_1' title="bbox 224 420 331 477">
    <p class='ocr_par' dir='ltr' id='par_1_1' title="bbox 224 420 331 477">
     <span class='ocr_line' id='line_1_1' title="bbox 224 420 331 477; baseline 0 -1"><span class='ocrx_word' id='word_1_1' title='bbox 224 420 331 477; x_wconf 78' lang='lat'><strong>657</strong></span> 
     </span>
    </p>
   </div>
   <div class='ocr_carea' id='block_1_2' title="bbox 223 533 1821 612">
    <p class='ocr_par' dir='ltr' id='par_1_2' title="bbox 223 533 1821 612">
     <span class='ocr_line' id='line_1_2' title="bbox 223 533 1821 612; baseline -0.005 -17"><span class='ocrx_word' id='word_1_2' title='bbox 223 551 372 595; x_wconf 85' lang='lat' dir='ltr'><strong>sunt.</strong></span> <span class='ocrx_word' id='word_1_3' title='bbox 403 539 543 612; x_wconf 82' lang='lat' dir='ltr'><strong>Ergo</strong></span> <span class='ocrx_word' id='word_1_4' title='bbox 568 534 819 604; x_wconf 79' lang='lat' dir='ltr'><strong>credere,</strong></span> <span class='ocrx_word' id='word_1_5' title='bbox 866 551 996 607; x_wconf 90' lang='lat' dir='ltr'><strong>ergo</strong></span> <span class='ocrx_word' id='word_1_6' title='bbox 1043 545 1259 606; x_wconf 77' lang='lat' dir='ltr'><strong>stupere</strong></span> <span class='ocrx_word' id='word_1_7' title='bbox 1287 535 1571 605; x_wconf 70' lang='lat' dir='ltr'><strong>oportebat</strong></span> <span class='ocrx_word' id='word_1_8' title='bbox 1602 536 1641 587; x_wconf 78' lang='grc'><strong>⁸.</strong></span> <span class='ocrx_word' id='word_1_9' title='bbox 1689 533 1821 588; x_wconf 83' lang='lat' dir='ltr'><strong>Nam</strong></span> 
     </span>
    </p>
   </div>
   <div class='ocr_carea' id='block_1_3' title="bbox 224 629 1825 694">
    <p class='ocr_par' dir='ltr' id='par_1_3' title="bbox 224 629 1825 694">
     <span class='ocr_line' id='line_1_3' title="bbox 224 629 1825 694; baseline -0.003 -7"><span class='ocrx_word' id='word_1_10' title='bbox 224 632 523 687; x_wconf 74' lang='lat' dir='ltr'><strong>divinitatis</strong></span> <span class='ocrx_word' id='word_1_11' title='bbox 568 647 678 686; x_wconf 71' lang='lat' dir='ltr'><strong>suae</strong></span> <span class='ocrx_word' id='word_1_12' title='bbox 705 630 1216 685; x_wconf 71' lang='lat' dir='ltr'><strong>demonstrationem</strong></span> <span class='ocrx_word' id='word_1_13' title='bbox 1257 629 1564 694; x_wconf 79' lang='lat' dir='ltr'><strong>exhibebat,</strong></span> <span class='ocrx_word' id='word_1_14' title='bbox 1593 644 1712 682; x_wconf 91' lang='lat' dir='ltr'><strong>cum</strong></span> <span class='ocrx_word' id='word_1_15' title='bbox 1739 642 1825 682; x_wconf 88' lang='lat' dir='ltr'><strong>se-</strong></span> 
     </span>
    </p>
   </div>
   <div class='ocr_carea' id='block_1_4' title="bbox 224 719 1821 788">
    <p class='ocr_par' dir='ltr' id='par_1_4' title="bbox 224 719 1821 788">
     <span class='ocr_line' id='line_1_4' title="bbox 224 719 1821 788; baseline -0.004 -10"><span class='ocrx_word' id='word_1_16' title='bbox 224 735 373 780; x_wconf 87' lang='lat' dir='ltr'><strong>creta</strong></span> <span class='ocrx_word' id='word_1_17' title='bbox 420 722 729 783; x_wconf 80' lang='lat' dir='ltr'><strong>revelasset,</strong></span> <span class='ocrx_word' id='word_1_18' title='bbox 779 731 832 776; x_wconf 92' lang='lat' dir='ltr'><strong>et</strong></span> <span class='ocrx_word' id='word_1_19' title='bbox 883 721 1077 776; x_wconf 84' lang='lat' dir='ltr'><strong>leniter</strong></span> <span class='ocrx_word' id='word_1_20' title='bbox 1128 721 1363 788; x_wconf 89' lang='lat' dir='ltr'><strong>ipsorum</strong></span> <span class='ocrx_word' id='word_1_21' title='bbox 1395 735 1487 774; x_wconf 88' lang='lat' dir='ltr'><strong>ora</strong></span> <span class='ocrx_word' id='word_1_22' title='bbox 1535 719 1821 774; x_wconf 78' lang='lat' dir='ltr'><strong>obstruxit.</strong></span> 
     </span>
    </p>
   </div>
   <div class='ocr_carea' id='block_1_5' title="bbox 225 811 1823 882">
    <p class='ocr_par' dir='ltr' id='par_1_5' title="bbox 225 811 1823 882">
     <span class='ocr_line' id='line_1_5' title="bbox 225 811 1823 882; baseline 0 -17"><span class='ocrx_word' id='word_1_23' title='bbox 225 815 365 881; x_wconf 80' lang='lat' dir='ltr'><strong>Quid</strong></span> <span class='ocrx_word' id='word_1_24' title='bbox 391 814 596 882; x_wconf 79' lang='lat' dir='ltr'><strong>igitur?</strong></span> <span class='ocrx_word' id='word_1_25' title='bbox 626 829 751 866; x_wconf 89' lang='lat' dir='ltr'><strong>num</strong></span> <span class='ocrx_word' id='word_1_26' title='bbox 782 813 1160 867; x_wconf 85' lang='lat' dir='ltr'><strong>crediderunt?</strong></span> <span class='ocrx_word' id='word_1_27' title='bbox 1187 812 1431 876; x_wconf 80' lang='lat' dir='ltr'><strong>Minime;</strong></span> <span class='ocrx_word' id='word_1_28' title='bbox 1462 811 1578 876; x_wconf 84' lang='lat' dir='ltr'><strong>sed,</strong></span> <span class='ocrx_word' id='word_1_29' title='bbox 1611 813 1702 871; x_wconf 89' lang='lat' dir='ltr'><strong>ait.</strong></span> <span class='ocrx_word' id='word_1_30' title='bbox 1731 811 1823 865; x_wconf 56' lang='grc' dir='ltr'><strong>ἓξ.</strong></span> 
     </span>
    </p>
   </div>
   <div class='ocr_carea' id='block_1_6' title="bbox 226 905 1824 972">
    <p class='ocr_par' dir='ltr' id='par_1_6' title="bbox 226 905 1824 972">
     <span class='ocr_line' id='line_1_6' title="bbox 226 905 1824 972; baseline -0.004 -10"><span class='ocrx_word' id='word_1_31' title='bbox 226 906 550 962; x_wconf 79' lang='lat' dir='ltr'><strong>Dimittentes</strong></span> <span class='ocrx_word' id='word_1_32' title='bbox 583 922 698 960; x_wconf 72' lang='lat' dir='ltr'><strong>eum</strong></span> <span class='ocrx_word' id='word_1_33' title='bbox 725 906 986 970; x_wconf 83' lang='lat' dir='ltr'><strong>abierunt,</strong></span> <span class='ocrx_word' id='word_1_34' title='bbox 1015 905 1109 960; x_wconf 70' lang='lat'><strong>23.</strong></span> <span class='ocrx_word' id='word_1_35' title='bbox 1143 915 1189 958; x_wconf 90' lang='lat' dir='ltr'><strong>et</strong></span> <span class='ocrx_word' id='word_1_36' title='bbox 1232 915 1343 972; x_wconf 83' lang='lat' dir='ltr'><strong>post</strong></span> <span class='ocrx_word' id='word_1_37' title='bbox 1387 921 1472 958; x_wconf 88' lang='lat' dir='ltr'><strong>eos</strong></span> <span class='ocrx_word' id='word_1_38' title='bbox 1510 916 1824 957; x_wconf 68' lang='lat' dir='ltr'><strong>accessermn</strong></span> 
     </span>
    </p>
   </div>
   <div class='ocr_carea' id='block_1_7' title="bbox 224 995 1823 1054">
    <p class='ocr_par' dir='ltr' id='par_1_7' title="bbox 224 995 1823 1054">
     <span class='ocr_line' id='line_1_7' title="bbox 224 995 1823 1054; baseline -0.004 0"><span class='ocrx_word' id='word_1_39' title='bbox 224 998 526 1054; x_wconf 74' lang='lat' dir='ltr'><strong>Saddttt&#39;tel.</strong></span> <span class='ocrx_word' id='word_1_40' title='bbox 580 999 624 1052; x_wconf 92' lang='grc'>0</span> <span class='ocrx_word' id='word_1_41' title='bbox 666 997 984 1051; x_wconf 87' lang='lat' dir='ltr'><strong>amentiaml</strong></span> <span class='ocrx_word' id='word_1_42' title='bbox 1057 997 1168 1051; x_wconf 90' lang='lat' dir='ltr'><strong>lllis</strong></span> <span class='ocrx_word' id='word_1_43' title='bbox 1214 997 1278 1050; x_wconf 92' lang='lat' dir='ltr'><strong>ad</strong></span> <span class='ocrx_word' id='word_1_44' title='bbox 1343 995 1823 1051; x_wconf 87' lang='lat' dir='ltr'><strong>olnnutescendum</strong></span> 
     </span>
    </p>
   </div>
   <div class='ocr_carea' id='block_1_8' title="bbox 222 1089 1826 1161">
    <p class='ocr_par' dir='ltr' id='par_1_8' title="bbox 222 1089 1826 1161">
     <span class='ocr_line' id='line_1_8' title="bbox 222 1089 1826 1161; baseline -0.002 -15"><span class='ocrx_word' id='word_1_45' title='bbox 222 1090 541 1160; x_wconf 84' lang='lat' dir='ltr'><strong>Coutpulsis.</strong></span> <span class='ocrx_word' id='word_1_46' title='bbox 573 1091 622 1144; x_wconf 81' lang='lat' dir='ltr'><strong>Iti</strong></span> <span class='ocrx_word' id='word_1_47' title='bbox 652 1089 1064 1161; x_wconf 78' lang='lat' dir='ltr'><strong>aggrediuntur,</strong></span> <span class='ocrx_word' id='word_1_48' title='bbox 1089 1105 1208 1143; x_wconf 82' lang='lat' dir='ltr'><strong>cum</strong></span> <span class='ocrx_word' id='word_1_49' title='bbox 1240 1091 1563 1158; x_wconf 73' lang='lat' dir='ltr'><strong>oportuisset</strong></span> <span class='ocrx_word' id='word_1_50' title='bbox 1591 1090 1708 1142; x_wconf 89' lang='lat' dir='ltr'><strong>illos</strong></span> <span class='ocrx_word' id='word_1_51' title='bbox 1763 1089 1826 1142; x_wconf 87' lang='lat' dir='ltr'><strong>ti-</strong></span> 
     </span>
    </p>
   </div>
   <div class='ocr_carea' id='block_1_9' title="bbox 225 1179 1827 1255">
    <p class='ocr_par' dir='ltr' id='par_1_9' title="bbox 225 1179 1827 1255">
     <span class='ocr_line' id='line_1_9' title="bbox 225 1179 1827 1255; baseline -0.002 -19"><span class='ocrx_word' id='word_1_52' title='bbox 225 1182 422 1236; x_wconf 88' lang='lat' dir='ltr'><strong>midius</strong></span> <span class='ocrx_word' id='word_1_53' title='bbox 438 1181 716 1236; x_wconf 85' lang='lat' dir='ltr'><strong>accedere.</strong></span> <span class='ocrx_word' id='word_1_54' title='bbox 731 1180 835 1236; x_wconf 88' lang='lat' dir='ltr'><strong>Sed</strong></span> <span class='ocrx_word' id='word_1_55' title='bbox 863 1180 1163 1255; x_wconf 80' lang='lat' dir='ltr'><strong>ltujusutodi</strong></span> <span class='ocrx_word' id='word_1_56' title='bbox 1187 1189 1270 1233; x_wconf 89' lang='lat' dir='ltr'><strong>est</strong></span> <span class='ocrx_word' id='word_1_57' title='bbox 1289 1180 1528 1244; x_wconf 75' lang='lat' dir='ltr'><strong>audacia,</strong></span> <span class='ocrx_word' id='word_1_58' title='bbox 1546 1179 1827 1249; x_wconf 84' lang='lat' dir='ltr'><strong>impudens</strong></span> 
     </span>
    </p>
   </div>
   <div class='ocr_carea' id='block_1_10' title="bbox 226 1272 1822 1342">
    <p class='ocr_par' dir='ltr' id='par_1_10' title="bbox 226 1272 1822 1342">
     <span class='ocr_line' id='line_1_10' title="bbox 226 1272 1822 1342; baseline 0.001 -18"><span class='ocrx_word' id='word_1_59' title='bbox 226 1275 600 1342; x_wconf 88' lang='lat' dir='ltr'><strong>petulansque,</strong></span> <span class='ocrx_word' id='word_1_60' title='bbox 629 1274 696 1327; x_wconf 88' lang='lat' dir='ltr'><strong>ita</strong></span> <span class='ocrx_word' id='word_1_61' title='bbox 727 1284 784 1326; x_wconf 91' lang='lat' dir='ltr'><strong>ut</strong></span> <span class='ocrx_word' id='word_1_62' title='bbox 808 1273 894 1326; x_wconf 90' lang='lat' dir='ltr'><strong>illa</strong></span> <span class='ocrx_word' id='word_1_63' title='bbox 920 1281 1086 1327; x_wconf 88' lang='lat' dir='ltr'><strong>tentet</strong></span> <span class='ocrx_word' id='word_1_64' title='bbox 1116 1287 1236 1342; x_wconf 69' lang='lat' dir='ltr'><strong>quae</strong></span> <span class='ocrx_word' id='word_1_65' title='bbox 1267 1272 1405 1327; x_wconf 82' lang='lat' dir='ltr'><strong>efﬁci</strong></span> <span class='ocrx_word' id='word_1_66' title='bbox 1435 1289 1538 1325; x_wconf 92' lang='lat' dir='ltr'><strong>non</strong></span> <span class='ocrx_word' id='word_1_67' title='bbox 1580 1279 1822 1342; x_wconf 86' lang='lat' dir='ltr'><strong>possunt.</strong></span> 
     </span>
    </p>
   </div>
   <div class='ocr_carea' id='block_1_11' title="bbox 222 1363 1829 1434">
    <p class='ocr_par' dir='ltr' id='par_1_11' title="bbox 222 1363 1829 1434">
     <span class='ocr_line' id='line_1_11' title="bbox 222 1363 1829 1434; baseline 0.001 -19"><span class='ocrx_word' id='word_1_68' title='bbox 222 1363 565 1434; x_wconf 80' lang='lat' dir='ltr'><strong>QuaprOpter</strong></span> <span class='ocrx_word' id='word_1_69' title='bbox 593 1365 921 1433; x_wconf 72' lang='lat' dir='ltr'><strong>evangelista</strong></span> <span class='ocrx_word' id='word_1_70' title='bbox 961 1364 1027 1418; x_wconf 89' lang='lat' dir='ltr'><strong>de</strong></span> <span class='ocrx_word' id='word_1_71' title='bbox 1054 1364 1263 1418; x_wconf 86' lang='lat' dir='ltr'><strong>illorum</strong></span> <span class='ocrx_word' id='word_1_72' title='bbox 1295 1363 1594 1434; x_wconf 76' lang='lat' dir='ltr'><strong>arrogantia</strong></span> <span class='ocrx_word' id='word_1_73' title='bbox 1646 1372 1829 1433; x_wconf 82' lang='lat' dir='ltr'><strong>stupe-</strong></span> 
     </span>
    </p>
   </div>
   <div class='ocr_carea' id='block_1_12' title="bbox 223 1455 1827 1527">
    <p class='ocr_par' dir='ltr' id='par_1_12' title="bbox 223 1455 1827 1527">
     <span class='ocr_line' id='line_1_12' title="bbox 223 1455 1827 1527; baseline 0.001 -17"><span class='ocrx_word' id='word_1_74' title='bbox 223 1457 420 1523; x_wconf 79' lang='lat' dir='ltr'><strong>factus,</strong></span> <span class='ocrx_word' id='word_1_75' title='bbox 465 1457 691 1526; x_wconf 89' lang='lat' dir='ltr'><strong>idipsum</strong></span> <span class='ocrx_word' id='word_1_76' title='bbox 720 1456 984 1527; x_wconf 82' lang='lat' dir='ltr'><strong>significat</strong></span> <span class='ocrx_word' id='word_1_77' title='bbox 1009 1456 1194 1512; x_wconf 87' lang='lat' dir='ltr'><strong>dicens</strong></span> <span class='ocrx_word' id='word_1_78' title='bbox 1232 1475 1245 1510; x_wconf 91' lang='lat'>:</span> <span class='ocrx_word' id='word_1_79' title='bbox 1271 1455 1336 1510; x_wconf 85' lang='lat' dir='ltr'><strong>In</strong></span> <span class='ocrx_word' id='word_1_80' title='bbox 1366 1457 1457 1510; x_wconf 86' lang='lat' dir='ltr'><strong>illa</strong></span> <span class='ocrx_word' id='word_1_81' title='bbox 1487 1456 1569 1511; x_wconf 82' lang='lat' dir='ltr'><strong>die</strong></span> <span class='ocrx_word' id='word_1_82' title='bbox 1604 1473 1827 1511; x_wconf 78' lang='lat' dir='ltr'><strong>accesse-</strong></span> 
     </span>
    </p>
   </div>
   <div class='ocr_carea' id='block_1_13' title="bbox 231 1550 1828 1621">
    <p class='ocr_par' dir='ltr' id='par_1_13' title="bbox 231 1550 1828 1621">
     <span class='ocr_line' id='line_1_13' title="bbox 231 1550 1828 1621; baseline 0.001 -18"><span class='ocrx_word' id='word_1_83' title='bbox 231 1561 373 1603; x_wconf 83' lang='lat' dir='ltr'><strong>runt.</strong></span> <span class='ocrx_word' id='word_1_84' title='bbox 401 1550 465 1604; x_wconf 87' lang='lat' dir='ltr'><strong>In</strong></span> <span class='ocrx_word' id='word_1_85' title='bbox 492 1553 604 1616; x_wconf 86' lang='lat' dir='ltr'><strong>illa,</strong></span> <span class='ocrx_word' id='word_1_86' title='bbox 631 1552 682 1606; x_wconf 92' lang='lat' dir='ltr'><strong>in</strong></span> <span class='ocrx_word' id='word_1_87' title='bbox 701 1551 841 1621; x_wconf 82' lang='lat' dir='ltr'><strong>qua?</strong></span> <span class='ocrx_word' id='word_1_88' title='bbox 861 1551 916 1604; x_wconf 93' lang='lat' dir='ltr'><strong>In</strong></span> <span class='ocrx_word' id='word_1_89' title='bbox 941 1565 1001 1605; x_wconf 88' lang='lat' dir='ltr'><strong>ea</strong></span> <span class='ocrx_word' id='word_1_90' title='bbox 1031 1565 1150 1620; x_wconf 70' lang='lat' dir='ltr'><strong>qua:</strong></span> <span class='ocrx_word' id='word_1_91' title='bbox 1176 1551 1389 1605; x_wconf 89' lang='lat' dir='ltr'><strong>illorum</strong></span> <span class='ocrx_word' id='word_1_92' title='bbox 1421 1550 1710 1621; x_wconf 87' lang='lat' dir='ltr'><strong>nequitiam</strong></span> <span class='ocrx_word' id='word_1_93' title='bbox 1741 1564 1828 1604; x_wconf 81' lang='lat' dir='ltr'><strong>re-</strong></span> 
     </span>
    </p>
   </div>
   <div class='ocr_carea' id='block_1_14' title="bbox 220 1643 1828 1715">
    <p class='ocr_par' dir='ltr' id='par_1_14' title="bbox 220 1643 1828 1715">
     <span class='ocr_line' id='line_1_14' title="bbox 220 1643 1828 1715; baseline -0.001 -16"><span class='ocrx_word' id='word_1_94' title='bbox 220 1645 434 1715; x_wconf 81' lang='lat' dir='ltr'><strong>darguit</strong></span> <span class='ocrx_word' id='word_1_95' title='bbox 454 1687 470 1710; x_wconf 89' lang='lat'><strong>,</strong></span> <span class='ocrx_word' id='word_1_96' title='bbox 504 1646 755 1714; x_wconf 85' lang='lat' dir='ltr'><strong>ipsosque</strong></span> <span class='ocrx_word' id='word_1_97' title='bbox 785 1644 986 1715; x_wconf 90' lang='lat' dir='ltr'><strong>pudore</strong></span> <span class='ocrx_word' id='word_1_98' title='bbox 1015 1644 1252 1699; x_wconf 78' lang='lat' dir='ltr'><strong>suffudit.</strong></span> <span class='ocrx_word' id='word_1_99' title='bbox 1287 1645 1512 1710; x_wconf 85' lang='lat' dir='ltr'><strong>Quinam</strong></span> <span class='ocrx_word' id='word_1_100' title='bbox 1541 1653 1664 1697; x_wconf 89' lang='lat' dir='ltr'><strong>sunt</strong></span> <span class='ocrx_word' id='word_1_101' title='bbox 1694 1643 1828 1698; x_wconf 78' lang='lat' dir='ltr'><strong>Sad-</strong></span> 
     </span>
    </p>
   </div>
   <div class='ocr_carea' id='block_1_15' title="bbox 221 1733 1823 1806">
    <p class='ocr_par' dir='ltr' id='par_1_15' title="bbox 221 1733 1823 1806">
     <span class='ocr_line' id='line_1_15' title="bbox 221 1733 1823 1806; baseline 0 -17"><span class='ocrx_word' id='word_1_102' title='bbox 221 1736 394 1790; x_wconf 64' lang='lat' dir='ltr'><strong>ductui</strong></span> <span class='ocrx_word' id='word_1_103' title='bbox 418 1735 441 1788; x_wconf 87' lang='lat'><strong>?</strong></span> <span class='ocrx_word' id='word_1_104' title='bbox 468 1737 698 1790; x_wconf 76' lang='lat' dir='ltr'><strong>lberesis</strong></span> <span class='ocrx_word' id='word_1_105' title='bbox 721 1747 802 1790; x_wconf 89' lang='lat' dir='ltr'><strong>est</strong></span> <span class='ocrx_word' id='word_1_106' title='bbox 828 1736 1158 1800; x_wconf 64' lang='lat' dir='ltr'><strong>Iudaeorum,</strong></span> <span class='ocrx_word' id='word_1_107' title='bbox 1188 1753 1307 1806; x_wconf 63' lang='lat' dir='ltr'><strong>quas</strong></span> <span class='ocrx_word' id='word_1_108' title='bbox 1357 1733 1536 1790; x_wconf 77' lang='lat' dir='ltr'><strong>differt</strong></span> <span class='ocrx_word' id='word_1_109' title='bbox 1564 1752 1591 1789; x_wconf 92' lang='lat' dir='ltr'><strong>a</strong></span> <span class='ocrx_word' id='word_1_110' title='bbox 1638 1737 1823 1790; x_wconf 78' lang='lat' dir='ltr'><strong>Phari-</strong></span> 
     </span>
    </p>
   </div>
   <div class='ocr_carea' id='block_1_16' title="bbox 221 1828 1826 1900">
    <p class='ocr_par' dir='ltr' id='par_1_16' title="bbox 221 1828 1826 1900">
     <span class='ocr_line' id='line_1_16' title="bbox 221 1828 1826 1900; baseline 0.002 -19"><span class='ocrx_word' id='word_1_111' title='bbox 221 1828 368 1891; x_wconf 59' lang='lat' dir='ltr'><strong>savis,</strong></span> <span class='ocrx_word' id='word_1_112' title='bbox 389 1828 597 1896; x_wconf 79' lang='lat' dir='ltr'><strong>illisque</strong></span> <span class='ocrx_word' id='word_1_113' title='bbox 620 1829 777 1898; x_wconf 82' lang='lat' dir='ltr'><strong>lange</strong></span> <span class='ocrx_word' id='word_1_114' title='bbox 798 1828 1039 1893; x_wconf 88' lang='lat' dir='ltr'><strong>inferior,</strong></span> <span class='ocrx_word' id='word_1_115' title='bbox 1060 1831 1408 1900; x_wconf 70' lang='lat' dir='ltr'><strong>cujusttpinio</strong></span> <span class='ocrx_word' id='word_1_116' title='bbox 1431 1839 1566 1890; x_wconf 85' lang='lat' dir='ltr'><strong>erat,</strong></span> <span class='ocrx_word' id='word_1_117' title='bbox 1589 1844 1826 1884; x_wconf 87' lang='lat' dir='ltr'><strong>nonesse</strong></span> 
     </span>
    </p>
   </div>
   <div class='ocr_carea' id='block_1_17' title="bbox 222 1920 1824 1992">
    <p class='ocr_par' dir='ltr' id='par_1_17' title="bbox 222 1920 1824 1992">
     <span class='ocr_line' id='line_1_17' title="bbox 222 1920 1824 1992; baseline 0.002 -20"><span class='ocrx_word' id='word_1_118' title='bbox 222 1920 694 1981; x_wconf 67' lang='lat' dir='ltr'><strong>resurrectionem,</strong></span> <span class='ocrx_word' id='word_1_119' title='bbox 727 1937 900 1990; x_wconf 88' lang='lat' dir='ltr'><strong>neque</strong></span> <span class='ocrx_word' id='word_1_120' title='bbox 921 1923 1192 1990; x_wconf 82' lang='lat' dir='ltr'><strong>angelum,</strong></span> <span class='ocrx_word' id='word_1_121' title='bbox 1219 1938 1391 1992; x_wconf 89' lang='lat' dir='ltr'><strong>neque</strong></span> <span class='ocrx_word' id='word_1_122' title='bbox 1421 1922 1686 1991; x_wconf 74' lang='lat' dir='ltr'><strong>spiritum.</strong></span> <span class='ocrx_word' id='word_1_123' title='bbox 1709 1922 1824 1976; x_wconf 70' lang='lat' dir='ltr'><strong>ltu-</strong></span> 
     </span>
    </p>
   </div>
   <div class='ocr_carea' id='block_1_18' title="bbox 219 2011 1822 2082">
    <p class='ocr_par' dir='ltr' id='par_1_18' title="bbox 219 2011 1822 2082">
     <span class='ocr_line' id='line_1_18' title="bbox 219 2011 1822 2082; baseline 0.001 -21"><span class='ocrx_word' id='word_1_124' title='bbox 219 2011 401 2064; x_wconf 90' lang='lat' dir='ltr'><strong>diores</strong></span> <span class='ocrx_word' id='word_1_125' title='bbox 424 2013 566 2065; x_wconf 90' lang='lat' dir='ltr'><strong>enim</strong></span> <span class='ocrx_word' id='word_1_126' title='bbox 594 2023 766 2078; x_wconf 89' lang='lat' dir='ltr'><strong>erant,</strong></span> <span class='ocrx_word' id='word_1_127' title='bbox 790 2023 845 2066; x_wconf 93' lang='lat' dir='ltr'><strong>et</strong></span> <span class='ocrx_word' id='word_1_128' title='bbox 871 2013 1166 2081; x_wconf 89' lang='lat' dir='ltr'><strong>corporalia</strong></span> <span class='ocrx_word' id='word_1_129' title='bbox 1205 2023 1407 2065; x_wconf 88' lang='lat' dir='ltr'><strong>tantum</strong></span> <span class='ocrx_word' id='word_1_130' title='bbox 1437 2014 1822 2082; x_wconf 72' lang='lat' dir='ltr'><strong>agnoscebant.</strong></span> 
     </span>
    </p>
   </div>
   <div class='ocr_carea' id='block_1_19' title="bbox 219 2102 1822 2174">
    <p class='ocr_par' dir='ltr' id='par_1_19' title="bbox 219 2102 1822 2174">
     <span class='ocr_line' id='line_1_19' title="bbox 219 2102 1822 2174; baseline 0 -17"><span class='ocrx_word' id='word_1_131' title='bbox 219 2102 354 2157; x_wconf 79' lang='lat' dir='ltr'><strong>Nam</strong></span> <span class='ocrx_word' id='word_1_132' title='bbox 380 2105 558 2158; x_wconf 69' lang='lat' dir='ltr'><strong>tuttltte</strong></span> <span class='ocrx_word' id='word_1_133' title='bbox 584 2104 724 2174; x_wconf 86' lang='lat' dir='ltr'><strong>apud</strong></span> <span class='ocrx_word' id='word_1_134' title='bbox 742 2103 959 2159; x_wconf 74' lang='lat' dir='ltr'><strong>Juda-os</strong></span> <span class='ocrx_word' id='word_1_135' title='bbox 980 2115 1139 2159; x_wconf 73' lang='lat' dir='ltr'><strong>secta:</strong></span> <span class='ocrx_word' id='word_1_136' title='bbox 1166 2115 1338 2159; x_wconf 88' lang='lat' dir='ltr'><strong>erant.</strong></span> <span class='ocrx_word' id='word_1_137' title='bbox 1360 2104 1482 2159; x_wconf 86' lang='lat' dir='ltr'><strong>Ideo</strong></span> <span class='ocrx_word' id='word_1_138' title='bbox 1502 2105 1575 2157; x_wconf 90' lang='lat' dir='ltr'><strong>ait</strong></span> <span class='ocrx_word' id='word_1_139' title='bbox 1597 2105 1822 2159; x_wconf 85' lang='lat' dir='ltr'><strong>Paulus:</strong></span> 
     </span>
    </p>
   </div>
   <div class='ocr_carea' id='block_1_20' title="bbox 225 2191 1825 2264">
    <p class='ocr_par' dir='ltr' id='par_1_20' title="bbox 225 2191 1825 2264">
     <span class='ocr_line' id='line_1_20' title="bbox 225 2191 1825 2264; baseline 0.002 -20"><span class='ocrx_word' id='word_1_140' title='bbox 225 2191 522 2248; x_wconf 66' lang='lat' dir='ltr'><strong>Plutrisa’us</strong></span> <span class='ocrx_word' id='word_1_141' title='bbox 559 2211 668 2248; x_wconf 81' lang='lat' dir='ltr'><strong>sum</strong></span> <span class='ocrx_word' id='word_1_142' title='bbox 706 2195 844 2263; x_wconf 78' lang='lat' dir='ltr'><strong>(Act.</strong></span> <span class='ocrx_word' id='word_1_143' title='bbox 875 2193 964 2249; x_wconf 68' lang='grc'><strong>23.</strong></span> <span class='ocrx_word' id='word_1_144' title='bbox 1004 2193 1084 2262; x_wconf 81' lang='lat'><strong>6),</strong></span> <span class='ocrx_word' id='word_1_145' title='bbox 1116 2211 1234 2264; x_wconf 76' lang='lat' dir='ltr'><strong>qure</strong></span> <span class='ocrx_word' id='word_1_146' title='bbox 1260 2195 1657 2249; x_wconf 85' lang='lat' dir='ltr'><strong>accuratissima</strong></span> <span class='ocrx_word' id='word_1_147' title='bbox 1685 2192 1825 2262; x_wconf 81' lang='lat' dir='ltr'><strong>apud</strong></span> 
     </span>
    </p>
   </div>
   <div class='ocr_carea' id='block_1_21' title="bbox 221 2282 1825 2354">
    <p class='ocr_par' dir='ltr' id='par_1_21' title="bbox 221 2282 1825 2354">
     <span class='ocr_line' id='line_1_21' title="bbox 221 2282 1825 2354; baseline 0.001 -16"><span class='ocrx_word' id='word_1_148' title='bbox 221 2301 322 2339; x_wconf 86' lang='lat' dir='ltr'><strong>nos</strong></span> <span class='ocrx_word' id='word_1_149' title='bbox 369 2295 517 2340; x_wconf 90' lang='lat' dir='ltr'><strong>secta</strong></span> <span class='ocrx_word' id='word_1_150' title='bbox 563 2295 669 2340; x_wconf 86' lang='lat' dir='ltr'><strong>est.</strong></span> <span class='ocrx_word' id='word_1_151' title='bbox 703 2282 768 2340; x_wconf 84' lang='lat' dir='ltr'><strong>Hi</strong></span> <span class='ocrx_word' id='word_1_152' title='bbox 815 2293 993 2341; x_wconf 88' lang='lat' dir='ltr'><strong>autem</strong></span> <span class='ocrx_word' id='word_1_153' title='bbox 1039 2286 1316 2341; x_wconf 71' lang='lat' dir='ltr'><strong>Sadducmi</strong></span> <span class='ocrx_word' id='word_1_154' title='bbox 1363 2286 1571 2340; x_wconf 89' lang='lat' dir='ltr'><strong>directe</strong></span> <span class='ocrx_word' id='word_1_155' title='bbox 1610 2285 1825 2354; x_wconf 88' lang='lat' dir='ltr'><strong>quident</strong></span> 
     </span>
    </p>
   </div>
   <div class='ocr_carea' id='block_1_22' title="bbox 222 2376 1822 2447">
    <p class='ocr_par' dir='ltr' id='par_1_22' title="bbox 222 2376 1822 2447">
     <span class='ocr_line' id='line_1_22' title="bbox 222 2376 1822 2447; baseline 0 -17"><span class='ocrx_word' id='word_1_156' title='bbox 222 2376 360 2431; x_wconf 80' lang='lat' dir='ltr'><strong>nihil</strong></span> <span class='ocrx_word' id='word_1_157' title='bbox 387 2376 453 2430; x_wconf 89' lang='lat' dir='ltr'><strong>de</strong></span> <span class='ocrx_word' id='word_1_158' title='bbox 483 2379 880 2433; x_wconf 77' lang='lat' dir='ltr'><strong>resurrectione</strong></span> <span class='ocrx_word' id='word_1_159' title='bbox 908 2379 1122 2433; x_wconf 88' lang='lat' dir='ltr'><strong>dicunt:</strong></span> <span class='ocrx_word' id='word_1_160' title='bbox 1145 2377 1238 2433; x_wconf 83' lang='lat' dir='ltr'><strong>sed</strong></span> <span class='ocrx_word' id='word_1_161' title='bbox 1259 2379 1616 2432; x_wconf 88' lang='lat' dir='ltr'><strong>narratio::etn</strong></span> <span class='ocrx_word' id='word_1_162' title='bbox 1640 2393 1822 2447; x_wconf 56' lang='lat' dir='ltr'><strong>quanto</strong></span> 
     </span>
    </p>
   </div>
   <div class='ocr_carea' id='block_1_23' title="bbox 225 2467 1823 2540">
    <p class='ocr_par' dir='ltr' id='par_1_23' title="bbox 225 2467 1823 2540">
     <span class='ocr_line' id='line_1_23' title="bbox 225 2467 1823 2540; baseline -0.001 -18"><span class='ocrx_word' id='word_1_163' title='bbox 225 2471 354 2524; x_wconf 87' lang='lat' dir='ltr'><strong>dam</strong></span> <span class='ocrx_word' id='word_1_164' title='bbox 385 2467 720 2540; x_wconf 77' lang='lat' dir='ltr'><strong>conﬁngunt,</strong></span> <span class='ocrx_word' id='word_1_165' title='bbox 752 2479 807 2524; x_wconf 89' lang='lat' dir='ltr'><strong>et</strong></span> <span class='ocrx_word' id='word_1_166' title='bbox 833 2485 945 2526; x_wconf 89' lang='lat' dir='ltr'><strong>rem</strong></span> <span class='ocrx_word' id='word_1_167' title='bbox 975 2480 1264 2540; x_wconf 79' lang='lat' dir='ltr'><strong>numquam</strong></span> <span class='ocrx_word' id='word_1_168' title='bbox 1286 2513 1301 2536; x_wconf 95' lang='lat'><strong>,</strong></span> <span class='ocrx_word' id='word_1_169' title='bbox 1355 2478 1413 2523; x_wconf 90' lang='lat' dir='ltr'><strong>ut</strong></span> <span class='ocrx_word' id='word_1_170' title='bbox 1440 2480 1586 2539; x_wconf 86' lang='lat' dir='ltr'><strong>puto,</strong></span> <span class='ocrx_word' id='word_1_171' title='bbox 1620 2471 1823 2538; x_wconf 74' lang='lat' dir='ltr'><strong>gesunu</strong></span> 
     </span>
    </p>
   </div>
   <div class='ocr_carea' id='block_1_24' title="bbox 219 2560 1825 2631">
    <p class='ocr_par' dir='ltr' id='par_1_24' title="bbox 219 2560 1825 2631">
     <span class='ocr_line' id='line_1_24' title="bbox 219 2560 1825 2631; baseline -0.001 -16"><span class='ocrx_word' id='word_1_172' title='bbox 219 2562 719 2628; x_wconf 89' lang='lat' dir='ltr'><strong>comminiscuntur,</strong></span> <span class='ocrx_word' id='word_1_173' title='bbox 752 2562 1031 2631; x_wconf 85' lang='lat' dir='ltr'><strong>sperantes</strong></span> <span class='ocrx_word' id='word_1_174' title='bbox 1060 2571 1118 2616; x_wconf 81' lang='lat' dir='ltr'><strong>se</strong></span> <span class='ocrx_word' id='word_1_175' title='bbox 1145 2563 1290 2615; x_wconf 90' lang='lat' dir='ltr'><strong>illum</strong></span> <span class='ocrx_word' id='word_1_176' title='bbox 1322 2560 1372 2615; x_wconf 89' lang='lat' dir='ltr'><strong>in</strong></span> <span class='ocrx_word' id='word_1_177' title='bbox 1407 2560 1680 2629; x_wconf 65' lang='lat' dir='ltr'><strong>angustias</strong></span> <span class='ocrx_word' id='word_1_178' title='bbox 1698 2575 1825 2614; x_wconf 87' lang='lat' dir='ltr'><strong>cou-</strong></span> 
     </span>
    </p>
   </div>
   <div class='ocr_carea' id='block_1_25' title="bbox 223 2642 1826 2725">
    <p class='ocr_par' dir='ltr' id='par_1_25' title="bbox 223 2642 1826 2725">
     <span class='ocr_line' id='line_1_25' title="bbox 223 2642 1826 2725; baseline -0.002 -15"><span class='ocrx_word' id='word_1_179' title='bbox 223 2642 462 2724; x_wconf 76' lang='lat' dir='ltr'><strong>iecturos</strong></span> <span class='ocrx_word' id='word_1_180' title='bbox 490 2669 613 2709; x_wconf 87' lang='lat' dir='ltr'><strong>esse</strong></span> <span class='ocrx_word' id='word_1_181' title='bbox 641 2697 655 2721; x_wconf 93' lang='lat'><strong>,</strong></span> <span class='ocrx_word' id='word_1_182' title='bbox 692 2654 1048 2725; x_wconf 83' lang='lat' dir='ltr'><strong>volebantque</strong></span> <span class='ocrx_word' id='word_1_183' title='bbox 1090 2652 1201 2708; x_wconf 77' lang='lat' dir='ltr'><strong>lucc</strong></span> <span class='ocrx_word' id='word_1_184' title='bbox 1242 2651 1406 2707; x_wconf 84' lang='lat' dir='ltr'><strong>&#39;antho</strong></span> <span class='ocrx_word' id='word_1_185' title='bbox 1431 2651 1726 2713; x_wconf 84' lang='lat' dir='ltr'><strong>confutare,</strong></span> <span class='ocrx_word' id='word_1_186' title='bbox 1771 2652 1826 2706; x_wconf 85' lang='lat' dir='ltr'><strong>et</strong></span> 
     </span>
    </p>
   </div>
   <div class='ocr_carea' id='block_1_26' title="bbox 223 2743 1827 2814">
    <p class='ocr_par' dir='ltr' id='par_1_26' title="bbox 223 2743 1827 2814">
     <span class='ocr_line' id='line_1_26' title="bbox 223 2743 1827 2814; baseline -0.001 -14"><span class='ocrx_word' id='word_1_187' title='bbox 223 2747 684 2800; x_wconf 81' lang='lat' dir='ltr'><strong>resurrectionem</strong></span> <span class='ocrx_word' id='word_1_188' title='bbox 707 2763 847 2810; x_wconf 87' lang='lat' dir='ltr'><strong>esse,</strong></span> <span class='ocrx_word' id='word_1_189' title='bbox 879 2757 934 2801; x_wconf 92' lang='lat' dir='ltr'><strong>et</strong></span> <span class='ocrx_word' id='word_1_190' title='bbox 965 2745 1411 2801; x_wconf 85' lang='lat' dir='ltr'><strong>resurrectiooem</strong></span> <span class='ocrx_word' id='word_1_191' title='bbox 1456 2743 1827 2814; x_wconf 63' lang='lat' dir='ltr'><strong>(alcimqnalis</strong></span> 
     </span>
    </p>
   </div>
   <div class='ocr_carea' id='block_1_27' title="bbox 237 2823 1822 2902">
    <p class='ocr_par' dir='ltr' id='par_1_27' title="bbox 237 2823 1822 2902">
     <span class='ocr_line' id='line_1_27' title="bbox 237 2823 1822 2902; baseline 0 -14"><span class='ocrx_word' id='word_1_192' title='bbox 237 2835 539 2891; x_wconf 73' lang='lat' dir='ltr'><strong>dicebatur.</strong></span> <span class='ocrx_word' id='word_1_193' title='bbox 594 2823 657 2890; x_wconf 72' lang='lat' dir='ltr'><strong>ili</strong></span> <span class='ocrx_word' id='word_1_194' title='bbox 703 2840 915 2890; x_wconf 83' lang='lat' dir='ltr'><strong>rursum</strong></span> <span class='ocrx_word' id='word_1_195' title='bbox 947 2835 1187 2890; x_wconf 81' lang='lat' dir='ltr'><strong>modeste</strong></span> <span class='ocrx_word' id='word_1_196' title='bbox 1226 2835 1510 2902; x_wconf 85' lang='lat' dir='ltr'><strong>accedunt,</strong></span> <span class='ocrx_word' id='word_1_197' title='bbox 1543 2832 1780 2888; x_wconf 86' lang='lat' dir='ltr'><strong>dicentes</strong></span> <span class='ocrx_word' id='word_1_198' title='bbox 1809 2851 1822 2888; x_wconf 90' lang='lat'><strong>:</strong></span> 
     </span>
    </p>
   </div>
   <div class='ocr_carea' id='block_1_28' title="bbox 222 2918 1827 2997">
    <p class='ocr_par' dir='ltr' id='par_1_28' title="bbox 222 2918 1827 2997">
     <span class='ocr_line' id='line_1_28' title="bbox 222 2918 1827 2997; baseline -0.001 -18"><span class='ocrx_word' id='word_1_199' title='bbox 222 2925 296 2980; x_wconf 63' lang='lat'><strong>25</strong></span> <span class='ocrx_word' id='word_1_200' title='bbox 328 2923 596 2996; x_wconf 73' lang='lat' dir='ltr'><strong>Magister,</strong></span> <span class='ocrx_word' id='word_1_201' title='bbox 631 2925 834 2997; x_wconf 72' lang='lat' dir='ltr'><strong>Moyses</strong></span> <span class='ocrx_word' id='word_1_202' title='bbox 860 2927 1026 2980; x_wconf 78' lang='lat' dir='ltr'><strong>diait:</strong></span> <span class='ocrx_word' id='word_1_203' title='bbox 1071 2918 1134 2980; x_wconf 78' lang='lat' dir='ltr'><strong>Si</strong></span> <span class='ocrx_word' id='word_1_204' title='bbox 1161 2927 1274 2994; x_wconf 77' lang='lat' dir='ltr'><strong>quis</strong></span> <span class='ocrx_word' id='word_1_205' title='bbox 1303 2924 1569 2990; x_wconf 75' lang='lat' dir='ltr'><strong>moriatur,</strong></span> <span class='ocrx_word' id='word_1_206' title='bbox 1612 2943 1711 2979; x_wconf 88' lang='lat' dir='ltr'><strong>non</strong></span> <span class='ocrx_word' id='word_1_207' title='bbox 1733 2928 1827 2979; x_wconf 82' lang='lat' dir='ltr'><strong>Ita-</strong></span> 
     </span>
    </p>
   </div>
   <div class='ocr_carea' id='block_1_29' title="bbox 222 3007 1826 3088">
    <p class='ocr_par' dir='ltr' id='par_1_29' title="bbox 222 3007 1826 3088">
     <span class='ocr_line' id='line_1_29' title="bbox 222 3007 1826 3088; baseline 0.001 -19"><span class='ocrx_word' id='word_1_208' title='bbox 222 3017 343 3070; x_wconf 79' lang='lat' dir='ltr'><strong>bens‘</strong></span> <span class='ocrx_word' id='word_1_209' title='bbox 367 3007 524 3084; x_wconf 74' lang='lat' dir='ltr'><strong>ﬁlios,</strong></span> <span class='ocrx_word' id='word_1_210' title='bbox 557 3018 704 3070; x_wconf 86' lang='lat' dir='ltr'><strong>ducet</strong></span> <span class='ocrx_word' id='word_1_211' title='bbox 732 3019 888 3086; x_wconf 77' lang='lat' dir='ltr'><strong>frater</strong></span> <span class='ocrx_word' id='word_1_212' title='bbox 905 3018 1014 3088; x_wconf 80' lang='lat' dir='ltr'><strong>ejus</strong></span> <span class='ocrx_word' id='word_1_213' title='bbox 1045 3033 1251 3071; x_wconf 68' lang='lat' dir='ltr'><strong>uxorem</strong></span> <span class='ocrx_word' id='word_1_214' title='bbox 1283 3018 1440 3078; x_wconf 84' lang='lat' dir='ltr'><strong>illius,</strong></span> <span class='ocrx_word' id='word_1_215' title='bbox 1473 3016 1521 3071; x_wconf 79' lang='lat' dir='ltr'><strong>et</strong></span> <span class='ocrx_word' id='word_1_216' title='bbox 1564 3017 1826 3071; x_wconf 80' lang='lat' dir='ltr'><strong>suscitabit</strong></span> 
     </span>
    </p>
   </div>
   <div class='ocr_carea' id='block_1_30' title="bbox 221 3106 1825 3180">
    <p class='ocr_par' dir='ltr' id='par_1_30' title="bbox 221 3106 1825 3180">
     <span class='ocr_line' id='line_1_30' title="bbox 221 3106 1825 3180; baseline 0.002 -20"><span class='ocrx_word' id='word_1_217' title='bbox 221 3123 392 3160; x_wconf 80' lang='lat' dir='ltr'><strong>semen</strong></span> <span class='ocrx_word' id='word_1_218' title='bbox 423 3108 572 3177; x_wconf 79' lang='lat' dir='ltr'><strong>fratri</strong></span> <span class='ocrx_word' id='word_1_219' title='bbox 625 3125 716 3162; x_wconf 79' lang='lat' dir='ltr'><strong>suo</strong></span> <span class='ocrx_word' id='word_1_220' title='bbox 743 3109 924 3177; x_wconf 83' lang='lat' dir='ltr'><strong>(Deut.</strong></span> <span class='ocrx_word' id='word_1_221' title='bbox 963 3109 1056 3163; x_wconf 67' lang='lat'><strong>23&#39;.</strong></span> <span class='ocrx_word' id='word_1_222' title='bbox 1098 3110 1181 3180; x_wconf 87' lang='lat'><strong>5).</strong></span> <span class='ocrx_word' id='word_1_223' title='bbox 1227 3110 1318 3163; x_wconf 72' lang='lat'><strong>25.</strong></span> <span class='ocrx_word' id='word_1_224' title='bbox 1358 3106 1521 3162; x_wconf 82' lang='lat' dir='ltr'><strong>Erant</strong></span> <span class='ocrx_word' id='word_1_225' title='bbox 1557 3113 1697 3178; x_wconf 82' lang='lat' dir='ltr'><strong>apud</strong></span> <span class='ocrx_word' id='word_1_226' title='bbox 1734 3126 1825 3163; x_wconf 88' lang='lat' dir='ltr'><strong>nos</strong></span> 
     </span>
    </p>
   </div>
   <div class='ocr_carea' id='block_1_31' title="bbox 220 3202 1826 3273">
    <p class='ocr_par' dir='ltr' id='par_1_31' title="bbox 220 3202 1826 3273">
     <span class='ocr_line' id='line_1_31' title="bbox 220 3202 1826 3273; baseline 0.004 -22"><span class='ocrx_word' id='word_1_227' title='bbox 220 3209 413 3267; x_wconf 82' lang='lat' dir='ltr'><strong>septem</strong></span> <span class='ocrx_word' id='word_1_228' title='bbox 442 3204 624 3267; x_wconf 80' lang='lat' dir='ltr'><strong>fratres</strong></span> <span class='ocrx_word' id='word_1_229' title='bbox 659 3216 676 3255; x_wconf 91' lang='lat'><strong><em>:</em></strong></span> <span class='ocrx_word' id='word_1_230' title='bbox 705 3211 751 3255; x_wconf 85' lang='lat' dir='ltr'><strong>et</strong></span> <span class='ocrx_word' id='word_1_231' title='bbox 797 3204 990 3273; x_wconf 77' lang='lat' dir='ltr'><strong>primus</strong></span> <span class='ocrx_word' id='word_1_232' title='bbox 1034 3202 1179 3256; x_wconf 72' lang='lat' dir='ltr'><strong>duxit</strong></span> <span class='ocrx_word' id='word_1_233' title='bbox 1207 3219 1435 3269; x_wconf 75' lang='lat' dir='ltr'><strong>uxorem,</strong></span> <span class='ocrx_word' id='word_1_234' title='bbox 1483 3215 1528 3258; x_wconf 87' lang='lat' dir='ltr'><strong>ct</strong></span> <span class='ocrx_word' id='word_1_235' title='bbox 1556 3204 1826 3273; x_wconf 75' lang='lat' dir='ltr'><strong>defunctus</strong></span> 
     </span>
    </p>
   </div>
   <div class='ocr_carea' id='block_1_32' title="bbox 221 3285 1866 3363">
    <p class='ocr_par' dir='ltr' id='par_1_32' title="bbox 221 3285 1866 3363">
     <span class='ocr_line' id='line_1_32' title="bbox 221 3285 1866 3363; baseline 0.002 -17"><span class='ocrx_word' id='word_1_236' title='bbox 221 3303 296 3347; x_wconf 81' lang='lat' dir='ltr'><strong>est</strong></span> <span class='ocrx_word' id='word_1_237' title='bbox 321 3309 422 3346; x_wconf 84' lang='lat' dir='ltr'><strong>non</strong></span> <span class='ocrx_word' id='word_1_238' title='bbox 462 3292 648 3348; x_wconf 79' lang='lat' dir='ltr'><strong>habens</strong></span> <span class='ocrx_word' id='word_1_239' title='bbox 683 3293 836 3363; x_wconf 72' lang='lat' dir='ltr'><strong>ﬁlios.</strong></span> <span class='ocrx_word' id='word_1_240' title='bbox 862 3295 954 3349; x_wconf 72' lang='grc'><strong>26.</strong></span> <span class='ocrx_word' id='word_1_241' title='bbox 988 3294 1234 3351; x_wconf 77' lang='lat' dir='ltr'><strong>Similiter</strong></span> <span class='ocrx_word' id='word_1_242' title='bbox 1258 3297 1527 3361; x_wconf 75' lang='lat' dir='ltr'><strong>secundus,</strong></span> <span class='ocrx_word' id='word_1_243' title='bbox 1558 3307 1603 3350; x_wconf 87' lang='lat' dir='ltr'><strong>et</strong></span> <span class='ocrx_word' id='word_1_244' title='bbox 1627 3296 1822 3363; x_wconf 81' lang='lat' dir='ltr'><strong>tertius,</strong></span> <span class='ocrx_word' id='word_1_245' title='bbox 1862 3285 1866 3289; x_wconf 15' lang='lat' dir='ltr'><strong>h</strong></span> 
     </span>
    </p>
   </div>
   <div class='ocr_carea' id='block_1_33' title="bbox 222 3374 1826 3454">
    <p class='ocr_par' dir='ltr' id='par_1_33' title="bbox 222 3374 1826 3454">
     <span class='ocr_line' id='line_1_33' title="bbox 222 3374 1826 3454; baseline 0.004 -19"><span class='ocrx_word' id='word_1_246' title='bbox 222 3399 381 3452; x_wconf 73' lang='lat' dir='ltr'><strong>usque</strong></span> <span class='ocrx_word' id='word_1_247' title='bbox 405 3385 474 3437; x_wconf 85' lang='lat' dir='ltr'><strong>ad</strong></span> <span class='ocrx_word' id='word_1_248' title='bbox 503 3385 787 3454; x_wconf 74' lang='lat' dir='ltr'><strong>septimum.</strong></span> <span class='ocrx_word' id='word_1_249' title='bbox 820 3374 910 3439; x_wconf 69' lang='lat'><strong>27.</strong></span> <span class='ocrx_word' id='word_1_250' title='bbox 939 3385 1227 3441; x_wconf 78' lang='lat' dir='ltr'><strong>Novissime</strong></span> <span class='ocrx_word' id='word_1_251' title='bbox 1254 3400 1420 3442; x_wconf 86' lang='lat' dir='ltr'><strong>autem</strong></span> <span class='ocrx_word' id='word_1_252' title='bbox 1447 3399 1670 3443; x_wconf 68' lang='lat' dir='ltr'><strong>amntem</strong></span> <span class='ocrx_word' id='word_1_253' title='bbox 1701 3407 1826 3443; x_wconf 85' lang='lat' dir='ltr'><strong>mor-</strong></span> 
     </span>
    </p>
   </div>
   <div class='ocr_carea' id='block_1_34' title="bbox 222 3468 1815 3553">
    <p class='ocr_par' dir='ltr' id='par_1_34' title="bbox 222 3468 1815 3553">
     <span class='ocr_line' id='line_1_34' title="bbox 222 3468 1815 3553; baseline 0.005 -24"><span class='ocrx_word' id='word_1_254' title='bbox 222 3487 309 3530; x_wconf 78' lang='lat' dir='ltr'><strong>tua</strong></span> <span class='ocrx_word' id='word_1_255' title='bbox 335 3486 411 3531; x_wconf 87' lang='lat' dir='ltr'><strong>est</strong></span> <span class='ocrx_word' id='word_1_256' title='bbox 452 3487 500 3531; x_wconf 84' lang='lat' dir='ltr'><strong>et</strong></span> <span class='ocrx_word' id='word_1_257' title='bbox 545 3475 744 3532; x_wconf 80' lang='lat' dir='ltr'><strong>mulier.</strong></span> <span class='ocrx_word' id='word_1_258' title='bbox 793 3478 884 3535; x_wconf 74' lang='lat'><strong>28.</strong></span> <span class='ocrx_word' id='word_1_259' title='bbox 917 3468 983 3534; x_wconf 78' lang='lat' dir='ltr'><strong>In</strong></span> <span class='ocrx_word' id='word_1_260' title='bbox 1013 3482 1376 3536; x_wconf 81' lang='lat' dir='ltr'><strong>resurrectione</strong></span> <span class='ocrx_word' id='word_1_261' title='bbox 1401 3482 1557 3552; x_wconf 86' lang='lat' dir='ltr'><strong>igitur</strong></span> <span class='ocrx_word' id='word_1_262' title='bbox 1572 3484 1717 3553; x_wconf 82' lang='lat' dir='ltr'><strong>cujus</strong></span> <span class='ocrx_word' id='word_1_263' title='bbox 1749 3499 1815 3537; x_wconf 74' lang='lat' dir='ltr'><strong>ex.</strong></span> 
     </span>
    </p>
   </div>
   <div class='ocr_carea' id='block_1_35' title="bbox 219 3557 1821 3642">
    <p class='ocr_par' dir='ltr' id='par_1_35' title="bbox 219 3557 1821 3642">
     <span class='ocr_line' id='line_1_35' title="bbox 219 3557 1821 3642; baseline 0.004 -20"><span class='ocrx_word' id='word_1_264' title='bbox 219 3580 413 3639; x_wconf 81' lang='lat' dir='ltr'><strong>septem</strong></span> <span class='ocrx_word' id='word_1_265' title='bbox 449 3566 545 3623; x_wconf 81' lang='lat' dir='ltr'><strong>erit</strong></span> <span class='ocrx_word' id='word_1_266' title='bbox 572 3571 740 3626; x_wconf 69' lang='lat' dir='ltr'><strong>tuor?</strong></span> <span class='ocrx_word' id='word_1_267' title='bbox 771 3570 903 3627; x_wconf 78' lang='lat' dir='ltr'><strong>Vide</strong></span> <span class='ocrx_word' id='word_1_268' title='bbox 934 3557 1345 3642; x_wconf 84' lang='lat' dir='ltr'><strong>respondentem</strong></span> <span class='ocrx_word' id='word_1_269' title='bbox 1375 3573 1610 3628; x_wconf 89' lang='lat' dir='ltr'><strong>doctoris</strong></span> <span class='ocrx_word' id='word_1_270' title='bbox 1648 3589 1821 3630; x_wconf 87' lang='lat' dir='ltr'><strong>more.</strong></span> 
     </span>
    </p>
   </div>
   <div class='ocr_carea' id='block_1_36' title="bbox 222 3661 1824 3744">
    <p class='ocr_par' dir='ltr' id='par_1_36' title="bbox 222 3661 1824 3744">
     <span class='ocr_line' id='line_1_36' title="bbox 222 3661 1824 3744; baseline 0.003 -28"><span class='ocrx_word' id='word_1_271' title='bbox 222 3661 375 3744; x_wconf 61' lang='lat' dir='ltr'><strong>Lipet</strong></span> <span class='ocrx_word' id='word_1_272' title='bbox 415 3663 562 3716; x_wconf 89' lang='lat' dir='ltr'><strong>euitn</strong></span> <span class='ocrx_word' id='word_1_273' title='bbox 615 3674 665 3718; x_wconf 91' lang='lat' dir='ltr'><strong>et</strong></span> <span class='ocrx_word' id='word_1_274' title='bbox 721 3664 819 3732; x_wconf 86' lang='lat' dir='ltr'><strong>ipsi</strong></span> <span class='ocrx_word' id='word_1_275' title='bbox 874 3663 1107 3732; x_wconf 84' lang='lat' dir='ltr'><strong>maligne</strong></span> <span class='ocrx_word' id='word_1_276' title='bbox 1155 3673 1530 3726; x_wconf 53' lang='lat' dir='ltr'><strong>accesserant.</strong></span> <span class='ocrx_word' id='word_1_277' title='bbox 1587 3677 1824 3732; x_wconf 77' lang='lat' dir='ltr'><strong>attamen</strong></span> 
     </span>
    </p>
   </div>
   <div class='ocr_carea' id='block_1_37' title="bbox 223 3753 1825 3826">
    <p class='ocr_par' dir='ltr' id='par_1_37' title="bbox 223 3753 1825 3826">
     <span class='ocr_line' id='line_1_37' title="bbox 223 3753 1825 3826; baseline 0.003 -20"><span class='ocrx_word' id='word_1_278' title='bbox 223 3753 574 3822; x_wconf 80' lang='lat' dir='ltr'><strong>interrogatio</strong></span> <span class='ocrx_word' id='word_1_279' title='bbox 620 3769 685 3809; x_wconf 78' lang='lat' dir='ltr'><strong>ex</strong></span> <span class='ocrx_word' id='word_1_280' title='bbox 733 3755 1030 3825; x_wconf 79' lang='lat' dir='ltr'><strong>ignorantia</strong></span> <span class='ocrx_word' id='word_1_281' title='bbox 1089 3755 1258 3826; x_wconf 87' lang='lat' dir='ltr'><strong>magis</strong></span> <span class='ocrx_word' id='word_1_282' title='bbox 1313 3756 1655 3826; x_wconf 73' lang='lat' dir='ltr'><strong>pret-edebat.</strong></span> <span class='ocrx_word' id='word_1_283' title='bbox 1701 3759 1825 3813; x_wconf 88' lang='lat' dir='ltr'><strong>ldeo</strong></span> 
     </span>
    </p>
   </div>
   <div class='ocr_carea' id='block_1_38' title="bbox 223 3843 1824 3918">
    <p class='ocr_par' dir='ltr' id='par_1_38' title="bbox 223 3843 1824 3918">
     <span class='ocr_line' id='line_1_38' title="bbox 223 3843 1824 3918; baseline 0.004 -19"><span class='ocrx_word' id='word_1_284' title='bbox 223 3860 334 3900; x_wconf 83' lang='lat' dir='ltr'><strong>non</strong></span> <span class='ocrx_word' id='word_1_285' title='bbox 364 3852 525 3899; x_wconf 77' lang='lat' dir='ltr'><strong>vocat</strong></span> <span class='ocrx_word' id='word_1_286' title='bbox 551 3844 672 3899; x_wconf 89' lang='lat' dir='ltr'><strong>illos</strong></span> <span class='ocrx_word' id='word_1_287' title='bbox 721 3844 1048 3917; x_wconf 86' lang='lat' dir='ltr'><strong>hypocritas.</strong></span> <span class='ocrx_word' id='word_1_288' title='bbox 1082 3843 1283 3906; x_wconf 87' lang='lat' dir='ltr'><strong>Deinde</strong></span> <span class='ocrx_word' id='word_1_289' title='bbox 1315 3863 1380 3902; x_wconf 83' lang='lat' dir='ltr'><strong>ne</strong></span> <span class='ocrx_word' id='word_1_290' title='bbox 1405 3850 1679 3918; x_wconf 85' lang='lat' dir='ltr'><strong>objiceret,</strong></span> <span class='ocrx_word' id='word_1_291' title='bbox 1728 3865 1824 3905; x_wconf 89' lang='lat' dir='ltr'><strong>cur</strong></span> 
     </span>
    </p>
   </div>
   <div class='ocr_carea' id='block_1_39' title="bbox 221 3938 1823 4011">
    <p class='ocr_par' dir='ltr' id='par_1_39' title="bbox 221 3938 1823 4011">
     <span class='ocr_line' id='line_1_39' title="bbox 221 3938 1823 4011; baseline 0.002 -18"><span class='ocrx_word' id='word_1_292' title='bbox 221 3949 433 4008; x_wconf 82' lang='lat' dir='ltr'><strong>septem</strong></span> <span class='ocrx_word' id='word_1_293' title='bbox 462 3954 621 3992; x_wconf 86' lang='lat' dir='ltr'><strong>unam</strong></span> <span class='ocrx_word' id='word_1_294' title='bbox 650 3938 960 3993; x_wconf 82' lang='lat' dir='ltr'><strong>habuissent</strong></span> <span class='ocrx_word' id='word_1_295' title='bbox 992 3947 1237 4003; x_wconf 66' lang='lat' dir='ltr'><strong>osorem,</strong></span> <span class='ocrx_word' id='word_1_296' title='bbox 1285 3939 1500 4011; x_wconf 74' lang='lat' dir='ltr'><strong>Moysen</strong></span> <span class='ocrx_word' id='word_1_297' title='bbox 1547 3941 1778 3997; x_wconf 81' lang='lat' dir='ltr'><strong>aﬂ&#39;eruut</strong></span> <span class='ocrx_word' id='word_1_298' title='bbox 1809 3961 1823 3998; x_wconf 89' lang='lat'><strong>:</strong></span> 
     </span>
    </p>
   </div>
   <div class='ocr_carea' id='block_1_40' title="bbox 222 4029 1822 4100">
    <p class='ocr_par' dir='ltr' id='par_1_40' title="bbox 222 4029 1822 4100">
     <span class='ocr_line' id='line_1_40' title="bbox 222 4029 1822 4100; baseline 0 -15"><span class='ocrx_word' id='word_1_299' title='bbox 222 4031 461 4092; x_wconf 87' lang='lat' dir='ltr'><strong>etiamsi,</strong></span> <span class='ocrx_word' id='word_1_300' title='bbox 485 4039 544 4084; x_wconf 92' lang='lat' dir='ltr'><strong>nt</strong></span> <span class='ocrx_word' id='word_1_301' title='bbox 568 4029 680 4100; x_wconf 89' lang='lat' dir='ltr'><strong>jam</strong></span> <span class='ocrx_word' id='word_1_302' title='bbox 712 4030 843 4094; x_wconf 74' lang='lat' dir='ltr'><strong>disi.</strong></span> <span class='ocrx_word' id='word_1_303' title='bbox 874 4030 924 4086; x_wconf 90' lang='lat' dir='ltr'><strong>id</strong></span> <span class='ocrx_word' id='word_1_304' title='bbox 965 4031 1258 4085; x_wconf 85' lang='lat' dir='ltr'><strong>secundum</strong></span> <span class='ocrx_word' id='word_1_305' title='bbox 1288 4045 1459 4086; x_wconf 87' lang='lat' dir='ltr'><strong>meam</strong></span> <span class='ocrx_word' id='word_1_306' title='bbox 1487 4034 1822 4100; x_wconf 70' lang='lat' dir='ltr'><strong>Opinionem,</strong></span> 
     </span>
    </p>
   </div>
   <div class='ocr_carea' id='block_1_41' title="bbox 226 4123 1822 4204">
    <p class='ocr_par' dir='ltr' id='par_1_41' title="bbox 226 4123 1822 4204">
     <span class='ocr_line' id='line_1_41' title="bbox 226 4123 1822 4204; baseline 0.003 -26"><span class='ocrx_word' id='word_1_307' title='bbox 226 4141 438 4179; x_wconf 86' lang='lat' dir='ltr'><strong>merum</strong></span> <span class='ocrx_word' id='word_1_308' title='bbox 461 4133 825 4202; x_wconf 80' lang='lat' dir='ltr'><strong>commeptum</strong></span> <span class='ocrx_word' id='word_1_309' title='bbox 853 4132 1016 4204; x_wconf 81' lang='lat' dir='ltr'><strong>esset_.</strong></span> <span class='ocrx_word' id='word_1_310' title='bbox 1050 4123 1231 4196; x_wconf 75' lang='lat' dir='ltr'><strong>Neque</strong></span> <span class='ocrx_word' id='word_1_311' title='bbox 1276 4126 1418 4177; x_wconf 83' lang='lat' dir='ltr'><strong>enim</strong></span> <span class='ocrx_word' id='word_1_312' title='bbox 1451 4126 1640 4180; x_wconf 86' lang='lat' dir='ltr'><strong>tertius</strong></span> <span class='ocrx_word' id='word_1_313' title='bbox 1668 4142 1822 4182; x_wconf 61' lang='grc' dir='ltr'><strong>πευθ-</strong></span> 
     </span>
    </p>
   </div>
   <div class='ocr_carea' id='block_1_42' title="bbox 230 4215 1821 4286">
    <p class='ocr_par' dir='ltr' id='par_1_42' title="bbox 230 4215 1821 4286">
     <span class='ocr_line' id='line_1_42' title="bbox 230 4215 1821 4286; baseline 0 -16"><span class='ocrx_word' id='word_1_314' title='bbox 230 4219 419 4283; x_wconf 78' lang='lat' dir='ltr'><strong>piSsct,</strong></span> <span class='ocrx_word' id='word_1_315' title='bbox 449 4215 587 4272; x_wconf 91' lang='lat' dir='ltr'><strong>duos</strong></span> <span class='ocrx_word' id='word_1_316' title='bbox 609 4216 718 4286; x_wconf 86' lang='lat' dir='ltr'><strong>jam</strong></span> <span class='ocrx_word' id='word_1_317' title='bbox 745 4225 972 4286; x_wconf 83' lang='lat' dir='ltr'><strong>sponsos</strong></span> <span class='ocrx_word' id='word_1_318' title='bbox 995 4215 1273 4271; x_wconf 80' lang='lat' dir='ltr'><strong>defunctos</strong></span> <span class='ocrx_word' id='word_1_319' title='bbox 1305 4216 1490 4270; x_wconf 68' lang='lat' dir='ltr'><strong>ridens</strong></span> <span class='ocrx_word' id='word_1_320' title='bbox 1519 4233 1534 4271; x_wconf 88' lang='lat'>:</span> <span class='ocrx_word' id='word_1_321' title='bbox 1565 4217 1608 4270; x_wconf 96' lang='lat' dir='ltr'><strong>si</strong></span> <span class='ocrx_word' id='word_1_322' title='bbox 1647 4226 1821 4273; x_wconf 84' lang='lat' dir='ltr'><strong>tamen</strong></span> 
     </span>
    </p>
   </div>
   <div class='ocr_carea' id='block_1_43' title="bbox 227 4309 1825 4379">
    <p class='ocr_par' dir='ltr' id='par_1_43' title="bbox 227 4309 1825 4379">
     <span class='ocr_line' id='line_1_43' title="bbox 227 4309 1825 4379; baseline 0.003 -18"><span class='ocrx_word' id='word_1_323' title='bbox 227 4310 438 4372; x_wconf 88' lang='lat' dir='ltr'><strong>tertius,</strong></span> <span class='ocrx_word' id='word_1_324' title='bbox 485 4319 632 4364; x_wconf 86' lang='lat' dir='ltr'><strong>certe</strong></span> <span class='ocrx_word' id='word_1_325' title='bbox 686 4325 791 4362; x_wconf 90' lang='lat' dir='ltr'><strong>non</strong></span> <span class='ocrx_word' id='word_1_326' title='bbox 834 4316 1076 4378; x_wconf 83' lang='lat' dir='ltr'><strong>quartus,</strong></span> <span class='ocrx_word' id='word_1_327' title='bbox 1111 4320 1210 4362; x_wconf 86' lang='lat' dir='ltr'><strong>nec</strong></span> <span class='ocrx_word' id='word_1_328' title='bbox 1257 4309 1494 4376; x_wconf 85' lang='lat' dir='ltr'><strong>quintus,</strong></span> <span class='ocrx_word' id='word_1_329' title='bbox 1550 4310 1825 4379; x_wconf 65' lang='lat' dir='ltr'><strong>multoque</strong></span> 
     </span>
    </p>
   </div>
   <div class='ocr_carea' id='block_1_44' title="bbox 225 4399 1824 4470">
    <p class='ocr_par' dir='ltr' id='par_1_44' title="bbox 225 4399 1824 4470">
     <span class='ocr_line' id='line_1_44' title="bbox 225 4399 1824 4470; baseline 0.003 -19"><span class='ocrx_word' id='word_1_330' title='bbox 225 4402 405 4453; x_wconf 89' lang='lat' dir='ltr'><strong>minus</strong></span> <span class='ocrx_word' id='word_1_331' title='bbox 445 4409 628 4454; x_wconf 80' lang='lat' dir='ltr'><strong>sextus</strong></span> <span class='ocrx_word' id='word_1_332' title='bbox 673 4409 728 4454; x_wconf 90' lang='lat' dir='ltr'><strong>et</strong></span> <span class='ocrx_word' id='word_1_333' title='bbox 767 4399 1062 4468; x_wconf 85' lang='lat' dir='ltr'><strong>septimus;</strong></span> <span class='ocrx_word' id='word_1_334' title='bbox 1114 4399 1206 4452; x_wconf 82' lang='lat' dir='ltr'><strong>scd</strong></span> <span class='ocrx_word' id='word_1_335' title='bbox 1254 4415 1472 4454; x_wconf 75' lang='lat' dir='ltr'><strong>uxorem</strong></span> <span class='ocrx_word' id='word_1_336' title='bbox 1523 4410 1824 4470; x_wconf 82' lang='lat' dir='ltr'><strong>suspee&#39;am</strong></span> 
     </span>
    </p>
   </div>
   <div class='ocr_carea' id='block_1_45' title="bbox 227 4489 1823 4563">
    <p class='ocr_par' dir='ltr' id='par_1_45' title="bbox 227 4489 1823 4563">
     <span class='ocr_line' id='line_1_45' title="bbox 227 4489 1823 4563; baseline 0 -16"><span class='ocrx_word' id='word_1_337' title='bbox 227 4493 565 4548; x_wconf 78' lang='lat' dir='ltr'><strong>habuissent.</strong></span> <span class='ocrx_word' id='word_1_338' title='bbox 608 4491 764 4547; x_wconf 84' lang='lat' dir='ltr'><strong>Tales</strong></span> <span class='ocrx_word' id='word_1_339' title='bbox 789 4493 986 4563; x_wconf 78' lang='lat' dir='ltr'><strong>quippe</strong></span> <span class='ocrx_word' id='word_1_340' title='bbox 1023 4502 1148 4546; x_wconf 90' lang='lat' dir='ltr'><strong>sunt</strong></span> <span class='ocrx_word' id='word_1_341' title='bbox 1177 4489 1368 4547; x_wconf 67' lang='lat' dir='ltr'><strong>Judaei.</strong></span> <span class='ocrx_word' id='word_1_342' title='bbox 1414 4492 1543 4546; x_wconf 76' lang='lat' dir='ltr'><strong>Nam</strong></span> <span class='ocrx_word' id='word_1_343' title='bbox 1581 4494 1624 4546; x_wconf 86' lang='lat' dir='ltr'><strong>si</strong></span> <span class='ocrx_word' id='word_1_344' title='bbox 1677 4496 1823 4548; x_wconf 88' lang='lat' dir='ltr'><strong>nntlti</strong></span> 
     </span>
    </p>
   </div>
   <div class='ocr_carea' id='block_1_46' title="bbox 225 4585 1822 4654">
    <p class='ocr_par' dir='ltr' id='par_1_46' title="bbox 225 4585 1822 4654">
     <span class='ocr_line' id='line_1_46' title="bbox 225 4585 1822 4654; baseline 0 -14"><span class='ocrx_word' id='word_1_345' title='bbox 225 4602 372 4641; x_wconf 88' lang='lat' dir='ltr'><strong>nunc</strong></span> <span class='ocrx_word' id='word_1_346' title='bbox 403 4586 474 4639; x_wconf 88' lang='lat' dir='ltr'><strong>ita</strong></span> <span class='ocrx_word' id='word_1_347' title='bbox 519 4597 645 4640; x_wconf 91' lang='lat' dir='ltr'><strong>sunt</strong></span> <span class='ocrx_word' id='word_1_348' title='bbox 675 4586 872 4650; x_wconf 73' lang='lat' dir='ltr'><strong>affecti,</strong></span> <span class='ocrx_word' id='word_1_349' title='bbox 923 4585 1090 4639; x_wconf 91' lang='lat' dir='ltr'><strong>tuulto</strong></span> <span class='ocrx_word' id='word_1_350' title='bbox 1139 4585 1307 4653; x_wconf 71' lang='lat' dir='ltr'><strong>magis</strong></span> <span class='ocrx_word' id='word_1_351' title='bbox 1355 4594 1479 4638; x_wconf 83' lang='lat' dir='ltr'><strong>tunc</strong></span> <span class='ocrx_word' id='word_1_352' title='bbox 1529 4587 1822 4654; x_wconf 81' lang='lat' dir='ltr'><strong>temporis:</strong></span> 
     </span>
    </p>
   </div>
   <div class='ocr_carea' id='block_1_47' title="bbox 223 4662 1823 4748">
    <p class='ocr_par' dir='ltr' id='par_1_47' title="bbox 223 4662 1823 4748">
     <span class='ocr_line' id='line_1_47' title="bbox 223 4662 1823 4748; baseline -0.001 -17"><span class='ocrx_word' id='word_1_353' title='bbox 223 4675 684 4748; x_wconf 77' lang='lat' dir='ltr'><strong>quandoquidem,</strong></span> <span class='ocrx_word' id='word_1_354' title='bbox 701 4676 803 4731; x_wconf 82' lang='lat' dir='ltr'><strong>hoc</strong></span> <span class='ocrx_word' id='word_1_355' title='bbox 828 4677 991 4732; x_wconf 82' lang='lat' dir='ltr'><strong>etiam</strong></span> <span class='ocrx_word' id='word_1_356' title='bbox 1021 4686 1201 4730; x_wconf 87' lang='lat' dir='ltr'><strong>amoto</strong></span> <span class='ocrx_word' id='word_1_357' title='bbox 1227 4662 1400 4741; x_wconf 77' lang='lat' dir='ltr'><strong>obice,</strong></span> <span class='ocrx_word' id='word_1_358' title='bbox 1424 4676 1538 4730; x_wconf 75' lang='lat' dir='ltr'><strong>lucc</strong></span> <span class='ocrx_word' id='word_1_359' title='bbox 1560 4677 1823 4730; x_wconf 62' lang='lat' dir='ltr'><strong>connubia</strong></span> 
     </span>
    </p>
   </div>
   <div class='ocr_carea' id='block_1_48' title="bbox 227 4750 1823 4840">
    <p class='ocr_par' dir='ltr' id='par_1_48' title="bbox 227 4750 1823 4840">
     <span class='ocr_line' id='line_1_48' title="bbox 227 4750 1823 4840; baseline 0.001 -17"><span class='ocrx_word' id='word_1_360' title='bbox 227 4780 356 4825; x_wconf 92' lang='lat' dir='ltr'><strong>tunc</strong></span> <span class='ocrx_word' id='word_1_361' title='bbox 384 4751 678 4840; x_wconf 70' lang='lat' dir='ltr'><strong>fugiebant,</strong></span> <span class='ocrx_word' id='word_1_362' title='bbox 707 4750 918 4823; x_wconf 88' lang='lat' dir='ltr'><strong>etiamsi</strong></span> <span class='ocrx_word' id='word_1_363' title='bbox 971 4761 1022 4823; x_wconf 91' lang='lat' dir='ltr'><strong>id</strong></span> <span class='ocrx_word' id='word_1_364' title='bbox 1067 4768 1150 4824; x_wconf 75' lang='lat' dir='ltr'><strong>lex</strong></span> <span class='ocrx_word' id='word_1_365' title='bbox 1186 4770 1519 4839; x_wconf 61' lang='lat' dir='ltr'><strong>praeciperet.</strong></span> <span class='ocrx_word' id='word_1_366' title='bbox 1564 4769 1650 4824; x_wconf 89' lang='lat' dir='ltr'><strong>Sic</strong></span> <span class='ocrx_word' id='word_1_367' title='bbox 1683 4760 1823 4824; x_wconf 77' lang='lat' dir='ltr'><strong>Ruth</strong></span> 
     </span>
    </p>
   </div>
   <div class='ocr_carea' id='block_1_49' title="bbox 226 4860 1822 4930">
    <p class='ocr_par' dir='ltr' id='par_1_49' title="bbox 226 4860 1822 4930">
     <span class='ocr_line' id='line_1_49' title="bbox 226 4860 1822 4930; baseline -0.001 -15"><span class='ocrx_word' id='word_1_368' title='bbox 226 4861 475 4916; x_wconf 57' lang='lat' dir='ltr'><strong>Aleabitis</strong></span> <span class='ocrx_word' id='word_1_369' title='bbox 503 4861 553 4915; x_wconf 90' lang='lat' dir='ltr'><strong>in</strong></span> <span class='ocrx_word' id='word_1_370' title='bbox 580 4861 921 4916; x_wconf 83' lang='lat' dir='ltr'><strong>remotiorem</strong></span> <span class='ocrx_word' id='word_1_371' title='bbox 944 4861 1279 4930; x_wconf 82' lang='lat' dir='ltr'><strong>cognationis</strong></span> <span class='ocrx_word' id='word_1_372' title='bbox 1296 4878 1406 4914; x_wconf 80' lang='lat' dir='ltr'><strong>sua:</strong></span> <span class='ocrx_word' id='word_1_373' title='bbox 1433 4860 1604 4915; x_wconf 76' lang='lat' dir='ltr'><strong>detob</strong></span> <span class='ocrx_word' id='word_1_374' title='bbox 1634 4865 1681 4915; x_wconf 85' lang='lat' dir='ltr'><strong>ta</strong></span> <span class='ocrx_word' id='word_1_375' title='bbox 1713 4874 1822 4928; x_wconf 87' lang='lat' dir='ltr'><strong>est;</strong></span> 
     </span>
    </p>
   </div>
   <div class='ocr_carea' id='block_1_50' title="bbox 224 4943 1818 5009">
    <p class='ocr_par' dir='ltr' id='par_1_50' title="bbox 224 4943 1818 5009">
     <span class='ocr_line' id='line_1_50' title="bbox 224 4943 1818 5009; baseline -0.001 0"><span class='ocrx_word' id='word_1_376' title='bbox 224 4967 275 5009; x_wconf 71' lang='lat' dir='ltr'><strong>ct</strong></span> <span class='ocrx_word' id='word_1_377' title='bbox 307 4943 544 5009; x_wconf 78' lang='lat' dir='ltr'><strong>Thamar</strong></span> <span class='ocrx_word' id='word_1_378' title='bbox 569 4969 599 5007; x_wconf 89' lang='lat' dir='ltr'><strong>a</strong></span> <span class='ocrx_word' id='word_1_379' title='bbox 621 4968 813 5008; x_wconf 84' lang='lat' dir='ltr'><strong>socero</strong></span> <span class='ocrx_word' id='word_1_380' title='bbox 833 4967 1017 5008; x_wconf 91' lang='lat' dir='ltr'><strong>semen</strong></span> <span class='ocrx_word' id='word_1_381' title='bbox 1059 4953 1220 5006; x_wconf 84' lang='lat' dir='ltr'><strong>furari</strong></span> <span class='ocrx_word' id='word_1_382' title='bbox 1249 4967 1431 5007; x_wconf 86' lang='lat' dir='ltr'><strong>coacta</strong></span> <span class='ocrx_word' id='word_1_383' title='bbox 1459 4960 1560 5008; x_wconf 87' lang='lat' dir='ltr'><strong>est.</strong></span> <span class='ocrx_word' id='word_1_384' title='bbox 1594 4953 1701 5008; x_wconf 85' lang='lat' dir='ltr'><strong>Ctir</strong></span> <span class='ocrx_word' id='word_1_385' title='bbox 1727 4966 1818 5008; x_wconf 85' lang='lat' dir='ltr'><strong>au-</strong></span> 
     </span>
    </p>
   </div>
   <div class='ocr_carea' id='block_1_51' title="bbox 227 5038 1827 5116">
    <p class='ocr_par' dir='ltr' id='par_1_51' title="bbox 227 5038 1827 5116">
     <span class='ocr_line' id='line_1_51' title="bbox 227 5038 1827 5116; baseline 0.001 -15"><span class='ocrx_word' id='word_1_386' title='bbox 227 5059 336 5101; x_wconf 86' lang='lat' dir='ltr'><strong>tem</strong></span> <span class='ocrx_word' id='word_1_387' title='bbox 368 5061 476 5102; x_wconf 90' lang='lat' dir='ltr'><strong>non</strong></span> <span class='ocrx_word' id='word_1_388' title='bbox 528 5045 664 5100; x_wconf 85' lang='lat' dir='ltr'><strong>duos</strong></span> <span class='ocrx_word' id='word_1_389' title='bbox 715 5038 806 5100; x_wconf 82' lang='lat' dir='ltr'><strong>aut</strong></span> <span class='ocrx_word' id='word_1_390' title='bbox 842 5056 974 5113; x_wconf 89' lang='lat' dir='ltr'><strong>tres,</strong></span> <span class='ocrx_word' id='word_1_391' title='bbox 1019 5045 1112 5099; x_wconf 81' lang='lat' dir='ltr'><strong>sed</strong></span> <span class='ocrx_word' id='word_1_392' title='bbox 1164 5047 1370 5116; x_wconf 88' lang='lat' dir='ltr'><strong>septem</strong></span> <span class='ocrx_word' id='word_1_393' title='bbox 1422 5045 1585 5102; x_wconf 85' lang='lat' dir='ltr'><strong>fuisse</strong></span> <span class='ocrx_word' id='word_1_394' title='bbox 1633 5046 1827 5103; x_wconf 79' lang='lat' dir='ltr'><strong>fratres</strong></span> 
     </span>
    </p>
   </div>
   <div class='ocr_carea' id='block_1_52' title="bbox 225 5124 1820 5208">
    <p class='ocr_par' dir='ltr' id='par_1_52' title="bbox 225 5124 1820 5208">
     <span class='ocr_line' id='line_1_52' title="bbox 225 5124 1820 5208; baseline 0.001 -17"><span class='ocrx_word' id='word_1_395' title='bbox 225 5137 524 5192; x_wconf 78' lang='lat' dir='ltr'><strong>commenti</strong></span> <span class='ocrx_word' id='word_1_396' title='bbox 551 5126 674 5191; x_wconf 82' lang='lat' dir='ltr'><strong>sunt</strong></span> <span class='ocrx_word' id='word_1_397' title='bbox 698 5124 724 5190; x_wconf 31' lang='lat' dir='ltr'><strong>i&#39;</strong></span> <span class='ocrx_word' id='word_1_398' title='bbox 755 5136 820 5191; x_wconf 89' lang='lat' dir='ltr'><strong>Ut</strong></span> <span class='ocrx_word' id='word_1_399' title='bbox 853 5138 1021 5208; x_wconf 82' lang='lat' dir='ltr'><strong>magis</strong></span> <span class='ocrx_word' id='word_1_400' title='bbox 1050 5138 1140 5205; x_wconf 89' lang='lat' dir='ltr'><strong>(ita</strong></span> <span class='ocrx_word' id='word_1_401' title='bbox 1167 5136 1445 5208; x_wconf 77' lang='lat' dir='ltr'><strong>putabant)</strong></span> <span class='ocrx_word' id='word_1_402' title='bbox 1471 5141 1820 5194; x_wconf 84' lang='lat' dir='ltr'><strong>reSurrectio-</strong></span> 
     </span>
    </p>
   </div>
   <div class='ocr_carea' id='block_1_53' title="bbox 228 5225 1815 5296">
    <p class='ocr_par' dir='ltr' id='par_1_53' title="bbox 228 5225 1815 5296">
     <span class='ocr_line' id='line_1_53' title="bbox 228 5225 1815 5296; baseline -0.001 -10"><span class='ocrx_word' id='word_1_403' title='bbox 228 5247 352 5286; x_wconf 87' lang='lat' dir='ltr'><strong>netu</strong></span> <span class='ocrx_word' id='word_1_404' title='bbox 382 5231 739 5286; x_wconf 75' lang='lat' dir='ltr'><strong>traducerent.</strong></span> <span class='ocrx_word' id='word_1_405' title='bbox 771 5229 894 5285; x_wconf 85' lang='lat' dir='ltr'><strong>Ideo</strong></span> <span class='ocrx_word' id='word_1_406' title='bbox 914 5231 1117 5294; x_wconf 89' lang='lat' dir='ltr'><strong>dicunt,</strong></span> <span class='ocrx_word' id='word_1_407' title='bbox 1145 5229 1328 5283; x_wconf 83' lang='lat' dir='ltr'><strong>Omnes</strong></span> <span class='ocrx_word' id='word_1_408' title='bbox 1357 5225 1634 5286; x_wconf 76' lang='lat' dir='ltr'><strong>habuerunt</strong></span> <span class='ocrx_word' id='word_1_409' title='bbox 1659 5231 1815 5296; x_wconf 65' lang='lat' dir='ltr'><strong>illam,</strong></span> 
     </span>
    </p>
   </div>
   <div class='ocr_carea' id='block_1_54' title="bbox 230 5321 1827 5394">
    <p class='ocr_par' dir='ltr' id='par_1_54' title="bbox 230 5321 1827 5394">
     <span class='ocr_line' id='line_1_54' title="bbox 230 5321 1827 5394; baseline 0.003 -18"><span class='ocrx_word' id='word_1_410' title='bbox 230 5335 288 5378; x_wconf 89' lang='lat' dir='ltr'><strong>ut</strong></span> <span class='ocrx_word' id='word_1_411' title='bbox 314 5325 489 5394; x_wconf 86' lang='lat' dir='ltr'><strong>ipsqu</strong></span> <span class='ocrx_word' id='word_1_412' title='bbox 506 5323 558 5376; x_wconf 92' lang='lat' dir='ltr'><strong>in</strong></span> <span class='ocrx_word' id='word_1_413' title='bbox 579 5325 851 5393; x_wconf 72' lang='lat' dir='ltr'><strong>angustias</strong></span> <span class='ocrx_word' id='word_1_414' title='bbox 867 5323 1192 5392; x_wconf 86' lang='lat' dir='ltr'><strong>conjicerent</strong></span> <span class='ocrx_word' id='word_1_415' title='bbox 1243 5321 1378 5391; x_wconf 79' lang='lat' dir='ltr'><strong>Quid</strong></span> <span class='ocrx_word' id='word_1_416' title='bbox 1397 5325 1523 5394; x_wconf 77' lang='lat' dir='ltr'><strong>ergo</strong></span> <span class='ocrx_word' id='word_1_417' title='bbox 1550 5324 1827 5379; x_wconf 72' lang='lat' dir='ltr'><strong>Christus?</strong></span> 
     </span>
    </p>
   </div>
   <div class='ocr_carea' id='block_1_55' title="bbox 228 5412 1822 5488">
    <p class='ocr_par' dir='ltr' id='par_1_55' title="bbox 228 5412 1822 5488">
     <span class='ocr_line' id='line_1_55' title="bbox 228 5412 1822 5488; baseline -0.002 -14"><span class='ocrx_word' id='word_1_418' title='bbox 228 5420 312 5474; x_wconf 72' lang='lat' dir='ltr'><strong>Ad</strong></span> <span class='ocrx_word' id='word_1_419' title='bbox 341 5429 628 5488; x_wconf 79' lang='lat' dir='ltr'><strong>utrumque</strong></span> <span class='ocrx_word' id='word_1_420' title='bbox 656 5416 966 5486; x_wconf 87' lang='lat' dir='ltr'><strong>respondet,</strong></span> <span class='ocrx_word' id='word_1_421' title='bbox 998 5431 1103 5469; x_wconf 92' lang='lat' dir='ltr'><strong>non</strong></span> <span class='ocrx_word' id='word_1_422' title='bbox 1129 5412 1197 5484; x_wconf 84' lang='lat' dir='ltr'><strong>ad</strong></span> <span class='ocrx_word' id='word_1_423' title='bbox 1227 5415 1405 5480; x_wconf 72' lang='lat' dir='ltr'><strong>verba,</strong></span> <span class='ocrx_word' id='word_1_424' title='bbox 1444 5416 1537 5470; x_wconf 82' lang='lat' dir='ltr'><strong>sed</strong></span> <span class='ocrx_word' id='word_1_425' title='bbox 1563 5417 1629 5471; x_wconf 86' lang='lat' dir='ltr'><strong>ad</strong></span> <span class='ocrx_word' id='word_1_426' title='bbox 1673 5434 1822 5471; x_wconf 80' lang='lat' dir='ltr'><strong>incn-</strong></span> 
     </span>
    </p>
   </div>
   <div class='ocr_carea' id='block_1_56' title="bbox 229 5509 1827 5579">
    <p class='ocr_par' dir='ltr' id='par_1_56' title="bbox 229 5509 1827 5579">
     <span class='ocr_line' id='line_1_56' title="bbox 229 5509 1827 5579; baseline -0.002 -12"><span class='ocrx_word' id='word_1_427' title='bbox 229 5524 336 5567; x_wconf 82' lang='lat' dir='ltr'><strong>tem</strong></span> <span class='ocrx_word' id='word_1_428' title='bbox 358 5527 547 5566; x_wconf 83' lang='lat' dir='ltr'><strong>eorum</strong></span> <span class='ocrx_word' id='word_1_429' title='bbox 572 5510 954 5579; x_wconf 87' lang='lat' dir='ltr'><strong>respiciens,et</strong></span> <span class='ocrx_word' id='word_1_430' title='bbox 973 5510 1168 5577; x_wconf 86' lang='lat' dir='ltr'><strong>ubique</strong></span> <span class='ocrx_word' id='word_1_431' title='bbox 1190 5518 1452 5563; x_wconf 76' lang='lat' dir='ltr'><strong>secretam</strong></span> <span class='ocrx_word' id='word_1_432' title='bbox 1478 5509 1687 5562; x_wconf 88' lang='lat' dir='ltr'><strong>illorum</strong></span> <span class='ocrx_word' id='word_1_433' title='bbox 1719 5511 1827 5579; x_wconf 77' lang='lat' dir='ltr'><strong>opi-</strong></span> 
     </span>
    </p>
   </div>
   <div class='ocr_carea' id='block_1_57' title="bbox 229 5598 1823 5674">
    <p class='ocr_par' dir='ltr' id='par_1_57' title="bbox 229 5598 1823 5674">
     <span class='ocr_line' id='line_1_57' title="bbox 229 5598 1823 5674; baseline -0.002 -15"><span class='ocrx_word' id='word_1_434' title='bbox 229 5607 445 5660; x_wconf 81' lang='lat' dir='ltr'><strong>nionem</strong></span> <span class='ocrx_word' id='word_1_435' title='bbox 476 5601 836 5674; x_wconf 75' lang='lat' dir='ltr'><strong>patefaciens;</strong></span> <span class='ocrx_word' id='word_1_436' title='bbox 864 5600 1147 5670; x_wconf 88' lang='lat' dir='ltr'><strong>aliqnaudo</strong></span> <span class='ocrx_word' id='word_1_437' title='bbox 1175 5599 1316 5653; x_wconf 79' lang='lat' dir='ltr'><strong>illaut</strong></span> <span class='ocrx_word' id='word_1_438' title='bbox 1352 5598 1632 5654; x_wconf 83' lang='lat' dir='ltr'><strong>manifeste</strong></span> <span class='ocrx_word' id='word_1_439' title='bbox 1663 5600 1823 5656; x_wconf 87' lang='lat' dir='ltr'><strong>refel-</strong></span> 
     </span>
    </p>
   </div>
   <div class='ocr_carea' id='block_1_58' title="bbox 229 5693 1824 5770">
    <p class='ocr_par' dir='ltr' id='par_1_58' title="bbox 229 5693 1824 5770">
     <span class='ocr_line' id='line_1_58' title="bbox 229 5693 1824 5770; baseline -0.002 -18"><span class='ocrx_word' id='word_1_440' title='bbox 229 5700 363 5762; x_wconf 86' lang='lat' dir='ltr'><strong>lens,</strong></span> <span class='ocrx_word' id='word_1_441' title='bbox 382 5696 675 5770; x_wconf 71' lang='lat' dir='ltr'><strong>aliquando</strong></span> <span class='ocrx_word' id='word_1_442' title='bbox 697 5693 1134 5764; x_wconf 77' lang='lat' dir='ltr'><strong>iuterrogantimn</strong></span> <span class='ocrx_word' id='word_1_443' title='bbox 1151 5693 1488 5747; x_wconf 80' lang='lat' dir='ltr'><strong>conscientia:</strong></span> <span class='ocrx_word' id='word_1_444' title='bbox 1506 5693 1824 5749; x_wconf 77' lang='lat' dir='ltr'><strong>confutatio~</strong></span> 
     </span>
    </p>
   </div>
   <div class='ocr_carea' id='block_1_59' title="bbox 291 5843 1824 5960">
    <p class='ocr_par' dir='ltr' id='par_1_59' title="bbox 291 5843 1824 5960">
     <span class='ocr_line' id='line_1_59' title="bbox 291 5843 1824 5960; baseline -0.005 -58"><span class='ocrx_word' id='word_1_445' title='bbox 291 5851 310 5886; x_wconf 80' lang='grc'>⁸</span> <span class='ocrx_word' id='word_1_446' title='bbox 335 5858 464 5960; x_wconf 51' lang='grc' dir='ltr'><strong>Ἴως,</strong></span> <span class='ocrx_word' id='word_1_447' title='bbox 495 5856 622 5913; x_wconf 71' lang='lat' dir='ltr'><strong>Ergo</strong></span> <span class='ocrx_word' id='word_1_448' title='bbox 655 5846 876 5906; x_wconf 74' lang='lat' dir='ltr'><strong>aedere,</strong></span> <span class='ocrx_word' id='word_1_449' title='bbox 900 5857 1014 5909; x_wconf 82' lang='lat' dir='ltr'><strong>ergo</strong></span> <span class='ocrx_word' id='word_1_450' title='bbox 1036 5851 1229 5906; x_wconf 85' lang='lat' dir='ltr'><strong>stupere</strong></span> <span class='ocrx_word' id='word_1_451' title='bbox 1273 5843 1542 5908; x_wconf 82' lang='lat' dir='ltr'><strong>oportebat,</strong></span> <span class='ocrx_word' id='word_1_452' title='bbox 1567 5844 1740 5894; x_wconf 80' lang='lat' dir='ltr'><strong>desunt</strong></span> <span class='ocrx_word' id='word_1_453' title='bbox 1781 5848 1824 5894; x_wconf 89' lang='lat' dir='ltr'><strong>in</strong></span> 
     </span>
     <span class='ocr_line' id='line_1_60' title="bbox 291 5926 390 5960; baseline 0.02 -2"><span class='ocrx_word' id='word_1_454' title='bbox 291 5926 352 5960; x_wconf 72' lang='lat' dir='ltr'><strong>ire</strong></span> <span class='ocrx_word' id='word_1_455' title='bbox 376 5949 390 5960; x_wconf 92' lang='lat'><strong>.</strong></span> 
     </span>
    </p>
   </div>
   <div class='ocr_carea' id='block_1_60' title="bbox 228 5920 390 5966">
    <p class='ocr_par' dir='ltr' id='par_1_60' title="bbox 228 5920 390 5966">
     <span class='ocr_line' id='line_1_61' title="bbox 228 5920 390 5966; baseline 0 -2"><span class='ocrx_word' id='word_1_456' title='bbox 228 5920 390 5966; x_wconf 63' lang='grc' dir='ltr'><strong>κοτει.</strong></span> 
     </span>
    </p>
   </div>
   <div class='ocr_carea' id='block_1_61' title="bbox 1213 414 2546 472">
    <p class='ocr_par' dir='ltr' id='par_1_61' title="bbox 1213 414 2546 472">
     <span class='ocr_line' id='line_1_62' title="bbox 1213 414 2546 472; baseline -0.002 -1"><span class='ocrx_word' id='word_1_457' title='bbox 1213 416 1277 471; x_wconf 57' lang='grc' dir='ltr'><strong>ιχ</strong></span> <span class='ocrx_word' id='word_1_458' title='bbox 1317 415 1723 472; x_wconf 68' lang='grc' dir='ltr'><strong>ΜΑΤΤΙΙᾸΞΗΜ</strong></span> <span class='ocrx_word' id='word_1_459' title='bbox 1765 414 1994 470; x_wconf 76' lang='lat' dir='ltr'><strong>llOMlL.</strong></span> <span class='ocrx_word' id='word_1_460' title='bbox 2038 414 2201 470; x_wconf 72' lang='lat' dir='ltr'><strong>LXX.</strong></span> <span class='ocrx_word' id='word_1_461' title='bbox 2244 415 2316 472; x_wconf 90' lang='lat' dir='ltr'><strong>al.</strong></span> <span class='ocrx_word' id='word_1_462' title='bbox 2357 414 2546 470; x_wconf 70' lang='lat' dir='ltr'><strong>LXXI.</strong></span> 
     </span>
    </p>
   </div>
   <div class='ocr_carea' id='block_1_62' title="bbox 3440 420 3546 476">
    <p class='ocr_par' dir='ltr' id='par_1_62' title="bbox 3440 420 3546 476">
     <span class='ocr_line' id='line_1_63' title="bbox 3440 420 3546 476; baseline 0.028 -4"><span class='ocrx_word' id='word_1_463' title='bbox 3440 420 3546 476; x_wconf 63' lang='grc' dir='ltr'><strong>αδδ</strong></span> 
     </span>
    </p>
   </div>
   <div class='ocr_carea' id='block_1_63' title="bbox 1938 532 3555 602">
    <p class='ocr_par' dir='ltr' id='par_1_63' title="bbox 1938 532 3555 602">
     <span class='ocr_line' id='line_1_64' title="bbox 1938 532 3555 602; baseline 0.002 -15"><span class='ocrx_word' id='word_1_464' title='bbox 1938 548 2059 587; x_wconf 89' lang='lat' dir='ltr'><strong>nem</strong></span> <span class='ocrx_word' id='word_1_465' title='bbox 2080 532 2409 602; x_wconf 77' lang='lat' dir='ltr'><strong>relinquens.</strong></span> <span class='ocrx_word' id='word_1_466' title='bbox 2429 532 2526 585; x_wconf 86' lang='lat' dir='ltr'><strong>llic</strong></span> <span class='ocrx_word' id='word_1_467' title='bbox 2545 547 2686 586; x_wconf 92' lang='lat' dir='ltr'><strong>nunc</strong></span> <span class='ocrx_word' id='word_1_468' title='bbox 2701 532 2820 586; x_wconf 64' lang='lat' dir='ltr'><strong>\&quot;ide</strong></span> <span class='ocrx_word' id='word_1_469' title='bbox 2838 532 3110 602; x_wconf 87' lang='lat' dir='ltr'><strong>quomodo</strong></span> <span class='ocrx_word' id='word_1_470' title='bbox 3130 544 3184 597; x_wconf 90' lang='lat' dir='ltr'><strong>et</strong></span> <span class='ocrx_word' id='word_1_471' title='bbox 3204 541 3555 591; x_wconf 87' lang='lat' dir='ltr'><strong>resurrectio—</strong></span> 
     </span>
    </p>
   </div>
   <div class='ocr_carea' id='block_1_64' title="bbox 1933 624 3546 697">
    <p class='ocr_par' dir='ltr' id='par_1_64' title="bbox 1933 624 3546 697">
     <span class='ocr_line' id='line_1_65' title="bbox 1933 624 3546 697; baseline 0.003 -19"><span class='ocrx_word' id='word_1_472' title='bbox 1933 640 2056 678; x_wconf 85' lang='lat' dir='ltr'><strong>nem</strong></span> <span class='ocrx_word' id='word_1_473' title='bbox 2074 639 2193 678; x_wconf 79' lang='lat' dir='ltr'><strong>esse</strong></span> <span class='ocrx_word' id='word_1_474' title='bbox 2223 624 2431 692; x_wconf 83' lang='lat' dir='ltr'><strong>probet.</strong></span> <span class='ocrx_word' id='word_1_475' title='bbox 2451 634 2506 678; x_wconf 89' lang='lat' dir='ltr'><strong>et</strong></span> <span class='ocrx_word' id='word_1_476' title='bbox 2534 642 2639 678; x_wconf 90' lang='lat' dir='ltr'><strong>non</strong></span> <span class='ocrx_word' id='word_1_477' title='bbox 2665 625 2820 678; x_wconf 87' lang='lat' dir='ltr'><strong>talem</strong></span> <span class='ocrx_word' id='word_1_478' title='bbox 2843 624 3055 695; x_wconf 89' lang='lat' dir='ltr'><strong>qualem</strong></span> <span class='ocrx_word' id='word_1_479' title='bbox 3087 627 3183 696; x_wconf 89' lang='lat' dir='ltr'><strong>ipsi</strong></span> <span class='ocrx_word' id='word_1_480' title='bbox 3207 630 3546 697; x_wconf 83' lang='lat' dir='ltr'><strong>suspicaban-</strong></span> 
     </span>
    </p>
   </div>
   <div class='ocr_carea' id='block_1_65' title="bbox 1936 718 3540 794">
    <p class='ocr_par' dir='ltr' id='par_1_65' title="bbox 1936 718 3540 794">
     <span class='ocr_line' id='line_1_66' title="bbox 1936 718 3540 794; baseline 0.004 -22"><span class='ocrx_word' id='word_1_481' title='bbox 1936 730 2040 775; x_wconf 89' lang='lat' dir='ltr'><strong>tur.</strong></span> <span class='ocrx_word' id='word_1_482' title='bbox 2067 719 2203 782; x_wconf 77' lang='lat' dir='ltr'><strong>Ouid</strong></span> <span class='ocrx_word' id='word_1_483' title='bbox 2231 721 2373 774; x_wconf 89' lang='lat' dir='ltr'><strong>enim</strong></span> <span class='ocrx_word' id='word_1_484' title='bbox 2397 720 2509 772; x_wconf 80' lang='lat' dir='ltr'><strong>ait?</strong></span> <span class='ocrx_word' id='word_1_485' title='bbox 2546 719 2637 775; x_wconf 76' lang='lat'><strong>‘29.</strong></span> <span class='ocrx_word' id='word_1_486' title='bbox 2675 718 2878 774; x_wconf 81' lang='lat' dir='ltr'><strong>Erratis</strong></span> <span class='ocrx_word' id='word_1_487' title='bbox 2922 723 3198 776; x_wconf 76' lang='lat' dir='ltr'><strong>nescientes</strong></span> <span class='ocrx_word' id='word_1_488' title='bbox 3223 722 3540 794; x_wconf 80' lang='lat' dir='ltr'><strong>Scripturus,</strong></span> 
     </span>
    </p>
   </div>
   <div class='ocr_carea' id='block_1_66' title="bbox 1934 811 3537 884">
    <p class='ocr_par' dir='ltr' id='par_1_66' title="bbox 1934 811 3537 884">
     <span class='ocr_line' id='line_1_67' title="bbox 1934 811 3537 884; baseline 0.004 -20"><span class='ocrx_word' id='word_1_489' title='bbox 1934 829 2091 880; x_wconf 83' lang='lat' dir='ltr'><strong>neque</strong></span> <span class='ocrx_word' id='word_1_490' title='bbox 2107 813 2380 882; x_wconf 80' lang='lat' dir='ltr'><strong>potentiam</strong></span> <span class='ocrx_word' id='word_1_491' title='bbox 2397 811 2507 866; x_wconf 86' lang='lat' dir='ltr'><strong>Dei.</strong></span> <span class='ocrx_word' id='word_1_492' title='bbox 2526 812 2658 880; x_wconf 82' lang='lat' dir='ltr'><strong>Quia</strong></span> <span class='ocrx_word' id='word_1_493' title='bbox 2686 812 2849 878; x_wconf 90' lang='lat' dir='ltr'><strong>enim,</strong></span> <span class='ocrx_word' id='word_1_494' title='bbox 2870 822 2924 867; x_wconf 91' lang='lat' dir='ltr'><strong>ut</strong></span> <span class='ocrx_word' id='word_1_495' title='bbox 2947 812 3035 882; x_wconf 89' lang='lat' dir='ltr'><strong>qui</strong></span> <span class='ocrx_word' id='word_1_496' title='bbox 3057 812 3273 884; x_wconf 78' lang='lat' dir='ltr'><strong>Moysen</strong></span> <span class='ocrx_word' id='word_1_497' title='bbox 3298 829 3537 881; x_wconf 68' lang='lat' dir='ltr'><strong>nossent,</strong></span> 
     </span>
    </p>
   </div>
   <div class='ocr_carea' id='block_1_67' title="bbox 1935 905 3545 976">
    <p class='ocr_par' dir='ltr' id='par_1_67' title="bbox 1935 905 3545 976">
     <span class='ocr_line' id='line_1_68' title="bbox 1935 905 3545 976; baseline 0.004 -20"><span class='ocrx_word' id='word_1_498' title='bbox 1935 906 2105 975; x_wconf 73' lang='lat' dir='ltr'><strong>legem</strong></span> <span class='ocrx_word' id='word_1_499' title='bbox 2146 905 2398 976; x_wconf 69' lang='lat' dir='ltr'><strong>allegant.</strong></span> <span class='ocrx_word' id='word_1_500' title='bbox 2430 906 2668 961; x_wconf 89' lang='lat' dir='ltr'><strong>ostendit</strong></span> <span class='ocrx_word' id='word_1_501' title='bbox 2697 907 3058 974; x_wconf 78' lang='lat' dir='ltr'><strong>ignorantium</strong></span> <span class='ocrx_word' id='word_1_502' title='bbox 3087 907 3396 976; x_wconf 81' lang='lat' dir='ltr'><strong>Scripturas</strong></span> <span class='ocrx_word' id='word_1_503' title='bbox 3423 927 3545 965; x_wconf 74' lang='lat' dir='ltr'><strong>esse</strong></span> 
     </span>
    </p>
   </div>
   <div class='ocr_carea' id='block_1_68' title="bbox 1936 996 3543 1066">
    <p class='ocr_par' dir='ltr' id='par_1_68' title="bbox 1936 996 3543 1066">
     <span class='ocr_line' id='line_1_69' title="bbox 1936 996 3543 1066; baseline 0.001 -17"><span class='ocrx_word' id='word_1_504' title='bbox 1936 997 2096 1049; x_wconf 90' lang='lat' dir='ltr'><strong>talem</strong></span> <span class='ocrx_word' id='word_1_505' title='bbox 2122 997 2620 1066; x_wconf 84' lang='lat' dir='ltr'><strong>interrogationem.</strong></span> <span class='ocrx_word' id='word_1_506' title='bbox 2665 996 2802 1052; x_wconf 84' lang='lat' dir='ltr'><strong>Hine</strong></span> <span class='ocrx_word' id='word_1_507' title='bbox 2821 1000 2968 1052; x_wconf 88' lang='lat' dir='ltr'><strong>enim</strong></span> <span class='ocrx_word' id='word_1_508' title='bbox 2998 997 3066 1052; x_wconf 88' lang='lat' dir='ltr'><strong>ad</strong></span> <span class='ocrx_word' id='word_1_509' title='bbox 3099 998 3411 1052; x_wconf 89' lang='lat' dir='ltr'><strong>tentandum</strong></span> <span class='ocrx_word' id='word_1_510' title='bbox 3449 1017 3543 1052; x_wconf 73' lang='grc' dir='ltr'><strong>τηε-</strong></span> 
     </span>
    </p>
   </div>
   <div class='ocr_carea' id='block_1_69' title="bbox 1933 1089 3544 1162">
    <p class='ocr_par' dir='ltr' id='par_1_69' title="bbox 1933 1089 3544 1162">
     <span class='ocr_line' id='line_1_70' title="bbox 1933 1089 3544 1162; baseline 0.001 -18"><span class='ocrx_word' id='word_1_511' title='bbox 1933 1098 2234 1154; x_wconf 90' lang='lat' dir='ltr'><strong>cesserunt,</strong></span> <span class='ocrx_word' id='word_1_512' title='bbox 2277 1089 2421 1159; x_wconf 92' lang='lat' dir='ltr'><strong>quod</strong></span> <span class='ocrx_word' id='word_1_513' title='bbox 2444 1089 2750 1158; x_wconf 86' lang='lat' dir='ltr'><strong>Scripturas</strong></span> <span class='ocrx_word' id='word_1_514' title='bbox 2778 1107 2882 1145; x_wconf 90' lang='lat' dir='ltr'><strong>non</strong></span> <span class='ocrx_word' id='word_1_515' title='bbox 2929 1100 2988 1145; x_wconf 89' lang='lat' dir='ltr'><strong>ut</strong></span> <span class='ocrx_word' id='word_1_516' title='bbox 3014 1106 3110 1160; x_wconf 87' lang='lat' dir='ltr'><strong>par</strong></span> <span class='ocrx_word' id='word_1_517' title='bbox 3145 1103 3262 1146; x_wconf 82' lang='lat' dir='ltr'><strong>erat</strong></span> <span class='ocrx_word' id='word_1_518' title='bbox 3283 1092 3544 1162; x_wconf 74' lang='lat' dir='ltr'><strong>intellige-</strong></span> 
     </span>
    </p>
   </div>
   <div class='ocr_carea' id='block_1_70' title="bbox 1934 1181 3540 1254">
    <p class='ocr_par' dir='ltr' id='par_1_70' title="bbox 1934 1181 3540 1254">
     <span class='ocr_line' id='line_1_71' title="bbox 1934 1181 3540 1254; baseline 0.001 -19"><span class='ocrx_word' id='word_1_519' title='bbox 1934 1191 2074 1243; x_wconf 87' lang='lat' dir='ltr'><strong>rent,</strong></span> <span class='ocrx_word' id='word_1_520' title='bbox 2105 1191 2159 1236; x_wconf 91' lang='lat' dir='ltr'><strong>et</strong></span> <span class='ocrx_word' id='word_1_521' title='bbox 2189 1181 2279 1236; x_wconf 85' lang='lat' dir='ltr'><strong>Dei</strong></span> <span class='ocrx_word' id='word_1_522' title='bbox 2312 1182 2604 1251; x_wconf 89' lang='lat' dir='ltr'><strong>potentiam</strong></span> <span class='ocrx_word' id='word_1_523' title='bbox 2637 1183 2966 1252; x_wconf 86' lang='lat' dir='ltr'><strong>ignorarent.</strong></span> <span class='ocrx_word' id='word_1_524' title='bbox 2999 1182 3139 1252; x_wconf 87' lang='lat' dir='ltr'><strong>Quid</strong></span> <span class='ocrx_word' id='word_1_525' title='bbox 3161 1196 3292 1254; x_wconf 88' lang='lat' dir='ltr'><strong>ergo</strong></span> <span class='ocrx_word' id='word_1_526' title='bbox 3322 1184 3540 1248; x_wconf 85' lang='lat' dir='ltr'><strong>mirtuu,</strong></span> 
     </span>
    </p>
   </div>
   <div class='ocr_carea' id='block_1_71' title="bbox 1935 1273 3541 1346">
    <p class='ocr_par' dir='ltr' id='par_1_71' title="bbox 1935 1273 3541 1346">
     <span class='ocr_line' id='line_1_72' title="bbox 1935 1273 3541 1346; baseline 0.001 -20"><span class='ocrx_word' id='word_1_527' title='bbox 1935 1273 2126 1344; x_wconf 89' lang='lat' dir='ltr'><strong>inquit,</strong></span> <span class='ocrx_word' id='word_1_528' title='bbox 2159 1276 2203 1328; x_wconf 90' lang='lat' dir='ltr'><strong>si</strong></span> <span class='ocrx_word' id='word_1_529' title='bbox 2236 1289 2323 1328; x_wconf 88' lang='lat' dir='ltr'><strong>me</strong></span> <span class='ocrx_word' id='word_1_530' title='bbox 2373 1273 2614 1340; x_wconf 89' lang='lat' dir='ltr'><strong>tentatis,</strong></span> <span class='ocrx_word' id='word_1_531' title='bbox 2646 1289 2809 1343; x_wconf 92' lang='lat' dir='ltr'><strong>quem</strong></span> <span class='ocrx_word' id='word_1_532' title='bbox 2855 1275 3032 1329; x_wconf 91' lang='lat' dir='ltr'><strong>adhue</strong></span> <span class='ocrx_word' id='word_1_533' title='bbox 3059 1291 3166 1331; x_wconf 92' lang='lat' dir='ltr'><strong>non</strong></span> <span class='ocrx_word' id='word_1_534' title='bbox 3193 1276 3541 1346; x_wconf 83' lang='lat' dir='ltr'><strong>cognoscitis,</strong></span> 
     </span>
    </p>
   </div>
   <div class='ocr_carea' id='block_1_72' title="bbox 1932 1365 3543 1438">
    <p class='ocr_par' dir='ltr' id='par_1_72' title="bbox 1932 1365 3543 1438">
     <span class='ocr_line' id='line_1_73' title="bbox 1932 1365 3543 1438; baseline 0.001 -20"><span class='ocrx_word' id='word_1_535' title='bbox 1932 1365 2148 1437; x_wconf 90' lang='lat' dir='ltr'><strong>quando</strong></span> <span class='ocrx_word' id='word_1_536' title='bbox 2171 1381 2239 1422; x_wconf 88' lang='lat' dir='ltr'><strong>ne</strong></span> <span class='ocrx_word' id='word_1_537' title='bbox 2264 1365 2356 1420; x_wconf 88' lang='lat' dir='ltr'><strong>Dei</strong></span> <span class='ocrx_word' id='word_1_538' title='bbox 2385 1365 2602 1436; x_wconf 89' lang='lat' dir='ltr'><strong>quidem</strong></span> <span class='ocrx_word' id='word_1_539' title='bbox 2631 1368 2927 1436; x_wconf 88' lang='lat' dir='ltr'><strong>potentiam</strong></span> <span class='ocrx_word' id='word_1_540' title='bbox 2951 1368 3142 1433; x_wconf 87' lang='lat' dir='ltr'><strong>nostis,</strong></span> <span class='ocrx_word' id='word_1_541' title='bbox 3166 1367 3322 1438; x_wconf 80' lang='lat' dir='ltr'><strong>cujus</strong></span> <span class='ocrx_word' id='word_1_542' title='bbox 3339 1376 3543 1421; x_wconf 89' lang='lat' dir='ltr'><strong>tantam</strong></span> 
     </span>
    </p>
   </div>
   <div class='ocr_carea' id='block_1_73' title="bbox 1933 1456 3543 1529">
    <p class='ocr_par' dir='ltr' id='par_1_73' title="bbox 1933 1456 3543 1529">
     <span class='ocr_line' id='line_1_74' title="bbox 1933 1456 3543 1529; baseline 0.001 -18"><span class='ocrx_word' id='word_1_543' title='bbox 1933 1457 2318 1524; x_wconf 78' lang='lat' dir='ltr'><strong>experientiam</strong></span> <span class='ocrx_word' id='word_1_544' title='bbox 2350 1456 2584 1524; x_wconf 82' lang='lat' dir='ltr'><strong>habetis,</strong></span> <span class='ocrx_word' id='word_1_545' title='bbox 2609 1473 2672 1512; x_wconf 86' lang='lat' dir='ltr'><strong>ac</strong></span> <span class='ocrx_word' id='word_1_546' title='bbox 2699 1473 2872 1529; x_wconf 88' lang='lat' dir='ltr'><strong>neque</strong></span> <span class='ocrx_word' id='word_1_547' title='bbox 2889 1475 2954 1514; x_wconf 75' lang='lat' dir='ltr'><strong>ex</strong></span> <span class='ocrx_word' id='word_1_548' title='bbox 2983 1458 3364 1515; x_wconf 87' lang='lat' dir='ltr'><strong>communibus</strong></span> <span class='ocrx_word' id='word_1_549' title='bbox 3393 1461 3543 1526; x_wconf 70' lang='lat' dir='ltr'><strong>cogi-</strong></span> 
     </span>
    </p>
   </div>
   <div class='ocr_carea' id='block_1_74' title="bbox 1935 1548 3542 1621">
    <p class='ocr_par' dir='ltr' id='par_1_74' title="bbox 1935 1548 3542 1621">
     <span class='ocr_line' id='line_1_75' title="bbox 1935 1548 3542 1621; baseline 0.002 -19"><span class='ocrx_word' id='word_1_550' title='bbox 1935 1548 2245 1612; x_wconf 85' lang='lat' dir='ltr'><strong>tationibus,</strong></span> <span class='ocrx_word' id='word_1_551' title='bbox 2275 1564 2450 1620; x_wconf 87' lang='lat' dir='ltr'><strong>neque</strong></span> <span class='ocrx_word' id='word_1_552' title='bbox 2473 1563 2537 1604; x_wconf 78' lang='lat' dir='ltr'><strong>ex</strong></span> <span class='ocrx_word' id='word_1_553' title='bbox 2571 1550 2868 1621; x_wconf 87' lang='lat' dir='ltr'><strong>Scripturis</strong></span> <span class='ocrx_word' id='word_1_554' title='bbox 2897 1553 3042 1607; x_wconf 84' lang='lat' dir='ltr'><strong>illam</strong></span> <span class='ocrx_word' id='word_1_555' title='bbox 3076 1554 3266 1617; x_wconf 80' lang='lat' dir='ltr'><strong>nostis,</strong></span> <span class='ocrx_word' id='word_1_556' title='bbox 3292 1553 3337 1608; x_wconf 87' lang='lat' dir='ltr'><strong>si</strong></span> <span class='ocrx_word' id='word_1_557' title='bbox 3361 1562 3542 1608; x_wconf 88' lang='lat' dir='ltr'><strong>tamen</strong></span> 
     </span>
    </p>
   </div>
   <div class='ocr_carea' id='block_1_75' title="bbox 1933 1642 3545 1717">
    <p class='ocr_par' dir='ltr' id='par_1_75' title="bbox 1933 1642 3545 1717">
     <span class='ocr_line' id='line_1_76' title="bbox 1933 1642 3545 1717; baseline 0.004 -24"><span class='ocrx_word' id='word_1_558' title='bbox 1933 1654 2246 1696; x_wconf 70' lang='lat' dir='ltr'><strong>communes</strong></span> <span class='ocrx_word' id='word_1_559' title='bbox 2273 1642 2628 1712; x_wconf 85' lang='lat' dir='ltr'><strong>cogitationes</strong></span> <span class='ocrx_word' id='word_1_560' title='bbox 2649 1659 2770 1698; x_wconf 85' lang='lat' dir='ltr'><strong>eam</strong></span> <span class='ocrx_word' id='word_1_561' title='bbox 2801 1646 3043 1699; x_wconf 90' lang='lat' dir='ltr'><strong>notitiam</strong></span> <span class='ocrx_word' id='word_1_562' title='bbox 3090 1647 3399 1717; x_wconf 66' lang='lat' dir='ltr'><strong>praebeant,</strong></span> <span class='ocrx_word' id='word_1_563' title='bbox 3435 1646 3545 1702; x_wconf 89' lang='lat' dir='ltr'><strong>Deo</strong></span> 
     </span>
    </p>
   </div>
   <div class='ocr_carea' id='block_1_76' title="bbox 1933 1732 2613 1802">
    <p class='ocr_par' dir='ltr' id='par_1_76' title="bbox 1933 1732 2613 1802">
     <span class='ocr_line' id='line_1_77' title="bbox 1933 1732 2613 1802; baseline 0.004 -17"><span class='ocrx_word' id='word_1_564' title='bbox 1933 1732 2111 1785; x_wconf 89' lang='lat' dir='ltr'><strong>omnia</strong></span> <span class='ocrx_word' id='word_1_565' title='bbox 2143 1747 2263 1787; x_wconf 87' lang='lat' dir='ltr'><strong>esse</strong></span> <span class='ocrx_word' id='word_1_566' title='bbox 2291 1733 2613 1802; x_wconf 81' lang='lat' dir='ltr'><strong>possibilia?</strong></span> 
     </span>
    </p>
   </div>
   <div class='ocr_carea' id='block_1_77' title="bbox 2009 1825 3542 1897">
    <p class='ocr_par' dir='ltr' id='par_1_77' title="bbox 2009 1825 3542 1897">
     <span class='ocr_line' id='line_1_78' title="bbox 2009 1825 3542 1897; baseline 0.001 -17"><span class='ocrx_word' id='word_1_567' title='bbox 2009 1826 2058 1880; x_wconf 78' lang='lat'><strong>3.</strong></span> <span class='ocrx_word' id='word_1_568' title='bbox 2106 1825 2171 1879; x_wconf 87' lang='lat' dir='ltr'><strong>Et</strong></span> <span class='ocrx_word' id='word_1_569' title='bbox 2201 1828 2374 1895; x_wconf 87' lang='lat' dir='ltr'><strong>primo</strong></span> <span class='ocrx_word' id='word_1_570' title='bbox 2405 1826 2620 1895; x_wconf 87' lang='lat' dir='ltr'><strong>quidem</strong></span> <span class='ocrx_word' id='word_1_571' title='bbox 2652 1827 2721 1880; x_wconf 84' lang='lat' dir='ltr'><strong>ad</strong></span> <span class='ocrx_word' id='word_1_572' title='bbox 2753 1827 3039 1897; x_wconf 71' lang='lat' dir='ltr'><strong>qurcsitum</strong></span> <span class='ocrx_word' id='word_1_573' title='bbox 3070 1829 3380 1897; x_wconf 81' lang='lat' dir='ltr'><strong>respondet.</strong></span> <span class='ocrx_word' id='word_1_574' title='bbox 3405 1828 3542 1895; x_wconf 87' lang='lat' dir='ltr'><strong>Quia</strong></span> 
     </span>
    </p>
   </div>
   <div class='ocr_carea' id='block_1_78' title="bbox 1933 1910 3540 1976">
    <p class='ocr_par' dir='ltr' id='par_1_78' title="bbox 1933 1910 3540 1976">
     <span class='ocr_line' id='line_1_79' title="bbox 1933 1910 3540 1976; baseline 0.003 -5"><span class='ocrx_word' id='word_1_575' title='bbox 1933 1918 2077 1971; x_wconf 89' lang='lat' dir='ltr'><strong>enim</strong></span> <span class='ocrx_word' id='word_1_576' title='bbox 2109 1916 2159 1971; x_wconf 93' lang='lat' dir='ltr'><strong>in</strong></span> <span class='ocrx_word' id='word_1_577' title='bbox 2182 1933 2340 1973; x_wconf 86' lang='lat' dir='ltr'><strong>causa</strong></span> <span class='ocrx_word' id='word_1_578' title='bbox 2371 1918 2476 1972; x_wconf 88' lang='lat' dir='ltr'><strong>illis</strong></span> <span class='ocrx_word' id='word_1_579' title='bbox 2502 1928 2614 1972; x_wconf 90' lang='lat' dir='ltr'><strong>erat</strong></span> <span class='ocrx_word' id='word_1_580' title='bbox 2647 1933 2746 1972; x_wconf 91' lang='lat' dir='ltr'><strong>cur</strong></span> <span class='ocrx_word' id='word_1_581' title='bbox 2775 1910 3227 1974; x_wconf 64' lang='lat' dir='ltr'><strong>resurrectionem</strong></span> <span class='ocrx_word' id='word_1_582' title='bbox 3273 1936 3397 1975; x_wconf 85' lang='lat' dir='ltr'><strong>esse</strong></span> <span class='ocrx_word' id='word_1_583' title='bbox 3436 1937 3540 1976; x_wconf 89' lang='lat' dir='ltr'><strong>non</strong></span> 
     </span>
    </p>
   </div>
   <div class='ocr_carea' id='block_1_79' title="bbox 1936 2009 3537 2080">
    <p class='ocr_par' dir='ltr' id='par_1_79' title="bbox 1936 2009 3537 2080">
     <span class='ocr_line' id='line_1_80' title="bbox 1936 2009 3537 2080; baseline 0.006 -21"><span class='ocrx_word' id='word_1_584' title='bbox 1936 2018 2202 2078; x_wconf 85' lang='lat' dir='ltr'><strong>putarent,</strong></span> <span class='ocrx_word' id='word_1_585' title='bbox 2235 2009 2375 2080; x_wconf 83' lang='lat' dir='ltr'><strong>quod</strong></span> <span class='ocrx_word' id='word_1_586' title='bbox 2405 2009 2688 2066; x_wconf 86' lang='lat' dir='ltr'><strong>crederent</strong></span> <span class='ocrx_word' id='word_1_587' title='bbox 2715 2011 2877 2066; x_wconf 89' lang='lat' dir='ltr'><strong>talem</strong></span> <span class='ocrx_word' id='word_1_588' title='bbox 2900 2021 3025 2064; x_wconf 90' lang='lat' dir='ltr'><strong>tunc</strong></span> <span class='ocrx_word' id='word_1_589' title='bbox 3056 2027 3178 2066; x_wconf 80' lang='lat' dir='ltr'><strong>esse</strong></span> <span class='ocrx_word' id='word_1_590' title='bbox 3204 2027 3384 2066; x_wconf 89' lang='lat' dir='ltr'><strong>rermu</strong></span> <span class='ocrx_word' id='word_1_591' title='bbox 3415 2031 3537 2068; x_wconf 72' lang='grc' dir='ltr'><strong>ρου-</strong></span> 
     </span>
    </p>
   </div>
   <div class='ocr_carea' id='block_1_80' title="bbox 1935 2099 3540 2170">
    <p class='ocr_par' dir='ltr' id='par_1_80' title="bbox 1935 2099 3540 2170">
     <span class='ocr_line' id='line_1_81' title="bbox 1935 2099 3540 2170; baseline 0.002 -18"><span class='ocrx_word' id='word_1_592' title='bbox 1935 2099 2214 2164; x_wconf 81' lang='lat' dir='ltr'><strong>ditionem,</strong></span> <span class='ocrx_word' id='word_1_593' title='bbox 2248 2108 2464 2154; x_wconf 79' lang='lat' dir='ltr'><strong>causam</strong></span> <span class='ocrx_word' id='word_1_594' title='bbox 2503 2111 2767 2163; x_wconf 73' lang='lat' dir='ltr'><strong>removet.</strong></span> <span class='ocrx_word' id='word_1_595' title='bbox 2796 2103 3010 2170; x_wconf 81' lang='lat' dir='ltr'><strong>etquod</strong></span> <span class='ocrx_word' id='word_1_596' title='bbox 3043 2119 3108 2157; x_wconf 79' lang='lat' dir='ltr'><strong>ex</strong></span> <span class='ocrx_word' id='word_1_597' title='bbox 3138 2103 3224 2157; x_wconf 89' lang='lat' dir='ltr'><strong>illa</strong></span> <span class='ocrx_word' id='word_1_598' title='bbox 3257 2119 3416 2158; x_wconf 56' lang='lat' dir='ltr'><strong>Causa</strong></span> <span class='ocrx_word' id='word_1_599' title='bbox 3448 2125 3540 2156; x_wconf 68' lang='lat' dir='ltr'><strong>ac-</strong></span> 
     </span>
    </p>
   </div>
   <div class='ocr_carea' id='block_1_81' title="bbox 1935 2191 3538 2261">
    <p class='ocr_par' dir='ltr' id='par_1_81' title="bbox 1935 2191 3538 2261">
     <span class='ocr_line' id='line_1_82' title="bbox 1935 2191 3538 2261; baseline 0.001 -17"><span class='ocrx_word' id='word_1_600' title='bbox 1935 2191 2146 2245; x_wconf 86' lang='lat' dir='ltr'><strong>cidehat</strong></span> <span class='ocrx_word' id='word_1_601' title='bbox 2173 2193 2323 2261; x_wconf 87' lang='lat' dir='ltr'><strong>(inde</strong></span> <span class='ocrx_word' id='word_1_602' title='bbox 2352 2195 2496 2246; x_wconf 90' lang='lat' dir='ltr'><strong>enim</strong></span> <span class='ocrx_word' id='word_1_603' title='bbox 2521 2193 2745 2247; x_wconf 87' lang='lat' dir='ltr'><strong>morbus</strong></span> <span class='ocrx_word' id='word_1_604' title='bbox 2771 2203 2926 2248; x_wconf 82' lang='lat' dir='ltr'><strong>ortus</strong></span> <span class='ocrx_word' id='word_1_605' title='bbox 2969 2196 3134 2260; x_wconf 72' lang='lat' dir='ltr'><strong>erat),</strong></span> <span class='ocrx_word' id='word_1_606' title='bbox 3180 2210 3244 2249; x_wconf 84' lang='lat' dir='ltr'><strong>ac</strong></span> <span class='ocrx_word' id='word_1_607' title='bbox 3292 2211 3538 2249; x_wconf 63' lang='lat' dir='ltr'><strong>re~urrt--</strong></span> 
     </span>
    </p>
   </div>
   <div class='ocr_carea' id='block_1_82' title="bbox 1933 2283 3539 2340">
    <p class='ocr_par' dir='ltr' id='par_1_82' title="bbox 1933 2283 3539 2340">
     <span class='ocr_line' id='line_1_83' title="bbox 1933 2283 3539 2340; baseline 0.002 -4"><span class='ocrx_word' id='word_1_608' title='bbox 1933 2283 2126 2337; x_wconf 83' lang='lat' dir='ltr'><strong>ctiouis</strong></span> <span class='ocrx_word' id='word_1_609' title='bbox 2175 2284 2393 2338; x_wconf 88' lang='lat' dir='ltr'><strong>modum</strong></span> <span class='ocrx_word' id='word_1_610' title='bbox 2425 2285 2662 2339; x_wconf 85' lang='lat' dir='ltr'><strong>ostendit</strong></span> <span class='ocrx_word' id='word_1_611' title='bbox 2691 2303 2705 2338; x_wconf 86' lang='lat'><strong>:</strong></span> <span class='ocrx_word' id='word_1_612' title='bbox 2738 2286 2814 2339; x_wconf 90' lang='lat' dir='ltr'><strong>ait</strong></span> <span class='ocrx_word' id='word_1_613' title='bbox 2850 2286 2992 2339; x_wconf 88' lang='lat' dir='ltr'><strong>enim</strong></span> <span class='ocrx_word' id='word_1_614' title='bbox 3025 2304 3039 2340; x_wconf 88' lang='lat'><strong>:</strong></span> <span class='ocrx_word' id='word_1_615' title='bbox 3071 2285 3160 2340; x_wconf 82' lang='grc'><strong>50.</strong></span> <span class='ocrx_word' id='word_1_616' title='bbox 3215 2285 3280 2340; x_wconf 89' lang='lat' dir='ltr'><strong>In</strong></span> <span class='ocrx_word' id='word_1_617' title='bbox 3311 2304 3539 2340; x_wconf 85' lang='lat' dir='ltr'><strong>resurre-</strong></span> 
     </span>
    </p>
   </div>
   <div class='ocr_carea' id='block_1_83' title="bbox 1933 2375 3542 2446">
    <p class='ocr_par' dir='ltr' id='par_1_83' title="bbox 1933 2375 3542 2446">
     <span class='ocr_line' id='line_1_84' title="bbox 1933 2375 3542 2446; baseline 0.003 -18"><span class='ocrx_word' id='word_1_618' title='bbox 1933 2375 2098 2429; x_wconf 81' lang='lat' dir='ltr'><strong>ctione</strong></span> <span class='ocrx_word' id='word_1_619' title='bbox 2151 2391 2308 2446; x_wconf 79' lang='lat' dir='ltr'><strong>neque</strong></span> <span class='ocrx_word' id='word_1_620' title='bbox 2338 2376 2568 2443; x_wconf 79' lang='lat' dir='ltr'><strong>nubent,</strong></span> <span class='ocrx_word' id='word_1_621' title='bbox 2617 2395 2778 2442; x_wconf 84' lang='lat' dir='ltr'><strong>neque</strong></span> <span class='ocrx_word' id='word_1_622' title='bbox 2830 2379 3104 2446; x_wconf 73' lang='lat' dir='ltr'><strong>mittentur,</strong></span> <span class='ocrx_word' id='word_1_623' title='bbox 3154 2381 3245 2434; x_wconf 81' lang='lat' dir='ltr'><strong>sed</strong></span> <span class='ocrx_word' id='word_1_624' title='bbox 3295 2391 3442 2434; x_wconf 83' lang='lat' dir='ltr'><strong>erunt</strong></span> <span class='ocrx_word' id='word_1_625' title='bbox 3487 2393 3542 2434; x_wconf 86' lang='lat' dir='ltr'><strong>nt</strong></span> 
     </span>
    </p>
   </div>
   <div class='ocr_carea' id='block_1_84' title="bbox 1932 2467 3539 2544">
    <p class='ocr_par' dir='ltr' id='par_1_84' title="bbox 1932 2467 3539 2544">
     <span class='ocr_line' id='line_1_85' title="bbox 1932 2467 3539 2544; baseline 0.004 -26"><span class='ocrx_word' id='word_1_626' title='bbox 1932 2468 2102 2537; x_wconf 84' lang='lat' dir='ltr'><strong>angeli</strong></span> <span class='ocrx_word' id='word_1_627' title='bbox 2130 2467 2226 2521; x_wconf 84' lang='lat' dir='ltr'><strong>Dei</strong></span> <span class='ocrx_word' id='word_1_628' title='bbox 2248 2469 2299 2520; x_wconf 88' lang='lat' dir='ltr'><strong>in</strong></span> <span class='ocrx_word' id='word_1_629' title='bbox 2316 2469 2460 2522; x_wconf 76' lang='lat' dir='ltr'><strong>cwlo.</strong></span> <span class='ocrx_word' id='word_1_630' title='bbox 2488 2469 2657 2523; x_wconf 79' lang='lat' dir='ltr'><strong>Lucas</strong></span> <span class='ocrx_word' id='word_1_631' title='bbox 2682 2478 2811 2523; x_wconf 72' lang='lat' dir='ltr'><strong>vero</strong></span> <span class='ocrx_word' id='word_1_632' title='bbox 2840 2470 2936 2534; x_wconf 86' lang='lat' dir='ltr'><strong>ait,</strong></span> <span class='ocrx_word' id='word_1_633' title='bbox 2968 2471 3115 2523; x_wconf 75' lang='lat' dir='ltr'><strong>Sicut</strong></span> <span class='ocrx_word' id='word_1_634' title='bbox 3139 2472 3236 2539; x_wconf 81' lang='lat' dir='ltr'><strong>ﬁlii</strong></span> <span class='ocrx_word' id='word_1_635' title='bbox 3258 2471 3357 2526; x_wconf 87' lang='lat' dir='ltr'><strong>Dei</strong></span> <span class='ocrx_word' id='word_1_636' title='bbox 3387 2471 3539 2544; x_wconf 79' lang='lat' dir='ltr'><strong>(an.</strong></span> 
     </span>
    </p>
   </div>
   <div class='ocr_carea' id='block_1_85' title="bbox 1932 2557 3538 2636">
    <p class='ocr_par' dir='ltr' id='par_1_85' title="bbox 1932 2557 3538 2636">
     <span class='ocr_line' id='line_1_86' title="bbox 1932 2557 3538 2636; baseline 0.005 -26"><span class='ocrx_word' id='word_1_637' title='bbox 1932 2557 2023 2611; x_wconf 69' lang='grc'><strong>20.</strong></span> <span class='ocrx_word' id='word_1_638' title='bbox 2051 2558 2162 2625; x_wconf 84' lang='grc'><strong>56).</strong></span> <span class='ocrx_word' id='word_1_639' title='bbox 2194 2558 2247 2615; x_wconf 92' lang='lat' dir='ltr'><strong>Si</strong></span> <span class='ocrx_word' id='word_1_640' title='bbox 2281 2575 2408 2629; x_wconf 83' lang='lat' dir='ltr'><strong>ergo</strong></span> <span class='ocrx_word' id='word_1_641' title='bbox 2441 2566 2547 2614; x_wconf 83' lang='lat' dir='ltr'><strong>non</strong></span> <span class='ocrx_word' id='word_1_642' title='bbox 2579 2562 2804 2627; x_wconf 84' lang='lat' dir='ltr'><strong>nubunt,</strong></span> <span class='ocrx_word' id='word_1_643' title='bbox 2829 2562 3098 2633; x_wconf 81' lang='lat' dir='ltr'><strong>superflua</strong></span> <span class='ocrx_word' id='word_1_644' title='bbox 3121 2575 3202 2618; x_wconf 89' lang='lat' dir='ltr'><strong>est</strong></span> <span class='ocrx_word' id='word_1_645' title='bbox 3235 2565 3538 2636; x_wconf 83' lang='lat' dir='ltr'><strong>interroga-</strong></span> 
     </span>
    </p>
   </div>
   <div class='ocr_carea' id='block_1_86' title="bbox 1936 2652 3539 2726">
    <p class='ocr_par' dir='ltr' id='par_1_86' title="bbox 1936 2652 3539 2726">
     <span class='ocr_line' id='line_1_87' title="bbox 1936 2652 3539 2726; baseline 0.004 -21"><span class='ocrx_word' id='word_1_646' title='bbox 1936 2652 2027 2705; x_wconf 91' lang='lat' dir='ltr'><strong>tio.</strong></span> <span class='ocrx_word' id='word_1_647' title='bbox 2055 2652 2239 2722; x_wconf 80' lang='lat' dir='ltr'><strong>Neque</strong></span> <span class='ocrx_word' id='word_1_648' title='bbox 2271 2653 2392 2708; x_wconf 88' lang='lat' dir='ltr'><strong>ideo</strong></span> <span class='ocrx_word' id='word_1_649' title='bbox 2435 2654 2609 2726; x_wconf 77' lang='lat' dir='ltr'><strong>angeli</strong></span> <span class='ocrx_word' id='word_1_650' title='bbox 2642 2666 2791 2723; x_wconf 83' lang='lat' dir='ltr'><strong>sont,</strong></span> <span class='ocrx_word' id='word_1_651' title='bbox 2837 2658 2978 2726; x_wconf 88' lang='lat' dir='ltr'><strong>quod</strong></span> <span class='ocrx_word' id='word_1_652' title='bbox 3021 2674 3128 2712; x_wconf 91' lang='lat' dir='ltr'><strong>non</strong></span> <span class='ocrx_word' id='word_1_653' title='bbox 3169 2659 3401 2717; x_wconf 86' lang='lat' dir='ltr'><strong>nubant:</strong></span> <span class='ocrx_word' id='word_1_654' title='bbox 3443 2660 3539 2713; x_wconf 82' lang='lat' dir='ltr'><strong>sed</strong></span> 
     </span>
    </p>
   </div>
   <div class='ocr_carea' id='block_1_87' title="bbox 1933 2746 3541 2823">
    <p class='ocr_par' dir='ltr' id='par_1_87' title="bbox 1933 2746 3541 2823">
     <span class='ocr_line' id='line_1_88' title="bbox 1933 2746 3541 2823; baseline 0.007 -26"><span class='ocrx_word' id='word_1_655' title='bbox 1933 2746 2055 2813; x_wconf 87' lang='lat' dir='ltr'><strong>quia</strong></span> <span class='ocrx_word' id='word_1_656' title='bbox 2084 2756 2141 2799; x_wconf 85' lang='grc' dir='ltr'><strong>ιιι</strong></span> <span class='ocrx_word' id='word_1_657' title='bbox 2166 2748 2338 2815; x_wconf 81' lang='lat' dir='ltr'><strong>angeli</strong></span> <span class='ocrx_word' id='word_1_658' title='bbox 2366 2757 2512 2814; x_wconf 86' lang='lat' dir='ltr'><strong>sunt,</strong></span> <span class='ocrx_word' id='word_1_659' title='bbox 2540 2747 2661 2804; x_wconf 85' lang='lat' dir='ltr'><strong>ideo</strong></span> <span class='ocrx_word' id='word_1_660' title='bbox 2689 2757 2795 2804; x_wconf 84' lang='lat' dir='ltr'><strong>non</strong></span> <span class='ocrx_word' id='word_1_661' title='bbox 2819 2751 3047 2805; x_wconf 89' lang='lat' dir='ltr'><strong>uulmut.</strong></span> <span class='ocrx_word' id='word_1_662' title='bbox 3066 2752 3202 2807; x_wconf 90' lang='lat' dir='ltr'><strong>lliuc</strong></span> <span class='ocrx_word' id='word_1_663' title='bbox 3221 2754 3384 2807; x_wconf 85' lang='lat' dir='ltr'><strong>multa</strong></span> <span class='ocrx_word' id='word_1_664' title='bbox 3406 2770 3541 2823; x_wconf 90' lang='lat' dir='ltr'><strong>quo-</strong></span> 
     </span>
    </p>
   </div>
   <div class='ocr_carea' id='block_1_88' title="bbox 1933 2837 3541 2906">
    <p class='ocr_par' dir='ltr' id='par_1_88' title="bbox 1933 2837 3541 2906">
     <span class='ocr_line' id='line_1_89' title="bbox 1933 2837 3541 2906; baseline 0.007 -19"><span class='ocrx_word' id='word_1_665' title='bbox 1933 2852 2037 2904; x_wconf 90' lang='lat' dir='ltr'><strong>que</strong></span> <span class='ocrx_word' id='word_1_666' title='bbox 2057 2837 2158 2891; x_wconf 86' lang='lat' dir='ltr'><strong>alia</strong></span> <span class='ocrx_word' id='word_1_667' title='bbox 2187 2839 2422 2901; x_wconf 84' lang='lat' dir='ltr'><strong>sustulit,</strong></span> <span class='ocrx_word' id='word_1_668' title='bbox 2452 2857 2570 2906; x_wconf 76' lang='lat' dir='ltr'><strong>qua:</strong></span> <span class='ocrx_word' id='word_1_669' title='bbox 2597 2841 2774 2894; x_wconf 89' lang='lat' dir='ltr'><strong>omnia</strong></span> <span class='ocrx_word' id='word_1_670' title='bbox 2800 2857 2906 2895; x_wconf 88' lang='lat' dir='ltr'><strong>una</strong></span> <span class='ocrx_word' id='word_1_671' title='bbox 2939 2853 3072 2897; x_wconf 77' lang='lat' dir='ltr'><strong>rnce</strong></span> <span class='ocrx_word' id='word_1_672' title='bbox 3105 2843 3304 2898; x_wconf 80' lang='lat' dir='ltr'><strong>Paulus</strong></span> <span class='ocrx_word' id='word_1_673' title='bbox 3350 2845 3541 2898; x_wconf 87' lang='lat' dir='ltr'><strong>subin-</strong></span> 
     </span>
    </p>
   </div>
   <div class='ocr_carea' id='block_1_89' title="bbox 1932 2926 3541 3005">
    <p class='ocr_par' dir='ltr' id='par_1_89' title="bbox 1932 2926 3541 3005">
     <span class='ocr_line' id='line_1_90' title="bbox 1932 2926 3541 3005; baseline 0.006 -25"><span class='ocrx_word' id='word_1_674' title='bbox 1932 2926 2130 2981; x_wconf 74' lang='lat' dir='ltr'><strong>dicavit</strong></span> <span class='ocrx_word' id='word_1_675' title='bbox 2166 2928 2355 2984; x_wconf 88' lang='lat' dir='ltr'><strong>dicens</strong></span> <span class='ocrx_word' id='word_1_676' title='bbox 2404 2948 2418 2985; x_wconf 90' lang='lat'>:</span> <span class='ocrx_word' id='word_1_677' title='bbox 2465 2929 2704 2986; x_wconf 74' lang='lat' dir='ltr'><strong>Prwterit</strong></span> <span class='ocrx_word' id='word_1_678' title='bbox 2751 2934 2885 2988; x_wconf 80' lang='lat' dir='ltr'><strong>enim</strong></span> <span class='ocrx_word' id='word_1_679' title='bbox 2942 2936 3108 3005; x_wconf 81' lang='lat' dir='ltr'><strong>ﬁgura</strong></span> <span class='ocrx_word' id='word_1_680' title='bbox 3154 2935 3310 3005; x_wconf 76' lang='lat' dir='ltr'><strong>hujus</strong></span> <span class='ocrx_word' id='word_1_681' title='bbox 3364 2937 3541 2989; x_wconf 81' lang='lat' dir='ltr'><strong>mundi</strong></span> 
     </span>
    </p>
   </div>
   <div class='ocr_carea' id='block_1_90' title="bbox 1934 3020 3537 3097">
    <p class='ocr_par' dir='ltr' id='par_1_90' title="bbox 1934 3020 3537 3097">
     <span class='ocr_line' id='line_1_91' title="bbox 1934 3020 3537 3097; baseline 0.003 -24"><span class='ocrx_word' id='word_1_682' title='bbox 1934 3020 2013 3089; x_wconf 92' lang='lat' dir='ltr'><strong>(l.</strong></span> <span class='ocrx_word' id='word_1_683' title='bbox 2047 3020 2165 3076; x_wconf 66' lang='lat' dir='ltr'><strong>(for.</strong></span> <span class='ocrx_word' id='word_1_684' title='bbox 2198 3023 2251 3077; x_wconf 86' lang='lat'><strong>7.</strong></span> <span class='ocrx_word' id='word_1_685' title='bbox 2281 3023 2372 3097; x_wconf 83' lang='lat' dir='ltr'><strong>5i)</strong></span> <span class='ocrx_word' id='word_1_686' title='bbox 2414 3025 2617 3095; x_wconf 84' lang='lat' dir='ltr'><strong>Hisque</strong></span> <span class='ocrx_word' id='word_1_687' title='bbox 2632 3029 2867 3082; x_wconf 85' lang='lat' dir='ltr'><strong>ostendit</strong></span> <span class='ocrx_word' id='word_1_688' title='bbox 2897 3029 3071 3095; x_wconf 85' lang='lat' dir='ltr'><strong>qualis</strong></span> <span class='ocrx_word' id='word_1_689' title='bbox 3089 3029 3159 3082; x_wconf 89' lang='lat' dir='ltr'><strong>sit</strong></span> <span class='ocrx_word' id='word_1_690' title='bbox 3188 3029 3537 3090; x_wconf 77' lang='lat' dir='ltr'><strong>resurrectio,</strong></span> 
     </span>
    </p>
   </div>
   <div class='ocr_carea' id='block_1_91' title="bbox 1933 3116 3535 3185">
    <p class='ocr_par' dir='ltr' id='par_1_91' title="bbox 1933 3116 3535 3185">
     <span class='ocr_line' id='line_1_92' title="bbox 1933 3116 3535 3185; baseline 0.004 -16"><span class='ocrx_word' id='word_1_691' title='bbox 1933 3123 1990 3169; x_wconf 91' lang='lat' dir='ltr'><strong>et</strong></span> <span class='ocrx_word' id='word_1_692' title='bbox 2018 3116 2158 3185; x_wconf 82' lang='lat' dir='ltr'><strong>quod</strong></span> <span class='ocrx_word' id='word_1_693' title='bbox 2200 3131 2326 3172; x_wconf 56' lang='lat' dir='ltr'><strong>\‘cre</strong></span> <span class='ocrx_word' id='word_1_694' title='bbox 2369 3121 2694 3175; x_wconf 88' lang='lat' dir='ltr'><strong>resurrectio</strong></span> <span class='ocrx_word' id='word_1_695' title='bbox 2722 3121 2791 3174; x_wconf 86' lang='lat' dir='ltr'><strong>sit</strong></span> <span class='ocrx_word' id='word_1_696' title='bbox 2835 3121 3011 3174; x_wconf 90' lang='lat' dir='ltr'><strong>futura</strong></span> <span class='ocrx_word' id='word_1_697' title='bbox 3043 3138 3055 3172; x_wconf 94' lang='lat'><strong>:</strong></span> <span class='ocrx_word' id='word_1_698' title='bbox 3086 3121 3187 3174; x_wconf 82' lang='lat' dir='ltr'><strong>etsi</strong></span> <span class='ocrx_word' id='word_1_699' title='bbox 3234 3137 3363 3175; x_wconf 71' lang='lat' dir='ltr'><strong>Vero</strong></span> <span class='ocrx_word' id='word_1_700' title='bbox 3404 3121 3535 3176; x_wconf 86' lang='lat' dir='ltr'><strong>illud</strong></span> 
     </span>
    </p>
   </div>
   <div class='ocr_carea' id='block_1_92' title="bbox 1935 3210 3540 3275">
    <p class='ocr_par' dir='ltr' id='par_1_92' title="bbox 1935 3210 3540 3275">
     <span class='ocr_line' id='line_1_93' title="bbox 1935 3210 3540 3275; baseline 0.006 -15"><span class='ocrx_word' id='word_1_701' title='bbox 1935 3222 2036 3260; x_wconf 92' lang='lat' dir='ltr'><strong>una</strong></span> <span class='ocrx_word' id='word_1_702' title='bbox 2068 3210 2348 3275; x_wconf 80' lang='lat' dir='ltr'><strong>probatum</strong></span> <span class='ocrx_word' id='word_1_703' title='bbox 2383 3210 2562 3274; x_wconf 88' lang='lat' dir='ltr'><strong>fuerit,</strong></span> <span class='ocrx_word' id='word_1_704' title='bbox 2587 3221 2820 3266; x_wconf 87' lang='lat' dir='ltr'><strong>attamen</strong></span> <span class='ocrx_word' id='word_1_705' title='bbox 2845 3229 2910 3267; x_wconf 84' lang='lat' dir='ltr'><strong>ex</strong></span> <span class='ocrx_word' id='word_1_706' title='bbox 2933 3214 3227 3267; x_wconf 88' lang='lat' dir='ltr'><strong>abundanti</strong></span> <span class='ocrx_word' id='word_1_707' title='bbox 3259 3214 3389 3268; x_wconf 88' lang='lat' dir='ltr'><strong>illttd</strong></span> <span class='ocrx_word' id='word_1_708' title='bbox 3417 3232 3540 3269; x_wconf 59' lang='lat' dir='ltr'><strong>rure</strong></span> 
     </span>
    </p>
   </div>
   <div class='ocr_carea' id='block_1_93' title="bbox 1935 3300 3532 3374">
    <p class='ocr_par' dir='ltr' id='par_1_93' title="bbox 1935 3300 3532 3374">
     <span class='ocr_line' id='line_1_94' title="bbox 1935 3300 3532 3374; baseline 0.006 -22"><span class='ocrx_word' id='word_1_709' title='bbox 1935 3313 2052 3352; x_wconf 90' lang='lat' dir='ltr'><strong>sum</strong></span> <span class='ocrx_word' id='word_1_710' title='bbox 2085 3300 2286 3368; x_wconf 85' lang='lat' dir='ltr'><strong>adjicit.</strong></span> <span class='ocrx_word' id='word_1_711' title='bbox 2319 3301 2503 3369; x_wconf 72' lang='lat' dir='ltr'><strong>Neque</strong></span> <span class='ocrx_word' id='word_1_712' title='bbox 2529 3303 2672 3357; x_wconf 90' lang='lat' dir='ltr'><strong>enim</strong></span> <span class='ocrx_word' id='word_1_713' title='bbox 2732 3303 3140 3374; x_wconf 84' lang='lat' dir='ltr'><strong>interrogationi</strong></span> <span class='ocrx_word' id='word_1_714' title='bbox 3185 3305 3348 3359; x_wconf 87' lang='lat' dir='ltr'><strong>utodo</strong></span> <span class='ocrx_word' id='word_1_715' title='bbox 3377 3307 3532 3361; x_wconf 81' lang='lat' dir='ltr'><strong>satis-</strong></span> 
     </span>
    </p>
   </div>
   <div class='ocr_carea' id='block_1_94' title="bbox 1935 3392 3540 3468">
    <p class='ocr_par' dir='ltr' id='par_1_94' title="bbox 1935 3392 3540 3468">
     <span class='ocr_line' id='line_1_95' title="bbox 1935 3392 3540 3468; baseline 0.006 -23"><span class='ocrx_word' id='word_1_716' title='bbox 1935 3392 2076 3455; x_wconf 85' lang='lat' dir='ltr'><strong>fecit,</strong></span> <span class='ocrx_word' id='word_1_717' title='bbox 2111 3393 2203 3447; x_wconf 75' lang='lat' dir='ltr'><strong>Sed</strong></span> <span class='ocrx_word' id='word_1_718' title='bbox 2229 3395 2388 3448; x_wconf 86' lang='lat' dir='ltr'><strong>etiam</strong></span> <span class='ocrx_word' id='word_1_719' title='bbox 2422 3396 2634 3450; x_wconf 90' lang='lat' dir='ltr'><strong>illorum</strong></span> <span class='ocrx_word' id='word_1_720' title='bbox 2663 3397 2998 3468; x_wconf 73' lang='lat' dir='ltr'><strong>cogitationi.</strong></span> <span class='ocrx_word' id='word_1_721' title='bbox 3051 3397 3143 3453; x_wconf 89' lang='lat' dir='ltr'><strong>Sic</strong></span> <span class='ocrx_word' id='word_1_722' title='bbox 3176 3399 3392 3467; x_wconf 86' lang='lat' dir='ltr'><strong>quando</strong></span> <span class='ocrx_word' id='word_1_723' title='bbox 3435 3418 3540 3455; x_wconf 90' lang='lat' dir='ltr'><strong>nott</strong></span> 
     </span>
    </p>
   </div>
   <div class='ocr_carea' id='block_1_95' title="bbox 1934 3486 3540 3558">
    <p class='ocr_par' dir='ltr' id='par_1_95' title="bbox 1934 3486 3540 3558">
     <span class='ocr_line' id='line_1_96' title="bbox 1934 3486 3540 3558; baseline 0.004 -22"><span class='ocrx_word' id='word_1_724' title='bbox 1934 3497 1997 3536; x_wconf 78' lang='lat' dir='ltr'><strong>ex</strong></span> <span class='ocrx_word' id='word_1_725' title='bbox 2055 3493 2200 3537; x_wconf 57' lang='lat' dir='ltr'><strong>tanta”</strong></span> <span class='ocrx_word' id='word_1_726' title='bbox 2250 3486 2486 3548; x_wconf 79' lang='lat' dir='ltr'><strong>malitia,-</strong></span> <span class='ocrx_word' id='word_1_727' title='bbox 2543 3487 2638 3542; x_wconf 83' lang='lat' dir='ltr'><strong>sed</strong></span> <span class='ocrx_word' id='word_1_728' title='bbox 2693 3503 2760 3541; x_wconf 80' lang='lat' dir='ltr'><strong>ex</strong></span> <span class='ocrx_word' id='word_1_729' title='bbox 2815 3488 3113 3557; x_wconf 84' lang='lat' dir='ltr'><strong>ignorantia</strong></span> <span class='ocrx_word' id='word_1_730' title='bbox 3167 3489 3540 3558; x_wconf 66' lang='lat' dir='ltr'><strong>interrogant,</strong></span> 
     </span>
    </p>
   </div>
   <div class='ocr_carea' id='block_1_96' title="bbox 1934 3576 3540 3649">
    <p class='ocr_par' dir='ltr' id='par_1_96' title="bbox 1934 3576 3540 3649">
     <span class='ocr_line' id='line_1_97' title="bbox 1934 3576 3540 3649; baseline 0.006 -22"><span class='ocrx_word' id='word_1_731' title='bbox 1934 3576 2164 3644; x_wconf 69' lang='lat' dir='ltr'><strong>amplius</strong></span> <span class='ocrx_word' id='word_1_732' title='bbox 2213 3579 2369 3632; x_wconf 87' lang='lat' dir='ltr'><strong>docet</strong></span> <span class='ocrx_word' id='word_1_733' title='bbox 2411 3579 2669 3648; x_wconf 87' lang='lat' dir='ltr'><strong>:quando</strong></span> <span class='ocrx_word' id='word_1_734' title='bbox 2699 3589 2880 3634; x_wconf 87' lang='lat' dir='ltr'><strong>autem</strong></span> <span class='ocrx_word' id='word_1_735' title='bbox 2928 3596 2993 3635; x_wconf 76' lang='lat' dir='ltr'><strong>ex</strong></span> <span class='ocrx_word' id='word_1_736' title='bbox 3048 3583 3284 3649; x_wconf 79' lang='lat' dir='ltr'><strong>nequitia</strong></span> <span class='ocrx_word' id='word_1_737' title='bbox 3333 3591 3540 3638; x_wconf 79' lang='lat' dir='ltr'><strong>tantun</strong></span> 
     </span>
    </p>
   </div>
   <div class='ocr_carea' id='block_1_97' title="bbox 1936 3669 3539 3741">
    <p class='ocr_par' dir='ltr' id='par_1_97' title="bbox 1936 3669 3539 3741">
     <span class='ocr_line' id='line_1_98' title="bbox 1936 3669 3539 3741; baseline 0.006 -21"><span class='ocrx_word' id='word_1_738' title='bbox 1936 3669 2282 3737; x_wconf 82' lang='lat' dir='ltr'><strong>interrogatio</strong></span> <span class='ocrx_word' id='word_1_739' title='bbox 2326 3672 2720 3739; x_wconf 76' lang='lat' dir='ltr'><strong>prolieis&#39;titnr,</strong></span> <span class='ocrx_word' id='word_1_740' title='bbox 2774 3688 2949 3741; x_wconf 75' lang='lat' dir='ltr'><strong>neque</strong></span> <span class='ocrx_word' id='word_1_741' title='bbox 3004 3672 3409 3740; x_wconf 71' lang='lat' dir='ltr'><strong>interrogationi</strong></span> <span class='ocrx_word' id='word_1_742' title='bbox 3452 3691 3539 3729; x_wconf 76' lang='lat' dir='ltr'><strong>re-</strong></span> 
     </span>
    </p>
   </div>
   <div class='ocr_carea' id='block_1_98' title="bbox 1932 3761 3541 3836">
    <p class='ocr_par' dir='ltr' id='par_1_98' title="bbox 1932 3761 3541 3836">
     <span class='ocr_line' id='line_1_99' title="bbox 1932 3761 3541 3836; baseline 0.005 -23"><span class='ocrx_word' id='word_1_743' title='bbox 1932 3761 2182 3828; x_wconf 78' lang='lat' dir='ltr'><strong>Spontlet.</strong></span> <span class='ocrx_word' id='word_1_744' title='bbox 2209 3761 2441 3815; x_wconf 74' lang='lat' dir='ltr'><strong>ltursum</strong></span> <span class='ocrx_word' id='word_1_745' title='bbox 2470 3777 2650 3816; x_wconf 85' lang='lat' dir='ltr'><strong>autem</strong></span> <span class='ocrx_word' id='word_1_746' title='bbox 2675 3781 2738 3816; x_wconf 77' lang='lat' dir='ltr'><strong>ex</strong></span> <span class='ocrx_word' id='word_1_747' title='bbox 2765 3763 2946 3835; x_wconf 72' lang='lat' dir='ltr'><strong>Moy~e</strong></span> <span class='ocrx_word' id='word_1_748' title='bbox 2970 3765 3090 3819; x_wconf 89' lang='lat' dir='ltr'><strong>illos</strong></span> <span class='ocrx_word' id='word_1_749' title='bbox 3116 3765 3379 3832; x_wconf 86' lang='lat' dir='ltr'><strong>cottfutat,</strong></span> <span class='ocrx_word' id='word_1_750' title='bbox 3417 3769 3541 3836; x_wconf 85' lang='lat' dir='ltr'><strong>quia</strong></span> 
     </span>
    </p>
   </div>
   <div class='ocr_carea' id='block_1_99' title="bbox 1935 3850 3542 3923">
    <p class='ocr_par' dir='ltr' id='par_1_99' title="bbox 1935 3850 3542 3923">
     <span class='ocr_line' id='line_1_100' title="bbox 1935 3850 3542 3923; baseline 0.006 -19"><span class='ocrx_word' id='word_1_751' title='bbox 1935 3850 2032 3920; x_wconf 85' lang='lat' dir='ltr'><strong>ipsi</strong></span> <span class='ocrx_word' id='word_1_752' title='bbox 2078 3851 2294 3923; x_wconf 81' lang='lat' dir='ltr'><strong>Moysen</strong></span> <span class='ocrx_word' id='word_1_753' title='bbox 2325 3853 2706 3916; x_wconf 84' lang='lat' dir='ltr'><strong>obtendebant.</strong></span> <span class='ocrx_word' id='word_1_754' title='bbox 2732 3867 2785 3910; x_wconf 88' lang='lat' dir='ltr'><strong>et</strong></span> <span class='ocrx_word' id='word_1_755' title='bbox 2813 3857 2923 3910; x_wconf 88' lang='lat' dir='ltr'><strong>ait:</strong></span> <span class='ocrx_word' id='word_1_756' title='bbox 2948 3858 3037 3912; x_wconf 81' lang='lat'><strong>3|.</strong></span> <span class='ocrx_word' id='word_1_757' title='bbox 3071 3857 3148 3912; x_wconf 85' lang='lat' dir='ltr'><strong>De</strong></span> <span class='ocrx_word' id='word_1_758' title='bbox 3172 3860 3542 3915; x_wconf 80' lang='lat' dir='ltr'><strong>resurrectione</strong></span> 
     </span>
    </p>
   </div>
   <div class='ocr_carea' id='block_1_100' title="bbox 1934 3947 3543 4023">
    <p class='ocr_par' dir='ltr' id='par_1_100' title="bbox 1934 3947 3543 4023">
     <span class='ocr_line' id='line_1_101' title="bbox 1934 3947 3543 4023; baseline 0.004 -26"><span class='ocrx_word' id='word_1_759' title='bbox 1934 3962 2050 3997; x_wconf 86' lang='lat' dir='ltr'><strong>vero</strong></span> <span class='ocrx_word' id='word_1_760' title='bbox 2096 3957 2412 4001; x_wconf 80' lang='lat' dir='ltr'><strong>mortuorum</strong></span> <span class='ocrx_word' id='word_1_761' title='bbox 2454 3963 2555 3999; x_wconf 85' lang='lat' dir='ltr'><strong>non</strong></span> <span class='ocrx_word' id='word_1_762' title='bbox 2598 3947 2812 4017; x_wconf 76' lang='lat' dir='ltr'><strong>legistis,</strong></span> <span class='ocrx_word' id='word_1_763' title='bbox 2851 3947 2943 4003; x_wconf 68' lang='lat'><strong>32.</strong></span> <span class='ocrx_word' id='word_1_764' title='bbox 2998 3949 3258 4015; x_wconf 81' lang='lat' dir='ltr'><strong>Quoniam</strong></span> <span class='ocrx_word' id='word_1_765' title='bbox 3305 3967 3397 4023; x_wconf 87' lang='lat' dir='ltr'><strong>ego</strong></span> <span class='ocrx_word' id='word_1_766' title='bbox 3428 3969 3543 4004; x_wconf 76' lang='lat' dir='ltr'><strong>sum</strong></span> 
     </span>
    </p>
   </div>
   <div class='ocr_carea' id='block_1_101' title="bbox 1935 4037 3539 4114">
    <p class='ocr_par' dir='ltr' id='par_1_101' title="bbox 1935 4037 3539 4114">
     <span class='ocr_line' id='line_1_102' title="bbox 1935 4037 3539 4114; baseline 0.003 -24"><span class='ocrx_word' id='word_1_767' title='bbox 1935 4038 2072 4092; x_wconf 82' lang='lat' dir='ltr'><strong>Deus</strong></span> <span class='ocrx_word' id='word_1_768' title='bbox 2113 4040 2390 4103; x_wconf 74' lang='lat' dir='ltr'><strong>Abraham,</strong></span> <span class='ocrx_word' id='word_1_769' title='bbox 2421 4051 2466 4092; x_wconf 84' lang='lat' dir='ltr'><strong>et</strong></span> <span class='ocrx_word' id='word_1_770' title='bbox 2494 4038 2633 4093; x_wconf 72' lang='lat' dir='ltr'><strong>Dens</strong></span> <span class='ocrx_word' id='word_1_771' title='bbox 2662 4037 2814 4094; x_wconf 76' lang='lat' dir='ltr'><strong>Isaac</strong></span> <span class='ocrx_word' id='word_1_772' title='bbox 2838 4083 2855 4106; x_wconf 94' lang='lat'><strong>,</strong></span> <span class='ocrx_word' id='word_1_773' title='bbox 2899 4051 2945 4094; x_wconf 87' lang='lat' dir='ltr'><strong>et</strong></span> <span class='ocrx_word' id='word_1_774' title='bbox 2975 4041 3112 4095; x_wconf 79' lang='lat' dir='ltr'><strong>Deus</strong></span> <span class='ocrx_word' id='word_1_775' title='bbox 3141 4041 3304 4096; x_wconf 74' lang='lat' dir='ltr'><strong>Iacob</strong></span> <span class='ocrx_word' id='word_1_776' title='bbox 3341 4042 3539 4114; x_wconf 71' lang='lat' dir='ltr'><strong>(Exod.</strong></span> 
     </span>
    </p>
   </div>
   <div class='ocr_carea' id='block_1_102' title="bbox 1933 4129 3543 4198">
    <p class='ocr_par' dir='ltr' id='par_1_102' title="bbox 1933 4129 3543 4198">
     <span class='ocr_line' id='line_1_103' title="bbox 1933 4129 3543 4198; baseline 0.006 -17"><span class='ocrx_word' id='word_1_777' title='bbox 1933 4132 1985 4181; x_wconf 84' lang='lat'><strong>6.</strong></span> <span class='ocrx_word' id='word_1_778' title='bbox 2018 4131 2113 4198; x_wconf 72' lang='lat'><strong>5)?</strong></span> <span class='ocrx_word' id='word_1_779' title='bbox 2145 4129 2264 4183; x_wconf 82' lang='lat' dir='ltr'><strong>Non</strong></span> <span class='ocrx_word' id='word_1_780' title='bbox 2293 4141 2367 4184; x_wconf 90' lang='lat' dir='ltr'><strong>est</strong></span> <span class='ocrx_word' id='word_1_781' title='bbox 2396 4129 2534 4184; x_wconf 68' lang='lat' dir='ltr'><strong>Deus</strong></span> <span class='ocrx_word' id='word_1_782' title='bbox 2555 4142 2889 4196; x_wconf 73' lang='lat' dir='ltr'><strong>mortuorum,</strong></span> <span class='ocrx_word' id='word_1_783' title='bbox 2918 4134 3006 4186; x_wconf 78' lang='lat' dir='ltr'><strong>sed</strong></span> <span class='ocrx_word' id='word_1_784' title='bbox 3032 4135 3281 4189; x_wconf 72' lang='lat' dir='ltr'><strong>vivorum.</strong></span> <span class='ocrx_word' id='word_1_785' title='bbox 3312 4135 3427 4190; x_wconf 78' lang='lat' dir='ltr'><strong>Non</strong></span> <span class='ocrx_word' id='word_1_786' title='bbox 3459 4152 3543 4190; x_wconf 80' lang='lat' dir='ltr'><strong>est</strong></span> 
     </span>
    </p>
   </div>
   <div class='ocr_carea' id='block_1_103' title="bbox 1936 4219 3534 4294">
    <p class='ocr_par' dir='ltr' id='par_1_103' title="bbox 1936 4219 3534 4294">
     <span class='ocr_line' id='line_1_104' title="bbox 1936 4219 3534 4294; baseline 0.007 -24"><span class='ocrx_word' id='word_1_787' title='bbox 1936 4219 2121 4289; x_wconf 79' lang='lat' dir='ltr'><strong>inquit,</strong></span> <span class='ocrx_word' id='word_1_788' title='bbox 2161 4237 2265 4275; x_wconf 88' lang='lat' dir='ltr'><strong>non</strong></span> <span class='ocrx_word' id='word_1_789' title='bbox 2305 4222 2704 4286; x_wconf 62' lang='lat' dir='ltr'><strong>(assistentium,</strong></span> <span class='ocrx_word' id='word_1_790' title='bbox 2737 4233 2791 4276; x_wconf 87' lang='lat' dir='ltr'><strong>et</strong></span> <span class='ocrx_word' id='word_1_791' title='bbox 2839 4238 3025 4276; x_wconf 79' lang='lat' dir='ltr'><strong>eorum</strong></span> <span class='ocrx_word' id='word_1_792' title='bbox 3074 4225 3160 4294; x_wconf 81' lang='lat' dir='ltr'><strong>qui</strong></span> <span class='ocrx_word' id='word_1_793' title='bbox 3215 4241 3435 4292; x_wconf 86' lang='lat' dir='ltr'><strong>prorsus</strong></span> <span class='ocrx_word' id='word_1_794' title='bbox 3469 4245 3534 4280; x_wconf 75' lang='lat' dir='ltr'><strong>ex</strong></span> 
     </span>
    </p>
   </div>
   <div class='ocr_carea' id='block_1_104' title="bbox 1936 4313 3539 4382">
    <p class='ocr_par' dir='ltr' id='par_1_104' title="bbox 1936 4313 3539 4382">
     <span class='ocr_line' id='line_1_105' title="bbox 1936 4313 3539 4382; baseline 0.006 -18"><span class='ocrx_word' id='word_1_795' title='bbox 1936 4313 2112 4365; x_wconf 76' lang='lat' dir='ltr'><strong>medio</strong></span> <span class='ocrx_word' id='word_1_796' title='bbox 2154 4313 2349 4367; x_wconf 88' lang='lat' dir='ltr'><strong>sublati</strong></span> <span class='ocrx_word' id='word_1_797' title='bbox 2397 4324 2558 4378; x_wconf 87' lang='lat' dir='ltr'><strong>sunt,</strong></span> <span class='ocrx_word' id='word_1_798' title='bbox 2595 4330 2693 4367; x_wconf 86' lang='lat' dir='ltr'><strong>nec.</strong></span> <span class='ocrx_word' id='word_1_799' title='bbox 2735 4331 2983 4382; x_wconf 71' lang='lat' dir='ltr'><strong>umquam</strong></span> <span class='ocrx_word' id='word_1_800' title='bbox 3019 4319 3394 4371; x_wconf 56' lang='lat' dir='ltr'><strong>resurrecturi.</strong></span> <span class='ocrx_word' id='word_1_801' title='bbox 3422 4317 3539 4372; x_wconf 83' lang='lat' dir='ltr'><strong>Non</strong></span> 
     </span>
    </p>
   </div>
   <div class='ocr_carea' id='block_1_105' title="bbox 1934 4405 3541 4478">
    <p class='ocr_par' dir='ltr' id='par_1_105' title="bbox 1934 4405 3541 4478">
     <span class='ocr_line' id='line_1_106' title="bbox 1934 4405 3541 4478; baseline 0.006 -22"><span class='ocrx_word' id='word_1_802' title='bbox 1934 4407 2076 4458; x_wconf 75' lang='lat' dir='ltr'><strong>t-nim</strong></span> <span class='ocrx_word' id='word_1_803' title='bbox 2105 4405 2257 4464; x_wconf 78' lang='lat' dir='ltr'><strong>dixit.</strong></span> <span class='ocrx_word' id='word_1_804' title='bbox 2291 4406 2475 4471; x_wconf 87' lang='lat' dir='ltr'><strong>Eram,</strong></span> <span class='ocrx_word' id='word_1_805' title='bbox 2502 4406 2620 4467; x_wconf 85' lang='lat' dir='ltr'><strong>sed.</strong></span> <span class='ocrx_word' id='word_1_806' title='bbox 2656 4406 2809 4470; x_wconf 85' lang='lat' dir='ltr'><strong>Sunt,</strong></span> <span class='ocrx_word' id='word_1_807' title='bbox 2838 4411 3217 4463; x_wconf 61' lang='lat' dir='ltr'><strong>assistentium</strong></span> <span class='ocrx_word' id='word_1_808' title='bbox 3265 4429 3458 4478; x_wconf 79' lang='lat' dir='ltr'><strong>nempe</strong></span> <span class='ocrx_word' id='word_1_809' title='bbox 3488 4423 3541 4466; x_wconf 69' lang='grc' dir='ltr'><strong>ιι</strong></span> 
     </span>
    </p>
   </div>
   <div class='ocr_carea' id='block_1_106' title="bbox 1893 4498 3543 4572">
    <p class='ocr_par' dir='ltr' id='par_1_106' title="bbox 1893 4498 3543 4572">
     <span class='ocr_line' id='line_1_107' title="bbox 1893 4498 3543 4572; baseline 0.008 -25"><span class='ocrx_word' id='word_1_810' title='bbox 1893 4554 1909 4571; x_wconf 43' lang='grc' dir='ltr'><em>Ι</em></span> <span class='ocrx_word' id='word_1_811' title='bbox 1937 4498 2247 4551; x_wconf 66' lang='lat' dir='ltr'><strong>viventium.</strong></span> <span class='ocrx_word' id='word_1_812' title='bbox 2283 4499 2434 4552; x_wconf 87' lang='lat' dir='ltr'><strong>Sicut</strong></span> <span class='ocrx_word' id='word_1_813' title='bbox 2473 4499 2616 4552; x_wconf 87' lang='lat' dir='ltr'><strong>enim</strong></span> <span class='ocrx_word' id='word_1_814' title='bbox 2652 4498 2851 4561; x_wconf 82' lang='lat' dir='ltr'><strong>Adam.</strong></span> <span class='ocrx_word' id='word_1_815' title='bbox 2888 4501 3010 4553; x_wconf 86' lang='lat' dir='ltr'><strong>licet</strong></span> <span class='ocrx_word' id='word_1_816' title='bbox 3062 4501 3264 4555; x_wconf 67' lang='lat' dir='ltr'><strong>\‘lt‘ﬂl‘t‘t</strong></span> <span class='ocrx_word' id='word_1_817' title='bbox 3310 4519 3412 4572; x_wconf 87' lang='lat' dir='ltr'><strong>qua</strong></span> <span class='ocrx_word' id='word_1_818' title='bbox 3453 4506 3543 4560; x_wconf 83' lang='lat' dir='ltr'><strong>die</strong></span> 
     </span>
    </p>
   </div>
   <div class='ocr_carea' id='block_1_107' title="bbox 1937 4590 3539 4662">
    <p class='ocr_par' dir='ltr' id='par_1_107' title="bbox 1937 4590 3539 4662">
     <span class='ocr_line' id='line_1_108' title="bbox 1937 4590 3539 4662; baseline 0.007 -22"><span class='ocrx_word' id='word_1_819' title='bbox 1937 4591 2275 4645; x_wconf 77' lang='lat' dir='ltr'><strong>n-anducnvit</strong></span> <span class='ocrx_word' id='word_1_820' title='bbox 2298 4591 2366 4646; x_wconf 87' lang='lat' dir='ltr'><strong>de</strong></span> <span class='ocrx_word' id='word_1_821' title='bbox 2395 4590 2562 4662; x_wconf 78' lang='lat' dir='ltr'><strong>ligno,</strong></span> <span class='ocrx_word' id='word_1_822' title='bbox 2597 4593 2864 4645; x_wconf 78' lang='lat' dir='ltr'><strong>sententia</strong></span> <span class='ocrx_word' id='word_1_823' title='bbox 2896 4594 3101 4660; x_wconf 81' lang='lat' dir='ltr'><strong>prolata</strong></span> <span class='ocrx_word' id='word_1_824' title='bbox 3137 4606 3382 4649; x_wconf 86' lang='lat' dir='ltr'><strong>mortuus</strong></span> <span class='ocrx_word' id='word_1_825' title='bbox 3413 4608 3492 4650; x_wconf 73' lang='lat' dir='ltr'><strong>t-al</strong></span> <span class='ocrx_word' id='word_1_826' title='bbox 3527 4618 3539 4652; x_wconf 91' lang='lat'><strong>:</strong></span> 
     </span>
    </p>
   </div>
   <div class='ocr_carea' id='block_1_108' title="bbox 1934 4683 3542 4751">
    <p class='ocr_par' dir='ltr' id='par_1_108' title="bbox 1934 4683 3542 4751">
     <span class='ocr_line' id='line_1_109' title="bbox 1934 4683 3542 4751; baseline 0.004 -15"><span class='ocrx_word' id='word_1_827' title='bbox 1934 4699 2009 4736; x_wconf 60' lang='lat' dir='ltr'><strong>ste</strong></span> <span class='ocrx_word' id='word_1_828' title='bbox 2038 4695 2087 4736; x_wconf 73' lang='lat' dir='ltr'><strong>ut</strong></span> <span class='ocrx_word' id='word_1_829' title='bbox 2121 4684 2226 4745; x_wconf 88' lang='lat' dir='ltr'><strong>isti,</strong></span> <span class='ocrx_word' id='word_1_830' title='bbox 2257 4683 2379 4737; x_wconf 75' lang='lat' dir='ltr'><strong>licet</strong></span> <span class='ocrx_word' id='word_1_831' title='bbox 2408 4684 2603 4737; x_wconf 91' lang='lat' dir='ltr'><strong>mortui</strong></span> <span class='ocrx_word' id='word_1_832' title='bbox 2636 4695 2838 4746; x_wconf 72' lang='lat' dir='ltr'><strong>essmtt,</strong></span> <span class='ocrx_word' id='word_1_833' title='bbox 2873 4702 2937 4738; x_wconf 82' lang='lat' dir='ltr'><strong>ex</strong></span> <span class='ocrx_word' id='word_1_834' title='bbox 2974 4689 3331 4751; x_wconf 68' lang='lat' dir='ltr'><strong>promissione</strong></span> <span class='ocrx_word' id='word_1_835' title='bbox 3364 4707 3542 4743; x_wconf 75' lang='lat' dir='ltr'><strong>resur-</strong></span> 
     </span>
    </p>
   </div>
   <div class='ocr_carea' id='block_1_109' title="bbox 1934 4774 3543 4844">
    <p class='ocr_par' dir='ltr' id='par_1_109' title="bbox 1934 4774 3543 4844">
     <span class='ocr_line' id='line_1_110' title="bbox 1934 4774 3543 4844; baseline 0.003 -18"><span class='ocrx_word' id='word_1_836' title='bbox 1934 4775 2191 4829; x_wconf 72' lang='lat' dir='ltr'><strong>ri-ctiuuis</strong></span> <span class='ocrx_word' id='word_1_837' title='bbox 2239 4777 2508 4829; x_wconf 71' lang='lat' dir='ltr'><strong>rivi-baut.</strong></span> <span class='ocrx_word' id='word_1_838' title='bbox 2555 4774 2837 4842; x_wconf 81' lang='lat' dir='ltr'><strong>Quomodo</strong></span> <span class='ocrx_word' id='word_1_839' title='bbox 2879 4776 3037 4842; x_wconf 61' lang='lat' dir='ltr'><strong>igitur</strong></span> <span class='ocrx_word' id='word_1_840' title='bbox 3069 4779 3136 4828; x_wconf 89' lang='lat' dir='ltr'><strong>ait</strong></span> <span class='ocrx_word' id='word_1_841' title='bbox 3194 4781 3344 4844; x_wconf 81' lang='lat' dir='ltr'><strong>alilti,</strong></span> <span class='ocrx_word' id='word_1_842' title='bbox 3384 4779 3451 4834; x_wconf 81' lang='lat' dir='ltr'><strong>Ut</strong></span> <span class='ocrx_word' id='word_1_843' title='bbox 3495 4793 3543 4835; x_wconf 70' lang='lat' dir='ltr'><strong>et</strong></span> 
     </span>
    </p>
   </div>
   <div class='ocr_carea' id='block_1_110' title="bbox 1934 4867 3541 4949">
    <p class='ocr_par' dir='ltr' id='par_1_110' title="bbox 1934 4867 3541 4949">
     <span class='ocr_line' id='line_1_111' title="bbox 1934 4867 3541 4949; baseline 0.006 -30"><span class='ocrx_word' id='word_1_844' title='bbox 1934 4868 2146 4921; x_wconf 70' lang='lat' dir='ltr'><strong>auertitis</strong></span> <span class='ocrx_word' id='word_1_845' title='bbox 2175 4879 2220 4920; x_wconf 84' lang='lat' dir='ltr'><strong>et</strong></span> <span class='ocrx_word' id='word_1_846' title='bbox 2249 4868 2367 4920; x_wconf 78' lang='lat' dir='ltr'><strong>rivis</strong></span> <span class='ocrx_word' id='word_1_847' title='bbox 2415 4869 2701 4921; x_wconf 74' lang='lat' dir='ltr'><strong>dominetur</strong></span> <span class='ocrx_word' id='word_1_848' title='bbox 2748 4867 2923 4938; x_wconf 83' lang='lat' dir='ltr'><strong>(llam.-</strong></span> <span class='ocrx_word' id='word_1_849' title='bbox 2972 4871 2991 4922; x_wconf 82' lang='lat' dir='ltr'><strong>l</strong></span> <span class='ocrx_word' id='word_1_850' title='bbox 3017 4871 3056 4923; x_wconf 70' lang='grc' dir='ltr'><strong>ί.</strong></span> <span class='ocrx_word' id='word_1_851' title='bbox 3082 4871 3178 4938; x_wconf 80' lang='lat'><strong>9)?</strong></span> <span class='ocrx_word' id='word_1_852' title='bbox 3213 4872 3404 4949; x_wconf 73' lang='lat' dir='ltr'><strong>Verum</strong></span> <span class='ocrx_word' id='word_1_853' title='bbox 3435 4893 3541 4928; x_wconf 86' lang='lat' dir='ltr'><strong>non</strong></span> 
     </span>
    </p>
   </div>
   <div class='ocr_carea' id='block_1_111' title="bbox 1933 4959 3543 5036">
    <p class='ocr_par' dir='ltr' id='par_1_111' title="bbox 1933 4959 3543 5036">
     <span class='ocr_line' id='line_1_112' title="bbox 1933 4959 3543 5036; baseline 0.001 -21"><span class='ocrx_word' id='word_1_854' title='bbox 1933 4971 2012 5015; x_wconf 80' lang='lat' dir='ltr'><strong>est</strong></span> <span class='ocrx_word' id='word_1_855' title='bbox 2043 4961 2144 5014; x_wconf 89' lang='lat' dir='ltr'><strong>hoc</strong></span> <span class='ocrx_word' id='word_1_856' title='bbox 2171 4961 2243 5014; x_wconf 89' lang='lat' dir='ltr'><strong>illi</strong></span> <span class='ocrx_word' id='word_1_857' title='bbox 2275 4960 2627 5014; x_wconf 61' lang='lat' dir='ltr'><strong>Contrarium.</strong></span> <span class='ocrx_word' id='word_1_858' title='bbox 2660 4959 2789 5013; x_wconf 81' lang='lat' dir='ltr'><strong>Nam</strong></span> <span class='ocrx_word' id='word_1_859' title='bbox 2821 4959 2907 5014; x_wconf 89' lang='lat' dir='ltr'><strong>hic</strong></span> <span class='ocrx_word' id='word_1_860' title='bbox 2930 4960 2998 5014; x_wconf 90' lang='lat' dir='ltr'><strong>de</strong></span> <span class='ocrx_word' id='word_1_861' title='bbox 3027 4963 3252 5016; x_wconf 75' lang='lat' dir='ltr'><strong>tuottuis</strong></span> <span class='ocrx_word' id='word_1_862' title='bbox 3285 4965 3543 5036; x_wconf 86' lang='lat' dir='ltr'><strong>loquitur,</strong></span> 
     </span>
    </p>
   </div>
   <div class='ocr_carea' id='block_1_112' title="bbox 1932 5053 3539 5125">
    <p class='ocr_par' dir='ltr' id='par_1_112' title="bbox 1932 5053 3539 5125">
     <span class='ocr_line' id='line_1_113' title="bbox 1932 5053 3539 5125; baseline 0.006 -19"><span class='ocrx_word' id='word_1_863' title='bbox 1932 5056 2020 5121; x_wconf 91' lang='lat' dir='ltr'><strong>qui</strong></span> <span class='ocrx_word' id='word_1_864' title='bbox 2056 5065 2240 5124; x_wconf 81' lang='lat' dir='ltr'><strong>postea</strong></span> <span class='ocrx_word' id='word_1_865' title='bbox 2289 5053 2479 5110; x_wconf 74' lang='lat' dir='ltr'><strong>victuri</strong></span> <span class='ocrx_word' id='word_1_866' title='bbox 2513 5063 2659 5109; x_wconf 82' lang='lat' dir='ltr'><strong>sunt.</strong></span> <span class='ocrx_word' id='word_1_867' title='bbox 2704 5054 2954 5124; x_wconf 82' lang='lat' dir='ltr'><strong>Alioquin</strong></span> <span class='ocrx_word' id='word_1_868' title='bbox 3002 5067 3183 5111; x_wconf 87' lang='lat' dir='ltr'><strong>autem</strong></span> <span class='ocrx_word' id='word_1_869' title='bbox 3233 5058 3380 5113; x_wconf 87' lang='lat' dir='ltr'><strong>aliud</strong></span> <span class='ocrx_word' id='word_1_870' title='bbox 3431 5071 3539 5125; x_wconf 83' lang='lat' dir='ltr'><strong>est,</strong></span> 
     </span>
    </p>
   </div>
   <div class='ocr_carea' id='block_1_113' title="bbox 1935 5145 3540 5216">
    <p class='ocr_par' dir='ltr' id='par_1_113' title="bbox 1935 5145 3540 5216">
     <span class='ocr_line' id='line_1_114' title="bbox 1935 5145 3540 5216; baseline 0.004 -16"><span class='ocrx_word' id='word_1_871' title='bbox 1935 5146 2046 5216; x_wconf 81' lang='lat' dir='ltr'><strong>Ego</strong></span> <span class='ocrx_word' id='word_1_872' title='bbox 2078 5145 2218 5202; x_wconf 80' lang='lat' dir='ltr'><strong>Deus</strong></span> <span class='ocrx_word' id='word_1_873' title='bbox 2247 5147 2522 5211; x_wconf 75' lang='lat' dir='ltr'><strong>Abraham,</strong></span> <span class='ocrx_word' id='word_1_874' title='bbox 2542 5156 2596 5200; x_wconf 92' lang='lat' dir='ltr'><strong>et</strong></span> <span class='ocrx_word' id='word_1_875' title='bbox 2623 5146 2789 5211; x_wconf 86' lang='lat' dir='ltr'><strong>aliud,</strong></span> <span class='ocrx_word' id='word_1_876' title='bbox 2811 5147 2876 5203; x_wconf 85' lang='lat' dir='ltr'><strong>Ut</strong></span> <span class='ocrx_word' id='word_1_877' title='bbox 2908 5159 3220 5202; x_wconf 69' lang='lat' dir='ltr'><strong>mortuorum</strong></span> <span class='ocrx_word' id='word_1_878' title='bbox 3242 5161 3290 5204; x_wconf 87' lang='lat' dir='ltr'><strong>et</strong></span> <span class='ocrx_word' id='word_1_879' title='bbox 3315 5153 3540 5206; x_wconf 64' lang='lat' dir='ltr'><strong>visorum</strong></span> 
     </span>
    </p>
   </div>
   <div class='ocr_carea' id='block_1_114' title="bbox 1932 5238 3541 5310">
    <p class='ocr_par' dir='ltr' id='par_1_114' title="bbox 1932 5238 3541 5310">
     <span class='ocr_line' id='line_1_115' title="bbox 1932 5238 3541 5310; baseline 0.004 -18"><span class='ocrx_word' id='word_1_880' title='bbox 1932 5241 2239 5294; x_wconf 73' lang='lat' dir='ltr'><strong>dominetur.</strong></span> <span class='ocrx_word' id='word_1_881' title='bbox 2269 5238 2428 5294; x_wconf 69' lang='lat' dir='ltr'><strong>Novit</strong></span> <span class='ocrx_word' id='word_1_882' title='bbox 2452 5250 2505 5293; x_wconf 88' lang='lat' dir='ltr'><strong>et</strong></span> <span class='ocrx_word' id='word_1_883' title='bbox 2523 5239 2682 5294; x_wconf 85' lang='lat' dir='ltr'><strong>aliam</strong></span> <span class='ocrx_word' id='word_1_884' title='bbox 2707 5250 2958 5307; x_wconf 82' lang='lat' dir='ltr'><strong>mortem,-</strong></span> <span class='ocrx_word' id='word_1_885' title='bbox 2980 5241 3048 5295; x_wconf 88' lang='lat' dir='ltr'><strong>de</strong></span> <span class='ocrx_word' id='word_1_886' title='bbox 3070 5257 3172 5310; x_wconf 86' lang='lat' dir='ltr'><strong>qua</strong></span> <span class='ocrx_word' id='word_1_887' title='bbox 3193 5241 3322 5298; x_wconf 84' lang='lat' dir='ltr'><strong>dicit</strong></span> <span class='ocrx_word' id='word_1_888' title='bbox 3345 5263 3355 5297; x_wconf 92' lang='lat'><strong>:</strong></span> <span class='ocrx_word' id='word_1_889' title='bbox 3378 5245 3541 5299; x_wconf 75' lang='lat' dir='ltr'><strong>Sinite</strong></span> 
     </span>
    </p>
   </div>
   <div class='ocr_carea' id='block_1_115' title="bbox 1933 5332 3539 5403">
    <p class='ocr_par' dir='ltr' id='par_1_115' title="bbox 1933 5332 3539 5403">
     <span class='ocr_line' id='line_1_116' title="bbox 1933 5332 3539 5403; baseline 0.003 -19"><span class='ocrx_word' id='word_1_890' title='bbox 1933 5343 2157 5385; x_wconf 79' lang='lat' dir='ltr'><strong>mortuos</strong></span> <span class='ocrx_word' id='word_1_891' title='bbox 2189 5332 2404 5403; x_wconf 80' lang='lat' dir='ltr'><strong>sepelire</strong></span> <span class='ocrx_word' id='word_1_892' title='bbox 2429 5344 2656 5385; x_wconf 73' lang='lat' dir='ltr'><strong>mortuos</strong></span> <span class='ocrx_word' id='word_1_893' title='bbox 2677 5332 2965 5403; x_wconf 81' lang='lat' dir='ltr'><strong>suos(Luc.</strong></span> <span class='ocrx_word' id='word_1_894' title='bbox 2996 5332 3051 5387; x_wconf 89' lang='lat'><strong>9.</strong></span> <span class='ocrx_word' id='word_1_895' title='bbox 3081 5333 3195 5402; x_wconf 74' lang='lat'><strong>(50).</strong></span> <span class='ocrx_word' id='word_1_896' title='bbox 3220 5335 3310 5389; x_wconf 80' lang='grc'><strong>53.</strong></span> <span class='ocrx_word' id='word_1_897' title='bbox 3345 5333 3411 5389; x_wconf 82' lang='lat' dir='ltr'><strong>Et</strong></span> <span class='ocrx_word' id='word_1_898' title='bbox 3439 5354 3539 5389; x_wconf 82' lang='lat' dir='ltr'><strong>au-</strong></span> 
     </span>
    </p>
   </div>
   <div class='ocr_carea' id='block_1_116' title="bbox 1934 5425 3539 5501">
    <p class='ocr_par' dir='ltr' id='par_1_116' title="bbox 1934 5425 3539 5501">
     <span class='ocr_line' id='line_1_117' title="bbox 1934 5425 3539 5501; baseline 0.004 -23"><span class='ocrx_word' id='word_1_899' title='bbox 1934 5426 2123 5480; x_wconf 81' lang='lat' dir='ltr'><strong>dientes</strong></span> <span class='ocrx_word' id='word_1_900' title='bbox 2158 5425 2318 5479; x_wconf 73' lang='lat' dir='ltr'><strong>tttrbte</strong></span> <span class='ocrx_word' id='word_1_901' title='bbox 2358 5425 2676 5479; x_wconf 86' lang='lat' dir='ltr'><strong>mirabuntur</strong></span> <span class='ocrx_word' id='word_1_902' title='bbox 2715 5428 2779 5480; x_wconf 84' lang='lat' dir='ltr'><strong>tle</strong></span> <span class='ocrx_word' id='word_1_903' title='bbox 2812 5427 3044 5480; x_wconf 82' lang='lat' dir='ltr'><strong>doctrina</strong></span> <span class='ocrx_word' id='word_1_904' title='bbox 3071 5429 3202 5498; x_wconf 71' lang='lat' dir='ltr'><strong>ejus.</strong></span> <span class='ocrx_word' id='word_1_905' title='bbox 3237 5429 3422 5501; x_wconf 79' lang='lat' dir='ltr'><strong>Neque</strong></span> <span class='ocrx_word' id='word_1_906' title='bbox 3454 5433 3539 5485; x_wconf 84' lang='lat' dir='ltr'><strong>hic</strong></span> 
     </span>
    </p>
   </div>
   <div class='ocr_carea' id='block_1_117' title="bbox 1933 5519 3538 5584">
    <p class='ocr_par' dir='ltr' id='par_1_117' title="bbox 1933 5519 3538 5584">
     <span class='ocr_line' id='line_1_118' title="bbox 1933 5519 3538 5584; baseline 0.002 -10"><span class='ocrx_word' id='word_1_907' title='bbox 1933 5519 2243 5584; x_wconf 69' lang='lat' dir='ltr'><strong>Sadducaei;</strong></span> <span class='ocrx_word' id='word_1_908' title='bbox 2299 5520 2394 5574; x_wconf 87' lang='lat' dir='ltr'><strong>sed</strong></span> <span class='ocrx_word' id='word_1_909' title='bbox 2426 5519 2549 5573; x_wconf 81' lang='lat' dir='ltr'><strong>victi</strong></span> <span class='ocrx_word' id='word_1_910' title='bbox 2603 5532 2982 5576; x_wconf 51' lang='lat' dir='ltr'><strong>recesserunt:</strong></span> <span class='ocrx_word' id='word_1_911' title='bbox 3035 5522 3326 5578; x_wconf 86' lang='lat' dir='ltr'><strong>multitudo</strong></span> <span class='ocrx_word' id='word_1_912' title='bbox 3356 5535 3538 5581; x_wconf 74' lang='lat' dir='ltr'><strong>autem</strong></span> 
     </span>
    </p>
   </div>
   <div class='ocr_carea' id='block_1_118' title="bbox 1937 5614 3539 5688">
    <p class='ocr_par' dir='ltr' id='par_1_118' title="bbox 1937 5614 3539 5688">
     <span class='ocr_line' id='line_1_119' title="bbox 1937 5614 3539 5688; baseline 0.003 -20"><span class='ocrx_word' id='word_1_913' title='bbox 1937 5628 2040 5668; x_wconf 89' lang='lat' dir='ltr'><strong>non</strong></span> <span class='ocrx_word' id='word_1_914' title='bbox 2093 5614 2302 5669; x_wconf 85' lang='lat' dir='ltr'><strong>addicta</strong></span> <span class='ocrx_word' id='word_1_915' title='bbox 2364 5614 2605 5684; x_wconf 83' lang='lat' dir='ltr'><strong>partibus</strong></span> <span class='ocrx_word' id='word_1_916' title='bbox 2650 5615 2772 5669; x_wconf 88' lang='lat' dir='ltr'><strong>hinc</strong></span> <span class='ocrx_word' id='word_1_917' title='bbox 2827 5617 3108 5671; x_wconf 81' lang='lat' dir='ltr'><strong>utilitatem</strong></span> <span class='ocrx_word' id='word_1_918' title='bbox 3156 5619 3348 5688; x_wconf 77' lang='lat' dir='ltr'><strong>cat&#39;pit.</strong></span> <span class='ocrx_word' id='word_1_919' title='bbox 3404 5619 3539 5686; x_wconf 80' lang='lat' dir='ltr'><strong>Quia</strong></span> 
     </span>
    </p>
   </div>
   <div class='ocr_carea' id='block_1_119' title="bbox 1935 5706 3538 5780">
    <p class='ocr_par' dir='ltr' id='par_1_119' title="bbox 1935 5706 3538 5780">
     <span class='ocr_line' id='line_1_120' title="bbox 1935 5706 3538 5780; baseline 0.003 -20"><span class='ocrx_word' id='word_1_920' title='bbox 1935 5707 2094 5778; x_wconf 87' lang='lat' dir='ltr'><strong>igitur</strong></span> <span class='ocrx_word' id='word_1_921' title='bbox 2123 5706 2245 5761; x_wconf 87' lang='lat' dir='ltr'><strong>talis</strong></span> <span class='ocrx_word' id='word_1_922' title='bbox 2272 5713 2355 5761; x_wconf 82' lang='lat' dir='ltr'><strong>est</strong></span> <span class='ocrx_word' id='word_1_923' title='bbox 2378 5707 2728 5770; x_wconf 87' lang='lat' dir='ltr'><strong>resurrectio,</strong></span> <span class='ocrx_word' id='word_1_924' title='bbox 2761 5722 2883 5777; x_wconf 81' lang='lat' dir='ltr'><strong>age,</strong></span> <span class='ocrx_word' id='word_1_925' title='bbox 2915 5709 3044 5763; x_wconf 91' lang='lat' dir='ltr'><strong>nihil</strong></span> <span class='ocrx_word' id='word_1_926' title='bbox 3077 5724 3186 5764; x_wconf 87' lang='lat' dir='ltr'><strong>nou</strong></span> <span class='ocrx_word' id='word_1_927' title='bbox 3214 5724 3456 5780; x_wconf 81' lang='lat' dir='ltr'><strong>agamus,</strong></span> <span class='ocrx_word' id='word_1_928' title='bbox 3485 5722 3538 5766; x_wconf 89' lang='lat' dir='ltr'><strong>ut</strong></span> 
     </span>
    </p>
   </div>
   <div class='ocr_carea' id='block_1_120' title="bbox 1935 5788 3544 5877">
    <p class='ocr_par' dir='ltr' id='par_1_120' title="bbox 1935 5788 3544 5877">
     <span class='ocr_line' id='line_1_121' title="bbox 1935 5788 3544 5877; baseline -0.001 -17"><span class='ocrx_word' id='word_1_929' title='bbox 1935 5806 2146 5877; x_wconf 85' lang='lat' dir='ltr'><strong>primas</strong></span> <span class='ocrx_word' id='word_1_930' title='bbox 2176 5805 2288 5861; x_wconf 89' lang='lat' dir='ltr'><strong>illic</strong></span> <span class='ocrx_word' id='word_1_931' title='bbox 2310 5788 2639 5860; x_wconf 76' lang='lat' dir='ltr'><strong>referamus.</strong></span> <span class='ocrx_word' id='word_1_932' title='bbox 2675 5804 2805 5860; x_wconf 79' lang='lat' dir='ltr'><strong>Etsi</strong></span> <span class='ocrx_word' id='word_1_933' title='bbox 2835 5807 3034 5876; x_wconf 89' lang='lat' dir='ltr'><strong>placet,</strong></span> <span class='ocrx_word' id='word_1_934' title='bbox 3061 5807 3423 5862; x_wconf 89' lang='lat' dir='ltr'><strong>ostendamus</strong></span> <span class='ocrx_word' id='word_1_935' title='bbox 3447 5821 3544 5859; x_wconf 80' lang='lat' dir='ltr'><strong>vo-</strong></span> 
     </span>
    </p>
   </div>
   <div class='ocr_carea' id='block_1_121' title="bbox 1939 5896 3543 5972">
    <p class='ocr_par' dir='ltr' id='par_1_121' title="bbox 1939 5896 3543 5972">
     <span class='ocr_line' id='line_1_122' title="bbox 1939 5896 3543 5972; baseline 0.001 -19"><span class='ocrx_word' id='word_1_936' title='bbox 1939 5897 2023 5954; x_wconf 88' lang='lat' dir='ltr'><strong>bis</strong></span> <span class='ocrx_word' id='word_1_937' title='bbox 2051 5896 2320 5968; x_wconf 83' lang='lat' dir='ltr'><strong>qnosdam</strong></span> <span class='ocrx_word' id='word_1_938' title='bbox 2347 5897 2438 5969; x_wconf 81' lang='lat' dir='ltr'><strong>qui</strong></span> <span class='ocrx_word' id='word_1_939' title='bbox 2472 5897 2638 5951; x_wconf 87' lang='lat' dir='ltr'><strong>etiam</strong></span> <span class='ocrx_word' id='word_1_940' title='bbox 2673 5908 2798 5953; x_wconf 88' lang='lat' dir='ltr'><strong>ante</strong></span> <span class='ocrx_word' id='word_1_941' title='bbox 2822 5900 3284 5972; x_wconf 58' lang='lat' dir='ltr'><strong>resurrectionem</strong></span> <span class='ocrx_word' id='word_1_942' title='bbox 3305 5941 3319 5965; x_wconf 95' lang='lat'><strong>,</strong></span> <span class='ocrx_word' id='word_1_943' title='bbox 3353 5914 3543 5955; x_wconf 78' lang='lat' dir='ltr'><strong>resus-</strong></span> 
     </span>
    </p>
   </div>
  </div>
