4172 6476
724 395 834 452 659

726 515 1009 566 citatorum
1063 512 1224 564 vitam
1266 523 1319 565 ct
1358 512 1744 567 beatitudinem
1787 511 2118 580 anticipant:
2159 509 2289 563 soli-

729 605 968 658 tudinem
998 618 1210 656 rursum
1244 613 1526 667 petamus;
1565 619 1688 656 nam
1722 604 1862 658 idem
1901 618 2094 655 rursus
2127 617 2288 668 argu-

725 705 962 748 mentum
987 697 1252 755 tractabo,
1269 711 1394 762 quia
1419 711 1510 747 vos
1526 710 1648 749 cum
1672 697 1948 762 voluptate
1974 696 2085 747 ha-c
2101 694 2286 748 audire

724 785 1018 854 conspicio.
1042 783 1336 839 Videamus
1358 802 1485 854 ergo
1508 788 1668 842 hodie
1683 775 1955 841 exercitus
1979 787 2099 840 illos
2125 787 2288 854 spiri-

725 879 929 931 tuales:
966 877 1248 932 videamus
1283 879 1613 947 voluptatem
1643 881 1839 932 timore
1863 879 2010 932 omni
2041 893 2287 932 vacuam.

722 964 839 1020 Non
860 967 1002 1020 enim
1020 982 1146 1022 eum
1164 967 1334 1022 hastis
1355 967 1699 1022 tabernacula
1715 979 2002 1038 occupant,
2019 979 2078 1023 ut
2090 970 2288 1023 milites

717 1059 857 1118 (nam
891 1054 977 1109 hic
999 1070 1167 1124 nuper
1195 1057 1404 1111 dicendi
1437 1057 1592 1109 tinem
1623 1056 1721 1110 feci
1754 1055 1793 1125 ),
1827 1071 1996 1123 neque
2023 1072 2144 1110 cum
2192 1057 2289 1110 cli-

719 1146 831 1212 peis
857 1155 910 1200 et
933 1147 1107 1200 loricis
1139 1163 1154 1199 :
1183 1147 1272 1200 sed
1305 1147 1381 1198 his
1409 1147 1655 1200 omnibus
1686 1148 1852 1200 nudos
1888 1145 2108 1204 videbis.
2137 1147 2285 1199 talia-

713 1253 816 1303 que
843 1248 1142 1307 opm-antes,
1168 1253 1403 1306 qmeuon
1430 1248 1649 1305 possunt
1669 1239 1871 1290 illicum
1896 1238 2056 1290 armis
2087 1236 2281 1292 facere.

712 1328 766 1379 Si
799 1328 971 1394 possis
997 1329 1197 1390 videre,
1219 1329 1356 1386 veni.
1375 1339 1653 1382 etmanum
1685 1331 1814 1382 mihi
1839 1332 2069 1397 porrige.
2099 1347 2284 1384 eamus

711 1418 868 1470 ambo
894 1417 957 1470 ad
991 1417 1089 1471 hoc
1117 1404 1336 1483 bellum,
1368 1419 1750 1487 videamusque
1771 1420 1959 1473 aciem.
1988 1420 2116 1473 Nam
2143 1430 2196 1473 et
2231 1420 2279 1473 bi

709 1508 943 1574 quotidie
965 1517 1216 1576 pugnant,
1243 1510 1482 1563 inimicos
1501 1510 1764 1566 occidunt.
1805 1522 1856 1562 et
1896 1510 2279 1577 concupiscen-

708 1600 807 1651 tias
843 1612 1030 1651 omnes
1079 1599 1228 1652 nobis
1279 1598 1588 1654 insidiantes
1614 1601 1830 1652 vincunt
1863 1617 1875 1651 :
1911 1600 2026 1652 illas
2081 1602 2279 1654 ridebis

709 1686 850 1741 humi
871 1688 1131 1756 jaecnlcs,
1174 1690 1315 1743 nullo
1348 1691 1595 1758 praulitas
1619 1700 1766 1744 motu
1797 1708 1810 1744 :
1843 1702 1895 1745 et
1924 1693 2275 1759 apostolicum

705 1777 906 1832 dictum
939 1779 1066 1833 illud
1093 1795 1253 1848 opere
1281 1782 1599 1848 completum
1633 1784 1950 1850 Conspicies,
1975 1781 2073 1846 Qui
2094 1783 2277 1836 Christi

705 1879 841 1927 sunt.
863 1883 1063 1920 mntem
1090 1871 1444 1935 cruci/iterum
1476 1886 1589 1921 cum
1617 1872 1744 1925 vitiis
1787 1881 1830 1924 et
1867 1874 2276 1938 concupiscenti:

705 1956 846 2028 (Gal.
877 1959 927 2012 5.
953 1957 1067 2026 24).
1101 1959 1282 2011 Vidi-ti
1314 1961 1703 2015 multitudinem
1739 1971 2069 2014 mortuorum
2095 1961 2274 2029 jacen-

704 2051 856 2114 tium,
899 2049 1074 2117 gladio
1126 2050 1340 2116 spiritus
1370 2052 1706 2105 occisorum?
1752 2051 1874 2105 Ideo
1902 2067 2004 2103 non
2050 2062 2129 2104 οθι
2171 2053 2274 2106 illic

701 2143 949 2201 ebrietas,
979 2157 1080 2192 non
1111 2143 1388 2196 voracitas.
1424 2141 1477 2195 ld
1524 2143 1755 2196 ostendit
1807 2157 2010 2200 mensa,
2056 2151 2110 2195 ct
2161 2153 2272 2195 tro-

705 2245 874 2298 parum
911 2232 980 2284 ibi
1021 2243 1277 2286 erectum.
1300 2233 1540 2286 Ebrietas
1566 2234 1776 2286 cniutet
1809 2234 2068 2286 voracitas
2090 2235 2272 2297 jacent

703 2333 944 2386 murium,
964 2323 1030 2376 ab
1047 2338 1195 2392 aqum
1221 2333 1345 2392 potu
1371 2325 1578 2391 fugatur,
1607 2325 1691 2377 illa
1722 2324 1924 2378 scilicet
1938 2323 2271 2378 multiformis

699 2425 751 2466 et
778 2415 1052 2480 multiceps
1083 2414 1208 2469 fera.
1241 2414 1700 2481 Quemadmodum
1735 2415 1874 2467 enim
1902 2415 2039 2482 apud
2065 2415 2271 2483 mythu.

701 2506 848 2574 logos
893 2506 1066 2575 Scylla
1108 2517 1162 2560 et
1191 2505 1384 2578 llydra,
1417 2507 1495 2560 sic
1543 2514 1597 2558 et
1641 2505 1870 2559 ebrietas
1907 2506 2067 2560 multa
2099 2505 2268 2572 capita

700 2597 894 2662 habet:
931 2596 1051 2649 hinc
1081 2597 1385 2659 fornicati",
1419 2595 1542 2650 inde
1584 2596 1682 2657 ira,
1719 2595 1934 2649 aliunde
1983 2596 2228 2649 mollities
2252 2637 2265 2656 ,

695 2687 908 2740 aliunde
931 2700 1110 2756 turpes
1139 2702 1370 2742 amores.
1401 2685 1597 2740 Verum
1629 2685 1714 2741 hic
1743 2690 1837 2740 ista
1863 2689 2038 2740 omnia
2063 2689 2264 2739 sublata

695 2788 852 2842 sunt;
884 2779 1089 2832 ctiam~i
1121 2779 1190 2831 illi
1233 2777 1497 2833 exercitus
1525 2776 1874 2832 in'aexceotis
1918 2777 2072 2830 bl‘llls
2104 2795 2264 2844 siqu--

697 2877 835 2931 reut,
858 2868 924 2920 ali
953 2868 1035 2920 his
1063 2868 1302 2922 hostibus
1329 2869 1610 2922 vincuntur
1638 2885 1651 2919 :
1684 2883 1780 2922 nec
1804 2869 1925 2933 tela,
1959 2883 2053 2921 nec
2077 2868 2262 2934 hastae,

693 2972 792 3010 nec
816 2957 940 3025 quid
980 2957 1152 3010 simile
1181 2965 1354 3028 potest
1382 2968 1566 3011 contra
1615 2957 1710 3010 bas
1758 2957 2040 3026 phalanges
2075 2967 2217 3012 stare
2246 2975 2260 3010 :

693 3047 788 3102 sed
829 3047 957 3099 isto;
982 3048 1240 3114 gigantes,
1286 3057 1551 3104 strenuos.
1602 3047 1690 3116 qtti
1734 3047 2008 3100 innumera
2058 3047 2265 3100 fortiter

693 3145 875 3206 agunt,
907 3137 1143 3191 invenias
1189 3137 1304 3190 sine
1331 3137 1554 3191 vinculis
1583 3137 1766 3204 ligatos
1793 3151 1981 3191 somno
2012 3147 2067 3191 et
2091 3137 2262 3192 ebrie-

695 3239 822 3294 tate,
855 3229 966 3283 sine
994 3228 1159 3286 caede.
1193 3230 1307 3283 sine
1348 3227 1671 3292 vulneribus,
1712 3243 1776 3282 ac
1817 3229 1954 3281 sicut
1999 3229 2260 3282 vulnerati

688 3318 944 3390 iacentes,
971 3321 1082 3374 imo
1110 3321 1274 3374 multo
1299 3320 1532 3390 gravius.
1568 3320 1644 3374 llli
1676 3335 1906 3389 namque
1927 3320 2112 3374 saltem
2151 3336 2266 3374 mo-

691 3420 803 3465 tum
829 3410 1057 3481 aliquem
1099 3411 1325 3473 habent;
1360 3412 1410 3464 bi
1436 3424 1562 3464 vero
1601 3426 1774 3475 secus,
1804 3409 1896 3465 sed
1927 3413 2106 3465 statim
2130 3427 2260 3466 con-

691 3501 892 3556 cidunt.
929 3501 1086 3560 Vides
1121 3512 1244 3556 tunc
1267 3503 1556 3558 exercitum
1581 3511 1637 3557 et
1676 3484 1928 3569 majorem
1963 3512 2015 3556 et
2041 3504 2260 3557 mirabi-

694 3593 879 3646 liorem
903 3592 1061 3656 esse?
1082 3592 1210 3647 Nam
1234 3583 1462 3646 victores
1495 3594 1607 3645 illos
1639 3578 1830 3646 milites
1851 3598 1960 3647 sola
1990 3594 2260 3648 voluntate

689 3684 944 3738 confodit.
979 3684 1124 3737 Illam
1169 3687 1309 3739 enim
1360 3693 1583 3738 matrem
1623 3687 1858 3738 omnium
1900 3686 2158 3738 malorum
2191 3690 2256 3738 ιιι

691 3776 953 3830 inﬁrmam
983 3775 1228 3838 reddunt,
1259 3786 1315 3828 ut
1337 3777 1555 3829 molesta
1583 3787 1759 3843 postea
1789 3782 1908 3830 esse
1937 3793 2039 3830 non
2071 3778 2253 3843 postit.

694 3869 837 3925 Iluce
857 3878 1034 3922 autem
1063 3869 1229 3936 lapso,
1249 3877 1301 3921 et
1330 3859 1750 3935 su'hlatocapite.
1784 3867 2042 3936 reliquum
2065 3883 2259 3934 corpus

689 3959 910 4028 quiescit
934 3976 948 4012 :
969 3957 1208 4027 hancque
1235 3959 1506 4011 victoriam
1526 3975 1555 4011 a
1573 3959 1791 4028 singulis
1820 3959 1887 4013 ibi
1921 3961 2256 4014 manentibus

691 4058 1009 4117 reportatam
1036 4065 1244 4102 cernas.
1280 4049 1390 4102 Non
1419 4051 1558 4102 enim
1581 4059 1634 4100 ιιι
1663 4049 1713 4102 in
1758 4051 1903 4104 hisce
1955 4051 2102 4102 hellis
2124 4093 2138 4110 ,
2171 4051 2256 4116 qui

689 4139 854 4191 semel
877 4139 943 4191 ab
971 4155 1074 4192 uno
1107 4141 1392 4192 \ulncratis
1433 4148 1532 4201 est,
1559 4149 1613 4193 et
1640 4140 1800 4192 semel
1828 4140 2016 4193 Cecidit
2044 4141 2129 4192 abi
2177 4145 2258 4192 vix

690 4230 858 4301 potest
889 4234 1092 4306 plagam
1126 4236 1321 4290 inferre
1351 4253 1363 4287 :
1395 4236 1485 4289 sed
1506 4251 1722 4290 necesse
1745 4246 1900 4290 estut
1925 4254 2107 4290 nntncs
2126 4237 2260 4290 hanc

690 4325 853 4379 feram
878 4328 1183 4379 confodiant
1212 4346 1225 4381 :
1252 4339 1305 4381 ct
1328 4326 1416 4396 qui
1444 4345 1545 4381 non
1585 4328 1703 4381 ferit
1729 4330 1891 4393 illaut,
1939 4346 2034 4382 nec
2057 4330 2255 4398 dejicit,

686 4419 980 4488 caagitatur
1023 4426 1194 4487 plane.

753 4511 804 4564 4.
826 4510 1118 4564 Sobrietatis
1135 4511 1367 4564 ricrorite.
1394 4510 1725 4565 Smculnrium
1745 4530 2024 4566 mensarum
2044 4511 2253 4566 delicias.

681 4601 995 4655 —-Vidistiu‘
1034 4603 1358 4671 διιιειιάὶιιειιιι
1404 4605 1712 4656 victoriam?
1755 4603 2034 4673 Tropimn
2077 4604 2252 4666 enim,

683 4693 822 4760 quod
855 4709 1040 4747 omnes
1067 4695 1221 4748 simul
1251 4695 1512 4748 exercitus
1543 4695 1629 4762 qui
1663 4711 1755 4759 per
1782 4695 1962 4747 orbem
1993 4706 2116 4747 sunt
2148 4697 2254 4746 eri-

691 4795 812 4847 gere
839 4797 943 4833 non
968 4793 1214 4851 possunt,
1241 4785 1616 4852 unusquisque
1649 4787 1841 4840 horum
1869 4787 2048 4856 erigit;
2071 4788 2252 4840 omnia

694 4872 869 4938 iacent
913 4873 1071 4926 simul
1106 4876 1415 4928 vulnerata:
1448 4878 1678 4929 absurda
1723 4879 2032 4932 stoliditatis
2062 4879 2246 4944 verba,

689 4980 901 5017 vesana:
919 4967 1288 5034 cog'tationes.
1304 4984 1468 5036 vapor
1497 4969 1840 5036 iniucundus,
1860 4973 2108 5026 ctomnia
2134 4989 2252 5042 qua:

687 5070 753 5107 ex
772 5056 1038 5109 ebrietate
1057 5058 1252 5108 armari
1274 5061 1465 5112 solent:
1489 5070 1648 5125 atque.
1668 5062 1949 5116 imitantur
1968 5063 2252 5118 Dominum

681 5160 865 5208 suum,
898 5145 962 5200 de
991 5163 1096 5215 quo
1125 5148 1394 5217 Scriptura
1422 5149 1726 5204 mirabundo
1750 5153 1878 5206 dicit
1906 5172 1918 5205 :
1950 5153 2021 5209 De
2043 5165 2259 5210 tarrmre

680 5237 732 5288 in
760 5235 841 5289 aia
864 5237 990 5290 bibet
1007 5252 1030 5303 ,°
1061 5252 1320 5308 propterea
1349 5241 1582 5294 exaltabit
1612 5255 1760 5310 caput
1791 5250 1806 5313 (
1832 5243 1975 5298 Ρωι.
2013 5248 2131 5302 109.
2156 5248 2185 5298 7
2214 5254 2249 5316 ).

687 5324 924 5380 Voltisne
943 5342 972 5382 e
994 5343 1208 5396 regione
1232 5341 1557 5384 mortuorum
1582 5333 1966 5389 multitudinem
1988 5322 2254 5406 aspicere?

685 5416 910 5470 Delicias
950 5419 1221 5475 videmnus
1263 5439 1325 5476 cx
1362 5425 1787 5490 concupiscentia
1826 5436 1990 5489 ortas,
2037 5443 2152 5494 qua:
2190 5447 2250 5483 ex

683 5509 1068 5578 pulmentariis,
1093 5514 1296 5578 cryptis,
1323 5529 1622 5566 mensarum
1651 5517 2019 5575 structoribus,
2048 5519 2256 5584 placen-

682 5610 854 5652 tarnm
886 5598 1175 5652 artificibus
1201 5603 1612 5669 suppeditantur.
1653 5605 1815 5659 l’udet
1844 5608 2020 5659 omnia
2062 5609 2146 5662 illa
2178 5610 2255 5664 di-

681 5706 802 5746 cere
833 5707 846 5742 :
875 5700 1107 5743 attamen
1143 5691 1416 5758 phasianae;
1444 5709 1567 5748 aves
1607 5697 1898 5764 pro'ermn,
1937 5700 2054 5766 jura
2099 5699 2252 5755 fusim

683 5790 875 5841 mixta.
905 5780 1115 5835 humida
1139 5822 1151 5842 ,
1182 5783 1314 5838 sicca
1337 5785 1541 5846 edulia.
1574 5789 1711 5857 leges
1743 5788 1823 5842 his
1853 5793 2008 5844 rebus
2037 5794 2250 5860 positas.

1534 394 1592 451 S.
1614 393 1893 450 JOANNIS
1920 393 2389 450 CllllYSOS'l'OSll
2432 393 2745 448 ARCllli-LP.
2786 394 3319 452 CONSTANTINJP.

3883 393 3983 446 660

2397 506 2531 561 Nam
2570 508 2717 576 quasi
2761 507 3134 575 rempublicam
3167 509 3557 578 gubernantes.
3600 521 3653 565 et
3688 513 3858 566 aciem
3900 517 3976 566 iu-

2395 605 2696 655 struentes.
2727 597 2804 649 sic
2831 605 2885 651 ct
2911 599 2994 652 isti
3029 600 3128 652 hoc
3157 609 3207 652 et
3237 600 3339 653 hoc
3370 602 3597 669 primum
3621 641 3638 666 ,
3671 602 3774 657 hoc
3801 611 3856 657 et
3882 603 3980 658 hoc

2395 687 2686 740 secundum
2731 688 3076 741 constituunt.
3124 688 3188 742 Et
3225 689 3314 742 alii
3346 691 3556 759 quidem
3583 691 3816 761 primum
3856 708 3979 747 aves

2394 793 2552 846 supra
2596 779 2851 832 eirboues
2892 793 3071 840 assas,
3120 780 3460 848 piseibusque
3503 781 3664 836 fartas
3710 782 3974 846 offerunt;

2393 865 2482 919 alii
2499 869 2598 919 alia
2623 867 2764 919 initia
2786 869 3246 922 iunuoderatarum
3269 886 3542 926 coenarum
3560 883 3795 928 statuunt
3815 892 3827 930 :
3847 878 3976 927 ιιιιιΙ-

2395 967 2554 1027 taque
2581 961 2720 1012 circa
2754 958 2865 1012 lure
2895 970 2974 1014 est
3000 963 3322 1016 concertatio
3349 973 3402 1017 ct
3431 964 3496 1017 de
3525 967 3799 1033 qualitate,
3834 978 3885 1021 ct
3912 971 3977 1021 de

2391 1047 2614 1110 ordine,
2645 1058 2696 1102 et
2725 1049 2792 1102 de
2820 1050 2968 1117 copia
3018 1068 3032 1104 :
3075 1061 3230 1120 atque
3270 1055 3338 1106 de
3379 1055 3493 1108 illis.
3521 1067 3869 1119 eimcertant,
3910 1059 3974 1114 de

2389 1137 2581 1205 quibus
2603 1139 2790 1191 sull'odi
2814 1140 3098 1200 deberent;
3123 1143 3209 1196 alii
3232 1144 3370 1210 quod
3397 1145 3669 1199 dimidium
3699 1148 3861 1212 diem,
3888 1151 3971 1203 alii

2388 1226 2529 1293 quod
2555 1237 2717 1280 totum
2745 1229 2793 1280 in
2821 1230 2920 1281 illis
2943 1231 3228 1291 insnmant.
3255 1236 3340 1285 alii
3365 1236 3504 1302 quod
3531 1248 3737 1301 noctem
3761 1254 3973 1308 quoipie

2387 1318 2658 1384 adiiciant.
2709 1320 3108 1390 Dicendumque
3146 1325 3280 1382 illis.
3333 1318 3498 1390 Vide.
3542 1330 3724 1388 miser,
3758 1346 3972 1383 mensu-

2387 1424 2502 1462 ram
2533 1411 2732 1464 ventris
2753 1452 2767 1473 ,
2799 1421 2850 1465 et
2882 1411 2947 1465 de
2983 1413 3329 1466 immoderato
3358 1416 3532 1468 studio
3563 1417 3838 1472 erubesco.
3877 1420 3971 1473 Vc-

2387 1514 2502 1552 rum
2537 1502 2666 1554 nihil
2699 1502 2997 1569 lntjusmodi
3029 1504 3166 1572 apud
3197 1507 3414 1576 angelos
3444 1508 3588 1572 illos;
3631 1509 3722 1562 sed
3763 1520 3816 1564 et
3860 1511 3970 1566 haec

2383 1601 2437 1642 et
2465 1606 2650 1644 omnes
2677 1595 3116 1660 concupiscentia:
3147 1606 3320 1649 tnortu
3341 1616 3367 1649 c
3391 1597 3469 1662 ibi
3501 1610 3644 1652 sunt.
3681 1600 3792 1655 Non
3825 1603 3966 1656 enim

2381 1681 2448 1735 ad
2475 1683 2803 1737 saturitatem
2831 1695 2884 1738 ct
2910 1686 3225 1754 voluptatem
3246 1728 3262 1752 ,
3293 1688 3386 1742 sed
3409 1690 3471 1742 ad
3497 1692 3869 1746 necessitatem
3894 1694 3969 1747 ci-

2382 1771 2506 1825 bum
2557 1783 2769 1826 sumunt
2801 1792 2813 1826 :
2849 1774 2974 1827 nulli
3009 1776 3074 1827 ihi
3103 1791 3358 1845 aucupes,
3390 1793 3486 1832 nec
3515 1781 3842 1847 piscatores;
3874 1784 3964 1837 Sed

2379 1864 2532 1929 panis
2560 1872 2615 1916 et
2641 1879 2793 1932 aqua.
2827 1864 3138 1920 Sollicitudo
3162 1877 3336 1920 autem
3364 1867 3478 1939 hac
3497 1911 3510 1931 ,
3537 1874 3816 1935 tumultus,
3847 1889 3965 1942 per-

2381 1953 2729 2016 turbationes,
2757 1958 2930 2008 munia
2953 1957 3164 2010 demum
3194 1956 3313 2011 inde
3337 1960 3481 2026 pulsa
3511 1971 3652 2020 sunt,
3686 1974 3795 2014 tmn
3827 1979 3856 2016 a
3886 1976 3964 2017 tu-

2379 2043 2549 2110 gurio.
2585 2055 2693 2098 tum
2723 2061 2751 2099 a
2782 2060 3034 2112 Corpore,
3069 2063 3287 2116 magnus
3319 2049 3386 2102 ibi
3419 2059 3600 2117 portus
3631 2069 3644 2102 :
3676 2067 3723 2119 al
3747 2053 3815 2106 nd
3845 2055 3963 2108 illos

2375 2144 2552 2186 autem
2581 2135 2802 2202 plurima
2833 2146 3136 2204 tempestas.
3168 2137 3429 2194 Rescinde
3457 2139 3616 2210 igitur
3639 2143 3962 2212 cogitatione

2381 2231 2618 2276 ventrem
2652 2241 2832 2278 cntum
2864 2228 2950 2294 qui
2994 2227 3183 2280 talibus
3209 2228 3342 2282 cibis
3372 2229 3777 2299 ingurgitantur,
3819 2236 3962 2287 vide-

2376 2311 2456 2363 bis
2481 2316 2783 2384 ctmgcriem
2817 2331 3092 2386 magnam,
3125 2319 3358 2386 impuros
3382 2302 3596 2376 canales
3616 2361 3630 2383 ,
3674 2325 3959 2388 sepulcrum

2373 2401 2655 2456 dealbatam
2677 2404 2884 2475 (.lluttlt.
2915 2407 3004 2459 25.
3027 2407 3121 2476 27)
3147 2425 3161 2460 :
3186 2423 3306 2477 qtae
3330 2418 3627 2476 sequuntur
3651 2427 3778 2464 vero
3804 2415 3960 2480 pudet

2371 2491 2552 2546 dicere
2577 2533 2591 2555 ,
2619 2506 2801 2547 ructus
2833 2495 3101 2562 insuaves,
3131 2482 3380 2562 vomitus,
3413 2499 3714 2568 egestiones
3743 2517 3957 2555 sursum

2371 2583 2642 2640 deorsum.
2668 2588 2736 2640 At
2762 2586 2810 2638 in
2839 2587 3127 2642 solitudine
3150 2587 3309 2642 hasce
3330 2591 3788 2659 concupiscentias
3817 2611 3958 2647 mor.

2375 2681 2430 2725 tu
2452 2690 2495 2725 is
2525 2674 2640 2726 vide
2663 2715 2676 2737 ,
2708 2690 2912 2728 oceano
2941 2677 3363 2732 vehementiores
3390 2678 3514 2734 inde
3542 2692 3690 2735 ortus
3717 2699 3954 2749 amores,

2369 2778 2626 2818 venercos
2660 2767 2779 2820 dico
2825 2784 2838 2820 :
2885 2766 2982 2823 hos
3019 2771 3212 2840 quippe
3241 2786 3427 2826 omnes
3455 2773 3722 2843 projectos
3748 2777 3954 2832 videbis

2367 2871 2487 2910 eum
2514 2859 2688 2927 cquis,
2712 2874 2832 2914 eum
2869 2859 3148 2930 jumentis.
3190 2861 3495 2917 Iumentum
3536 2864 3712 2931 enim,
3757 2869 3953 2934 telum,

2368 2963 2537 3017 equus
2561 2949 2629 3003 ad
2655 2950 2962 3006 obsccenum
3003 2966 3135 3021 opus
3175 2951 3577 3022 exprimendum
3612 2954 3950 3011 adhibentur.

2365 3037 2468 3093 Sed
2498 3041 2697 3095 videbis
2722 3043 2876 3096 simul
2904 3057 3097 3113 equum
3120 3053 3176 3100 et
3199 3059 3535 3100 ascensorem
3564 3048 3742 3111 talem,
3768 3059 3826 3103 et
3851 3052 3952 3105 tela

2363 3133 2587 3200 jaCcIttia
2621 3152 2633 3188 :
2659 3133 2766 3188 illic
2791 3149 2917 3190 vero
2934 3137 3198 3190 contraria
3226 3138 3425 3203 omnia,
3448 3139 3652 3192 animas
3674 3151 3913 3195 mortuas
3936 3145 3950 3173 ‘

2365 3225 2618 3293 disjectas.
2649 3225 2827 3296 Neque
2859 3227 2911 3282 in
2938 3242 3120 3284 mensa
3147 3238 3346 3283 tantum
3375 3222 3595 3304 victoria
3624 3233 3824 3286 sanctis
3854 3234 3953 3287 illia

2366 3317 2650 3387 Conspicua
2672 3360 2686 3382 ,
2717 3318 2810 3373 sed
2838 3329 2891 3372 et
2923 3320 2971 3372 in
3003 3319 3120 3374 aliis
3142 3362 3157 3386 ,
3192 3321 3242 3374 in
3273 3322 3540 3391 pecuniis,
3577 3310 3628 3377 in
3649 3324 3854 3399 gloria.
3901 3328 3951 3379 iu

2367 3407 2561 3470 livore,
2597 3408 2649 3461 in
2676 3409 3073 3478 agritudinibns
3107 3412 3375 3467 omnibus.
3403 3414 3594 3467 Annon
3639 3429 3766 3484 ergo
3795 3416 3948 3483 vide-

2368 3508 2452 3552 tttr
2483 3499 2574 3552 tibi
2605 3498 2690 3554 hic
2718 3502 2980 3555 exercitus
3009 3501 3194 3557 fortior
3221 3503 3333 3569 illo,
3371 3513 3428 3558 et
3463 3503 3576 3559 hate
3612 3521 3795 3576 mensa
3839 3523 3951 3560 me-

2367 3590 2505 3643 lior?
2533 3592 2660 3658 Quis
2691 3593 3056 3648 contradicat?
3098 3593 3287 3659 Nemo,
3330 3611 3397 3650 ne
3437 3597 3648 3666 quidem
3695 3613 3759 3652 ex
3810 3599 3950 3664 illis,

2365 3683 2570 3735 etiamsi
2613 3683 2895 3738 admodum
2941 3685 3118 3740 furens
3141 3683 3245 3741 'sit.
3295 3687 3418 3742 Ha'c
3444 3690 3643 3758 ’quippe
3671 3693 3720 3743 in
3747 3691 3942 3746 cwlum

2364 3772 2542 3833 Inittit,
2575 3773 2659 3825 illa
2689 3774 2755 3826 ad
2785 3775 3078 3850 gehennam
3117 3778 3276 3831 trahit
3302 3795 3315 3846 ;
3349 3777 3486 3834 hanc
3509 3778 3748 3834 diabolus
3775 3795 3948 3850 parat,

2363 3862 2506 3918 illam
2532 3864 2774 3918 Christus
2800 3881 2813 3917 :
2847 3867 2980 3920 hanc
3006 3847 3244 3931 voluptas
3269 3879 3322 3924 et
3347 3869 3499 3924 luxus
3520 3870 3771 3935 disponit.
3805 3873 3949 3929 illam

2365 3954 2691 4024 philosophia
2723 3965 2776 4009 et
2805 3965 3148 4026 temperantia
3183 3979 3196 4014 :
3241 3960 3324 4015 hic
3351 3961 3593 4016 Christus
3622 3963 3766 4018 adest
3792 4006 3810 4028 ,
3843 3966 3951 4019 illic

2363 4045 2621 4100 diabolus.
2654 4049 2747 4102 Ubi
2770 4050 2910 4118 enim
2931 4050 3182 4117 ebrietas,
3212 4052 3280 4105 ibi
3310 4054 3549 4106 diabolus
3570 4064 3651 4108 est
3683 4073 3697 4109 :
3731 4057 3821 4110 tibi
3852 4057 3922 4110 oh
3947 4087 3951 4092 α

2363 4151 2540 4190 scaena
2562 4138 2738 4198 verba,
2754 4139 2840 4192 ubi
2859 4142 3123 4205 saturitas,
3146 4141 3215 4196 ibi
3237 4142 3506 4199 dmmones
3522 4147 3747 4200 choreas
3761 4157 3947 4216 agunt.

2364 4225 2541 4280 'l‘a'em
2573 4227 2751 4281 habuit
2780 4245 3013 4284 mensam
3040 4231 3186 4284 dives
3213 4233 3333 4296 ille;
3365 4233 3589 4304 ideoque
3619 4250 3718 4292 nec
3745 4239 3944 4290 stillam

2364 4333 2512 4386 aquae
2545 4317 2768 4372 habebat
2797 4319 2944 4388 (Luc.
2983 4323 3064 4375 l6.
3095 4322 3212 4391 26).

2433 4408 2486 4462 5.
2529 4409 2596 4462 At
2634 4411 2874 4464 monachi
2918 4428 3022 4464 non
3057 4413 3210 4478 talem
3244 4415 3470 4472 habent.
3503 4416 3595 4469 sed
3628 4418 3944 4482 angelorum

2378 4501 2536 4553 vitam
2604 4500 2821 4565 vivunt,
2884 4519 2982 4557 nec
3027 4521 3220 4561 uxores
3269 4505 3486 4573 ducunt,
3518 4523 3689 4577 neque
3716 4510 3804 4563 diu
3831 4513 3946 4572 (loco

2363 4589 2565 4654 miunt,
2602 4607 2700 4643 nec
2725 4589 2926 4645 deliciis
2954 4593 3196 4656 student;
3227 4594 3318 4647 sed
3349 4605 3703 4667 praeterquam
3737 4601 3788 4654 in
3818 4618 3943 4671 pau-

2359 4680 2437 4735 cis
2477 4679 2801 4750 quibusdam
2823 4721 2837 4743 ,
2885 4681 3183 4751 incorporei
3213 4684 3477 4740 videntur.
3509 4687 3638 4754 Quis
3678 4689 3841 4759 igitur
3868 4705 3947 4748 est

2361 4771 2446 4837 qui
2481 4778 2584 4822 tam
2615 4769 2766 4824 facile
2788 4775 2969 4825 hostes
2997 4771 3216 4828 fundere
3243 4778 3437 4845 possit,
3468 4789 3519 4831 ut
3553 4783 3832 4849 prandium
3860 4800 3945 4836 sn-

2361 4861 2573 4923 mendo,
2606 4869 2860 4929 tropamm
2889 4864 3098 4931 erigat?
3142 4864 3371 4936 Ideoque
3398 4869 3470 4922 ait
3501 4852 3754 4939 propheta
3787 4892 3801 4929 :
3839 4873 3933 4928 I’a.

2359 4954 2478 5006 raui
2506 4953 2556 5006 in
2587 4965 2851 5022 conspectu
2893 4971 2998 5006 meo
3038 4949 3258 5009 mensam
3295 4958 3533 5014 adversus
3559 4977 3642 5014 eoa
3666 4964 3754 5029 qui
3783 4967 3946 5018 triba-

2354 5042 2465 5097 lant
2491 5060 2568 5097 me
2591 5044 2608 5113 (
2633 5042 2771 5097 Psal.
2804 5043 2893 5097 2%.
2927 5047 3020 5114 5).
3051 5046 3165 5100 Non
3194 5049 3337 5102 enim
3365 5052 3564 5105 errabit
3602 5053 3645 5106 si
3684 5055 3806 5122 quis
3847 5057 3948 5111 hoc

2358 5133 2622 5202 eloquium
2670 5149 2905 5189 mensam
2953 5146 3194 5204 spectare
3235 5137 3446 5194 dixerit.
3494 5139 3632 5195 Nihil
3680 5145 3823 5198 enim
3871 5149 3946 5200 sic

2358 5225 2587 5277 animam
2622 5223 2825 5291 turbat,
2865 5234 2924 5280 ut
2959 5228 3384 5295 concupiscentia
3427 5230 3695 5298 absurda,
3738 5235 3945 5292 delicia:

2359 5316 2631 5379 ciborum,
2674 5317 2939 5383 ebrietas,
2979 5329 3032 5373 et
3075 5319 3210 5373 mala
3250 5337 3368 5390 qum
3406 5321 3528 5378 inde
3570 5327 3813 5382 oriuntur
3847 5348 3860 5384 :
3894 5341 3944 5385 et

2365 5407 2464 5462 hoc
2493 5418 2685 5462 norunt
2713 5411 2801 5478 qui
2836 5410 3019 5464 barum
3060 5425 3235 5464 rerum
3265 5413 3559 5482 periculum
3597 5413 3853 5476 fecerunt.
3888 5421 3942 5477 Si

2366 5507 2542 5553 autem
2557 5497 2824 5562 didiceris,
2846 5501 2984 5555 unde
3006 5501 3118 5556 lucc
3139 5516 3320 5556 mensa
3341 5502 3638 5574 colligatur,
3662 5510 3805 5565 unde
3832 5513 3942 5580 illa,

2362 5603 2485 5648 tunc
2529 5593 2691 5666 probe
2718 5594 2855 5649 scies
2893 5610 3011 5664 quae
3048 5595 3118 5648 sit
3154 5595 3290 5650 inter
3318 5605 3596 5676 utramque
3621 5599 3938 5663 differentia.

2425 5748 2441 5779 ί
2472 5747 2522 5795 ln
2547 5749 2826 5821 quibusdam
2854 5751 3049 5819 legitur,
3077 5749 3178 5802 illi:
3213 5765 3326 5805 vero
3361 5753 3604 5808 murmur
3627 5763 3809 5821 omnia,
3835 5775 3941 5814 cor-

2365 5825 2479 5867 pora
2506 5817 2764 5867 nunerum.
2791 5817 2974 5862 animus
2989 5822 3218 5870 ’morwas,
