4172 6518
245 462 341 519 881

244 580 529 638 Undenam
557 590 686 646 ergo
712 574 830 629 haec
864 567 1167 640 colligitur?
1212 567 1286 622 Ex
1316 564 1567 638 lacrymis
1597 565 1842 617 innume-

244 675 341 733 ris,
370 687 437 726 ex
468 669 744 723 viduarum
776 664 981 733 spoliis,
1014 678 1078 717 ex
1116 660 1284 730 raptis
1312 658 1630 729 pupillorum
1672 654 1840 710 facul-

246 762 447 817 tatibus
474 777 489 813 :
522 759 610 813 illa
642 773 768 814 vero
805 772 870 812 ex
904 755 1063 824 jnstis
1099 751 1365 807 laboribus
1397 758 1613 821 paratur
1642 766 1655 801 :
1688 748 1840 804 simi-

246 856 416 925 lisque
442 861 527 906 est
553 851 801 906 formosa:
839 849 1203 918 speciososque
1245 842 1492 906 mulieri,
1532 856 1652 912 quae
1692 839 1841 894 nullo

243 942 513 999 exteriore
539 951 660 1011 eget
684 950 904 1002 ornatu;
945 937 1039 993 sed
1082 938 1382 992 naturalem
1414 932 1575 988 habet
1603 929 1837 1003 pulchri—

236 1034 521 1097 tudinem;
565 1032 654 1087 illa
698 1046 827 1087 vero
862 1029 1132 1085 meretrici
1161 1026 1384 1082 deformi
1414 1032 1469 1081 et
1498 1024 1673 1096 turpi,
1720 1039 1840 1093 quzc

238 1124 364 1179 fuco
393 1124 563 1178 multo
592 1122 778 1188 utitur,
822 1135 993 1191 neque
1037 1114 1215 1189 potest
1256 1116 1652 1173 deformitatem
1684 1115 1839 1169 obte-

232 1231 398 1286 gere,
428 1215 523 1271 sed
552 1204 900 1286 quo'propius
930 1210 1186 1268 accedere
1216 1218 1387 1265 tentat
1405 1250 1420 1273 ,
1447 1224 1518 1265 eo
1546 1208 1717 1278 magis
1747 1221 1836 1262 re-

239 1318 520 1371 movetur;
563 1322 687 1362 nam
725 1315 924 1377 quanto
962 1305 1129 1381 magis
1164 1302 1371 1357 accedit
1396 1301 1461 1356 ad
1492 1308 1794 1356 consortem
1816 1339 1840 1365 ,λ

234 1409 389 1455 tanto
406 1401 579 1471 magis
605 1400 721 1469 ejus
742 1398 1055 1454 deformitas
1079 1395 1519 1468 deprehenditur.
1546 1394 1625 1449 Ne
1650 1409 1841 1449 ascen-
1873 1427 1897 1440 μ

230 1491 428 1547 dentes
454 1490 706 1546 convivas
730 1490 1041 1559 aspexeris,
1087 1487 1184 1542 sed
1225 1486 1572 1551 recedentes,
1618 1492 1675 1540 et
1715 1494 1839 1539 tunc

230 1582 354 1652 ejus
385 1579 769 1651 turpitudinem
811 1580 1034 1636 videbis.
1069 1579 1167 1635 Illa
1197 1593 1324 1633 vero
1350 1578 1449 1631 alia
1470 1618 1487 1644 ,
1517 1577 1681 1632 libera
1710 1590 1835 1630 cum

233 1683 335 1739 stt,
373 1674 507 1729 nihil
544 1674 672 1728 sinit
697 1680 975 1728 consortes
1002 1672 1315 1727 obscenum
1344 1670 1561 1735 dicere;
1595 1670 1710 1724 haec
1736 1682 1835 1723 att-

234 1776 344 1821 tem
374 1766 505 1821 nihil
536 1766 819 1822 honestum
838 1807 855 1833 ,
887 1774 1069 1835 utpote
1106 1780 1226 1836 qua:
1252 1764 1507 1820 meretrix
1546 1771 1598 1819 ct
1624 1761 1836 1817 infamis

229 1857 327 1911 sit.
384 1856 509 1912 Haec
552 1856 817 1912 consortis
857 1856 937 1911 sui
982 1856 1262 1912 utilitatem
1312 1855 1534 1926 quaarit;
1581 1853 1668 1907 illa
1714 1869 1836 1924 per-

235 1948 433 2003 niciem
478 1947 614 2018 ejus.
665 1948 792 2004 Haec
847 1964 952 2003 non
1001 1949 1262 2018 permittit
1304 1947 1575 2003 adcendere
1615 1946 1830 2012 Deum;

231 2037 352 2094 hate
390 2055 495 2093 non
537 2040 665 2094 sinit
704 2056 811 2095 non
858 2039 1151 2095 oll'endere.
1184 2039 1456 2095 Adeamus
1484 2038 1643 2110 igitur
1670 2036 1829 2102 illos;

232 2129 360 2186 inde
379 2130 613 2186 sciemus
636 2141 765 2202 quot
785 2133 954 2188 simus
975 2132 1200 2188 vinculis
1220 2133 1527 2198 constricti;
1556 2132 1679 2188 inde
1702 2130 1835 2187 scic«

232 2237 355 2278 mus
383 2238 624 2278 mensam
648 2240 920 2295 apponere
945 2226 1094 2281 mille
1116 2226 1273 2282 bonis
1296 2226 1532 2297 plenam,
1552 2226 1833 2297 iucundis:

229 2314 452 2381 simam,
481 2314 679 2369 nullius
701 2314 978 2386 impensae,
1001 2317 1378 2383 sollicitudine,
1410 2317 1630 2384 invidia,
1659 2318 1831 2373 Eivore

1202 449 1269 505 ΙΝ
1305 444 1712 504 ΜᾹΤἹἮᾸΞΟΜ
1752 442 1979 499 1103111..
2022 442 2209 499 LXXI.
2251 443 2322 499 al.
2364 442 2575 500 LXX".

3445 449 3549 504 8δὶ

1946 574 2189 625 vacuam,
2220 560 2290 617 ab
2313 561 2457 615 omni
2490 558 2681 616 morbo
2710 552 2959 621 liberam:
2986 559 3127 625 bona
3150 577 3245 632 5pc
3275 563 3546 631 relertam,

1947 651 2126 705 multis
2156 660 2400 707 ornatam
2433 650 2668 721 tropaeis.
2708 650 2862 705 Nulla
2909 659 2992 706 est
3033 652 3103 707 ibi
3139 654 3301 708 animi
3330 666 3552 725 pertur-

1947 746 2119 811 batio,
2165 763 2271 803 non
2310 748 2584 809 tristitia',
2628 761 2734 802 non
2776 746 2854 805 ira
2896 747 3122 802 :omnia
3153 750 3548 819 tranquillitas,

1944 846 2123 900 omnia
2148 860 2273 915 pax.
2302 844 2381 900 Ne
2410 843 2538 898 mihi
2566 843 2837 899 silentium
2865 843 3229 899 ministrorum
3262 845 3315 899 in
3348 847 3550 902 mensis

1944 938 2166 993 divitum
2206 951 2504 1003 memores,
2546 935 2641 990 sed
2684 936 2972 1003 clamorem
3011 936 3354 991 convivarum
3388 956 3405 993 :
3440 954 3547 993 non

1943 1029 2090 1085 illum
2120 1042 2228 1099 quo
2254 1038 2440 1083 mutuo
2460 1035 2703 1093 utuntur,
2735 1027 2858 1082 licet
2875 1036 2933 1082 et
2953 1026 3040 1083 hic
3062 1027 3317 1091 ridiculus
3336 1031 3426 1093 sit,
3450 1030 3546 1084 sed

1944 1120 2254 1175 interiorem
2274 1159 2289 1184 ,
2322 1119 2411 1187 qui
2444 1120 2497 1172 in
2526 1118 2709 1173 animo
2730 1162 2744 1184 ,
2785 1119 2875 1188 qui
2917 1134 3163 1189 magnam
3194 1121 3347 1176 affert
3366 1124 3545 1191 capti-

1942 1215 2192 1279 vitalem,
2234 1213 2617 1283 cogitationum
2658 1212 2975 1278 tumultum,
3011 1214 3327 1284 procellam,
3353 1216 3547 1286 caligi-

1942 1322 2087 1373 nem,
2122 1315 2515 1376 tempestatem,
2551 1305 2748 1377 quibus
2774 1307 2956 1361 omnia
2996 1306 3307 1363 minnuntur
3335 1318 3391 1365 et
3421 1325 3545 1379 per-

1942 1387 2254 1465 miscentur,
2296 1407 2355 1455 et
2394 1401 2673 1454 nocturna:
2711 1413 2903 1471 pugnte
2939 1398 3131 1455 similis
3158 1408 3260 1456 est.
3294 1400 3406 1458 Sed
3435 1418 3543 1457 non

1943 1492 2065 1547 talia
2097 1492 2149 1546 in
2182 1490 2542 1546 tabernaculis
2571 1490 2995 1557 monachorum;
3041 1490 3140 1548 sed
3182 1491 3347 1547 multa
3390 1502 3545 1549 tran-

1939 1585 2206 1657 quillitas,
2236 1584 2389 1655 quies
2419 1585 2607 1639 multa.
2640 1584 2710 1639 Et
2744 1584 2887 1640 illam
2922 1584 3138 1656 quidem
3169 1601 3410 1642 mensam
3450 1604 3545 1642 ex-

1926 1679 2071 1755 cipit
2086 1693 2309 1735 somnus
2333 1678 2492 1735 morti
2517 1678 2729 1744 similis,
2754 1678 2897 1755 hanc
2922 1693 3049 1734 vero
3069 1678 3370 1749 vigilantia;
3396 1678 3542 1735 illam

1940 1774 2278 1845 supplicium,
2305 1773 2442 1829 hanc
2462 1787 2687 1843 regnum
2699 1771 2962 1828 caelorum
2984 1783 3042 1858 et
3058 1772 3381 1828 immortalia
3401 1789 3545 1845 pnn-

1936 1864 2067 1921 mia.
2100 1864 2250 1919 Illam
2287 1863 2449 1934 igitur
2486 1867 2851 1933 insequamur,
2882 1873 2944 1919 u-t
2969 1863 3231 1919 fructibus
3256 1864 3377 1934 ejus
3402 1864 3546 1919 frna-

1938 1972 2061 2013 mur
2089 1976 2103 2012 :
2135 1972 2269 2028 quos
2292 1956 2498 2013 utinam
2528 1972 2719 2012 omnes
2746 1971 3159 2029 consequamur,
3184 1959 3352 2028 gratia
3376 1967 3436 2014 et
3460 1959 3542 2014 be-

1938 2050 2198 2120 nignitate
2240 2048 2451 2105 Domini
2494 2050 2662 2104 nostri
2707 2048 2834 2105 Jesu
2883 2048 3114 2113 Christi,
3156 2052 3242 2106 cui
3284 2050 3452 2122 gloria
3483 2054 3538 2105 et

1938 2141 2220 2213 imperium
2253 2141 2306 2197 in
2334 2140 2530 2197 saecula
2557 2140 2897 2196 seculorum.
2929 2142 3119 2196 Amen.

2053 2312 2080 2348 ¹
2105 2312 2238 2365 Tres
2269 2326 2390 2365 mss.
2419 2315 2606 2368 habent
2630 2314 2846 2378 morbus,
2870 2330 2980 2380 pro,
3002 2315 3226 2371 tristitia.

529 2423 3294 2453 -———_——_——_.—'—_———-———-—-——————_

1374 2493 1721 2557 HOMlLIA
1753 2494 1989 2557 LXXI.
2030 2491 2122 2555 al.
2167 2487 2432 2551 LXXII.

227 2609 361 2666 Car.
403 2610 495 2666 23.
536 2626 588 2666 η.
628 2613 721 2668 ει.
770 2613 1022 2670 Plurimi
1053 2628 1222 2671 autem
1259 2617 1551 2685 audientes,
1579 2618 1715 2689 quod
1752 2618 1829 2672 si-

306 2703 518 2756 lentium
559 2703 881 2775 imposuisset
914 2707 1250 2773 Sadductcis,
1305 2711 1593 2780 congregati
1621 2711 1824 2765 suntin

296 2811 491 2863 min,
513 2797 606 2852 55.
629 2807 679 2851 et
706 2798 1032 2871 interrogavit
1057 2817 1186 2855 unus
1213 2819 1275 2857 ea:
1314 2802 1443 2873 ipsi:
1461 2803 1791 2873 jurisperitue
1811 2844 1827 2871 ,

304 2896 505 2944 lentam
530 2904 667 2956 eum,
699 2900 747 2946 et
792 2891 963 2945 dicens
986 2908 1005 2946 :
1032 2892 1296 2965 Magister,
1343 2894 1479 2963 quod
1501 2905 1575 2951 est
1600 2894 1833 2950 mandu-

302 2991 411 3035 tmn
436 2999 678 3053 magnum
712 2984 765 3038 in
788 2983 942 3055 lege?

312 3070 364 3125 1.
424 3071 630 3127 Rursus
677 3088 893 3127 causam
942 3075 1093 3144 ponit
1146 3076 1469 3147 evangelista
1496 3119 1509 3139 ,
1542 3092 1640 3131 cur
1668 3077 1830 3134 silere

231 3172 530 3229 optineret,
558 3163 769 3218 illorum
799 3180 1012 3235 quoque
1040 3166 1315 3223 audaciam
1347 3169 1580 3224 indidem
1610 3169 1830 3241 signiﬁ-

232 3262 347 3307 cat.
376 3254 494 3323 Quo
537 3257 735 3325 pacto?
760 3259 892 3326 Quia
919 3273 1039 3313 cum
1072 3260 1176 3313 illis
1201 3260 1469 3315 silentium
1520 3260 1827 3330 impositum

233 3344 444 3413 fuisset,
464 3346 514 3400 hi
544 3364 727 3403 rursus
748 3350 1143 3420 aggrediuntur.
1172 3351 1303 3406 Cum
1334 3352 1659 3422 oportuisset
1681 3352 1825 3407 enim

233 3438 363 3494 inde
379 3440 678 3509 quiescere,
696 3442 769 3496 illi
802 3458 989 3498 rursus
1016 3452 1351 3507 concertant,
1374 3454 1430 3502 et
1460 3444 1825 3515 legisperitum

235 3541 520 3600 opponunt
553 3549 565 3585 :
593 3550 697 3587 non
740 3535 880 3603 quod
922 3534 1169 3601 discere,
1202 3535 1299 3591 sed
1324 3535 1466 3605 quod
1494 3546 1700 3592 tentare
1731 3551 1828 3593 cu-

235 3632 464 3693 perent;
510 3632 566 3677 et
616 3624 990 3693 interrogant:
1020 3626 1173 3691 Quod
1226 3636 1310 3682 est
1357 3628 1665 3683 mandatum
1716 3630 1827 3696 pri-

235 3715 429 3768 mum?
459 3716 591 3782 Quia
627 3717 770 3772 enim
805 3719 1036 3790 primum
1069 3717 1196 3774 illud
1224 3730 1339 3773 erat
1368 3718 1603 3791 :Diliges
1644 3720 1826 3773 Domi—

233 3821 364 3858 annn
383 3803 549 3859 Deum
576 3817 736 3875 tm,
764 3819 1042 3879 sperantes
1064 3810 1215 3864 illum
1237 3825 1425 3866 ansam
1459 3812 1824 3883 praebiturum,

231 3895 554 3967 corrigendo
580 3898 783 3954 scilicet
806 3900 1019 3969 ipsum,
1074 3909 1131 3956 ut
1179 3917 1239 3957 se
1269 3918 1480 3971 quoque
1510 3904 1675 3958 Deum
1707 3918 1827 3959 esse

231 3988 568 4054 ostenderet,
600 3989 679 4046 sic
724 3991 1069 4063 interrogant.
1097 3994 1232 4059 Quid
1274 4009 1401 4066 ergo
1427 3994 1713 4051 Christus?
1756 3994 1829 4053 Ut

236 4079 507 4145 ostendat,
538 4095 641 4150 qua
672 4082 739 4149 de
764 4097 925 4139 causa
954 4087 1218 4149 venerint,
1247 4086 1388 4155 quod
1422 4086 1618 4142 nullam
1665 4087 1830 4144 hahe-

233 4180 351 4224 rent
374 4172 673 4235 caritatem,
701 4174 842 4242 quod
875 4174 1070 4229 invidia
1104 4176 1454 4243 tabescerent,
1489 4178 1631 4247 quod
1661 4179 1829 4237 livore

232 4272 581 4329 caperentur,
612 4263 686 4316 ait
720 4282 733 4315 :
758 4263 846 4317 57.
894 4264 1090 4336 Diliges
1114 4264 1391 4321 Dominum
1419 4266 1583 4322 Deum
1634 4278 1778 4322 tuum
1808 4285 1827 4323 :

231 4354 324 4409 38.
351 4355 447 4407 hoc
476 4356 694 4425 primum
722 4367 771 4411 et
802 4374 1042 4428 magnum
1066 4368 1139 4413 est
1165 4360 1481 4415 mandatum.
1508 4360 1598 4417 59.
1633 4362 1830 4416 Secun-

232 4446 355 4501 dttnt
381 4458 552 4501 autem
592 4448 904 4504 eimileltuic
938 4449 1178 4522 :Diliges
1207 4455 1491 4523 proximum
1517 4466 1660 4508 tuum
1698 4456 1827 4509 sicut

232 4537 470 4607 teipsum.
493 4538 622 4617 Cur,
646 4538 829 4595 Simile
856 4541 1012 4596 huic?
1042 4542 1172 4609 Quia
1197 4543 1297 4597 hoc
1325 4545 1391 4598 ad
1420 4546 1714 4613 illudviam
1736 4562 1829 4616 pa-

234 4636 334 4690 rat,
361 4638 417 4682 et
449 4628 516 4682 ab
546 4628 636 4682 illo
680 4643 867 4684 rursus
894 4633 1147 4686 munitur.
1179 4633 1309 4687 Nam
1354 4635 1668 4707 Quicumque
1693 4639 1827 4691 male

230 4718 358 4787 agit,
383 4718 487 4770 odit
513 4718 694 4785 lucem,
726 4728 776 4773 et
814 4736 914 4773 non
936 4722 1065 4774 venit
1092 4722 1160 4775 ad
1190 4723 1352 4777 lucem
1385 4724 1565 4793 (Joan.
1596 4728 1649 4781 5.
1690 4728 1821 4797 90);

230 4818 289 4863 et
316 4824 501 4864 rursus
531 4827 543 4863 :
576 4809 720 4863 Dixit
747 4812 990 4882 insipienti:
1015 4814 1066 4867 in
1089 4815 1242 4868 corde
1262 4831 1392 4869 suo:
1424 4815 1543 4870 Non
1569 4828 1640 4871 est
1683 4817 1824 4873 Dens

234 4902 409 4973 (Prol.
436 4903 529 4957 52.
562 4904 635 4971 1).
691 4904 756 4957 Et
781 4906 908 4973 quid
942 4906 1104 4960 inde?
1135 4908 1370 4976 Corrupti
1399 4923 1513 4963 sunt
1541 4920 1587 4962 et
1624 4912 1820 4964 abomi-

230 4993 424 5047 nabiles
454 4994 577 5062 facti
615 5006 731 5047 sunt
759 4998 809 5049 in
835 4997 1017 5050 studiis
1044 4999 1147 5052 suis
1187 4997 1357 5067 (Psal.
1386 5000 1469 5052 15.
1498 5001 1581 5070 2).
1618 5002 1683 5055 Ει
1720 5004 1827 5057 itc-

235 5098 353 5137 mm
384 5102 398 5137 :
425 5083 601 5137 Radix
626 5101 849 5138 omnium
880 5090 1140 5141 malorum
1167 5088 1465 5143 estavaritia
1492 5131 1504 5149 ,
1534 5108 1685 5159 quam
1706 5093 1823 5163 qni-

214 5177 354 5229 dam
405 5188 694 5245 appetentes
723 5190 1011 5230 c3TﬂP€Tiﬂll
1043 5194 1074 5229 α
1101 5178 1201 5245 ﬁde
1228 5180 1303 5250 (1.
1333 5178 1465 5234 Tim.
1491 5182 1543 5235 6.
1577 5182 1663 5251 10)
1698 5201 1709 5245 ;
1746 5193 1795 5236 et

231 5268 333 5335 Qui
360 5267 522 5337 diligit
553 5284 650 5327 me,
676 5269 913 5320 mandata
945 5285 1053 5322 mea
1077 5267 1290 5323 servabit.
1316 5272 1333 5335 (
1348 5270 1507 5327 Joan.
1558 5274 1645 5327 14.
1695 5276 1761 5330 15
1778 5286 1817 5343 ).

229 5364 467 5424 Quorum
495 5361 732 5411 omnium
777 5369 934 5427 caput
962 5370 1046 5413 est
1072 5377 1084 5413 :
1118 5360 1309 5431 Diliges
1336 5361 1611 5418 Dominum
1660 5366 1822 5420 Deum

228 5462 397 5509 tuum,
428 5463 471 5502 et
522 5454 811 5519 proximum
846 5460 989 5501 tuum
1017 5450 1146 5504 sicut
1200 5454 1432 5522 leipsum.
1466 5454 1519 5507 Si
1550 5470 1676 5523 ergo
1702 5457 1821 5511 dili-

228 5558 357 5611 gere
382 5542 568 5601 Deum,
595 5540 818 5611 diligere
851 5542 1151 5608 proximum
1179 5554 1261 5597 est
1305 5544 1447 5613 (nam
1477 5547 1580 5599 ait:
1617 5550 1822 5603 Sidili—

224 5637 303 5706 gis
329 5652 423 5698 nte,
455 5634 627 5696 Petre,
656 5650 800 5701 prisce
824 5650 936 5686 om
958 5651 1092 5689 meas
1112 5634 1286 5706 [Ιοαη.
1316 5639 1377 5693 Ξί
1394 5677 1406 5690 .
1433 5638 1571 5712 16]),
1598 5641 1820 5712 diligere

222 5738 402 5787 autem
426 5725 728 5795 proximum
761 5725 882 5777 facit
908 5734 963 5777 ut
988 5727 1230 5781 mandata
1259 5730 1681 5800 custodias,jure
1706 5735 1777 5787 ait
1803 5753 1815 5787 :

221 5821 309 5875 ω.
333 5816 401 5871 In
426 5818 509 5871 his
532 5825 637 5868 tota
663 5815 746 5868 let
770 5816 948 5882 pendet
972 5824 1017 5867 et
1041 5818 1315 5890 propinata).
1344 5818 1467 5874 Ideo
1496 5824 1634 5891 quod
1663 5834 1819 5879 antea

221 5911 366 5975 ﬁcit,
436 5908 491 5964 Μ
550 5915 605 5955 nt
654 5918 790 5957 nunc
822 5906 963 5957 facit.
998 5906 1201 5959 Etenim
1245 5908 1316 5963 ibi
1360 5911 1714 5981 interrogatus
1753 5915 1818 5971 de

558 6005 838 6066 Parnm.
892 6010 1003 6063 ’in.
1060 6008 1277 6069 [ΠΗ.

1938 2604 2097 2659 modo
2116 2600 2559 2665 resurrectionis,
2582 2600 2759 2672 ipsam
2814 2600 3241 2657 esurrectionem
3270 2598 3528 2669 asseruit,

1937 2697 2089 2771 plura
2112 2696 2316 2751 docens
2342 2708 2508 2765 quam
2530 2692 2711 2748 fuerat
2741 2694 3112 2764 interrogatus
3135 2710 3151 2748 :
3174 2702 3227 2749 et
3253 2692 3339 2748 hic
3360 2692 3528 2748 etiam

1934 2802 2001 2854 de
2029 2795 2203 2868 primo
2232 2796 2614 2865 interrogatus,
2653 2791 2949 2849 secundum
2981 2794 3193 2858 reeitat,
3231 2795 3404 2863 primo
3430 2809 3539 2850 non

1934 2888 2158 2943 multum
2207 2885 2427 2941 inferius
2478 2884 2794 2957 (secundum
2839 2884 2983 2940 enim
3026 2894 3138 2950 est,
3163 2894 3220 2941 et
3247 2885 3420 2956 primo
3466 2888 3542 2941 si-

1934 2979 2115 3049 mile),
2142 2977 2495 3034 subindicans
2522 2977 2674 3047 ipsis,
2705 2976 2849 3033 unde
2878 2977 3231 3049 interrogatio
3256 2978 3391 3033 facta
3420 2979 3487 3033 sit
3518 3018 3536 3045 ,

1935 3085 2135 3141 nempe
2175 3086 2240 3126 ex
2288 3070 2595 3124 inimicitia.
2652 3068 2863 3123 Caritas
2908 3070 3054 3124 enim
3113 3087 3217 3124 non
3264 3070 3540 3126 amittatur
3595 3129 3598 3131 λ

1938 3163 2016 3233 (1.
2049 3161 2168 3216 Cor.
2199 3162 2287 3216 15.
2320 3162 2400 3227 ι).
2429 3161 2565 3216 Ilinc
2604 3174 2664 3215 se
2693 3160 2929 3215 ostendit
2954 3170 3009 3215 et
3034 3161 3137 3230 legi
3168 3172 3222 3217 ct
3257 3162 3537 3233 prophetia

1929 3254 2176 3324 obsequi.
2207 3252 2313 3308 Sed
2341 3267 2439 3306 cur
2466 3250 2748 3306 Mattharus
2777 3251 2872 3317 ait,
2904 3251 3076 3321 ipsum
3109 3254 3347 3308 tentandi
3374 3269 3536 3310 causa

1930 3345 2317 3413 interrogasse,
2331 3342 2539 3398 Marcus
2552 3358 2680 3397 vero
2691 3351 2880 3397 contra
2898 3342 2921 3396 ?
2951 3340 3157 3407 Videas,
3178 3343 3368 3413 inquit,
3384 3342 3539 3400 Iesus

1932 3439 2054 3509 quia
2078 3436 2335 3510 sapienter
2362 3434 2724 3505 respondisset,
2757 3434 2879 3487 dicit
2916 3432 2996 3489 illi
3019 3475 3034 3499 ,
3069 3433 3189 3488 Non
3219 3436 3366 3507 longe
3410 3453 3462 3489 es
3506 3454 3539 3488 ιι

1933 3548 2089 3602 regno
2106 3527 2513 3602 Dei(Marc.12.
2534 3526 2646 3599 54).
2664 3526 2851 3597 Neque
2873 3536 3050 3582 tamen
3079 3527 3419 3589 dissentiunt,
3441 3531 3536 3585 sed

1933 3625 2219 3693 admodum
2244 3638 2489 3678 consona
2517 3623 2723 3678 dicunt.
2746 3623 3107 3693 interrogavit
3128 3624 3278 3678 enim
3326 3633 3539 3680 tentans

1934 3731 1962 3770 a
1996 3716 2288 3785 principio;
2316 3730 2346 3769 a
2375 3714 2730 3783 responsione
2770 3724 2956 3791 autem
2984 3714 3181 3785 aliquid
3223 3726 3410 3789 nactus
3435 3717 3537 3770 uti-

1932 3808 2119 3872 litatis,
2143 3805 2395 3861 laudatus
2412 3818 2516 3860 est.
2535 3805 2722 3875 Neque
2740 3806 2883 3861 enim
2914 3805 3071 3861 initio
3093 3805 3265 3875 ipsum
3282 3807 3532 3863 Christus

1935 3897 2171 3953 laudavit
2201 3914 2213 3949 :
2243 3896 2338 3952 sed
2380 3896 2597 3967 quando
2646 3898 2781 3951 dixit
2807 3894 2990 3951 amare
3021 3898 3328 3967 proximum
3362 3898 3537 3968 majus

1934 4004 2056 4046 esse
2079 4003 2239 4059 quam
2271 3981 2581 4043 holocausta
2613 3986 2830 4054 offerre,
2866 3998 2993 4043 tunc
3022 3989 3155 4043 dixit
3182 4008 3193 4042 :
3227 3988 3347 4044 Non
3388 3990 3537 4063 longe

1932 4100 1985 4137 es
2011 4100 2041 4135 a
2068 4099 2223 4153 regno
2252 4079 2389 4135 Dei:
2416 4080 2638 4135 humilia
2667 4080 2810 4135 enim
2844 4093 2899 4136 et
2926 4081 3131 4149 ahjccta
3173 4081 3481 4154 despiciens
3509 4128 3525 4148 ,

1933 4175 2251 4246 principium
2282 4174 2495 4229 virtutis
2540 4174 2773 4244 attingit.
2808 4174 3021 4229 Etenim
3078 4175 3166 4228 illa
3196 4176 3378 4230 omnia
3404 4192 3534 4247 ι)το-

1935 4277 2060 4339 pter
2079 4267 2181 4321 hoc
2208 4276 2383 4330 erant,
2408 4264 2629 4320 sabbata
2659 4280 2854 4334 nempe
2879 4274 2935 4319 et
2963 4265 3189 4336 reliqua.
3220 4266 3415 4322 Verum
3441 4284 3536 4322 ne-

1932 4375 2037 4431 que
2062 4359 2142 4415 sic
2166 4358 2243 4413 illi
2274 4356 2566 4428 perfectam
2594 4357 2806 4410 Iaudem
2838 4356 3025 4412 tribuit
3049 4398 3063 4419 ,
3092 4358 3186 4413 sed
3213 4359 3297 4412 cui
3330 4359 3531 4429 aliquid

1932 4452 2091 4509 desit.
2119 4451 2254 4506 Nam
2275 4467 2399 4506 cum
2425 4449 2643 4516 dicitur,
2677 4448 2800 4515 Non
2832 4452 2984 4521 longe
3009 4466 3081 4515 es,
3110 4451 3415 4506 declaratur
3431 4452 3533 4507 ali-

1932 4547 2057 4617 quid
2088 4548 2263 4602 adhuc
2316 4547 2592 4603 interstitii
2643 4562 2781 4611 esse,
2816 4548 3043 4618 utquod
3097 4549 3279 4604 deficit
3304 4560 3529 4619 quaerat.

1932 4641 2083 4708 Quod
2108 4642 2151 4695 si
2186 4640 2332 4694 illum
2362 4640 2547 4695 laudet
2579 4640 2720 4710 quod
2748 4640 2963 4703 dixerit,
3001 4640 3145 4696 Unus
3173 4652 3244 4695 est
3277 4641 3445 4706 Deus,
3480 4656 3529 4697 et

1932 4742 2114 4803 praeter
2144 4749 2255 4786 eunt
2296 4748 2396 4785 non
2446 4742 2521 4785 est
2568 4732 2699 4785 alius
2726 4732 2744 4801 (
2768 4730 2904 4784 Ibid.
2933 4748 2980 4785 υ.
3011 4732 3081 4787 52
3106 4734 3145 4800 ),
3166 4749 3235 4789 ne
3263 4734 3474 4788 mireris
3503 4752 3520 4800 ;

1930 4826 2024 4881 sed
2050 4826 2209 4880 etiam
2245 4825 2367 4880 inde
2395 4824 2566 4891 disce,
2599 4827 2871 4895 quomodo
2897 4826 3191 4881 secundum
3221 4828 3531 4896 opinionem

1928 4916 2294 4971 accedentium
2327 4917 2671 4986 reSpondcat.
2707 4917 2817 4973 Etsi
2852 4919 2995 4971 enim
3024 4917 3188 4972 millia
3219 4918 3285 4972 de
3313 4918 3531 4974 Christo

1925 5007 2110 5063 dicant
2133 5008 2305 5079 gloria
2336 5009 2480 5063 illius
2511 5010 2751 5080 indigna,
2792 5010 2841 5063 id
2871 5020 3048 5065 tamen
3076 5011 3258 5067 dicere
3283 5028 3389 5068 non
3427 5030 3526 5067 au-

1928 5096 2167 5162 debunt,
2220 5099 2393 5167 ipsum
2438 5100 2662 5153 omnino
2714 5117 2818 5154 nou
2874 5116 2995 5156 esse
3040 5101 3230 5157 Deum.
3261 5101 3371 5158 Cur
3397 5121 3528 5174 ergo
3580 5094 3597 5105 ’“

1805 5227 1841 5253 ,η
1929 5190 2103 5258 ipsum
2155 5190 2337 5245 laudat
2381 5192 2526 5261 quod
2560 5194 2705 5247 dicat
2734 5203 2933 5265 prteter
2986 5196 3197 5251 Patrem
3248 5212 3351 5250 nou
3406 5214 3530 5253 esse

1926 5284 2087 5337 alium
2118 5285 2330 5338 Deum?
2363 5285 2477 5338 Non
2507 5287 2649 5355 quod
2671 5290 2912 5355 scipsum
2956 5303 3061 5343 non
3094 5304 3214 5344 esse
3245 5290 3413 5345 Deum
3448 5293 3527 5344 ia-

1928 5384 2101 5447 teatur
2128 5393 2136 5429 :
2164 5377 2333 5443 absit;
2363 5377 2454 5432 sed
2485 5380 2605 5447 quia
2643 5380 2881 5433 nondum
2942 5392 3153 5451 tempus
3198 5392 3315 5437 erat
3358 5399 3512 5439 reve-

1929 5467 2071 5521 landi
2129 5468 2464 5523 divinitatem
2497 5484 2647 5523 suam
2670 5514 2683 5533 ,
2716 5473 2844 5525 sinit
2884 5488 3005 5527 eum
3039 5474 3092 5528 in
3123 5490 3221 5529 suo
3274 5476 3526 5547 dogmate

1927 5560 2236 5626 persistere,
2279 5570 2333 5612 ct
2366 5560 2545 5613 laudat
2570 5576 2689 5614 eum
2732 5564 2871 5631 quod
2904 5576 3083 5620 vetera
3124 5567 3291 5635 probe
3320 5583 3515 5638 cognnv

1924 5659 2060 5711 seat,
2093 5660 2147 5703 nt
2180 5651 2328 5704 illum
2358 5651 2545 5705 reddat
2585 5652 2835 5708 idoneum
2867 5657 2931 5710 ad
2966 5672 3119 5711 novre
3148 5658 3281 5728 legis
3327 5657 3524 5712 doctriv

1927 5754 2049 5793 nam
2079 5741 2472 5809 suscipiendam
2501 5782 2514 5805 ,
2544 5758 2643 5795 suo
2693 5754 2933 5814 tempore
2962 5748 3336 5803 inducendam.
3370 5748 3520 5801 Alio-

1925 5828 2051 5898 quin
2080 5845 2207 5883 vero
2238 5832 2367 5886 illud
2399 5874 2412 5895 ,
2451 5833 2596 5887 Unus
2627 5845 2698 5889 cst
2750 5838 2920 5906 Deus,
2953 5851 2997 5892 et
3034 5852 3219 5909 printer
3250 5858 3363 5896 eum
3416 5858 3517 5895 non

1933 5929 2005 5974 est
2032 5920 2189 5985 alius,
2222 5930 2273 5976 et
2299 5924 2350 5976 in
2386 5922 2561 5977 Veteri
2587 5968 2598 5989 ,
2632 5936 2679 5979 ct
2716 5928 2933 5999 ubique,
2984 5946 3090 5985 ιιοιι
3118 5934 3184 5982 ad
3216 5932 3517 6001 negandum

3141 6030 3214 6089 13
