4172 6484
690 444 797 502 063

695 559 888 614 Filium
917 555 1130 617 dicitur,
1159 551 1249 607 sed
1275 552 1338 607 ad
1369 551 1732 607 exclusionem
1755 547 2038 602 idolorum.
2086 542 2266 611 Itaque

691 667 812 703 «τιιιιι
842 648 984 702 illum
1013 645 1082 698 ita
1106 645 1411 714 loquentem
1440 641 1637 704 laudat,
1672 638 1773 694 hoc
1800 646 1944 693 certe
1974 647 2132 689 scnSn
2158 632 2271 684 lan-

694 744 802 796 dat.
829 738 1029 795 Deinde
1058 747 1331 806 postquam
1354 735 1649 805 respondit,
1681 734 1793 801 ipse
1810 743 2018 798 quoque
2045 727 2272 779 interro-

698 844 821 902 gat:
854 831 943 886 ΔΞ.
975 830 1108 896 Quid
1139 828 1274 882 vobis
1320 829 1512 880 videtur
1559 827 1620 879 de
1658 819 1900 879 Christo?
1954 818 2097 888 cujus
2137 815 2272 883 [ilius

695 923 808 976 est?
830 920 1010 974 Dicunt
1027 920 1092 981 ei,
1117 919 1296 971 David.
1322 916 1450 970 Vide
1468 925 1586 982 post
1611 924 1738 983 quot
1757 909 2008 965 miracula
2030 916 2076 961 et
2102 907 2269 974 signa,

699 1025 819 1086 post
846 1025 972 1084 quot
996 1012 1462 1080 interrogationes,
1492 1016 1612 1078 post
1637 1015 1766 1074 quot
1795 1008 2105 1071 argumenta
2136 1012 2264 1070 con-

696 1110 891 1165 cordia:
923 1123 1033 1162 sum
1053 1122 1173 1159 cum
1209 1105 1382 1165 Patre,
1425 1113 1533 1155 ttnu
1566 1099 1763 1163 verbis,
1797 1106 1907 1150 tum
1951 1094 2098 1148 faetis
2123 1091 2274 1147 exhi-

700 1203 808 1257 bita
831 1242 846 1266 ,
895 1210 950 1254 et
998 1208 1279 1270 postquam
1311 1193 1541 1247 laudavit
1572 1191 1730 1245 istum
1759 1188 1847 1258 qui
1877 1188 2084 1242 dixerat
2112 1198 2272 1238 unum

697 1305 818 1346 esse
844 1289 1029 1351 Deum,
1063 1295 1190 1341 tunc
1217 1286 1528 1351 iltlcrrogcl,
1551 1295 1616 1334 ne
1634 1279 1812 1334 dicere
1839 1284 2070 1346 possent,
2103 1273 2273 1343 ipsum

705 1381 960 1435 miracula
993 1378 1205 1448 quidem
1229 1375 1440 1436 fecisse,
1465 1373 1556 1427 sed
1590 1371 1690 1439 legi
1727 1368 2052 1423 contrarium
2081 1377 2135 1420 et
2167 1364 2276 1420 Deo

703 1474 975 1529 inimicum
1001 1471 1182 1526 fuisse.
1215 1469 1339 1524 Ideo
1361 1478 1479 1535 post
1509 1470 1621 1522 inec
1649 1472 1788 1518 tanta
1826 1463 2140 1530 interrogat,
2169 1472 2278 1511 oc-

707 1567 847 1620 culte
873 1565 993 1619 illos
1023 1562 1281 1618 inducens
1311 1570 1368 1614 ut
1420 1574 1478 1614 se
1507 1558 1893 1613 conlitcrcntur
1917 1567 2037 1608 esse
2086 1551 2273 1604 Deum.

701 1654 770 1710 Et
812 1655 1100 1725 discipulos
1142 1653 1370 1722 primum
1410 1650 1535 1720 quid
1586 1649 1673 1702 alii
1717 1645 1784 1702 de
1821 1660 1903 1712 se,
1931 1643 2122 1700 deinde
2150 1641 2278 1712 quid

700 1746 800 1816 ipsi
829 1745 1086 1809 dicerent,
1117 1743 1502 1813 interrogavit;
1534 1739 1633 1793 hos
1658 1745 1834 1792 autem
1865 1751 1971 1790 non
2002 1735 2112 1796 sic;
2138 1732 2274 1787 alio-

700 1839 828 1908 quin
855 1837 1110 1892 dixissent
1139 1836 1282 1889 illum
1334 1833 1670 1889 seductorem
1700 1844 1818 1885 esse
1847 1835 1903 1884 et
1929 1825 2226 1895 improbum
2260 1864 2275 1889 ,

701 1931 820 1998 quia
851 1929 1106 1984 audacter
1135 1927 1317 1983 omnia
1342 1926 1609 1982 dicebant.
1649 1923 1879 1992 Ideoque
1900 1922 2134 1991 ipsorum
2151 1932 2277 1973 sen-

703 2018 921 2074 tentiam
954 2018 1192 2088 inquirit.

770 2108 826 2163 2.
857 2107 1079 2164 Christus
1123 2106 1432 2161 divinitatem
1468 2122 1612 2160 suam
1661 2105 1857 2174 probat.
1886 2131 1956 2144 —
1977 2101 2106 2170 Quia
2137 2099 2278 2154 enim

701 2199 767 2253 ad
796 2200 1094 2268 passionem
1127 2197 1236 2266 jam
1277 2197 1446 2251 iturus
1477 2203 1613 2261 erat,
1664 2195 1806 2248 illam
1868 2192 2022 2246 alI'ert
2052 2191 2278 2260 pmphe-

704 2291 830 2345 tiam
859 2332 873 2354 ,
925 2306 1045 2360 quae
1097 2290 1270 2359 ipsum
1301 2297 1484 2356 aperte
1528 2285 1806 2341 Dominum
1850 2283 2137 2353 praedicat;
2173 2298 2276 2334 non

703 2384 822 2438 sine
851 2397 1009 2437 causa
1039 2423 1052 2445 ,
1102 2397 1271 2452 neque
1302 2381 1566 2450 prmcipue
1592 2377 1657 2432 ad
1685 2375 1735 2430 id
1767 2391 1826 2430 se
1851 2376 2149 2435 conferens,
2181 2371 2277 2427 sed

705 2489 770 2526 ex
806 2487 963 2526 causa
996 2472 1185 2526 rationi
1217 2479 1598 2524 consentanea.
1636 2469 1766 2522 Cum
1797 2467 1937 2520 enim
1973 2465 2092 2518 illos
2139 2464 2283 2532 prior

708 2563 1124 2633 interrogasset,
1179 2563 1302 2632 quia
1354 2576 1478 2615 vera
1515 2559 1583 2614 de
1626 2573 1684 2611 se
1739 2573 1842 2611 non
1878 2556 2284 2624 ‘respnnderant

712 2655 856 2722 (nam
899 2670 1086 2724 purum
1118 2652 1389 2707 hominem
1431 2652 1602 2720 ipsum
1631 2663 1751 2704 esse
1777 2645 2066 2714 dixerant),
2100 2645 2280 2698 falsam

707 2747 918 2800 illorum
943 2746 1252 2818 opinionem,
1278 2751 1540 2805 evertens,
1573 2741 1652 2797 sic
1691 2738 1939 2794 Davidem
1975 2736 2172 2790 inducit
2196 2734 2282 2789 di~

705 2837 978 2891 vinitatcm
1023 2851 1171 2889 suam
1205 2834 1600 2904 praedicantem.
1660 2829 1736 2884 Illi
1769 2843 1995 2899 namque
2027 2826 2284 2897 putabant

707 2929 875 2997 ipsum
903 2942 1021 2982 esse
1051 2941 1236 2996 purum
1265 2924 1534 2979 hominem
1558 2963 1572 2987 .
1605 2922 1830 2990 ideoque
1855 2921 2125 2985 dixerunt,
2172 2917 2282 2970 Da-

706 3019 791 3073 vid
820 3035 836 3071 :
860 3018 974 3086 ipse
1000 3033 1127 3072 vero
1171 3015 1270 3070 hoc
1299 3013 1590 3070 cmendans
1616 3012 1832 3066 adducit
1856 3010 2190 3081 prophetam,
2229 3017 2284 3062 et

706 3108 984 3162 Dominum
1014 3107 1208 3177 ipsum,
1243 3116 1298 3160 et
1333 3119 1644 3175 germanum
1678 3103 1863 3165 filium,
1897 3111 1950 3156 et
1980 3100 2124 3170 paris
2152 3114 2274 3154 cum

705 3197 861 3251 I’atre
895 3197 1114 3251 honoris
1145 3212 1263 3250 esse
1296 3195 1692 3249 testiﬁcanlem.
1738 3193 1920 3262 Neque
1957 3193 2042 3247 hic
2088 3191 2281 3246 substi-

706 3287 805 3350 tit;
850 3289 942 3341 sed
974 3297 1032 3342 ut
1059 3287 1179 3341 illos
1215 3295 1462 3350 terreret,
1496 3284 1635 3352 quod
1688 3286 1927 3354 sequitur
1951 3283 2164 3352 adjecit,
2197 3283 2280 3336 di-

704 3392 833 3433 cens
865 3395 877 3429 :
910 3375 1083 3431 Donec
1125 3393 1309 3445 ponam
1364 3376 1593 3431 inimicos
1635 3385 1746 3429 tuos
1784 3374 2056 3428 scabellum
2102 3374 2284 3445 pedum

706 3480 940 3532 tuorum;
984 3468 1142 3522 utsic
1187 3467 1306 3521 illos
1332 3468 1396 3521 ad
1426 3482 1608 3521 veram
1653 3466 2012 3535 cognitionem
2063 3465 2284 3520 induce-

708 3569 809 3615 ret.
843 3559 917 3614 Nc
944 3574 1070 3615 vero
1091 3558 1336 3613 dicerent
1359 3599 1372 3620 .
1404 3558 1575 3627 ipsum
1603 3557 1867 3612 adulando
1897 3556 2010 3611 hate
2052 3556 2281 3622 dixisse,

704 3662 757 3707 ct
787 3653 922 3708 hanc
951 3653 1270 3707 sententiam
1304 3652 1586 3705 humanam
1634 3666 1752 3706 esse
1771 3690 1786 3715 ,
1818 3649 1939 3705 vide
1959 3648 2086 3719 quid
2114 3648 2276 3703 dicat.

705 3747 796 3799 45.
834 3743 1097 3810 Quomodo
1129 3760 1246 3813 ergo
1275 3741 1443 3795 David
1483 3742 1535 3794 in
1585 3741 1766 3810 spiritu
1798 3750 1940 3794 uocat
1965 3756 2076 3794 eum
2111 3738 2284 3791 Domi-

707 3852 852 3896 num,
879 3834 1050 3888 dicens
1074 3849 1088 3888 :
1115 3834 1206 3887 44.
1231 3832 1376 3886 Dixit
1400 3830 1656 3885 Dominus
1694 3830 1911 3885 Domino
1939 3847 2069 3891 meo,
2096 3829 2229 3884 Sede
2252 3846 2284 3882 a

705 3926 896 3980 dextris
923 3925 1065 3989 meis,
1095 3923 1253 3977 donec
1283 3907 1467 3990 ponam
1508 3922 1736 3976 inimicos
1766 3932 1876 3986 tuos
1899 3920 2168 3975 scabellum
2197 3938 2284 3989 pe-

704 4020 826 4071 dum
857 4028 1058 4071 tuorum
1083 4015 1252 4084 (Psal.
1290 4015 1411 4070 109.
1445 4014 1498 4083 l)
1521 4015 1544 4067 ?
1570 4013 1660 4069 45.
1691 4014 1751 4068 Si
1776 4030 1896 4083 ergo
1929 4013 2094 4066 David
2140 4021 2284 4065 vocat

704 4124 817 4160 eum
846 4106 1117 4160 Dominum
1141 4147 1156 4171 ,
1188 4105 1436 4171 quomodo
1463 4105 1602 4168 [ilius
1651 4107 1762 4173 ejus
1813 4103 1929 4156 est?
1962 4101 2093 4157 Vide
2123 4118 2282 4168 quam

710 4197 988 4252 moderate
1013 4198 1330 4250 sententiam
1360 4206 1412 4250 et
1457 4195 1760 4264 Opinionem
1790 4195 1858 4249 de
1897 4209 1955 4249 se
1985 4193 2280 4248 habendam

709 4290 944 4344 inducat.
977 4288 1159 4344 Primo
1187 4289 1340 4350 dixit,
1375 4287 1510 4354 Quid
1539 4288 1674 4340 vobis
1705 4286 1946 4341 videtur?
1981 4289 2125 4354 cuius
2141 4288 2278 4355 ﬁlius

709 4380 911 4434 (st7ut
958 4395 1052 4450 per
1100 4379 1565 4449 interrogationem
1616 4377 1681 4432 ad
1728 4378 2129 4448 responsionem
2159 4378 2278 4433 illos

709 4471 956 4525 adducat.
987 4469 1186 4525 Deinde
1212 4470 1330 4539 quia
1359 4468 1627 4532 dixerant,
1664 4467 1846 4532 David,
1880 4467 1992 4522 haec
2026 4469 2278 4538 loquitur,

705 4562 797 4618 scd
816 4577 998 4618 rursus
1026 4562 1398 4630 interrogando
1426 4578 1438 4612 ε
1458 4559 1722 4627 Quomodo
1739 4576 1856 4631 ergo
1877 4559 2041 4614 Dauid
2058 4561 2106 4612 in
2125 4561 2281 4630 spiri-

706 4667 760 4707 tu
790 4665 929 4708 cacat
973 4671 1084 4708 eum
1111 4652 1432 4707 Dominum?
1462 4667 1526 4707 ne
1543 4653 1747 4707 scilicet
1784 4652 1866 4706 his
1912 4653 2088 4708 verbis
2109 4653 2278 4707 offen-

704 4745 918 4798 dantnr.
949 4745 1070 4799 Ideo
1091 4759 1193 4798 non
1211 4743 1362 4808 dixit,
1385 4744 1509 4812 quid
1539 4743 1693 4798 vobis
1711 4743 1918 4798 videtur
1934 4743 1999 4798 de
2017 4760 2131 4809 me;
2161 4745 2278 4810 sed,

705 4834 782 4888 De
809 4833 1026 4890 Christo.
1049 4834 1247 4889 Idcirco
1266 4836 1485 4903 apostoli
1515 4838 1734 4890 remisse
1764 4835 1831 4889 de
1862 4836 2156 4905 patriarcha
2178 4836 2280 4889 Da-

704 4929 823 4982 vide
852 4928 1202 4998 loquebantur
1225 4928 1465 4983 dicentes
1491 4945 1504 4980 :
1538 4927 1706 4982 Liceat
1733 4930 1883 4984 libere
1907 4931 2072 4984 dicere
2093 4932 2155 4984 de
2184 4948 2280 5000 pa-

705 5021 923 5074 triarcha
945 5019 1130 5087 David,
1152 5022 1268 5091 quia
1285 5029 1510 5073 mortuus
1527 5031 1574 5074 et
1601 5021 1821 5090 sepultus
1839 5032 1908 5076 est
1930 5022 2062 5092 (Act.
2089 5022 2142 5075 2.
2163 5022 2276 5092 29).

703 5111 959 5168 Similiter
995 5122 1049 5168 et
1093 5113 1225 5183 ipse.
1253 5112 1403 5182 quasi
1436 5113 1808 5182 interrogantis
1834 5126 1887 5169 et
1915 5116 2279 5170 ratiocinantis

706 5220 873 5266 more,
901 5203 1091 5274 dogma
1120 5205 1320 5258 inducit
1353 5203 1570 5260 dicens:
1597 5203 1858 5268 Quomodo
1887 5221 2003 5276 ergo
2045 5204 2208 5258 David
2228 5207 2280 5260 in

706 5298 885 5366 spiritu
929 5307 1069 5350 vocat
1117 5314 1228 5351 cum
1278 5295 1576 5362 Dominum,
1619 5298 1789 5351 dicens
1818 5313 1836 5350 :
1862 5295 2003 5351 Dixit
2033 5296 2278 5354 Dominus

706 5388 925 5442 Domino
949 5405 1076 5453 meo,
1105 5389 1238 5442 Sede
1266 5406 1296 5440 α
1319 5390 1508 5443 dextris
1533 5389 1674 5452 meis,
1712 5389 1869 5441 donec
1897 5405 2081 5459 ponam
2110 5390 2280 5442 inimi-

704 5495 788 5532 cos
820 5489 930 5531 tuos
951 5478 1220 5530 scabellnnt
1253 5479 1434 5547 pedum
1466 5478 1713 5532 tuorum?
1741 5489 1792 5532 et
1815 5495 2045 5545 rursum,
2076 5476 2137 5534 Si
2161 5496 2277 5551 ergo

711 5570 872 5622 David
904 5579 1042 5622 vocat
1072 5586 1182 5623 cum
1215 5569 1507 5635 Dominum,
1548 5570 1795 5639 quomodo
1843 5571 1978 5637 ﬁlius
2025 5571 2134 5640 ejus
2157 5571 2277 5625 est?

702 5677 805 5714 non
837 5661 974 5730 quod
1005 5672 1158 5731 neget
1190 5677 1306 5716 esse
1334 5662 1495 5716 (ilium
1528 5661 1764 5727 Davidis;
1790 5661 1924 5716 absit
1952 5679 1965 5728 ;
2001 5678 2105 5717 non
2137 5664 2275 5718 enim

708 5753 915 5805 l’atrum
947 5750 1043 5807 hac
1071 5754 1136 5807 de
1165 5767 1321 5807 causa
1347 5754 1704 5824 increpasset;
1732 5751 1824 5807 sed
1857 5754 2063 5808 illorum
2091 5770 2276 5809 cumn-

706 5843 836 5896 dans
865 5844 1188 5909 opinionem.
1226 5842 1402 5913 Itaque
1433 5842 1643 5913 quando
1671 5842 1816 5914 dicit,
1849 5844 2111 5912 Quomodo
2135 5846 2273 5916 ﬁlius

1468 437 1520 492 S.
1559 432 1834 491 JOANNIS
1870 420 2348 487 CllllYSOSTOMl
2393 421 2705 480 ARCIIlEP.
2749 420 3281 479 CONSTANTINOP.

3849 418 3953 475 σαι

2380 540 2485 608 ejus
2512 540 2624 592 est?
2648 541 2746 593 hoc
2773 539 2871 592 sibi
2905 539 3014 592 vult
3048 555 3060 591 :
3091 538 3207 593 Non
3234 546 3291 591 ut
3311 551 3403 593 vos
3424 535 3621 590 dicitis.
3655 535 3731 590 Illi
3762 534 3956 606 quippe

2377 629 2620 683 dicebant
2643 671 2658 690 ,
2693 629 2862 697 ipsum
2891 644 3010 683 esse
3039 639 3240 683 tantum
3276 628 3489 682 Davidis
3511 628 3700 689 tilium,
3724 640 3831 680 non
3851 625 3956 679 Do-

2379 721 2599 773 minum.
2637 720 2760 774 Post
2789 721 3006 773 allatum
3045 721 3404 774 testimonium
3453 721 3677 774 remisse
3727 717 3908 788 adjicit
3942 733 3958 772 :

2380 812 2442 866 Si
2467 831 2582 883 ergo
2606 812 2773 866 David
2795 825 2934 866 vorat
2961 831 3070 867 cuni
3087 812 3386 879 Dominum,
3409 816 3660 888 quomodo
3683 814 3824 882 ﬁlius
3847 829 3962 883 ejus

2379 904 2486 957 est!
2514 905 2760 960 Attamen
2807 905 2888 960 his
2917 906 3131 972 auditis,
3187 905 3314 960 nihil
3355 908 3783 978 responderunt:
3812 907 3962 961 noleo

2382 993 2508 1047 hant
2557 995 2697 1050 enim
2741 996 3010 1066 quidpiam
3050 1008 3468 1053 consentaneum
3520 998 3781 1054 ediscere.
3813 999 3960 1066 Qua-

2383 1093 2599 1153 pr0pter
2629 1086 2741 1156 ipse
2788 1088 3286 1158 subjungitdicens,
3338 1090 3617 1142 Dominum
3647 1091 3765 1158 ejus
3815 1105 3958 1144 esse.

2382 1175 2493 1231 Imo
2523 1193 2698 1248 neque
2724 1178 2825 1234 hoc
2854 1179 3098 1236 absolute
3121 1181 3275 1245 dixit,
3313 1180 3406 1234 sed
3435 1181 3750 1250 prophetam
3777 1194 3962 1234 secum

2381 1284 2662 1326 assumens
2686 1313 2701 1338 ,
2731 1287 2796 1327 eo
2845 1271 2986 1342 quod
3029 1271 3126 1341 ipsi
3160 1272 3316 1327 ﬁdem
3351 1273 3547 1326 nullam
3596 1271 3857 1326 haberent
3909 1281 3963 1324 et

2382 1362 2518 1415 male
2544 1362 2679 1431 apud
2709 1363 2827 1418 illos
2852 1363 3077 1418 audiret.
3108 1362 3259 1429 Quod
3291 1363 3583 1433 praesertim
3612 1370 3916 1430 spectantes
3947 1401 3963 1423 ,

2382 1453 2591 1508 etiamsi
2632 1453 2757 1523 quid
2789 1455 2988 1509 humile
3017 1455 3098 1508 vel
3130 1454 3422 1509 demissum
3455 1453 3522 1508 de
3547 1467 3608 1508 se
3658 1453 3823 1515 dicat,
3856 1468 3962 1505 non

2384 1543 2577 1598 oﬂ'endi
2630 1553 2893 1614 Oportet:
2944 1545 3058 1600 lure
3111 1547 3252 1599 enim
3301 1560 3460 1600 causa
3511 1553 3564 1600 et
3613 1544 3732 1598 alia:
3783 1543 3966 1598 mule

2385 1645 2558 1702 erant,
2587 1650 2682 1690 cur
2709 1637 2918 1692 illorum
2968 1637 3145 1706 ωριυὶ
3174 1651 3453 1692 sermones
3481 1651 3611 1692 suos
3640 1645 3966 1703 attempera-

2389 1739 2493 1784 ret.
2530 1729 2654 1785 Ideo
2687 1746 2825 1785 nunc
2856 1743 2952 1800 per
2977 1731 3441 1800 interrogationem
3480 1739 3532 1784 et
3558 1727 3967 1798 responsionem

2384 1821 2633 1891 dogmata
2664 1822 2858 1885 tradit;
2889 1821 2965 1877 sic
2990 1837 3116 1876 vero
3138 1821 3432 1876 subindicat
3453 1821 3764 1892 dignitatem
3787 1836 3963 1875 suam.

2386 1911 2504 1968 Non
2537 1914 2678 1968 enim
2711 1929 2806 1983 par
2850 1924 2964 1969 erat
3005 1914 3188 1968 audire
3222 1914 3526 1969 Judazorum
3557 1914 3862 1976 Dominum,
3912 1922 3966 1968 et

2387 2003 2620 2058 Davidis.
2649 2004 2726 2058 Tu
2763 2021 2888 2059 vero
2913 2004 3043 2059 mihi
3070 2005 3522 2074 opportunitatem
3553 2005 3710 2058 etiam
3741 2019 3969 2073 perpetr-

2385 2094 2472 2149 dc.
2507 2095 2640 2149 Cum
2668 2096 2808 2151 enim
2838 2097 2988 2160 dicit,
3017 2096 3164 2152 Unus
3194 2107 3275 2152 est
3305 2096 3585 2161 Dominus,
3627 2105 3753 2150 tunc
3805 2104 3863 2150 et
3902 2095 3970 2150 de

2387 2189 2565 2256 seipse
2597 2189 2847 2257 loquitur,
2881 2190 3002 2259 quia
3029 2189 3282 2245 Dominus
3309 2199 3412 2253 est,
3447 2188 3603 2259 idque
3630 2205 3692 2243 ex
3725 2188 3965 2258 praphe-

2387 2281 2476 2342 tia,
2508 2295 2679 2350 neque
2697 2290 2899 2336 tantum
2921 2297 2986 2336 ex
3012 2281 3281 2351 operibus.
3309 2281 3659 2350 Ostenditque
3676 2279 3887 2336 Patrem
3912 2294 3972 2335 se

2388 2371 2456 2426 de
2489 2373 2589 2428 illis
2613 2373 3000 2427 vindicaturum
3031 2387 3170 2434 esse,
3202 2373 3422 2428 dicens:
3453 2370 3624 2426 Donec
3650 2387 3836 2441 ponam
3865 2372 3967 2423 ini-

2388 2463 2542 2516 micos
2592 2474 2702 2518 tuos
2745 2465 3017 2518 scabellum
3069 2465 3250 2534 pedum
3277 2476 3520 2530 tuorum;
3564 2464 3785 2518 multam
3840 2463 3964 2518 inde

2393 2566 2697 2610 monstrans
2747 2570 2867 2609 cum
2917 2555 3074 2610 Patre
3103 2540 3443 2611 concordiam
3470 2569 3762 2626 paremque
3791 2553 3964 2610 bono-

2391 2663 2539 2701 rem:
2573 2649 2759 2716 hisque
2801 2647 2979 2702 verbis
3021 2647 3181 2702 ﬁnem
3222 2648 3518 2702 disserendi
3551 2647 3695 2709 fecit,
3725 2645 3869 2714 quod
3907 2657 3961 2699 et

2391 2739 2617 2794 sublime
2645 2749 2696 2792 et
2728 2755 2975 2808 magnum
3003 2747 3118 2792 erat
3140 2780 3153 2802 ,
3208 2747 3520 2810 poteratque
3549 2738 3654 2792 illis
3697 2738 3968 2793 silentium

2390 2831 2682 2900 imponere.
2709 2829 2839 2885 Nam
2871 2841 2924 2884 et
2953 2829 3144 2886 exinde
3171 2840 3471 2895 tacuerunt,
3500 2845 3602 2884 non
3626 2839 3841 2898 sponte,
3876 2829 3970 2884 sed

2388 2922 2529 2994 quod
2558 2923 2692 2977 nihil
2725 2922 3008 2977 dicendum
3038 2933 3346 2993 suppeteret
3377 2940 3390 2976 :
3420 2933 3474 2977 et
3503 2931 3607 2976 tam
3636 2937 3852 2992 gravem
3872 2938 3936 2976 ex
3956 2950 3970 2961 -

2389 3030 2582 3085 cepere
2613 3016 2843 3085 plagam.
2875 3027 2930 3068 ut
2957 3031 3023 3069 ne
3054 3017 3188 3070 ultra
3210 3015 3396 3069 eadem
3425 3015 3638 3084 aggredi
3671 3013 3968 3077 auderent;

2389 3109 2462 3161 ait
2484 3108 2626 3160 enim
2660 3124 2675 3162 :
2706 3108 2794 3160 46.
2824 3105 3017 3160 Nullus
3042 3123 3194 3160 ausus
3220 3115 3293 3160 est
3343 3107 3406 3158 ab
3432 3107 3521 3159 illa
3548 3107 3630 3158 die
3669 3107 3837 3174 ipsum
3888 3122 3970 3156 ιιι·

2391 3208 2665 3270 terrogare.
2730 3199 2860 3253 Illud
2893 3215 3023 3253 vero
3050 3199 3219 3252 turbis
3260 3215 3365 3253 non
3422 3213 3606 3266 parum
3657 3197 3788 3251 utile
3831 3205 3968 3250 crat.

2390 3292 2619 3360 Ideoque
2637 3291 2700 3344 ad
2728 3290 3117 3344 multitudinem
3142 3290 3396 3358 deinceps
3417 3303 3719 3343 sermonem
3742 3300 3972 3342 conver-

2393 3385 2474 3448 tit,
2504 3382 2695 3435 aniotis
2725 3382 2886 3451 lupis,
2919 3383 3264 3451 ipsorumque
3291 3379 3494 3435 insidiis
3518 3378 3747 3448 rejectis.

2473 3519 2616 3573 Vana
2641 3521 2806 3591 gloria
2831 3528 2878 3574 et
2903 3536 2966 3574 ea:
3010 3519 3155 3573 malis
3180 3528 3226 3571 et
3262 3535 3325 3572 ea:
3353 3518 3494 3570 bonis
3521 3515 3802 3585 queritur;
3836 3514 3972 3568 ultra

2397 3612 2549 3664 vitam
2581 3611 2892 3664 extenditur.
2924 3640 2994 3650 —
3019 3609 3099 3664 llli
3130 3608 3273 3663 enim
3303 3606 3436 3661 nihil
3465 3605 3590 3660 hinc
3637 3603 3766 3658 lucri
3800 3602 3973 3672 perci-

2394 3703 2642 3772 piehant,
2675 3718 2808 3756 vana
2831 3703 2996 3773 gloria
3023 3703 3186 3772 capti,
3221 3701 3272 3754 in
3303 3699 3552 3769 huncque
3577 3711 3797 3767 gravem
3831 3710 3972 3750 mor-
4022 3681 4029 3689 ’

2389 3796 2514 3849 bum
2539 3795 2693 3863 lapsi.
2717 3794 2907 3851 Gravis
2929 3793 3072 3849 enim
3104 3802 3159 3848 et
3185 3791 3464 3862 multiceps
3494 3790 3710 3845 morbus
3729 3796 3814 3842 est
3844 3805 3857 3840 :
3883 3789 3974 3842 illo

2389 3887 2531 3940 enim
2559 3887 2701 3940 ducti
2746 3886 2834 3939 alii
2867 3884 3217 3955 principatum
3240 3924 3255 3949 ,
3301 3884 3390 3937 alii
3443 3881 3715 3952 pecunias,
3741 3879 3831 3934 alii
3874 3893 3970 3949 po-

2391 3980 2608 4032 tentiam
2654 3987 2852 4031 amant.
2888 3977 3209 4046 Progressus
3259 3983 3436 4029 autem
3491 3972 3710 4026 morbus
3751 3970 3878 4034 ille,
3908 3969 3971 4022 ad

2391 4071 2788 4138 elcemosyuam
2813 4082 2978 4135 usque
3005 4067 3172 4131 venit,
3213 4064 3496 4136 jejunium,
3553 4061 3893 4130 precationes
3919 4068 3972 4114 et

2389 4161 2728 4225 doctrinam;
2776 4160 3046 4229 multaque
3089 4167 3214 4212 sunt
3262 4156 3418 4224 hujus
3466 4153 3592 4210 fera:
3637 4152 3828 4222 capita.
3866 4151 3969 4206 Sed

2389 4254 2528 4324 quod
2553 4252 2618 4307 de
2639 4253 2757 4306 aliis
2787 4267 2977 4306 vanam
3005 4250 3225 4322 gloriam
3263 4258 3592 4317 aucupentur
3615 4287 3630 4312 ,
3681 4244 3814 4299 nihil
3868 4244 3970 4297 mi-

2391 4363 2503 4401 rum
2530 4362 2544 4410 ;
2572 4345 2712 4415 quod
2737 4356 2910 4399 autem
2937 4345 3004 4397 de
3026 4342 3225 4412 jejunio
3250 4350 3303 4395 et
3327 4341 3393 4394 de
3420 4337 3683 4403 oratione,
3717 4336 3821 4390 hoc
3842 4349 3970 4388 sane

2387 4439 2704 4508 stupendum
2718 4447 2771 4491 et
2799 4437 3045 4507 lacrymis
3058 4435 3271 4504 dignum
3289 4443 3388 4486 ρει.
3413 4431 3517 4487 Sed
3539 4445 3604 4484 ne
3624 4429 3968 4483 criminemur

2390 4541 2593 4586 tantum
2619 4573 2632 4596 ,
2675 4545 2793 4600 age,
2826 4530 3041 4583 modum
3085 4527 3199 4594 ejus
3228 4524 3460 4592 fugiendi
3505 4521 3674 4577 morbi
3705 4520 3965 4574 dieamns.

2387 4624 2532 4692 Quos
2557 4638 2684 4693 ergo
2708 4622 2881 4693 primo
2908 4616 3314 4690 aggrediemur?
3338 4631 3404 4670 an
3432 4630 3525 4671 eos
3547 4614 3634 4685 qui
3653 4612 3721 4668 de
3741 4611 3967 4678 divitiis,

2389 4716 2471 4770 vel
2499 4715 2564 4770 de
2591 4714 2924 4769 vestimentis
2947 4710 3281 4783 gloriantur?
3311 4724 3378 4764 an
3407 4722 3502 4764 eos
3530 4706 3620 4776 qui
3649 4706 3718 4761 de
3765 4706 3970 4774 princi-

2389 4819 2510 4878 patu
2535 4809 2556 4861 1
2587 4807 2672 4862 vel
2702 4821 2797 4862 eos
2818 4806 2906 4875 qui
2933 4805 2999 4858 de
3025 4803 3270 4858 doctrina
3296 4843 3311 4867 ,
3362 4801 3444 4854 vel
3472 4799 3561 4868 qui
3587 4798 3660 4864 de
3688 4811 3925 4867 corpore
3952 4837 3963 4860 ,

2390 4901 2470 4955 vel
2493 4901 2560 4955 de
2585 4900 2808 4964 artibus,
2835 4899 2915 4953 vel
2943 4897 3008 4952 de
3035 4896 3225 4960 forma,
3257 4896 3339 4949 vel
3368 4894 3436 4948 de
3461 4891 3835 4947 ornamentis?
3885 4889 3965 4942 vel

2385 4994 2472 5061 qui
2521 4993 2588 5047 de
2614 4990 2934 5046 crudelitate
2961 5033 2974 5056 ,
3007 4991 3087 5044 vel
3137 4991 3224 5058 qui
3277 4987 3342 5041 de
3398 4986 3746 5055 benignitate,
3773 4983 3862 5039 vel
3902 4983 3966 5036 de

2386 5083 2767 5154 eleemosyna?
2802 5081 2883 5136 vel
2926 5082 3014 5149 qui
3041 5079 3108 5134 de
3138 5078 3392 5148 nequitia,
3423 5075 3507 5130 vel
3529 5075 3615 5144 qui
3635 5074 3702 5127 de
3745 5070 3967 5128 morte?

2386 5177 2466 5229 vel
2517 5175 2605 5244 qui
2646 5175 2805 5228 etiam
2850 5180 2970 5242 post
3006 5181 3232 5224 mortem
3262 5184 3409 5222 vana:
3462 5166 3645 5236 gloria:
3675 5164 3805 5218 dant
3843 5179 3965 5231 ope-

2387 5268 2538 5320 ram?
2571 5264 2758 5320 Multas
2785 5264 2924 5318 enim
2948 5303 2962 5326 ,
2993 5270 3050 5316 ut
3075 5261 3208 5325 dixi,
3244 5261 3327 5314 hic
3357 5258 3577 5312 morhns
3600 5254 3965 5324 complicatio-

2387 5375 2482 5414 nes
2510 5359 2688 5421 habet,
2721 5359 2986 5425 etiamque
3031 5355 3166 5407 ultra
3217 5351 3378 5405 vitam
3413 5359 3648 5404 nostram
3693 5345 3962 5415 progredi-

2391 5464 2490 5505 tur.
2538 5451 2666 5504 Nam
2699 5450 2856 5517 vulgo
2879 5448 3094 5510 dicitur,
3124 5445 3216 5497 Ille
3244 5442 3454 5512 quidam
3484 5449 3726 5493 mortuus
3752 5447 3834 5492 est
3869 5454 3882 5492 :
3913 5446 3964 5490 et

2388 5555 2443 5598 ut
2465 5543 2798 5598 admirationi
2826 5551 2984 5605 esset,
3023 5539 3135 5592 lnec
3158 5546 3211 5591 et
3233 5536 3321 5589 illa
3373 5535 3483 5588 fieri
3511 5532 3706 5602 jussit:
3740 5531 3961 5598 ideoque

2389 5638 2473 5691 ille
2505 5651 2704 5706 pauper
2725 5677 2739 5700 ,
2771 5633 2862 5688 ille
2890 5633 3038 5687 dives
3073 5639 3174 5685 est.
3218 5628 3347 5682 Nam
3379 5626 3520 5694 quod
3561 5623 3812 5680 acerbum
3842 5630 3952 5685 est,

2385 5750 2448 5788 ex
2479 5729 2761 5785 contrariis
2790 5730 2899 5782 lucc
2921 5726 3030 5781 fera
3058 5730 3284 5779 constat.

2457 5847 2511 5902 5.
2537 5841 2722 5900 Contra
2761 5859 2842 5896 eos
2879 5840 2962 5910 qui
2992 5839 3354 5907 eleemosynnm
3393 5835 3514 5888 dant
3563 5832 3629 5888 ad
3677 5819 3965 5888 ostentatio-
