4172 6486
218 477 323 533 665

223 604 360 642 aerii.
393 613 461 623 —
488 580 762 638 Adversus
788 591 920 645 quos
973 589 1100 643 ergo
1150 574 1323 642 primo
1367 572 1628 627 stabimus
1669 578 1724 625 et
1765 584 1821 622 a-

222 682 362 736 ciem
395 674 765 733 iustruemus?
792 671 909 726 Non
944 668 1073 723 satis
1126 668 1320 737 quippe
1370 676 1452 721 est
1492 665 1663 719 oratio
1720 676 1823 716 una

227 770 493 826 adversus
517 779 727 822 omnes.
772 761 1016 816 \‘ultisue
1053 775 1149 816 eos
1199 759 1571 828 aggrediamur
1612 754 1702 826 qui
1758 752 1825 807 de

225 863 572 932 eleemosyna
588 854 929 926 gloriantur?
960 851 1083 906 Mihi
1128 860 1275 905 certe
1304 850 1355 904 id
1398 856 1821 904 consentaneum

225 955 485 1010 videtur:
519 965 640 1005 nam
676 964 789 1003 rem
820 946 990 1016 ipsam
1031 944 1186 997 valde
1208 943 1403 1013 diligo,
1447 949 1503 995 et
1542 939 1826 995 labefacta-

229 1058 341 1104 tam
371 1044 619 1114 deploro,
676 1050 731 1095 et
755 1038 905 1108 quasi
957 1036 1118 1105 regiae
1167 1035 1355 1103 puellae
1401 1032 1661 1086 nutricem
1692 1029 1826 1084 insi-

228 1134 472 1193 diantem‘
498 1148 689 1186 vanam
717 1129 941 1201 gloriam
977 1125 1191 1190 habeo;
1225 1125 1322 1178 alit
1345 1124 1540 1193 quippe
1563 1123 1728 1187 illam,
1759 1118 1830 1174 ad

231 1227 619 1297 turpitudinem
664 1232 717 1277 et
756 1222 1008 1276 damnum
1040 1234 1134 1288 per
1160 1218 1485 1286 voluptatem
1539 1215 1778 1268 alliciens
1808 1253 1825 1278 ,

231 1336 289 1380 et
334 1323 503 1395 patris
528 1324 670 1391 justa
718 1319 996 1387 despicere
1039 1315 1259 1376 deciens,
1295 1322 1349 1367 ut
1380 1311 1622 1366 scelestis
1653 1308 1830 1379 perdi—

232 1419 411 1488 Iisque
433 1430 578 1484 smpe
610 1413 735 1467 viris
774 1414 1017 1480 placeat:
1069 1420 1289 1461 ornatus
1330 1404 1587 1461 adhibere
1610 1400 1827 1465 suadet,

232 1522 421 1582 turpes
449 1509 805 1576 infamesque,
838 1504 1025 1574 quales
1059 1501 1280 1567 exteris,
1314 1514 1420 1553 non
1453 1496 1588 1567 patri
1622 1496 1833 1565 placere

233 1603 461 1675 possint.
494 1603 605 1671 Age
627 1612 755 1668 ergo
786 1596 881 1650 bos
906 1593 1275 1665 aggrediamur
1294 1632 1309 1657 ,
1342 1603 1396 1643 et
1424 1593 1496 1644 sit
1520 1589 1827 1656 eleemosy-

233 1713 302 1753 ua
334 1699 482 1767 large
504 1693 669 1748 ellnsa
693 1691 760 1745 ad
791 1683 1498 1751 ostentationenuSicigitur
1517 1682 1702 1736 illama
1720 1679 1834 1733 tha-

232 1792 379 1847 lamo
397 1798 618 1859 paterno
641 1784 837 1840 educit.
868 1782 1027 1837 Pater
1073 1788 1260 1834 autem
1286 1776 1437 1847 jubet
1457 1790 1525 1830 ne
1552 1773 1620 1827 ad
1649 1771 1836 1827 dexte-

237 1898 352 1938 ram
377 1879 595 1951 quidem
620 1876 891 1945 respicere
920 1890 934 1928 :
960 1873 1047 1926 illa
1068 1885 1196 1926 vero
1225 1871 1457 1938 seipsam
1480 1865 1652 1922 servis
1671 1862 1834 1918 exhi-

237 1973 331 2029 bet
362 1986 427 2025 ac
455 1968 733 2038 quibusvis
774 1965 1115 2029 hominibus,
1163 1963 1254 2034 qui
1296 1976 1363 2017 ne
1390 1959 1570 2016 norint
1620 1956 1835 2027 quidem

237 2067 407 2122 illam.
444 2062 633 2118 Vidisti
681 2059 1019 2114 meretricem
1044 2066 1099 2111 et
1140 2056 1315 2111 lenam
1366 2052 1432 2108 ad
1470 2050 1837 2122 improborum

239 2169 485 2210 amorem
540 2166 662 2208 sese
704 2151 989 2206 dedentem
1017 2188 1032 2210 ,
1082 2155 1135 2202 ut
1156 2160 1255 2217 pro
1298 2144 1539 2216 ipsorum
1588 2140 1838 2211 cupidine

238 2260 363 2302 Sese
392 2242 665 2300 exornet?
700 2240 795 2296 Vis
816 2239 999 2295 videre
1020 2236 1295 2309 quomodo
1345 2250 1452 2290 non
1500 2232 1839 2289 meretricem

240 2336 438 2401 modo,
498 2334 591 2390 sed
647 2334 901 2387 lurioSam
947 2331 1090 2385 illam
1145 2328 1377 2382 animam
1420 2324 1659 2380 reddat?
1712 2320 1841 2391 Ejus

242 2437 481 2483 mentem
508 2424 706 2481 edisce.
738 2424 871 2478 Cum
904 2423 1047 2478 enim
1089 2421 1224 2476 ca‘lo
1264 2419 1456 2474 relicto
1501 2424 1685 2471 currat
1722 2422 1843 2485 post

246 2518 504 2590 fugitivos
532 2526 587 2571 et
615 2531 807 2572 vernas
846 2529 942 2583 per
962 2514 1110 2567 vicos
1137 2520 1192 2568 et
1232 2510 1566 2581 angiportus,
1600 2506 1668 2561 ad
1696 2506 1842 2560 inse-

244 2608 494 2681 quendos
533 2608 675 2673 illos,
730 2608 818 2677 qui
849 2609 1017 2677 ipsam
1041 2606 1305 2671 oderunt,
1362 2615 1546 2672 turpes
1576 2616 1640 2656 ac
1668 2599 1846 2655 defor-

253 2717 371 2756 mes
399 2699 668 2763 homines,
695 2698 787 2768 qui
807 2713 876 2752 ue
902 2697 1087 2753 videre
1126 2694 1339 2765 quidem
1391 2694 1561 2763 ipsam
1606 2690 1795 2745 volunt
1824 2730 1851 2757 ,η

246 2793 338 2861 qui
386 2789 635 2860 quoniam
667 2790 748 2843 sui
778 2802 966 2843 amore
1014 2796 1224 2854 captam
1264 2784 1469 2851 vident,
1497 2782 1728 2839 oderunt
1776 2780 1843 2836 il-

249 2884 355 2937 lam
388 2898 403 2935 :
437 2880 563 2952 quid
587 2896 837 2951 umquam
868 2878 1120 2933 furiosius
1146 2875 1339 2931 fuerit?
1361 2875 1573 2930 Nullum
1600 2874 1742 2929 enim
1772 2872 1845 2927 ita

250 2972 484 3027 oderunt
510 2972 647 3027 bene
678 2971 851 3036 multi,
886 2980 941 3025 ut
967 2985 1061 3025 eos
1091 2968 1184 3038 qui
1210 2982 1363 3023 suam
1404 2982 1562 3036 opem
1601 2973 1849 3036 qumrunt

257 3066 326 3121 ad
356 3065 580 3135 gloriam
626 3062 938 3134 parandam.
983 3063 1125 3117 Mille
1178 3075 1408 3130 namque
1444 3058 1849 3115 criminationes

254 3156 518 3212 adversus
546 3172 642 3212 eos
660 3157 971 3227 contingunt
997 3174 1009 3208 :
1044 3154 1383 3225 idipsumque
1412 3152 1469 3205 tit
1493 3192 1507 3215 ,
1551 3166 1616 3205 ac
1654 3150 1699 3206 si
1730 3150 1850 3219 quis

254 3233 518 3319 virginem
547 3250 686 3319 regis
716 3248 904 3313 ﬁliam,
933 3262 999 3302 ex
1023 3247 1169 3317 regio
1201 3244 1336 3300 solio
1369 3244 1663 3313 dejectam,
1690 3243 1849 3313 jube-

257 3352 342 3397 ret
409 3340 801 3413 gladiatoribus
862 3340 1033 3409 ipsam
1096 3338 1478 3395 aversantibus
1540 3352 1660 3392 sese
1722 3350 1853 3405 pro-

264 3435 512 3489 stituere.
538 3433 601 3488 Hi
628 3432 795 3499 enim,
817 3441 1015 3503 quanto
1031 3431 1200 3502 magis
1221 3430 1367 3500 ipsos
1389 3428 1709 3499 insequeris,
1730 3436 1852 3483 tan-

260 3534 318 3581 to
346 3525 517 3597 magis
544 3533 597 3580 te
625 3534 978 3579 aversantur:
1038 3524 1180 3578 Deus
1218 3534 1416 3587 autem,
1440 3532 1639 3592 quanto
1688 3522 1857 3591 majo-

264 3634 377 3673 rem
403 3618 474 3672 ab
495 3618 608 3689 ipso
635 3617 859 3689 gloriam
883 3617 1081 3687 quaeris
1108 3659 1124 3685 ,
1168 3626 1315 3672 tanto
1343 3616 1511 3687 magis
1535 3626 1587 3671 te
1613 3615 1777 3671 trahit
1803 3624 1858 3672 et

263 3709 467 3777 laudat,
501 3724 853 3780 magnamque
884 3709 976 3763 tibi
1024 3709 1328 3764 mercedem
1357 3709 1558 3763 tribuit.
1586 3708 1641 3764 Si
1685 3709 1859 3778 placet

264 3813 444 3859 autem
472 3812 527 3857 et
555 3802 769 3857 aliunde
798 3811 1056 3872 quantum
1095 3803 1165 3857 sit
1208 3802 1461 3857 damnum
1492 3802 1620 3857 illud
1652 3802 1861 3858 edisce-

269 3909 350 3960 re,
368 3892 582 3963 quando
624 3892 721 3947 das
744 3892 810 3947 ad
858 3894 1269 3948 ostentationem
1296 3903 1351 3949 et
1382 3894 1589 3950 tandem
1617 3936 1633 3961 ,
1682 3904 1858 3949 tecum

268 3998 458 4057 reputa
490 3995 721 4058 quantus
752 3986 843 4041 tibi
871 3985 1026 4042 dolor
1050 3987 1271 4043 accedat
1301 4003 1315 4052 ;
1344 3998 1398 4043 et
1426 4004 1584 4060 quam
1615 3988 1861 4045 assiduus

270 4094 494 4145 mceror,
521 4078 739 4135 Christo
770 4079 862 4134 tibi
891 4080 1183 4151 inspirante
1213 4097 1275 4137 ac
1297 4082 1528 4147 dicente,
1578 4084 1861 4139 Perdidisti

272 4186 489 4226 onmem
521 4170 820 4226 mercedem
853 4181 993 4225 tuam
1019 4172 1039 4244 (
1067 4172 1257 4227 Matth.
1282 4174 1336 4229 6.
1364 4175 1454 4244 2).
1490 4174 1697 4245 Ubique
1728 4192 1862 4231 vana

272 4262 441 4332 gloria
470 4263 631 4329 mala,
665 4263 903 4317 maxime
930 4278 1061 4319 vero
1084 4264 1297 4334 quando
1324 4266 1690 4323 misericordia
1712 4269 1865 4325 exhi-

273 4356 452 4424 betur,
486 4358 535 4412 id
565 4357 707 4428 quod
734 4368 974 4413 extrema
990 4358 1281 4413 crudelitas
1303 4362 1634 4432 est,quaudo
1660 4362 1727 4418 de
1744 4365 1867 4419 alio-

280 4465 396 4504 rum
446 4449 748 4504 calamitate
790 4465 910 4505 sesc
950 4451 1190 4517 extollit,
1249 4460 1304 4506 et
1347 4455 1496 4523 quasi
1549 4455 1868 4524 pauperibus

274 4542 586 4609 exprobrat.
610 4540 741 4595 Nam
770 4542 813 4595 si
834 4557 927 4597 sua
950 4543 1152 4598 referre
1175 4544 1455 4611 benelicia,
1487 4546 1539 4600 id
1578 4548 1863 4602 conviciari

276 4644 387 4691 est:
418 4634 486 4689 ad
512 4634 644 4689 alios
666 4636 860 4691 multos
888 4635 975 4690 illa
1010 4635 1317 4704 traducere,
1346 4639 1469 4706 quid
1496 4655 1614 4694 esse
1630 4640 1869 4696 dixeris?

276 4728 558 4795 Quomodo
589 4742 715 4800 ergo
752 4729 854 4786 hoc
904 4730 1102 4785 malum
1151 4731 1456 4802 tugiemus?
1508 4734 1561 4789 Si
1603 4735 1871 4791 discamus

274 4820 546 4893 quomodo
570 4822 814 4882 misereri
841 4831 1134 4893 Oporteat;
1186 4824 1232 4878 si
1278 4825 1684 4882 consideremus
1730 4845 1871 4901 quo-

277 4927 525 4968 rumnatn
552 4912 776 4983 gloriam
820 4916 1133 4984 quaerimus.
1164 4916 1257 4972 Dic
1284 4917 1437 4986 mihi,
1487 4920 1608 4991 quis
1634 4922 1873 4977 eleemo-

274 5020 426 5078 syna:
458 5004 645 5060 artifex
672 5008 796 5062 est?
822 5008 920 5076 Qui
946 5026 1060 5064 rem
1092 5010 1234 5065 illam
1262 5010 1463 5079 docuit,
1498 5030 1690 5085 nempe
1709 5017 1870 5084 Deus,

278 5098 403 5167 quid
453 5097 578 5153 illud
611 5099 841 5154 maxime
901 5103 1080 5169 novit,
1114 5114 1168 5158 et
1219 5104 1269 5159 in
1322 5105 1584 5161 inﬁnitum
1633 5121 1870 5167 exercet.

280 5188 416 5257 Quid
447 5190 610 5260 ergo?
638 5190 681 5245 si
718 5191 1018 5259 palaestram
1052 5195 1286 5253 disceres
1306 5240 1322 5264 ,
1360 5198 1427 5253 ad
1480 5217 1615 5270 quos
1643 5204 1877 5273 respice-

279 5295 385 5345 res,
413 5296 481 5337 au
509 5282 576 5337 ad
604 5298 724 5338 eum
752 5286 841 5355 qui
865 5285 1012 5341 olera
1036 5291 1239 5357 vendit,
1260 5303 1312 5347 et
1340 5293 1534 5362 pisces,
1565 5312 1632 5351 an
1660 5300 1727 5354 ad
1766 5315 1878 5370 pm-

284 5371 549 5429 dotribam
577 5377 601 5429 Υ
625 5373 782 5432 Certe
827 5379 899 5434 illi
928 5382 1077 5435 multi
1106 5394 1251 5449 sunt,
1293 5384 1378 5441 hic
1420 5405 1554 5444 unus
1582 5401 1685 5449 est.
1727 5394 1863 5464 Quid

281 5468 625 5537 ergo,si.illo
655 5479 706 5524 te
733 5470 1031 5528 admirante
1077 5476 1165 5529 alii
1213 5477 1534 5546 irridet-ent,
1592 5500 1771 5541 annon
1824 5499 1879 5544 tu

281 5570 402 5612 cum
429 5558 522 5613 illo
548 5560 697 5630 ipsos
729 5562 1027 5619 irrideres?
1071 5566 1208 5634 Quid
1238 5568 1284 5625 si
1326 5574 1620 5643 pugilatum
1672 5577 1882 5635 edisce-

282 5651 409 5707 ι’οεῖ
431 5669 613 5710 annon
639 5655 888 5711 similiter
913 5658 979 5714 ad
1008 5675 1129 5715 eum
1158 5664 1479 5735 respiceres,
1509 5669 1599 5738 qui
1630 5685 1691 5723 ea
1716 5670 1767 5723 in
1796 5685 1885 5725 ar-

283 5750 337 5799 te
359 5745 551 5803 doctor
570 5748 698 5803 est?
741 5749 798 5805 Si
828 5752 1014 5806 orandi
1061 5753 1295 5810 studium
1325 5759 1648 5829 susciperes,
1702 5775 1883 5818 annon

283 5842 515 5899 rhetoris
540 5840 731 5900 laudes
760 5845 1036 5917 cxciperes
1063 5890 1077 5918 ,
1123 5850 1349 5907 aliorum
1377 5868 1505 5909 vero
1558 5864 1874 5914 contemne-

1204 461 1268 519 ΙΝ
1309 458 1718 517 ΜᾸἸἽῊΛἚΠΜ
1759 457 1988 513 ιιολιιι..
2034 457 2215 513 LXXI.
2250 457 2324 512 al.
2364 456 2575 514 LXXII.

3434 458 3539 514 666

1932 568 2360 636 res?Quomodo
2387 584 2517 641 ergo
2540 569 2835 624 absurdum
2880 586 2985 624 uou
3032 569 3193 625 fuerit
3222 612 3235 635 ,
3301 572 3353 625 iu
3412 572 3539 627 aliis

1944 658 2152 716 artibus
2176 660 2242 715 ad
2274 660 2552 717 doctorem
2583 670 2791 717 tantum
2814 663 3107 732 respicere.
3131 661 3219 718 bic
3241 676 3373 718 vero
3398 676 3534 718 eon-

1932 751 2159 806 trarium
2207 752 2412 818 facere,
2438 754 2654 809 etiamsi
2687 769 2794 810 non
2827 770 2922 824 par
2950 755 3205 827 utrinque
3259 756 3333 811 sit
3378 755 3530 811 dam—

1932 844 2099 898 num?
2131 844 2203 900 lbi
2220 846 2387 911 enim,
2408 848 2451 902 si
2482 847 2550 903 ad
2579 847 2720 919 vulgi
2752 848 3026 919 placitum,
3058 865 3163 905 non
3185 850 3250 906 ad
3272 850 3534 916 doctoris,

1933 949 2157 1005 pugnes,
2190 938 2242 991 in
2274 952 2448 1010 pugna
2496 948 2667 994 totum
2712 940 3100 996 detrimentum
3137 953 3251 1009 est;
3287 944 3375 998 hic
3404 958 3536 998 vero

1941 1044 1995 1083 tn
2032 1028 2141 1083 vita
2166 1036 2392 1083 aeterna.
2425 1025 2739 1083 Secundum
2771 1026 3205 1082 misericordiam
3241 1027 3440 1083 similis
3462 1040 3529 1082 eo

1943 1119 2053 1176 Deo
2078 1140 2090 1176 :
2114 1132 2231 1177 esto
2262 1121 2429 1189 igitur
2455 1120 2528 1174 illi
2558 1121 3242 1187 similispostentationem
3274 1121 3531 1178 vitando.

1936 1210 2159 1267 Dicebat
2181 1212 2326 1268 enim
2356 1212 2447 1267 ille
2472 1227 2595 1267 cum
2626 1220 2887 1277 curaret,
2920 1209 3121 1265 nemini
3168 1218 3229 1264 ut
3268 1207 3536 1264 dicerent.

1935 1304 2041 1359 Sed
2075 1304 2156 1357 vis
2186 1304 2497 1360 misericors
2520 1303 2659 1375 apud
2686 1303 2933 1359 homines
2950 1302 3173 1358 vocari?
3218 1300 3357 1369 Quid
3412 1300 3537 1356 inde

1936 1394 2116 1450 lucri?
2172 1394 2316 1450 Nihil
2371 1395 2584 1467 utique,
2628 1396 2723 1451 sed
2765 1395 3021 1450 damnum
3092 1394 3382 1449 infinitum.
3434 1392 3541 1463 Ipsi

1938 1496 2103 1553 enim,
2132 1506 2271 1561 quos
2294 1491 2360 1544 ad
2389 1491 2755 1546 testimonium
2782 1504 2964 1555 vocas,
2989 1489 3132 1545 fures
3160 1498 3289 1544 sunt
3320 1487 3542 1542 thesau-

1938 1600 2120 1640 rorum
2149 1586 2200 1639 in
2228 1585 2378 1640 caelis
2424 1586 2819 1655 repositorum;
2865 1586 2972 1639 imo
3004 1600 3109 1638 uutt
3134 1583 3254 1660 illi,
3297 1582 3393 1639 sed
3444 1596 3545 1637 nos

1942 1677 2042 1746 ipsi
2069 1677 2160 1747 qui
2193 1685 2376 1732 nostra
2409 1676 2563 1731 nobis
2594 1675 2859 1741 l'uramur,
2884 1684 2937 1733 et
2960 1691 3080 1747 qua:
3098 1676 3150 1731 in
3181 1676 3316 1732 caxlo
3367 1674 3543 1746 posita

1941 1778 2067 1825 sunt
2098 1769 2445 1841 dissipamus.
2492 1768 2539 1825 0
2590 1785 2782 1824 novatn
2834 1770 3227 1825 calamitatem!
3261 1785 3296 1825 ο
3325 1778 3544 1839 stupen-

1942 1862 2070 1917 dum
2097 1864 2379 1919 morbum!
2414 1863 2515 1921 Ubi
2550 1864 2691 1919 tinea
2719 1878 2828 1918 non
2877 1862 3170 1918 dentolitur
3196 1905 3211 1930 ,
3259 1863 3347 1919 ubi
3400 1862 3547 1917 fures

1951 1971 2057 2009 uou
2114 1954 2418 2021 effodiunt,
2466 1969 2600 2010 vana
2631 1955 2801 2027 gloria
2855 1955 3101 2026 dissipat.
3143 1954 3271 2010 [hec
3293 1955 3560 2010 csttiuea.

1944 2047 2180 2103 crelestis
2208 2048 2477 2115 thesauri,
2503 2047 2591 2102 hic
2622 2047 2709 2103 fur
2733 2048 3025 2118 opulentia:
3051 2047 3308 2113 cazlestis,
3338 2048 3428 2115 qui
3462 2047 3548 2101 di-

1945 2142 2105 2197 vitias
2136 2142 2257 2197 illas
2290 2150 2406 2198 tuto
2427 2142 2719 2198 collocatas
2757 2143 2975 2212 abripit.
3033 2142 3146 2199 [loc
3198 2142 3379 2197 omnia
3429 2157 3553 2213 pes-

1946 2232 2159 2289 sumdat
2208 2243 2263 2289 et
2321 2234 2518 2305 perdit.
2570 2235 2704 2305 Quia
2773 2235 2915 2290 enim
2965 2235 3101 2289 vidit
3163 2235 3447 2299 diabolus,
3496 2245 3554 2289 et

1947 2324 2154 2381 furibus
2197 2336 2252 2382 et
2298 2327 2473 2382 vermi
2516 2326 2741 2393 aliisque
2792 2325 2999 2380 insidiis
3048 2326 3381 2381 inaccessum
3431 2338 3556 2379 esse

1948 2417 2123 2471 locum
2154 2416 2321 2483 illum,
2346 2433 2440 2487 per
2460 2433 2649 2472 vanam
2677 2416 2904 2489 gloriam
2925 2417 3139 2497 divitias
3161 2418 3280 2471 illas
3301 2416 3552 2486 subripit.

2020 2510 2075 2564 4.
2142 2508 2587 2577 Quemadmodum
2614 2510 2755 2567 Deus
2776 2512 2867 2566 sub
2884 2511 3112 2588 mysterii
3134 2512 3243 2564 acto
3266 2527 3416 2565 suam
3460 2510 3560 2563 nti-

1947 2600 2277 2654 sericordia»:
2318 2600 2533 2673 largitur
2567 2611 2618 2657 et
2647 2602 2901 2674 signiﬁcat
2921 2644 2937 2669 ,
2961 2602 3035 2657 sic
3064 2619 3157 2656 nos
3186 2602 3556 2672 deemosynam

1950 2702 2177 2747 nostram
2190 2693 2445 2747 occultare
2466 2692 2723 2749 debemus.
2752 2724 2824 2735 -—
2849 2692 2955 2751 Sed
2986 2694 3174 2765 gloria:
3198 2692 3426 2764 cupidus
3451 2706 3511 2747 es
3536 2693 3560 2745 ἲ

1953 2786 2145 2840 Annon
2188 2786 2281 2840 tibi
2310 2788 2443 2842 satis
2472 2798 2555 2842 est
2595 2786 2684 2841 illa
2713 2802 2874 2858 quam
2902 2787 2972 2843 ab
2998 2788 3299 2858 accipiente
3347 2785 3513 2841 babes
3544 2826 3559 2849 ,

1951 2890 1981 2929 a
2012 2874 2396 2946 benignissimo
2416 2877 2549 2943 Deo,
2576 2878 2671 2934 sed
2698 2878 2860 2934 etiam
2888 2879 3115 2949 gloriam
3143 2877 3285 2949 apud
3315 2878 3564 2933 homines

1952 2970 2193 3038 qumris?
2250 2969 2384 3025 Vide
2410 2986 2480 3027 ne
2524 2973 2854 3026 contrarium
2906 2972 3159 3041 patiaris;
3215 2986 3283 3027 ne
3326 2970 3449 3041 quis
3500 2979 3555 3024 te

1954 3062 2179 3117 damnet
2207 3063 2359 3133 quasi
2396 3078 2504 3119 non
2535 3066 2882 3120 miserantem
2911 3106 2925 3129 ,
2958 3064 3054 3120 sed
3086 3063 3245 3119 fastui
3295 3073 3352 3119 et
3394 3061 3567 3133 ambi-

1953 3156 2087 3212 tioni
2115 3154 2384 3223 deditum,
2405 3166 2567 3228 atque
2585 3158 2793 3212 alienas
2811 3158 3141 3212 calamitates
3173 3157 3563 3213 traducentetu.

1956 3250 2091 3306 Nam
2124 3251 2440 3322 mysterium
2470 3261 2553 3307 est
2581 3253 2950 3322 eleemosyna.
2974 3250 3178 3305 Claude
3198 3266 3330 3321 ergo
3347 3253 3563 3319 jauuas,

1958 3358 2027 3397 ne
2075 3341 2196 3413 quis
2242 3342 2331 3396 illa
2371 3342 2554 3397 videat
2604 3358 2725 3414 qua:
2779 3350 3055 3397 ostentare
3104 3340 3258 3397 nefas
3300 3349 3405 3396 est.
3454 3340 3569 3395 lloc

1958 3436 2159 3507 quippe
2188 3445 2311 3491 sunt
2343 3437 2575 3493 maxime
2596 3437 2851 3508 mysteria
2893 3446 3076 3491 nostra
3102 3478 3118 3503 ,
3153 3435 3521 3490 misericordia
3549 3476 3567 3501 ,

1961 3539 2018 3585 et
2064 3530 2369 3600 benignitas
2429 3530 2565 3588 Dei:
2618 3545 2741 3585 nam
2789 3530 3087 3586 secundum
3138 3528 3568 3585 misericordiam

1962 3640 2115 3681 suam
2156 3640 2405 3697 magnam
2435 3640 2535 3680 nos
2556 3625 2972 3696 inobsequentes
3013 3625 3302 3679 miseratus
3344 3632 3447 3678 est.
3494 3623 3563 3677 Et

1964 3718 2136 3788 prima
2168 3717 2427 3787 precatio,
2450 3732 2613 3787 quam
2659 3733 2756 3785 pro
2776 3716 3155 3788 energumenis
3206 3715 3528 3771 adhibemus
3551 3758 3569 3785 ,

1966 3808 2353 3863 misericordia:
2393 3813 2912 3865 commemoratione
2961 3810 3119 3880 plena
3160 3820 3285 3874 est;
3334 3808 3573 3865 secunda

1965 3917 2200 3973 quoque,
2227 3918 2325 3973 pro
2349 3904 2412 3958 iis
2434 3905 2523 3975 qui
2553 3904 2606 3960 in
2631 3905 2945 3974 paenitentia
2968 3914 3115 3972 sunt,
3147 3906 3371 3961 multam
3402 3906 3570 3961 mise-

1966 3997 2254 4052 ricordiam
2303 3998 2565 4068 postulat:
2619 3998 2774 4054 tertia
2818 3998 3067 4063 demum,
3099 4013 3199 4067 pro
3228 3997 3382 4053 nobis
3421 3999 3573 4069 ipsis,

1969 4089 2149 4159 populi
2177 4089 2406 4145 infantes
2434 4091 2753 4146 innocentes
2781 4091 3021 4158 inducit,
3060 4091 3229 4147 Deum
3257 4092 3325 4147 ad
3358 4092 3576 4147 miseri-

1969 4182 2210 4237 cordiam
2243 4189 2617 4251 provocantes.
2651 4182 2783 4252 Quia
2807 4185 2950 4238 enim
3000 4198 3098 4239 nos
3142 4195 3363 4254 peccata
3388 4192 3577 4239 nostra

1969 4276 2311 4339 damnamus,
2342 4291 2439 4346 pro
2489 4275 2553 4330 iis
2576 4276 2666 4345 qui
2700 4277 2924 4331 multum
2957 4285 3274 4347 peccarunt,
3316 4284 3371 4330 et
3414 4291 3576 4331 asen-
3627 4344 3633 4349 _

1974 4368 2080 4422 sari
2108 4368 2343 4433 debent,
2391 4382 2491 4422 nos
2536 4382 2858 4437 precamur:
2893 4384 2989 4438 pro
3019 4368 3179 4449 npbis
3225 4383 3355 4425 vero
3402 4369 3577 4439 pueri,

1976 4474 2206 4530 quorum
2232 4460 2592 4530 simplicitatis
2623 4460 2921 4515 imitatores
2945 4475 3170 4531 regnum
3200 4462 3455 4517 cmlorum
3478 4476 3576 4515 ex-

1974 4564 2208 4624 spectat.
2239 4554 2355 4626 lpsa
2386 4555 2528 4610 enim
2562 4555 2813 4625 precandi
2857 4555 3026 4610 forma
3060 4555 3111 4610 id
3142 4556 3410 4611 natendit:
3454 4572 3578 4611 nam

1975 4646 2253 4718 quiinstar
2270 4662 2565 4719 puerorum
2584 4649 2814 4705 humiles
2844 4658 3041 4705 suntet
3069 4650 3288 4715 sinceri,
3320 4649 3371 4703 bi
3401 4650 3577 4703 maxi-

1978 4758 2065 4797 me
2095 4751 2317 4811 possunt
2344 4757 2442 4811 pro
2467 4742 2575 4797 reis
2598 4742 2829 4812 precari.
2857 4743 3030 4812 Ipsum
3054 4742 3368 4813 mysterium
3408 4758 3582 4813 quau-

1978 4835 2449 4891 tazmisericordiae
2480 4876 2496 4901 ,
2549 4843 2763 4906 quantm
2821 4835 3166 4905 benignitatis
3212 4837 3283 4892 sit
3321 4837 3577 4906 plenum,

1986 4930 2164 4985 sciunt
2186 4930 2399 4985 initiati.
2429 4929 2499 4984 Et
2519 4938 2573 4985 tu
2597 4930 2777 5001 igitur,
2809 4944 2930 4985 cum
2953 4930 3159 4984 homini
3194 4930 3323 4985 lacis
3345 4930 3583 4985 eleemo-

1982 5038 2170 5093 synam
2191 5064 2207 5087 ,
2233 5021 2423 5077 claude
2446 5022 2663 5091 januam
2692 5031 2836 5076 tuam
2871 5040 2885 5077 :
2920 5022 3033 5092 ipse
3060 5023 3149 5089 qui
3179 5022 3407 5090 accipit,
3434 5022 3586 5075 solus

1983 5115 2181 5181 videat;
2206 5117 2314 5171 imo
2341 5116 2386 5171 si
2419 5114 2536 5171 ﬁeri
2569 5117 2757 5187 possit,
2786 5117 2984 5185 neipse
3012 5116 3247 5186 quidem.
3281 5115 3336 5170 Si
3356 5114 3583 5186 ,januam

1983 5209 2214 5279 aperias,
2242 5210 2553 5281 mysterium
2580 5220 2725 5264 tuum
2750 5219 3007 5265 ostentas.
3032 5211 3213 5280 Cogita
3242 5226 3364 5265 eum
3386 5211 3584 5281 ipsum,

1984 5316 2013 5355 a
2046 5317 2153 5373 quo
2180 5302 2401 5373 gloriam
2425 5302 2634 5371 expetis
2656 5344 2671 5367 ,
2707 5311 2757 5356 te
2785 5302 3162 5357 dauiuaturum
3190 5317 3331 5357 esse.
3366 5303 3421 5357 Si
3454 5303 3591 5356 ami-

1986 5413 2083 5453 cus
2109 5398 2199 5460 sit,
2249 5407 2302 5453 te
2332 5398 2470 5468 apud
2503 5413 2561 5452 se
2586 5395 2999 5461 criminabitur;
3028 5398 3072 5451 si
3123 5397 3392 5463 inimicus,
3445 5398 3586 5467 apud

1988 5493 2125 5547 alios
2156 5498 2209 5545 te
2238 5490 2515 5557 traducet,
2561 5501 2615 5545 et
2635 5491 2908 5545 contraria
2950 5488 3043 5543 tibi
3091 5494 3339 5544 evenient
3366 5531 3383 5556 ,
3428 5506 3589 5560 quam

1988 5582 2356 5638 desiderabas.
2386 5582 2465 5636 Tu
2495 5582 2637 5637 enim
2674 5580 2958 5653 cupiebas,
3009 5590 3067 5635 ut
3126 5582 3239 5649 ipse
3285 5582 3492 5637 diceret
3541 5593 3592 5636 te

1990 5675 2396 5731 misericordem
2422 5692 2437 5742 ;
2484 5676 2573 5731 ille
2600 5690 2733 5731 vero
2768 5690 2872 5729 non
2904 5674 3005 5729 hoc
3027 5676 3202 5740 dicet,
3235 5675 3331 5729 scd
3364 5686 3415 5729 te
3439 5689 3591 5730 vante

1990 5765 2176 5835 gloria:
2197 5767 2451 5835 cupidum
2480 5807 2494 5832 ,
2526 5782 2711 5820 auram
2744 5766 3022 5821 hominum
3050 5776 3357 5838 captantem
3403 5766 3593 5834 appelo

1995 5857 2147 5925 labit,
2174 5857 2382 5929 aliaque
2408 5858 2652 5929 graviora
2684 5858 2919 5930 adjiciat.
2950 5858 3041 5916 Siu
3073 5859 3423 5915 occultavcris
3451 5902 3465 5926 ,
3496 5858 3578 5913 his
