4172 6488
668 436 767 492 €67

669 551 889 606 omnino
915 549 1176 605 contraria
1203 548 1360 613 dicet,
1415 547 1698 618 benignum
1727 545 2236 615 miscricordcmq'te

669 641 970 710 appellabit.
1002 641 1183 709 Neque
1207 641 1346 695 enim
1379 641 1517 694 Deus
1547 640 1660 694 haec
1682 639 1932 694 occultari
1965 637 2241 707 permittit.

671 735 727 787 Si
771 743 822 786 tu
849 734 1217 797 occuluiveris,
1253 733 1340 787 ille
1371 731 1705 787 manifestum
1736 731 1954 786 reddet:
1990 730 2111 784 Itinc
2127 745 2241 782 ma-

667 827 750 894 jor
777 823 1060 878 admiratio
1084 833 1138 878 et
1157 824 1423 893 copiosius
1454 825 1658 880 lucrum
1708 821 1932 876 accedit.
1969 820 2148 889 Itaque
2174 819 2240 873 ad

665 915 886 983 gloriam
915 914 1203 986 parandam
1227 915 1389 969 ofticit
1428 915 1743 976 ostentatio;
1775 913 1840 967 ad
1876 912 1923 966 id
1952 912 2093 981 quod
2122 910 2242 964 dili-

666 1016 852 1075 genter
873 1007 1179 1076 qtncrimus,
1213 1005 1363 1060 obest
1387 1005 1471 1058 illa
1499 1006 1610 1074 ipsa
1634 1005 1920 1073 inquisitio.
1945 1002 2058 1058 Non
2082 1003 2239 1057 modo

664 1100 803 1155 enim
835 1099 1210 1152 misericordia:
1233 1099 1439 1152 laudem
1466 1113 1566 1151 n0u
1586 1098 1908 1167 acquirinms
1938 1137 1954 1162 ,
1986 1097 2077 1152 sed
2107 1111 2237 1150 Cun-

734 1221 1006 1231 ὴ..-

1474 431 1512 486 S
1563 430 1834 487 JilANNIS
1872 425 2336 484 CIIRYSOS'I'OSII
2373 427 2685 484 AIlCIllEP.
2729 427 3255 486 CONSTAN'I'INOP.

2358 544 2571 598 trarintn
2601 546 2933 615 assequimur
2957 563 2971 600 :
3001 545 3066 599 ad
3092 545 3206 599 haec
3227 558 3352 600 vero
3377 542 3598 599 multum
3623 543 3749 600 hinc
3775 544 3928 598 dam-

2348 637 2399 690 ni
2446 637 2598 690 nobis
2625 637 2817 691 oritur.
2874 635 3074 692 Horum
3111 637 3288 706 itaque
3335 635 3572 689 omnium
3623 649 3783 690 causa
3817 636 3929 688 ina-

2346 743 2466 783 nem
2489 728 2709 798 gloriam
2741 743 3052 798 respuamus
3075 770 3089 794 ,
3122 729 3396 796 solamque
3424 727 3517 780 Dei
3549 728 3772 796 gloriam
3803 727 3928 780 dili-

2345 837 2548 892 gamus.
2579 821 2666 877 Sic
2707 823 2849 877 enim
2905 833 2957 876 et
3008 821 3229 892 gloriam
3271 821 3356 874 hic
3401 834 3815 888 consequemur,
3874 827 3932 872 et

2345 914 2562 968 aeternis
2589 913 2824 968 fruemur
2851 912 3025 978 bonis,
3049 914 3218 983 gratia
3269 921 3323 967 et
3353 913 3679 982 benignitate
3713 911 3930 966 Domini

2344 1007 2510 1061 nostri
2533 1006 2659 1062 Jesu
2690 1006 2913 1072 Christi,
2941 1009 3026 1060 cui
3059 1005 3226 1075 gloria
3257 1013 3311 1060 et
3343 1005 3621 1075 imperium
3643 1006 3694 1059 in
3728 1004 3928 1060 siccula

2343 1099 2678 1152 seculorum.
2709 1101 2897 1152 Amen.

1690 1281 2030 1342 HOMILIA
2075 1278 2330 1340 LXXII.
2380 1278 2466 1340 al.
2512 1279 2794 1339 LXXIII.

663 1429 787 1484 CAP.
840 1429 911 1483 95
978 1445 1029 1482 v.
1085 1431 1136 1483 ιι.
1189 1427 1326 1482 Tunc
1367 1427 1514 1482 Iesus
1564 1430 1798 1495 loquutus
1856 1437 1925 1482 est
1975 1426 2129 1480 turbis
2193 1436 2239 1480 et

735 1518 998 1588 discipulis
1042 1520 1146 1571 suis
1165 1561 1180 1584 ,
1208 1519 1261 1572 ‘3.
1294 1517 1498 1571 dicens:
1529 1517 1694 1582 Super
1725 1517 2014 1572 cathedram
2048 1517 2240 1587 Moysis

734 1611 968 1665 sederunt
989 1609 1228 1663 scribite!
1254 1607 1520 1662 Pharisaei.
1546 1610 1600 1664 5.
1627 1609 1808 1662 Omnia
1833 1625 1971 1680 ergo,
1995 1625 2242 1679 qna'cum-

733 1719 826 1774 que
853 1703 1070 1756 dixerint
1101 1701 1256 1765 vobis,
1290 1701 1441 1770 facite
1463 1717 1481 1754 :
1507 1703 1781 1754 secundum
1825 1717 1978 1770 opera
2004 1717 2115 1754 vero
2153 1715 2240 1753 eo-

733 1811 841 1845 rum
868 1810 967 1847 non
993 1793 1194 1864 facite‘.

738 1884 789 1938 I.
822 1883 982 1946 Tunc,
1016 1883 1390 1953 quandonam?
1442 1883 1662 1952 Quando
1693 1881 1805 1938 lucc
1829 1883 1998 1946 dixit;
2027 1881 2241 1953 quando

665 1974 790 2044 ipsis
810 1974 1079 2028 silentium
1109 1975 1374 2044 imposuit;
1403 1975 1613 2044 quando
1641 1974 1718 2028 sic
1739 1975 2017 2042 repressit,
2049 1984 2104 2027 ut
2128 1987 2231 2027 non

663 2065 918 2119 auderent
942 2067 1073 2119 ultra
1105 2066 1275 2134 ipsum
1311 2074 1546 2130 tentare;
1576 2066 1788 2135 quando
1817 2066 2049 2120 ostendit
2090 2065 2235 2135 ipsos

664 2156 930 2210 incurabili
957 2155 1144 2210 morbo
1165 2156 1424 2210 laborare.
1456 2156 1649 2209 Verum
1671 2156 1918 2224 quoniam
1944 2155 2150 2209 Domini
2177 2165 2231 2208 et

675 2248 874 2302 Domini
897 2247 1220 2302 mentionem
1254 2247 1408 2311 fecit,
1447 2262 1634 2302 rursus
1671 2247 1734 2299 ad
1768 2246 1936 2316 legem
1992 2249 2233 2301 recurrit.

663 2338 821 2408 Atqui
850 2338 957 2398 lex.
987 2339 1222 2407 inquies,
1258 2336 1386 2391 nihil
1415 2336 1714 2406 hujusmodi
1743 2337 1912 2402 dixit;
1967 2337 2062 2392 sed
2086 2379 2100 2402 ,
2132 2335 2239 2391 Do-

667 2433 828 2485 minus
851 2431 986 2485 Deus
1008 2444 1142 2498 tuus,
1171 2431 1417 2485 Dominus
1439 2447 1568 2484 unus
1601 2440 1671 2483 est
1697 2430 1713 2498 (
1736 2428 1889 2483 Dent.
1923 2428 1974 2484 6.
2003 2430 2035 2484 4
2063 2430 2103 2500 ).
2133 2428 2237 2483 Vc-

671 2539 784 2576 rum
810 2523 890 2577 lex
921 2523 972 2576 in
996 2523 1267 2592 Scriptura
1295 2533 1457 2577 totum
1489 2521 1652 2577 Vetus
1673 2522 2070 2577 Testamentum
2096 2521 2232 2576 dici-

665 2625 768 2666 tur.
802 2613 926 2668 llam
967 2627 1128 2684 porro
1151 2613 1276 2668 dicit
1309 2655 1322 2678 ,
1349 2615 1634 2668 ostendens
1665 2628 1761 2684 per
1780 2614 1956 2667 omnia
1990 2629 2234 2683 magnam

661 2721 808 2759 suam
835 2721 955 2760 cum
988 2706 1144 2762 Patre
1176 2708 1536 2762 concordiam.
1589 2707 1716 2760 Nam
1743 2707 1786 2760 si
1822 2711 2118 2762 contrarius
2149 2723 2235 2762 es-

661 2797 1118 2859 set,contrarium
1171 2799 1311 2852 circa
1367 2798 1531 2866 legem
1581 2797 1814 2859 diceret;
1873 2814 2013 2852 nunc
2053 2809 2234 2852 autem

664 2898 858 2940 tantam
885 2887 1034 2957 jubet
1077 2903 1199 2958 erga
1248 2890 1414 2958 ipsam
1449 2890 1686 2944 exhiberi
1743 2889 2130 2955 reverentiam,
2178 2898 2235 2944 ut

661 2979 757 3031 etsi
786 2979 1019 3049 corrupti
1044 2980 1290 3034 doctores
1315 2991 1487 3050 erant,
1522 2980 1665 3034 illam
1699 2989 1874 3034 tamen
1897 2980 2080 3050 jubeat
2109 2995 2225 3034 ser-

661 3071 790 3123 vari.
819 3071 912 3126 llic
938 3088 1066 3126 vero
1091 3074 1250 3127 etiam
1274 3073 1342 3128 de
1371 3043 1489 3127 vita:
1513 3073 1750 3127 instituto
1777 3074 1921 3142 agit,
1951 3073 2072 3142 quia
2101 3070 2230 3126 illud

660 3163 890 3218 maxime
919 3178 1076 3218 causa
1109 3163 1499 3218 incredulitatis
1555 3165 1683 3235 ipsis
1722 3168 1856 3229 erat,
1897 3166 2001 3219 vita
2037 3179 2230 3234 nempe

659 3267 926 3328 corrupta,
959 3269 1010 3314 et
1038 3259 1220 3328 gloria:
1247 3273 1416 3312 amor.
1450 3258 1733 3313 Auditores
1765 3260 1921 3328 igitur
1950 3269 2006 3312 ut
2036 3273 2226 3313 emen-

660 3349 771 3413 det,
803 3349 928 3404 illud
975 3350 1203 3405 maxime
1239 3349 1390 3419 jubet
1435 3349 1576 3419 quod
1616 3351 1842 3418 primtnn
1891 3349 1959 3405 ad
2006 3350 2230 3406 salutem

657 3439 1024 3502 conducebat,
1054 3455 1242 3509 nempe
1286 3440 1532 3495 doctores
1581 3456 1685 3495 non
1733 3451 2105 3507 coutcnmere,
2135 3457 2235 3497 nec

659 3544 843 3587 contra
869 3533 1174 3588 sacerdotes
1197 3534 1489 3603 insurgere.
1517 3533 1698 3604 Neque
1727 3534 1886 3588 modo
1918 3534 2092 3605 jubet,
2136 3534 2230 3589 sed

659 3627 817 3680 etiam
851 3627 963 3696 ipse
992 3636 1186 3682 servat.
1215 3627 1345 3682 Nam
1372 3641 1653 3697 col-ruptos
1697 3629 1812 3683 illos
1839 3643 1870 3684 e
1914 3627 2079 3699 gradu
2125 3645 2230 3683 non

657 3717 838 3787 dejieit
861 3734 875 3782 ;
903 3733 1004 3787 qua
1031 3719 1237 3774 ratione
1265 3719 1366 3775 illis
1391 3724 1602 3790 gravius
1638 3720 1893 3790 judicium
1911 3719 2230 3780 attraltebat.

662 3810 902 3878 disipulis
924 3826 1048 3866 vero
1071 3813 1264 3866 nullam
1316 3813 1648 3883 relinquebat
1677 3813 2049 3868 inobedientia:
2076 3826 2231 3866 occa-

659 3907 888 3957 sionem.
920 3902 996 3957 Ne
1034 3904 1152 3974 quis
1208 3905 1589 3974 porro’diceret
1612 3946 1627 3971 ,
1655 3906 1786 3973 Quia
1821 3905 2091 3975 improbus
2130 3904 2229 3957 do-

660 4006 776 4050 ctor
800 4005 902 4062 est,
935 3996 1053 4051 ideo
1082 3999 1294 4067 segnior
1311 4000 1453 4054 evasi
1484 4017 1497 4054 :
1531 3999 1668 4054 hunc
1698 4015 1906 4070 quoque
1953 3999 2229 4056 obtentum

657 4087 850 4142 aufert.
922 4087 1010 4143 Sic
1061 4104 1190 4159 etgo
1239 4091 1449 4144 illorum
1513 4091 1863 4162 principatum
1934 4091 2230 4156 constituit,

657 4180 863 4235 etiamsi
893 4180 1120 4250 improbi
1153 4191 1350 4246 essent,
1382 4183 1450 4237 ita
1480 4192 1535 4237 ttt
1565 4193 1684 4251 post
1705 4193 1901 4237 tantam
1929 4185 2056 4252 ipsis
2085 4183 2234 4237 obla-

661 4282 766 4326 tam
798 4273 1228 4328 criminationem
1254 4276 1494 4331 diceret:
1537 4275 1740 4338 Omnia,
1784 4292 2107 4346 quacumque
2149 4276 2231 4328 di-

660 4367 826 4420 xerint
853 4367 1004 4430 vobis,
1040 4367 1191 4438 facile
1214 4383 1232 4420 :
1265 4383 1436 4438 neque
1463 4370 1603 4423 enim
1633 4385 1724 4423 sua
1754 4369 1958 4434 dicunt,
1991 4370 2083 4424 sed
2111 4384 2231 4437 qtne

666 4456 755 4511 Dei
778 4466 920 4523 sunt,
953 4473 1070 4527 quae
1092 4473 1188 4526 per
1217 4458 1432 4530 Moysen
1461 4459 1546 4515 ille
1573 4461 1841 4531 pneccpit.
1877 4461 2230 4517 Animadver-

662 4557 714 4601 te
761 4557 1013 4616 quantum
1057 4546 1221 4617 Moysi
1266 4548 1469 4604 deferat
1503 4548 1795 4615 honorem,
1853 4567 2036 4606 rursus
2080 4566 2232 4607 suam

663 4654 783 4692 cum
813 4639 974 4694 veteri
1007 4639 1123 4709 lege
1175 4641 1512 4695 concordiam
1542 4643 1850 4707 ostendens,
1897 4642 2233 4712 quandoqui-

665 4729 784 4782 dem
811 4729 935 4783 hinc
967 4729 1083 4784 illos
1116 4731 1449 4786 venerabiles
1488 4730 1679 4786 reddit.
1723 4732 1892 4800 Super
1942 4734 2233 4787 cathedram

666 4820 836 4890 Moysi
856 4824 1108 4886 sederunt,
1130 4822 1315 4892 inquit.
1339 4823 1467 4889 Quia
1510 4837 1614 4877 non
1640 4832 1846 4892 poterat
1895 4823 2012 4878 illos
2032 4840 2097 4878 ex
2127 4825 2230 4876 vita

663 4912 1040 4967 commendare
1062 4954 1077 4978 ,
1099 4929 1127 4966 a
1157 4915 1346 4982 quibus
1372 4913 1563 4970 licebat
1585 4915 1635 4969 id
1659 4913 1802 4978 facit,
1827 4930 1856 4968 a
1883 4916 2010 4970 sede
2038 4930 2232 4984 nempe

663 5020 716 5058 et
739 5021 765 5056 a
796 5005 1136 5060 successione
1155 5007 1196 5059 ’.
1232 5005 1414 5059 Omnia
1434 5018 1607 5062 autem
1635 5023 1754 5062 cum
1777 5007 1948 5074 audis,
1975 5024 2042 5063 ne
2065 5018 2225 5063 totam

666 5097 835 5165 legem
863 5111 981 5150 esse
1013 5107 1196 5167 putes;
1242 5097 1308 5152 de
1333 5098 1464 5152 cibis
1495 5115 1684 5167 nempe
1704 5140 1720 5164 ,
1759 5100 1827 5155 de
1856 5101 2131 5156 sacriﬁciis
2179 5109 2235 5155 et

664 5187 945 5241 similibus.
973 5188 1250 5254 Quomodo
1271 5191 1412 5244 enim
1435 5188 1548 5245 lucc
1569 5191 1804 5246 dicturus
1825 5201 1960 5258 snit,
1989 5194 2078 5262 qui
2110 5205 2233 5248 ante

664 5279 984 5335 sustulerat?
1005 5279 1108 5336 Sed
1135 5280 1320 5334 Omnia
1340 5281 1485 5348 dicit,
1515 5299 1631 5354 qua:
1659 5300 1834 5339 mores
1860 5285 2231 5350 emendarem,

664 5383 719 5428 et
742 5375 1109 5444 eorrigcrcnt,
1157 5391 1381 5446 qumque
1402 5391 1521 5431 cum
1571 5393 1722 5433 nova:
1771 5379 1901 5449 legis
1955 5382 2234 5449 praeceptis

670 5476 1043 5537 congruerent,
1070 5483 1244 5539 neque
1272 5471 1406 5524 ultra
1437 5469 1672 5526 sinerent
1700 5472 1943 5542 subjugo
1977 5473 2107 5543 legis
2150 5488 2235 5528 es-

672 5576 752 5615 se.
782 5560 892 5615 Cur
915 5576 1042 5632 ergo
1071 5577 1218 5617 nona
1251 5563 1366 5632 lege
1391 5565 1575 5634 gratia:
1601 5561 1669 5619 ’id
1717 5566 2010 5631 constituit,
2065 5565 2155 5620 scd
2206 5582 2236 5621 a

731 5714 746 5745 τ
770 5711 956 5762 Titulus
978 5713 1286 5784 apud_Morel.
1311 5716 1489 5784 desinit
1510 5716 1602 5784 hoc
1623 5717 1790 5768 mcdo:
1813 5719 2074 5784 secundum
2092 5731 2240 5784 Opera

668 5787 776 5824 vero
797 5787 961 5824 eorum
985 5788 1077 5826 non
1099 5776 1242 5837 facite
1265 5790 1284 5828 :
1310 5778 1470 5830 dicunt
1491 5779 1636 5834 enini.
1651 5789 1696 5830 et
1718 5793 1810 5832 non
1832 5781 2029 5841 ltitiam.

729 5862 749 5893 ι
772 5858 964 5918 (nudam
991 5867 1043 5912 et
1067 5859 1230 5912 310ml.
1254 5862 1452 5929 habent,
1472 5863 1708 5929 doctrina,
1734 5878 1839 5931 pro,
1863 5865 2173 5919 sacrarium.

2351 1421 2464 1490 lege
2504 1420 2698 1490 Moysis
2719 1422 2742 1474 ?
2767 1420 2898 1487 Quia
2920 1430 3042 1476 ante
3070 1435 3282 1476 crucem
3304 1430 3511 1492 tempus
3534 1435 3638 1475 non
3669 1431 3779 1476 erat
3812 1422 3930 1475 ltmc

2345 1513 2492 1567 clare
2525 1514 2796 1580 loquendi.
2828 1513 2904 1567 Ad
2939 1515 3050 1568 ba‘c
3078 1530 3206 1568 vero
3252 1515 3380 1569 milii
3435 1514 3653 1585 quidem
3710 1516 3930 1570 videtur

2343 1602 2484 1656 aliud
2515 1603 2784 1674 quidpiam
2828 1606 2912 1658 hic
2945 1606 3090 1672 prius
3118 1604 3420 1674 providere.
3471 1607 3602 1674 Quia
3642 1608 3786 1661 enim
3835 1621 3928 1661 ac—

2343 1705 2622 1751 cusaturus
2647 1697 2762 1750 illos
2789 1707 2925 1763 erat,
2955 1713 3021 1752 ne
3049 1697 3116 1751 ab
3148 1698 3345 1751 insanis
3367 1698 3679 1767 quibusdam
3713 1708 3916 1766 putari--

2347 1795 2431 1839 tur
2470 1801 2653 1840 eorum
2705 1787 3052 1856 principatum
3101 1788 3326 1853 ambire,
3355 1798 3446 1841 aut
3470 1803 3533 1842 ex
3567 1787 3840 1842 inimicitia
3874 1787 3928 1841 id

2345 1878 2536 1942 facere,
2568 1879 2701 1932 hanc
2729 1881 2899 1949 primo
2939 1881 3076 1934 tollit
3101 1881 3481 1948 suSpicionem,
3512 1892 3566 1935 et
3612 1880 3679 1935 ab
3723 1879 3827 1934 hac
3857 1881 3924 1935 li-

2344 1968 2442 2024 ber
2464 1985 2719 2026 accusare
2747 1972 2949 2041 incipit.
2979 1972 3089 2026 Cur
3113 1983 3288 2026 autem
3320 1975 3492 2042 arguit
3521 1973 3661 2035 illos,
3702 1973 3927 2043 longos-

2342 2076 2444 2129 que
2465 2076 2524 2115 ea
2553 2062 2618 2116 de
2641 2079 2699 2117 re
2719 2079 2994 2118 sermones
3021 2065 3190 2119 texit?
3236 2065 3300 2120 Ut
3327 2076 3511 2120 caveat
3541 2065 3827 2120 multitudo
3860 2081 3927 2120 ne

2344 2151 2394 2204 iu
2426 2152 2548 2206 talia
2578 2153 2792 2208 incidat.
2841 2155 2954 2209 Non
2981 2157 3121 2211 enim
3149 2156 3324 2211 simile
3353 2166 3435 2210 est
3463 2155 3784 2212 interdicere
3808 2198 3824 2221 ,
3873 2168 3926 2211 et

2342 2253 2623 2311 peccantes
2649 2245 2964 2300 ostendere:
2989 2247 3128 2301 sicut
3159 2262 3262 2301 non
3287 2247 3462 2302 simile
3489 2257 3570 2301 est
3598 2247 3732 2301 bona
3761 2263 3926 2317 opera

2341 2333 2574 2399 laudare,
2606 2344 2658 2389 et
2686 2335 2798 2391 lucc
2823 2348 3109 2406 operantes
3134 2338 3185 2392 in
3208 2337 3439 2392 medium
3462 2338 3748 2393 adducere.
3783 2337 3928 2392 Ideo.

2339 2439 2444 2493 que
2487 2425 2601 2481 lucc
2625 2425 2805 2483 dicere
2837 2439 3174 2499 praeoccupat
3200 2449 3213 2481 :
3249 2429 3540 2484 Secundum
3569 2443 3738 2484 autem
3769 2447 3928 2500 opera

2340 2533 2514 2569 eorum
2542 2519 2698 2572 nolite
2736 2521 2921 2589 facere.
2970 2521 3046 2576 Ne
3076 2532 3360 2591 putarent,
3409 2539 3563 2592 quem
3604 2524 3790 2577 audire
3829 2538 3928 2579 cos

2340 2610 2641 2675 Oportebat,
2676 2613 2833 2666 etiam
2865 2614 3055 2667 imitari
3089 2625 3356 2684 oportere.
3390 2615 3487 2668 hac
3518 2615 3683 2669 utitur
3723 2630 3916 2669 emcn-

2339 2697 2576 2766 datione,
2603 2710 2657 2756 et
2685 2704 2823 2769 quod
2854 2704 2957 2757 illis
2989 2705 3262 2758 videbatur
3289 2705 3477 2759 honori
3500 2719 3618 2760 esse
3639 2747 3655 2769 ,
3689 2705 3740 2758 in
3763 2721 3926 2759 accu-

2339 2792 2598 2845 sationem
2649 2794 2823 2848 vertit.
2871 2793 3005 2862 Quid
3040 2796 3182 2850 enitn
3223 2796 3442 2852 doctore
3497 2798 3586 2852 illo
3634 2799 3924 2853 miserabi-

2341 2882 2443 2937 lius
2469 2924 2484 2948 ,
2527 2884 2613 2955 qui
2650 2885 2938 2956 discipulos
2965 2889 3032 2942 ita
3065 2890 3236 2943 solum
3277 2905 3492 2944 servare
3518 2891 3705 2959 possit,
3739 2890 3782 2944 si
3814 2905 3924 2945 non

2335 2977 2609 3032 attendant
2637 2979 2802 3049 ipsius
2831 2981 3114 3049 operibus?
3145 2982 3217 3036 Ita
3243 2995 3298 3036 ut
3326 2983 3417 3054 qui
3448 2983 3656 3039 videtur
3685 2984 3790 3037 illis
3819 2984 3924 3037 Ito-

2335 3085 2437 3124 nor
2458 3069 2637 3125 haberi
2656 3113 2670 3137 ,
2703 3075 2931 3129 maxime
2955 3077 3024 3130 sit
3047 3077 3315 3131 accusatio
3335 3117 3351 3142 ,
3393 3076 3604 3147 quando
3629 3077 3789 3131 talem
3837 3077 3925 3131 vi-

2335 3168 2440 3214 tam
2467 3162 2686 3228 ducunt,
2725 3180 2827 3232 qua
2860 3166 3152 3222 imitatores
3182 3167 3262 3222 sui
3289 3177 3717 3237 corrumpantur.
3770 3168 3926 3223 Ideo-

2334 3269 2438 3324 que
2467 3255 2534 3310 ad
2580 3256 2902 3314 incusandos
2944 3259 3060 3314 illos
3089 3275 3148 3316 se
3171 3262 3456 3318 convertit.
3488 3261 3674 3332 Neque
3713 3278 3776 3317 ca
3826 3278 3925 3319 so-

2337 3348 2444 3402 lum
2467 3348 2534 3404 de
2559 3364 2716 3404 causa
2740 3392 2754 3415 ,
2787 3351 2882 3406 sed
2909 3361 2966 3405 ut
3004 3353 3269 3416 ostendat,
3313 3354 3736 3410 incredulitatem
3770 3356 3923 3425 prio-

2338 3457 2448 3496 rem
2473 3457 2679 3508 eorum,
2713 3452 2766 3498 et
2789 3443 3134 3514 crucifigcndi
3167 3444 3370 3499 facinus
3399 3445 3540 3516 quod
3569 3455 3750 3514 postea
3793 3461 3920 3501 sns-

2336 3544 2610 3602 ccperunt,
2639 3549 2742 3588 non
2771 3535 3028 3601 crucifixi,
3060 3537 3142 3590 cui
3176 3553 3280 3590 non
3312 3536 3674 3602 crediderunt,
3703 3539 3921 3608 culpam

2340 3639 2480 3690 eSse,
2510 3623 2604 3679 sed
2646 3625 3009 3695 improborum
3064 3629 3498 3697 iugratorumque
3524 3628 3756 3684 illorum.
3789 3630 3923 3684 νοτ-

2339 3716 2509 3787 pende
2537 3727 2713 3772 autem
2747 3717 2886 3772 unde
2924 3719 3162 3789 incipiat,
3192 3729 3244 3774 et
3273 3719 3412 3773 unde
3436 3720 3660 3774 crimina
3701 3731 3916 3790 augeat.

2337 3808 2554 3876 Dicunt,
2589 3810 2775 3881 inquit,
2805 3821 2850 3864 et
2872 3828 2969 3866 non
2991 3813 3202 3882 faciunt.
3226 3812 3454 3882 Singuli,
3474 3813 3666 3884 inquit,
3697 3815 3924 3884 perinde

2335 3901 2581 3970 culpandi
2627 3911 2782 3966 sunt,
2815 3903 2901 3972 qui
2947 3904 3117 3974 legem
3151 3905 3653 3970 transgrediuntur;
3684 3905 3922 3963 maxime

2335 4006 2514 4068 autem
2563 3995 2606 4050 is
2658 3996 2747 4064 qui
2785 3995 3010 4050 docendi
3060 3996 3430 4050 auctoritatem
3479 3995 3666 4051 liabet:
3718 3997 3922 4068 duplici

2336 4066 2530 4163 qufppe
2571 4097 2624 4140 et
2663 4086 2853 4154 triplici
2901 4086 3226 4141 damnationi
3275 4087 3540 4143 obnoxius
3588 4097 3688 4144 est.
3732 4066 3922 4145 Primo

2337 4177 2572 4246 quidem,
2617 4177 2754 4246 quod
2797 4177 3252 4248 transgrediatur;
3292 4179 3561 4240 secundo,
3607 4179 3747 4250 quod
3793 4195 3922 4236 cum

2335 4268 2468 4323 alios
2507 4267 2791 4324 emendare
2834 4268 3076 4333 deberet,
3126 4270 3320 4326 deinde
3372 4272 3512 4342 quod
3534 4272 3833 4327 claudicans
3863 4274 3918 4328 id

2337 4358 2513 4424 faciat,
2542 4359 2612 4414 ob
2643 4361 2808 4430 ipsam
2838 4360 3146 4430 dignitatem
3176 4361 3362 4430 majori
3397 4377 3552 4432 pinna
3580 4363 3770 4433 dignus
3791 4374 3876 4418 est
3902 4381 3918 4427 ;

2341 4453 2499 4508 tet-tio
2521 4493 2535 4519 ,
2565 4451 2707 4523 quod
2739 4453 2958 4520 majoris
2991 4453 3307 4523 corruptela:
3345 4467 3504 4508 causa
3546 4454 3645 4519 sit,
3693 4455 3813 4524 quia
3863 4471 3922 4510 tn

2335 4545 2571 4600 doctoris
2589 4545 2780 4599 ordine
2807 4543 2918 4598 haec
2938 4555 3233 4615 perpetret.
3265 4545 3344 4600 Ad
3374 4551 3487 4600 tunc
3531 4546 3670 4602 aliud
3701 4563 3924 4618 quoque

2335 4635 2462 4705 ipsis
2486 4636 2686 4692 crimen
2718 4635 2926 4705 objicit,
2954 4636 3097 4704 quod
3140 4650 3264 4705 erga
3294 4635 3429 4692 alios
3453 4639 3562 4692 sint
3589 4638 3766 4693 acerbi
3795 4656 3810 4693 :
3854 4640 3918 4696 4.

2335 4727 2559 4797 Alligant
2583 4727 2715 4781 enim
2740 4743 2895 4780 onera
2925 4729 3096 4797 gravia
3113 4737 3158 4780 ct
3179 4728 3543 4797 importabilia,
3574 4740 3620 4784 et
3647 4731 3924 4800 imponunt

2333 4821 2383 4873 in
2404 4823 2636 4873 humeros
2657 4819 2949 4885 hominum;
2979 4821 3139 4891 digito
3165 4830 3330 4874 autem
3369 4838 3464 4876 suo
3500 4823 3676 4886 nolunt
3699 4840 3759 4877 ea
3801 4841 3923 4879 mo-

2333 4928 2464 4966 vere.
2500 4911 2768 4981 Duplicem
2803 4911 2889 4966 hic
2914 4912 3201 4982 nequitiam
3235 4923 3532 4979 memorat,
3568 4916 3708 4985 quod
3729 4931 3756 4968 a
3785 4919 3926 4972 sub-

2333 5004 2459 5059 ditis
2511 5005 2632 5058 sine
2665 5004 2764 5058 ulla
2793 5004 2945 5058 venia
2977 5003 3218 5059 Sedulam
3264 5007 3542 5076 requirant
3566 5008 3683 5063 vitae
3711 5010 3922 5078 purita-

2336 5098 2795 5165 tem,multimque
2821 5095 2920 5149 sibi
2963 5097 3224 5151 licentiam
3257 5099 3592 5165 permittant;
3621 5101 3759 5170 quod
3787 5115 3927 5155 con-

2337 5192 2555 5246 trarium
2592 5200 2672 5245 est
2704 5190 2828 5244 b0ui
2862 5189 3116 5258 principis
3149 5191 3359 5255 officio,
3400 5193 3540 5261 quod
3572 5203 3652 5248 est
3672 5195 3724 5248 in
3757 5193 3925 5252 rebus

2335 5297 2394 5337 se
2440 5281 2802 5350 spectantibus
2835 5281 3068 5350 judicem
3111 5295 3230 5336 csse
3263 5297 3508 5338 serenum
3539 5299 3602 5338 ac
3646 5285 3764 5341 siue
3813 5286 3924 5342 ulla

2336 5373 2489 5427 venia
2518 5387 2531 5434 ;
2575 5371 2624 5424 in
2655 5371 2985 5426 subditorum
3016 5385 3144 5425 vero
3175 5373 3406 5440 peccatis
3435 5374 3613 5429 mitem
3639 5384 3693 5434 et
3723 5375 3788 5430 ad
3824 5391 3922 5432 ve-

2337 5468 2476 5521 niam
2499 5465 2724 5520 dandam
2750 5479 2970 5533 prooum
3004 5481 3018 5518 :
3051 5463 3103 5520 bi
3118 5478 3247 5519 vero
3279 5468 3603 5522 contrarium
3629 5467 3922 5526 iaciebant.

2397 5584 2454 5638 2.
2470 5585 2628 5638 Tales
2644 5591 2771 5639 sunt
2788 5581 2824 5636 ii
2841 5595 3030 5637 omnes
3053 5580 3145 5652 qui
3163 5583 3337 5640 verbis
3353 5584 3926 5658 philosophantur-Je-

2343 5678 2453 5732 veri
2477 5692 2669 5746 nempe
2684 5686 2737 5731 ct
2755 5672 3233 5739 immisericordes,
3253 5687 3439 5747 utpote
3462 5680 3644 5749 operis
3678 5682 3922 5740 diiﬁcui-

2346 5782 2506 5826 tatem
2539 5784 2645 5824 non
2685 5769 2907 5840 experti.
2949 5765 3061 5821 Nec
3093 5769 3302 5824 medica
3337 5779 3418 5826 est
3444 5771 3532 5826 illa
3570 5772 3901 5842 improbitas

2348 5878 2521 5938 neque
2541 5878 2728 5935 parum
2751 5871 2906 5934 auget
2926 5860 3378 5918 criminationem.
3397 5861 3476 5920 Tu
3491 5880 3617 5922 vero
3635 5865 3765 5923 mihi
3787 5883 3928 5928 con-
