4172 6494
268 441 369 498 669

263 562 472 614 sidcres
493 557 650 611 velim
667 593 683 618 ,
711 554 986 626 quomodo
1007 555 1214 609 crimen
1252 564 1464 624 augeat.
1490 553 1673 625 Neque
1695 561 1840 608 enin.

261 653 418 716 dixit,
439 651 554 705 Non
574 658 821 720 possunt,
837 649 953 712 sed,
971 648 1173 701 Nolunt
1189 663 1208 702 :
1223 664 1400 718 neque
1418 649 1575 713 dixit,
1598 649 1844 712 Portare,

259 745 376 808 sed,
406 744 584 812 Digito
602 758 820 807 movere,
848 741 898 796 id
922 751 1024 806 est,
1045 756 1143 795 nec
1167 755 1328 810 prope
1354 741 1637 804 accedere.
1665 755 1844 810 neqtte

265 845 504 896 tangere.
547 833 649 889 Sed
696 834 908 888 ubinam
951 833 1171 887 studiosi
1207 833 1567 900 etdiligentes
1596 828 1762 882 sunt?
1788 828 1842 882 ln

265 926 544 996 prohibitis
569 942 584 990 ;
614 943 732 980 nam
760 926 834 980 ait
862 943 874 977 :
907 925 960 980 5.
995 922 1182 978 Omnia
1209 924 1342 977 enim
1356 939 1509 990 opera
1524 921 1614 975 sua
1628 921 1842 1008 faciunt,

263 1027 317 1070 ut
363 1018 625 1070 videantur
666 1018 729 1069 ab
767 1016 1064 1070 hominibus.
1095 1015 1266 1068 Inanis
1293 1014 1478 1084 gloria:
1502 1013 1846 1081 cupiditatem

261 1122 445 1159 eorum
495 1104 578 1158 his
608 1106 864 1170 traducit,
894 1120 995 1175 qua
1026 1105 1312 1174 perierunt.
1346 1103 1523 1158 Priora
1553 1104 1696 1157 enim
1719 1112 1841 1156 cru-

258 1196 490 1250 detitatis
529 1207 580 1250 et
622 1197 839 1250 desidia}
885 1207 1069 1258 erant,
1119 1196 1233 1250 hinc
1262 1206 1437 1249 autem
1465 1196 1635 1248 inanis
1663 1194 1845 1260 gloria:

258 1287 584 1354 cupiditatis.
632 1288 743 1341 Hoc
786 1267 914 1341 illos.
953 1303 981 1340 a
1026 1288 1135 1341 Deo
1161 1287 1425 1342 removit:
1455 1286 1556 1340 hoc
1585 1285 1761 1340 effecit
1789 1292 1846 1338 ut

259 1378 315 1431 in
357 1377 461 1431 alio
503 1377 710 1432 theatro
751 1386 1149 1444 concertarent,
1192 1388 1244 1432 et
1291 1379 1543 1446 perirent.
1574 1376 1708 1430 Nam
1733 1375 1844 1430 suis

257 1470 651 1537 spectatoribus
687 1471 908 1540 quisque
939 1470 1151 1539 placere
1172 1469 1351 1527 studet
1379 1485 1472 1538 per
1492 1469 1843 1563 certaminum

257 1562 566 1628 qualitatem
598 1579 610 1614 :
644 1563 731 1631 qui
757 1573 881 1617 ante
904 1564 1056 1638 virosv
1074 1574 1320 1618 strenuos
1351 1572 1549 1632 pugnat
1580 1563 1698 1617 talia
1726 1573 1842 1615 slu-

257 1651 354 1705 det
381 1653 665 1707 certamina
691 1655 888 1710 referre
911 1673 925 1719 ;
956 1657 1042 1725 qui
1071 1671 1198 1710 vero
1225 1667 1351 1711 ante
1373 1656 1586 1710 timidos
1610 1663 1666 1711 et
1694 1656 1842 1726 igna-

256 1755 358 1794 vos
377 1781 392 1804 ,
445 1743 556 1810 ipse
602 1759 812 1814 quoque
842 1746 1062 1814 ignavus
1091 1745 1336 1801 efﬁcitur.
1372 1746 1529 1802 Verbi
1558 1747 1724 1818 gratia
1749 1786 1763 1808 ,
1796 1747 1840 1800 si

256 1831 383 1901 quis
412 1841 760 1901 spectatorem
790 1833 984 1890 habeat
1007 1836 1171 1890 risura
1202 1848 1468 1890 amantem
1487 1878 1503 1904 ,
1531 1836 1696 1891 risum
1727 1838 1842 1906 ipse

257 1929 476 1985 movet,
525 1931 576 1978 ut
624 1935 977 1992 spectatorem
1019 1926 1287 1992 delectet;
1321 1929 1458 1983 alius
1486 1927 1574 1999 qui
1610 1928 1840 1997 philoso-

255 2011 422 2080 phum
470 2026 523 2067 et
567 2015 862 2070 studiosum
889 2001 1048 2073 habet
1072 2027 1426 2087 spectatorem
1447 2060 1465 2086 ,
1499 2020 1617 2073 talis
1642 2030 1698 2074 et
1728 2020 1841 2089 ipse

256 2102 396 2155 eﬂici
420 2112 583 2157 curat
604 2147 616 2166 .
651 2107 767 2174 quia
799 2108 920 2160 talis
950 2116 1032 2161 est
1057 2109 1322 2162 laudantis
1344 2112 1573 2164 animus.
1599 2109 1696 2164 llic
1726 2126 1840 2163 rur-

252 2208 372 2246 sum
423 2194 539 2247 vide
583 2197 850 2263 quomodo
890 2198 1092 2252 crimen
1137 2199 1445 2268 ampliﬁcet.
1488 2200 1671 2271 Neque
1695 2201 1838 2254 enim

251 2282 355 2336 alia
403 2283 478 2337 sic
498 2327 511 2346 ,
544 2285 646 2339 alia
670 2302 794 2340 vero
823 2287 925 2341 nun
954 2289 1030 2343 sic
1060 2288 1290 2356 faciunt;
1323 2292 1418 2346 sed
1445 2292 1622 2347 omnia
1650 2293 1838 2353 simili?

255 2383 354 2426 ter.
409 2375 605 2430 Deinde
655 2387 933 2448 postquam
981 2397 1128 2436 vana:
1176 2383 1363 2453 gloria:
1410 2386 1835 2441 criminationem

253 2461 383 2532 ipsis
427 2465 734 2533 obtulerat,
779 2478 1038 2523 monstrat
1081 2486 1175 2526 eos
1200 2487 1308 2526 non
1335 2475 1400 2527 de
1432 2479 1635 2546 magnis
1662 2486 1714 2530 et
1743 2491 1835 2529 ne.

252 2556 501 2608 cessariis
547 2557 760 2626 gloriari
807 2557 958 2631 (nihil
1006 2565 1147 2616 enim
1197 2565 1301 2617 tale
1345 2565 1648 2630 habebant;
1682 2577 1836 2622 erant

248 2646 446 2715 quippe
491 2647 643 2702 bonis
681 2651 929 2720 Operibus
973 2668 1192 2722 prorsus
1235 2656 1448 2725 vacui),
1489 2658 1584 2712 sed
1636 2658 1703 2713 de
1741 2658 1836 2712 fri-

251 2737 389 2804 gidis
425 2747 481 2793 et
525 2738 594 2805 de
637 2743 871 2797 minimis
911 2745 1073 2799 rebus
1123 2747 1177 2812 ⁸,
1223 2761 1340 2816 qua:
1387 2759 1540 2802 erant
1582 2751 1832 2818 nequitiae

249 2829 459 2884 illorum
493 2832 704 2887 indicia.
739 2834 964 2890 Dilatant
995 2840 1128 2891 enim
1155 2840 1465 2909 plcylacteria
1489 2858 1601 2908 sua,
1629 2843 1828 2913 inquit;

245 2931 293 2972 et
315 2922 640 2991 magni/icon!
658 2923 881 2990 ﬁmbrias
899 2929 1297 2982 vestimentorum
1317 2947 1546 2985 suorum.

315 3009 647 3080 Phylacteria
688 3017 808 3084 quid
854 3031 1034 3072 essent.
1063 3050 1132 3062 --~
1175 3022 1346 3092 Ecqua
1375 3035 1498 3078 sunt
1529 3025 1613 3079 illa
1641 3025 1830 3098 phyla—

242 3102 409 3154 eteria
430 3140 446 3166 ,
490 3114 608 3171 qua:
637 3106 859 3161 iimbritc
879 3108 904 3159 ἲ
928 3109 1060 3176 Quia
1093 3126 1236 3181 saepe
1261 3113 1709 3172 obliviscebantur
1741 3118 1832 3173 be-

241 3190 554 3247 neﬁciorum
589 3195 701 3260 Dei,
725 3196 881 3266 jussit
912 3203 962 3254 in
993 3202 1228 3258 minimae
1253 3207 1408 3258 molis
1425 3207 1572 3262 libris
1598 3211 1826 3264 describi

241 3287 496 3341 miracula
539 3289 740 3357 ipsius,
790 3301 844 3346 et
885 3295 1112 3364 appendi
1142 3299 1384 3353 manibus
1413 3316 1619 3355 eorum.
1652 3302 1827 3370 Quare

237 3374 372 3430 dixit
415 3399 428 3432 :
483 3377 590 3433 Nec
639 3385 1021 3438 remorabuntur
1058 3388 1122 3441 ab
1145 3390 1304 3442 oculis
1332 3393 1429 3444 tuis
1459 3391 1634 3463 (Deut.
1665 3396 1716 3450 6.
1746 3394 1824 3465 8).

238 3469 367 3539 Quae
416 3473 771 3543 pbylacteria,
816 3481 969 3555 quasi
1010 3480 1159 3535 dicas
1200 3487 1597 3540 conservatoria
1623 3530 1637 3553 ,
1669 3502 1825 3542 voca-

239 3561 459 3629 bantur,
494 3574 551 3618 ut
587 3568 765 3621 multa;
790 3560 948 3623 nunc
989 3573 1242 3627 mulieres
1279 3576 1553 3646 evangelia
1590 3594 1656 3632 ex
1685 3579 1825 3633 collo

239 3656 522 3723 pendentia
569 3658 764 3713 habent
790 3677 804 3725 ;
832 3671 886 3715 et
915 3671 972 3715 ut
997 3664 1212 3720 aliunde
1244 3666 1294 3719 in
1323 3672 1636 3723 memoriam
1665 3671 1824 3724 redu-

237 3757 462 3810 cantur,
507 3747 558 3802 id
607 3750 748 3818 quod
794 3752 944 3807 multi
970 3769 1114 3823 saepe
1156 3756 1392 3824 faciunt,
1441 3760 1721 3815 oblivionis
1748 3763 1822 3816 vi-

239 3836 411 3890 tandae
431 3852 590 3892 causa
620 3841 727 3896 lino
750 3851 841 3896 aut
870 3843 956 3898 ﬁlo
978 3845 1200 3915 digitum
1227 3847 1452 3917 ligantes
1470 3890 1486 3916 ,
1515 3850 1615 3907 hoc
1640 3853 1743 3908 illis
1768 3863 1824 3909 ut

241 3931 416 3994 pueris
457 3930 596 3985 Deus
634 3933 809 3991 facere
839 3939 1106 4007 praecepit,
1129 3938 1526 4010 hyacinthinam
1557 3945 1739 4000 vittam
1769 3949 1818 4001 in

237 4032 331 4072 ora
357 4023 522 4076 vesds
545 4023 685 4078 circa
717 4027 881 4094 pedes
912 4043 1128 4085 assuere
1156 4031 1346 4099 (Nam.
1375 4035 1465 4089 15.
1490 4036 1582 4106 58)
1608 4078 1623 4101 ,
1653 4050 1708 4092 ut
1736 4039 1821 4094 his

236 4114 470 4168 animum
498 4115 813 4190 adhibentes
846 4135 1232 4191 praeceptorum
1255 4128 1666 4184 recordarentur
1689 4148 1703 4195 ;
1728 4148 1820 4187 vo-

224 4204 596 4276 ‘cabanturqne
641 4199 882 4266 ﬁmbriae.
925 4214 980 4269 In
1027 4213 1109 4271 bis
1136 4233 1263 4288 ergo
1289 4220 1513 4275 studiosi
1539 4232 1725 4290 erant,
1759 4225 1819 4278 li-

231 4296 417 4363 gacula
458 4297 718 4352 librorum
760 4304 1148 4372 extendentes,
1195 4317 1248 4362 et
1291 4311 1528 4367 ﬁmbrias
1568 4314 1700 4369 latas
1736 4314 1819 4372 Ta-

229 4385 434 4442 cientes
457 4404 474 4453 ;
501 4390 641 4464 quod
672 4394 843 4450 inanis
872 4397 1054 4466 gloria:
1079 4412 1378 4458 extremum
1399 4415 1532 4460 erat.
1558 4405 1666 4461 Cur
1690 4425 1819 4480 ergo

233 4476 320 4530 ilia
347 4479 632 4536 ambitiose
653 4486 942 4542 extendis?
965 4504 1031 4544 an
1058 4491 1109 4546 id
1137 4493 1256 4546 boni
1280 4499 1457 4563 aperis
1480 4498 1596 4554 loco
1617 4476 1819 4558 habes?

234 4583 356 4623 num
385 4573 513 4640 quid
541 4574 630 4629 tibi
663 4589 916 4645 prosunt,
947 4584 1049 4638 nisi
1093 4585 1224 4647 hinc.
1243 4587 1365 4655 quid
1411 4590 1674 4648 lncreris?
1699 4596 1813 4651 Non

230 4662 370 4713 ettim
415 4665 610 4729 quarm
639 4666 776 4722 Detts
805 4681 860 4724 ut
886 4673 974 4726 illa
998 4677 1254 4743 extendas
1286 4690 1338 4734 et
1366 4683 1660 4752 amplitices
1679 4727 1694 4752 ,
1720 4689 1814 4743 sed

127 4774 132 4778 -
230 4761 286 4804 ut
311 4754 514 4808 eximia
532 4756 692 4826 opera
708 4762 827 4828 ejus
842 4768 1319 4847 mentoriateneas.
1344 4773 1494 4840 Quod
1523 4778 1565 4831 si
1587 4777 1654 4832 de
1670 4780 1814 4836 elee-

231 4858 451 4918 mosyna
481 4858 536 4903 et
557 4849 780 4920 jejunio,
811 4871 930 4925 qua:
954 4859 1215 4917 laboriosa
1237 4876 1360 4919 sunt
1389 4878 1442 4921 et
1469 4869 1809 4942 bona_0pera,

231 4937 485 4998 non’licet
507 4939 720 5009 gloriari
753 4964 767 4998 :
797 4961 893 5000 cur
912 4955 966 5003 tu
983 4949 1070 5004 illa
1097 4963 1332 5011 ostentas
1350 4999 1365 5023 ,
1389 4976 1421 5012 o
1448 4937 1632 5017 Judzee
1650 4937 1675 5031 ,⁷
1694 4981 1814 5036 qua:

232 5023 489 5082 desidiam
516 5041 659 5086 tuam
684 5039 915 5092 maxime
940 5047 1204 5110 arguunt?
1228 5047 1304 5101 Illi
1327 5066 1454 5106 vero
1484 5070 1588 5108 non
1611 5057 1674 5110 ad
1700 5057 1813 5114 htec

228 5118 398 5171 solum
419 5161 436 5186 ,
460 5123 554 5175 sed
585 5133 640 5177 et
667 5126 733 5180 ad
755 5129 856 5182 alia
883 5135 1083 5187 minora
1111 5139 1354 5201 morbum
1385 5161 1537 5200 suum
1566 5153 1814 5208 extende-

228 5206 373 5263 bant.
398 5210 456 5266 6.
485 5214 672 5270 Amant
703 5222 857 5284 enim,
895 5225 1094 5295 inquit,
1125 5233 1313 5299 primos
1341 5241 1598 5296 accubitus
1627 5247 1678 5298 in
1709 5263 1810 5301 caa-

227 5299 332 5363 tn's,
373 5313 423 5357 et
467 5307 658 5372 primos
698 5326 956 5370 consessus
991 5319 1046 5372 in
1068 5329 1370 5395 synagogis,
1398 5332 1446 5385 7.
1478 5344 1524 5387 et
1547 5338 1813 5393 salutatio-

227 5403 312 5446 nes
348 5393 402 5447 in
446 5399 593 5467 foro,
635 5411 681 5453 et
706 5408 876 5459 mm
903 5409 965 5462 ab
994 5393 1303 5486 tramittitur},
1345 5422 1521 5481 Robbi.
1559 5429 1681 5484 Haec
1709 5436 1810 5489 etsi

228 5494 383 5548 parva
431 5489 715 5548 videantur
758 5514 910 5566 esse,
955 5508 1232 5574 granditttn
1281 5525 1455 5572 tamen
1501 5534 1619 5577 sunt
1651 5541 1808 5581 causa

229 5575 510 5634 maiorum.
557 5583 682 5640 Haec
721 5598 772 5642 et
815 5594 1055 5651 civitates
1100 5611 1154 5654 et
1184 5603 1450 5663 Ectlesias
1480 5626 1807 5677 everterunt.

230 5659 405 5737 Neque
453 5687 488 5728 ι
534 5673 784 5750 lacrymis
827 5685 1096 5746 abstinere
1143 5711 1397 5769 possum,
1445 5718 1565 5761 cum
1610 5710 1810 5779 primos

288 5817 308 5852 ⁸
333 5821 453 5879 Alii.
472 5827 534 5882 de
551 5832 694 5888 rebus
716 5834 925 5892 manis
949 5849 994 5896 et
1014 5846 1194 5902 nullius
1214 5853 1381 5914 pretii.

1209 437 1276 492 ΙΝ
1309 437 1725 496 ΜᾹΤΤΗΕΠΜ
1764 436 1997 494 Ηοδιιι.
2037 437 2248 496 LXXII.
2291 440 2361 496 al.
2403 440 2638 498 LXXI".

3451 449 3554 506 670

1955 568 2243 611 consessus
2288 556 2448 611 audio
2494 566 2549 611 et
2592 557 2975 628 salutationes,
3025 569 3082 618 et
3128 563 3306 635 cogito
3354 579 3550 636 quanta

1953 642 2079 698 hinc
2130 645 2268 711 mala
2316 647 2411 703 Dei
2461 647 2716 706 Ecclesiis
2765 651 3078 720 pariantur;
3111 669 3230 723 qua:
3254 656 3365 726 jam
3399 657 3554 714 vobis

1950 736 2218 789 recenseri
2266 752 2423 807 opus.
2447 754 2551 793 non
2604 749 2688 795 est
2719 758 2732 793 :
2765 741 3006 798 seniores
3039 746 3234 816 quippe
3262 748 3312 802 id
3339 764 3365 801 a
3397 749 3552 805 nobis

1950 822 2188 880 ediscere
2233 841 2336 881 non
2389 827 2607 884 debent.
2646 831 2734 886 -Tn
2784 848 2913 888 vero
2961 838 3265 905 perpende,
3293 852 3553 911 quantum

1950 926 2096 972 esset
2141 918 2313 974 inanis
2364 920 2550 990 gloria
2594 923 2865 992 studium,
2911 927 3000 981 ubi
3036 928 3361 996 jubebantur
3403 933 3550 988 illam

1951 1005 2174 1077 fugere;
2224 1010 2277 1064 in
2325 1014 2614 1083 synagdgis
2645 1031 2866 1087 nempe,
2901 1018 2988 1071 ubi
3015 1021 3150 1074 alios
3178 1023 3424 1078 edoctum
3456 1041 3551 1080 ve-

1949 1097 2192 1156 niehant.
2225 1099 2280 1156 In
2311 1103 2484 1158 c'cenis
2507 1105 2650 1159 enim
2683 1106 2812 1169 iliud
2840 1109 3049 1164 admitti
3079 1113 3245 1181 magis
3272 1115 3549 1172 terendum

1950 1189 2162 1244 videtur
2204 1207 2221 1244 :
2269 1207 2595 1265 quamquam
2644 1206 2698 1251 et
2738 1198 2844 1253 illic
2883 1200 3156 1256 doctorem
3184 1207 3392 1261 caeteris
3415 1224 3551 1278 prac-

1948 1290 2093 1337 Stare
2139 1297 2233 1352 par
2275 1296 2425 1354 erat,
2458 1303 2564 1342 non
2593 1291 2644 1344 in
2672 1292 2914 1347 ecclesiis
2943 1303 3144 1350 tantum
3169 1339 3185 1363 ,
3219 1299 3314 1354 sed
3344 1307 3400 1355 et
3429 1303 3548 1356 ubi-

1949 1387 2073 1441 que.
2097 1375 2558 1445 Quemadmodum
2592 1382 2734 1436 enim
2767 1382 2961 1452 homo,
2993 1381 3332 1460 quocumque
3355 1392 3407 1447 in
3431 1394 3549 1450 loco

1947 1476 2238 1532 appareat,
2268 1468 2480 1523 ueteris
2508 1473 2870 1530 animantibus
2899 1489 3152 1546 prmstare
3176 1481 3506 1552 dignoscitur
3529 1505 3544 1542 :

1949 1557 2027 1611 sic
2070 1556 2346 1615 doctorem
2374 1572 2427 1616 et
2455 1562 2762 1634 loquentem
2791 1577 2845 1622 et
2872 1579 3135 1627 tacentem
3155 1614 3168 1638 ,
3198 1585 3252 1628 et
3280 1577 3550 1645 pranden-

1951 1658 2055 1701 tem
2099 1658 2154 1703 et
2181 1651 2393 1720 quidvis
2429 1652 2746 1724 facientem,
2775 1662 2982 1716 ctrteris
3012 1667 3270 1733 prmstare
3300 1683 3396 1737 par
3423 1680 3507 1724 est
3528 1711 3545 1738 ,

1949 1737 2010 1791 in~
2049 1739 2295 1806 incessu,
2348 1745 2400 1799 in
2453 1760 2706 1817 aspectu,
2746 1751 2798 1805 in
2841 1753 3060 1824 habitu,
3105 1765 3161 1812 et
3190 1758 3242 1813 in
3273 1737 3546 1818 omnibus.

1948 1827 2027 1882 illi
2071 1845 2197 1886 vero
2235 1835 2469 1906 undique
2519 1839 2728 1894 ridiculi
2759 1853 2946 1910 erant,
2977 1847 3544 1922 etnndique'turpes,

1947 1920 2066 1990 quia
2098 1923 2186 1978 illa
2217 1928 2464 1996 persequi
2505 1931 2793 1987 studebant
2818 1974 2833 1998 ,
2863 1951 2982 2005 quae
3008 1920 3194 2009 fugere
3238 1920 3542 2012 oportebat.

1943 2012 2165 2079 Amant,
2214 2017 2416 2087 inquit;
2465 2021 2508 2074 si
2558 2037 2741 2080 amare
2783 2027 2987 2083 crimen
3023 2040 3140 2096 est,
3174 2031 3351 2090 facere
3376 2017 3547 2106 quan-

1949 2112 2057 2155 ttnn
2102 2107 2243 2160 erit?
2292 2109 2378 2163 illa
2420 2114 2636 2181 venari,
2669 2126 2722 2170 et
2748 2120 2963 2188 assequi
3009 2124 3254 2192 studere,
3285 2138 3544 2197 quantum

1945 2195 2048 2247 erit
2078 2198 2273 2252 malum
2303 2204 2326 2249 γ

2016 2286 2068 2338 5.
2102 2285 2157 2340 In
2185 2290 2396 2345 caeteris
2425 2293 2641 2362 quidem
2667 2311 2922 2356 accusare
2950 2305 3078 2358 satis
3111 2304 3292 2361 habuit
3312 2351 3328 2375 ,
3356 2321 3544 2380 utpote

1942 2391 2063 2445 qua:
2111 2393 2270 2448 parva
2318 2393 2499 2439 essent
2545 2397 2598 2440 et
2644 2389 2802 2456 vilia,
2849 2408 2948 2449 nec
2995 2396 3256 2455 deberent
3293 2403 3542 2474 discipuli

1942 2469 2082 2523 circa
2134 2471 2220 2527 illa
2269 2477 2463 2547 corrigi
2522 2495 2537 2535 :
2586 2481 2727 2550 quod
2777 2495 2956 2541 autem
3005 2493 3247 2547 omnium
3276 2496 3542 2553 malorum

1941 2572 2102 2612 causa
2148 2572 2297 2645 erat,
2348 2570 2676 2638 principatus
2721 2567 2995 2641 amorem,
3026 2589 3082 2634 et
3109 2581 3370 2639 doctrina:
3394 2589 3542 2645 sedis

1941 2643 2273 2710 invasionem
2295 2697 2310 2722 ,
2362 2660 2495 2716 illud
2517 2706 2531 2728 ,
2585 2665 2837 2736 inquam,
2869 2668 2921 2723 in
2954 2673 3189 2727 medium
3221 2678 3494 2736 adducens
3520 2724 3539 2750 ,

1938 2743 2226 2814 diligenter
2265 2753 2535 2824 corrigere
2581 2761 2792 2827 studet,
2833 2763 2884 2817 in
2917 2762 3003 2819 his
3029 2767 3378 2827 vehementer
3405 2759 3539 2829 insi-

1938 2843 2108 2890 stens.
2137 2839 2272 2906 Quid
2305 2844 2445 2898 enim
2473 2848 2592 2901 ait?
2617 2852 2668 2904 8.
2717 2834 2820 2907 Vos
2843 2870 2960 2909 vero
2980 2857 3136 2912 nolite
3160 2863 3330 2916 vocari
3350 2862 3537 2922 Rabiri.

1940 2925 2073 2980 Hinc
2113 2944 2270 2986 causa
2311 2935 2651 3009 subjungitur
2679 2959 2692 2994 :
2725 2942 2871 3000 Unus
2911 2958 2984 3001 est
3013 2951 3147 3006 enim
3178 2953 3427 3027 Magister
3445 2973 3535 3014 ve-

1936 3025 2078 3084 ster;
2125 3035 2299 3078 omnes
2323 3037 2488 3081 autem
2516 3045 2602 3084 vos
2646 3033 2832 3100 fratres
2873 3039 3033 3106 estis;
3064 3057 3163 3103 nec
3193 3025 3330 3101 alter
3357 3048 3532 3105 altero

1938 3115 2274 3174 priestantior
2310 3129 2428 3184 est,
2454 3135 2574 3176 cum
2606 3125 2734 3180 nihil
2766 3144 2834 3183 ex
2863 3134 3044 3201 seipse
3069 3134 3282 3195 habeat.
3313 3141 3439 3198 Ideo
3461 3145 3536 3201 ait

1935 3196 2128 3253 Paulus
2174 3219 2190 3255 :
2245 3205 2368 3272 Quis
2418 3207 2617 3267 Paulus
2668 3231 2687 3269 :
2728 3224 2841 3288 quis
2874 3196 3105 3289 Apollo?
3145 3230 3257 3298 quis
3294 3196 3537 3303 Cen/ias;

1934 3304 2098 3343 nonne
2129 3295 2344 3350 ministri
2370 3300 2449 3366 (1.
2483 3301 2601 3358 Cor.
2637 3307 2690 3360 5.
2719 3310 2775 3363 4.
2806 3312 2908 3380 5)ΐ
2935 3314 3052 3371 Νοη
3071 3295 3222 3387 dicit,
3250 3295 3530 3384 Dociores.

1933 3379 2001 3435 Et
2047 3383 2238 3442 iterum
2287 3406 2301 3442 :
2348 3390 2400 3445 9.
2452 3393 2537 3449 Ne
2582 3403 2764 3456 vocetis
2797 3401 3004 3461 Patrem
3032 3424 3054 3463 :
3081 3405 3186 3466 non
3215 3427 3403 3472 utnon
3432 3436 3532 3475 vo.

1933 3485 2085 3543 cent,
2135 3480 2229 3534 sed
2273 3493 2330 3537 ttt
2367 3487 2539 3543 sciant
2579 3506 2735 3561 quem
2786 3501 2999 3566 proprie
3023 3501 3235 3561 Patrem
3261 3513 3534 3579 appellare

1932 3580 2028 3632 par
2073 3567 2160 3622 sit.
2207 3571 2669 3639 Quemadmodum
2706 3588 2850 3642 enim
2878 3589 3069 3648 doctor
3099 3612 3205 3652 non
3232 3567 3315 3656 esi
3335 3567 3534 3673 praeci-

1931 3669 2065 3724 puus
2093 3659 2283 3717 doctor
2315 3682 2327 3718 :
2359 3668 2438 3722 sic
2466 3685 2640 3741 neque
2667 3686 2838 3743 pater.
2872 3679 2964 3737 Ille
2990 3685 3134 3740 enim
3164 3697 3219 3743 ct
3245 3659 3527 3753 dociorum

1929 3755 1982 3800 et
2017 3760 2226 3817 patrum
2273 3759 2512 3814 omnium
2537 3777 2698 3819 causa
2725 3779 2829 3823 est.
2863 3770 3057 3830 iterum
3089 3779 3364 3856 subjungit
3393 3804 3406 3841 :
3440 3789 3526 3845 i0.

1930 3838 2042 3895 Nec
2070 3849 2313 3902 vocemini
2341 3855 2572 3924 magistri
2602 3874 2772 3917 :unus
2799 3876 2873 3918 est
2897 3869 3029 3922 enim
3059 3871 3305 3944 Magister
3334 3891 3490 3935 vester
3511 3925 3526 3945 ,

1931 3930 2181 3990 Christus.
2226 3938 2332 3996 Nec
2358 3942 2520 4011 dicit,
2555 3947 2689 4020 Ego.
2718 3952 2866 4009 Sicut
2892 3960 3036 4014 enim
3069 3963 3119 4016 in
3150 3930 3524 4034 superior—ilius

1928 4023 2005 4075 sic
2032 4024 2264 4095 loquitur
2283 4073 2297 4094 ,
2333 4033 2472 4099 Quid
2497 4039 2633 4094 vobis
2655 4043 2852 4098 videtur
2875 4049 2938 4100 de
2961 4049 3161 4108 Christo
3187 4023 3398 4128 (iilattlt.

1925 4114 2021 4185 42)
2042 4117 2264 4210 ineque
2287 4124 2452 4193 dicit,
2488 4129 2562 4185 De
2588 4149 2673 4188 me
2700 4154 2711 4189 :
2736 4137 2815 4192 sic
2840 4148 2895 4194 et
2917 4139 3017 4197 hoc
3045 4114 3317 4205 loco.‘Sed
3349 4114 3526 4210 libet;

1929 4213 2009 4260 ter
2041 4206 2126 4263 bic
2158 4210 2544 4286 interrogarem
2566 4264 2581 4289 ,
2611 4226 2738 4294 quid
2765 4228 3034 4301 dixerint,
3065 4239 3151 4306 qui
3181 4255 3325 4310 saepe
3352 4244 3478 4300 illud
3505 4289 3524 4315 ,

1931 4296 2077 4354 Unus
2101 4309 2157 4356 et
2186 4301 2364 4374 (Inus,
2392 4308 2532 4366 Patri
2563 4316 2876 4375 adscribunt
2905 4296 3030 4390 soli,
3058 4296 3124 4382 ad
3155 4296 3523 4406 coniemptuni

1928 4390 2218 4463 Unigeniti.
2271 4401 2460 4457 Annon
2495 4405 2654 4463 Pater
2681 4422 2762 4466 est
2793 4418 3091 4486 magister?
3120 4424 3320 4481 Omnes
3351 4390 3524 4484 triten:

1926 4493 2044 4551 tttr,
2097 4503 2361 4563 nemoque
2408 4503 2702 4570 negaverit.
2756 4509 2917 4578 Atqui
2972 4529 3148 4582 unus,
3197 4521 3400 4591 inquit,
3443 4537 3526 4580 est

1923 4587 2221 4647 prazceptor
2255 4593 2462 4655 vester,
2513 4589 2780 4648 Christus.
2830 4603 2900 4654 At
2942 4605 3081 4660 sicut
3117 4587 3357 4667 Christus
3387 4587 3527 4673 unus

1924 4684 2224 4742 praeceptor
2264 4677 2438 4735 dictus
2471 4699 2574 4738 non
2605 4689 2840 4746 excludit
2872 4694 3083 4754 Patrem
3120 4719 3133 4756 :
3163 4704 3241 4759 sic
3269 4709 3527 4777 magister

1920 4759 2096 4818 dictus
2141 4766 2299 4824 Pater
2345 4788 2451 4828 non
2479 4779 2714 4836 excludit
2740 4801 2769 4836 a
2798 4789 3112 4857 magistratu
3136 4759 3524 4860 Filiumflliud

1920 4856 2096 4925 enim,
2129 4858 2274 4916 Unus
2311 4875 2365 4920 et
2404 4866 2580 4937 Unus,
2614 4874 2680 4928 ad
2702 4856 3058 4938 diﬁ'erentiatn
3091 4886 3364 4946 hominum
3395 4894 3526 4950 dici-

1920 4953 2008 5000 tur
2032 4989 2048 5014 ,
2101 4951 2535 5029 reliquarumque
2570 4977 2955 5027 creaturarum.
2989 4975 3120 5030 Cum
3152 4997 3280 5049 ergo
3304 5001 3522 5053 gravent

1919 5039 2069 5096 illum
2099 5048 2343 5104 morbum
2369 5052 2661 5123 depulisset
2691 5073 2744 5115 et
2775 5079 3036 5136 curasset,
3065 5073 3225 5130 docet
3250 5083 3526 5148 quomodo

1920 5131 2010 5186 ille
2043 5136 2325 5208 eﬂugiatur
2368 5160 2461 5213 per
2487 5150 2866 5210 humilitatem.
2900 5131 3475 5240 Quamobrcm'adjicit
3505 5194 3522 5232 :

1920 5222 2008 5277 Η.
2045 5225 2145 5289 Qui
2171 5240 2245 5283 est
2275 5240 2440 5305 major
2469 5252 2714 5306 vestrum,
2746 5249 2810 5300 sit
2843 5253 3068 5308 minister
3093 5270 3270 5314 vester.
3301 5222 3382 5318 12‘.
3425 5267 3524 5334 Qui

1918 5316 2050 5370 enim
2085 5336 2141 5373 se
2171 5325 2464 5381 excitaverit
2487 5372 2501 5395 ,
2548 5333 2941 5408 Itumiliabitur;
2967 5358 3015 5400 et
3039 5351 3125 5417 qui
3146 5368 3200 5404 se
3219 5353 3524 5411 humiliore-

1917 5409 2020 5472 rit,
2069 5415 2396 5473 mirabitur.
2447 5423 2586 5480 Nihil
2632 5431 2774 5485 enim
2828 5438 3090 5495 modestia
3138 5451 3518 5516 przcstantius;

1917 5499 2143 5572 ideoque
2186 5509 2322 5564 banc
2366 5515 2619 5573 virtutem
2666 5522 2976 5594 frequenter
3023 5533 3126 5588 illis
3158 5543 3520 5597 commendat.

1916 5591 1982 5646 Et
2004 5600 2217 5666 quando
2239 5608 2490 5670 parvulos
2510 5611 2560 5664 in
2585 5615 2815 5670 medium
2840 5621 3079 5692 adduxit,
3095 5639 3147 5683 et
3172 5648 3312 5688 nunc
3330 5637 3512 5699 etiam.

1915 5701 2126 5744 ac-cum
2155 5692 2204 5745 in
2235 5709 2416 5753 monte
2445 5700 2800 5763 beatitudiues
2837 5713 3088 5786 efferret,
3126 5720 3252 5777 hinc
3279 5725 3510 5794 incepit:

1917 5776 2006 5832 hic
2034 5795 2162 5836 vero
2190 5788 2494 5857 superbiam
2530 5797 2786 5854 radicitus
2816 5806 3030 5874 evellit,
3065 5826 3186 5866 cum
3216 5814 3346 5869 dicit
3372 5835 3385 5870 :
3415 5820 3518 5884 Qui

1922 5870 2158 5928 humilia!
2207 5879 2451 5950 “ipsum,
2490 5888 2795 5947 excitabitur
2823 5896 2974 5967 (Luc.
3011 5870 3097 5959 il.
3131 5906 3240 5973 il).
3275 5870 3513 5968 Vidistin"
