4172 6490
662 422 759 480 671

661 543 928 617 quomodo
971 541 1036 596 ad
1075 534 1395 595 contrarium
1427 548 1491 589 ex
1513 531 1774 588 diametro
1800 525 2095 581 auditorem
2127 519 2227 573 im-

665 633 867 706 pellat?
911 633 1090 703 Neque
1125 645 1265 685 emm
1291 627 1463 683 solum
1493 621 1711 693 impedit
1734 619 1991 691 primatus
2016 625 2231 675 amare,

662 727 754 781 sed
781 734 831 780 et
856 735 1089 778 extrema
1115 718 1263 789 sequi
1284 717 1454 787 jubet.
1486 716 1572 770 Sic
1590 712 1730 768 enim
1747 717 1921 779 optata
1937 717 2233 771 conseque-

662 820 735 873 ris
754 858 768 880 .
800 817 983 886 inquit.
1027 812 1149 867 Ideo
1177 818 1388 880 oportet
1414 823 1532 864 eum
1552 849 1568 874 ,
1597 807 1684 877 qui
1712 804 2001 875 primarum
2028 798 2231 853 sodium

659 908 1001 975 cupiditatem
1057 902 1251 973 pellit.
1309 889 1605 956 extremum
1656 893 1897 952 ordidetn
1954 900 2229 962 appetere.

660 998 790 1053 Nam
822 996 921 1063 Qui
943 1012 997 1051 se
1020 992 1357 1049 Itumiliavcrit
1375 1032 1390 1055 ,
1418 990 1737 1044 multabitur.
1769 987 1834 1041 Et
1860 984 1945 1038 ubi
1974 984 2110 1037 hanc
2136 982 2234 1036 ho-

660 1090 941 1146 militateut
985 1084 1355 1155 reperiemus?
1386 1080 1623 1136 Voltisne
1669 1095 1877 1134 rursum
1926 1078 1977 1133 in
2024 1079 2231 1133 virtutis

658 1182 923 1236 civitatem
970 1194 1191 1244 eamus,
1241 1184 1542 1231 sanctorum
1597 1172 1932 1228 tabernacula
1960 1214 1975 1238 ,
2022 1180 2229 1225 montes

658 1273 799 1333 dico.
830 1282 987 1341 atque
1010 1269 1211 1325 saltus?
1237 1268 1308 1324 lbi
1334 1284 1560 1339 namque
1588 1268 1866 1324 sublimem
1895 1268 2037 1323 illam
2060 1267 2232 1322 humi-

659 1363 861 1417 litatem
906 1360 1247 1431 reperiemus.
1302 1359 1556 1415 Homines
1597 1361 1791 1429 quippe
1812 1398 1827 1424 ,
1861 1360 1948 1430 qui
1975 1360 2055 1414 vel
2084 1374 2113 1412 ει
2142 1359 2226 1414 di-

656 1458 890 1527 gnitate,
920 1457 1004 1510 vel
1047 1470 1077 1509 a
1105 1454 1305 1510 divitiis
1334 1455 1599 1525 conspicui
1632 1462 1783 1509 erant
1804 1496 1819 1520 ,
1852 1454 2079 1525 undique
2107 1469 2227 1511 sese

657 1548 987 1618 deprimunt,
1031 1562 1060 1600 a
1090 1557 1267 1612 veste,
1296 1562 1327 1601 a
1356 1546 1539 1611 domo,
1570 1562 1599 1601 a
1628 1544 1948 1612 ministerio,
1982 1556 2138 1616 atque
2161 1562 2227 1600 ex

660 1640 742 1696 his
784 1641 1025 1696 omnibus
1065 1641 1211 1711 quasi
1242 1641 1404 1695 literis
1434 1639 1781 1694 humilitatem
1806 1637 2225 1707 descripserunt.

656 1733 785 1799 Qua:
808 1746 933 1786 vero
968 1730 1034 1785 ad
1062 1732 1361 1801 superbiam
1388 1731 1667 1785 incendunt
1690 1770 1707 1795 ,
1740 1731 1962 1785 vestium
1990 1728 2229 1800 magniﬁ-

655 1828 863 1889 centia,
909 1824 1131 1880 a-dilicia
1172 1824 1443 1895 splendida
1476 1864 1491 1888 ,
1540 1824 1854 1879 famulorum
1905 1821 2226 1888 multitudo,

660 1932 779 1985 qua:
808 1917 890 1971 vel
918 1917 1109 1971 invitos
1149 1930 1292 1985 stt-pc
1326 1916 1376 1970 in
1406 1914 1707 1985 superbiam
1738 1914 2060 1985 conjiciunt;
2091 1914 2224 1978 haec,

654 2010 904 2079 inquam,
957 2008 1131 2062 omnia
1178 2008 1319 2062 illinc
1363 2006 1568 2061 sublata
1607 2016 1749 2061 sunt.
1794 2005 1871 2060 llli
1922 2006 2018 2075 ipsi
2050 2007 2224 2076 ignem

652 2100 985 2163 accendunt,
1035 2099 1170 2169 ligna
1198 2108 1381 2153 secant
1405 2139 1420 2164 ,
1447 2108 1677 2168 coquunt
1697 2138 1713 2164 ,
1748 2097 2039 2166 lt05pitibus
2066 2097 2224 2151 mini-

652 2203 842 2249 strant.
881 2191 1157 2247 Neminem
1200 2192 1304 2246 illic
1333 2191 1773 2246 contumeliosum
1804 2191 1988 2245 audire
2011 2190 2223 2245 contin-

651 2285 726 2355 git
744 2324 760 2351 ,
794 2298 963 2353 neque
982 2283 1317 2339 edntnmeliis
1342 2283 1586 2338 allectum
1613 2282 1793 2337 videre
1815 2322 1829 2347 ,
1855 2282 2118 2337 neminem
2139 2282 2223 2337 cui

654 2378 1025 2448 pt-tecipiatur,
1068 2377 1334 2433 neminem
1381 2376 1777 2446 prtecipientcm
1837 2392 1850 2427 :
1901 2375 1994 2430 sed
2038 2389 2225 2429 eomes

653 2470 877 2524 ministri
926 2477 1081 2535 Sttttl,
1121 2468 1314 2537 singuli
1363 2468 1627 2538 hosltitttm
1677 2467 1837 2538 pedes
1871 2468 2125 2533 abluunt,
2172 2476 2226 2522 et

651 2578 839 2633 magna
882 2560 979 2616 hac
1007 2564 1057 2615 itt
1085 2577 1142 2617 re
1179 2571 1261 2616 est
1284 2561 1609 2616 concertatio
1645 2562 1683 2613 ί.
1716 2560 1768 2615 ltl
1796 2576 1955 2630 porro
1986 2559 2222 2625 faciunt,

654 2669 757 2707 non
805 2654 1130 2721 inquirentes
1174 2654 1314 2723 quis
1335 2654 1437 2716 sit,
1484 2668 1549 2707 an
1582 2668 1768 2709 servus
1792 2695 1805 2718 ,
1838 2668 1905 2707 an
1929 2652 2101 2717 liber;
2132 2651 2223 2707 sed

652 2760 775 2815 erga
802 2759 988 2799 onmes
1015 2746 1113 2799 hoc
1152 2745 1503 2800 ministerium
1530 2746 1768 2814 implent.
1800 2744 1982 2798 Nullus
2009 2744 2079 2798 ibi
2112 2759 2223 2797 nta-

650 2850 788 2905 gntts
806 2874 822 2899 ,
861 2843 955 2889 aut
997 2850 1205 2903 parvus.
1251 2836 1384 2901 Quid
1412 2836 1567 2905 igitur
1594 2836 1698 2890 ian
1724 2836 2009 2890 confusio?
2034 2835 2219 2899 Absit;

650 2925 744 2979 sed
784 2925 1014 2995 optimus
1057 2926 1207 2978 ordo.
1238 2925 1455 2980 Etiamsi
1479 2926 1618 2980 enim
1644 2925 1763 2996 quis
1792 2940 1981 2995 parvus
2005 2927 2072 2980 sit
2091 2968 2104 2987 ,
2133 2927 2220 2995 qui

652 3033 873 3088 magnus
898 3030 979 3074 est
1008 3017 1071 3072 ad
1101 3018 1150 3072 id
1180 3036 1283 3071 non
1312 3018 1560 3088 respicit,
1592 3020 1684 3074 sed
1712 3033 1772 3073 se
1798 3020 1888 3072 illo
1920 3015 2222 3073 interiorem

652 3122 797 3181 putat
816 3150 833 3177 ,
884 3120 938 3166 ct
977 3112 1096 3167 ideo
1134 3113 1302 3181 major
1326 3112 1574 3167 eflicilur.
1604 3111 1718 3167 Una
1746 3127 1927 3167 mensa
1953 3113 2220 3179 omnibus,

650 3205 1020 3269 servicntilms,
1048 3204 1373 3271 sedentibus,
1396 3205 1581 3261 eadem
1601 3206 1869 3272 alimenta,
1892 3208 2218 3273 indumenta,

650 3294 851 3350 ett-dem
892 3294 1065 3361 domi,
1102 3304 1157 3349 ct
1182 3311 1348 3366 genus
1371 3297 1577 3351 vivendi
1604 3297 1763 3352 idem.
1797 3298 2014 3366 Magnus
2042 3298 2110 3353 ibi
2142 3308 2224 3353 est

648 3388 736 3456 qui
769 3388 951 3440 viliora
979 3401 1140 3456 opera
1167 3388 1379 3457 abripit.
1406 3387 1520 3443 Non
1551 3398 1633 3443 cst
1662 3388 1732 3443 ibi
1763 3387 1933 3464 Meum
1946 3400 2001 3446 et
2016 3388 2219 3457 Tuum;

650 3478 744 3532 sed
785 3480 883 3534 hoc
925 3480 1143 3535 verbum
1188 3481 1311 3537 inde
1346 3480 1551 3536 exsulat
1580 3521 1597 3547 ,
1624 3481 1765 3553 quod
1791 3482 1935 3538 mille
1961 3481 2220 3541 bellorum

646 3592 811 3634 αιιει
827 3586 932 3636 αι.

719 3671 771 3725 4.
804 3670 1001 3740 Ecquid
1030 3660 1260 3736 miraris,
1288 3672 1331 3726 si
1366 3687 1533 3743 genus
1561 3672 1793 3740 vivendi,
1828 3689 2029 3738 mensa,
2057 3673 2222 3729 vestis

649 3778 752 3818 una
783 3766 852 3817 sit
892 3764 1136 3819 omnibus
1161 3805 1177 3830 ,
1225 3765 1649 3836 quandoquidem
1694 3775 1748 3820 et
1786 3768 1959 3821 anima
1990 3782 2090 3820 una
2139 3775 2220 3821 est

650 3856 899 3910 omnibus
930 3855 1027 3929 (α).
1061 3873 1164 3911 non
1195 3858 1484 3913 secundum
1511 3859 1858 3914 substantiam
1885 3858 2041 3915 modo
2068 3860 2221 3929 (lure

647 3949 790 4002 enim
816 3963 916 4002 una
945 3948 997 4003 in
1021 3950 1265 4004 omnibus
1292 3950 1419 4019 est),
1451 3950 1541 4004 sed
1572 3950 1863 4006 secundum
1889 3951 2164 4005 caritatem
2194 3950 2218 4003 ?

646 4040 924 4106 Quomodo
968 4041 1122 4111 igitur
1153 4042 1262 4112 ipsa
1293 4054 1473 4098 eontra
1517 4044 1746 4113 seipsam
1782 4044 2052 4114 superbiat
2100 4059 2219 4097 um.

650 4136 845 4205 quam?
870 4135 985 4191 Non
1016 4147 1099 4191 est
1126 4137 1197 4191 ibi
1230 4146 1510 4205 paupertas
1529 4178 1544 4201 ,
1594 4153 1696 4192 non
1728 4137 1943 4203 divitiae,
1974 4153 2078 4192 non
2107 4139 2220 4208 glo-

648 4230 724 4282 ria
749 4268 766 4293 ,
798 4242 901 4282 non
942 4227 1177 4281 infamia.
1208 4228 1484 4296 Quomodo
1514 4228 1637 4283 illnc
1675 4239 1945 4298 receptum
1994 4229 2222 4284 habeant

648 4320 892 4388 superbia
921 4329 974 4374 et
1009 4320 1307 4390 arrogantia
1325 4318 1350 4368 ἲ
1377 4317 1510 4374 Sunt
1536 4319 1679 4374 enim
1703 4328 1757 4375 et
1782 4320 1984 4375 minimi
2026 4330 2081 4376 et
2108 4337 2221 4377 ma-

644 4411 732 4481 gni
764 4412 1048 4465 secundum
1082 4411 1337 4466 rationem
1368 4412 1608 4479 virtutis;
1635 4413 1729 4468 sed
1754 4454 1769 4480 ,
1800 4422 1857 4467 ut
1880 4413 1987 4468 dixi
2014 4454 2028 4479 ,
2060 4429 2218 4470 nemo

647 4501 746 4557 hoc
773 4502 933 4557 videt.
972 4502 1071 4571 Qui
1101 4517 1298 4573 parvus
1338 4512 1419 4558 est
1449 4520 1551 4559 non
1582 4505 1793 4577 angitur
1836 4507 1984 4575 quasi
2024 4506 2216 4577 despe-

642 4604 797 4650 ctus:
840 4610 996 4649 nemo
1034 4596 1230 4681 quippe
1270 4604 1353 4652 est
1395 4597 1481 4667 qui
1526 4596 1811 4666 despiciat;
1850 4600 2055 4653 etiamsi
2092 4616 2231 4657 vero“

645 4696 785 4741 esset
808 4687 895 4756 qui
920 4686 1219 4757 despiceret
1242 4729 1256 4753 ,
1291 4689 1341 4742 itt
1368 4687 1471 4743 hoc
1514 4689 1743 4744 maxime
1771 4688 2087 4745 erudiuntur
2113 4732 2126 4755 ,
2161 4701 2217 4746 ut

644 4778 933 4843 contemni,
956 4779 1176 4849 despici,
1198 4781 1445 4850 vilipendi
1469 4791 1795 4849 assuescant,
1816 4782 2011 4851 verbis,
2036 4784 2216 4851 rebus,

643 4886 763 4927 eum
792 4871 1049 4926 mendicis
1078 4881 1131 4927 et
1157 4873 1353 4927 mutilis
1382 4885 1659 4930 versentur
1680 4915 1696 4940 ,
1728 4884 1784 4930 et
1821 4874 1873 4929 in
1901 4891 2087 4932 mensa
2133 4880 2218 4947 ipa

641 4978 822 5019 sorum
854 4963 1050 5019 multos
1096 4962 1392 5033 hujusmodi
1431 4967 1679 5021 convivas
1726 4964 1945 5034 videas;
1991 4967 2218 5039 ideoque

640 5057 775 5113 ctrlo
798 5068 919 5113 sunt
945 5057 1111 5129 digni.
1142 5059 1291 5113 Alius
1316 5061 1537 5115 vulnera
1572 5068 1725 5116 curat
1747 5060 1875 5132 agri
1897 5103 1911 5126 ,
1942 5062 2077 5117 alius
2103 5077 2213 5118 ete-

639 5167 761 5207 eum
792 5151 956 5217 ducit,
985 5151 1122 5206 alius
1144 5152 1385 5206 mnti'u.n
1408 5164 1597 5222 gestat.
1625 5154 1739 5210 Non
1776 5156 1848 5211 ibi
1876 5156 2210 5215 adulatorum

640 5254 861 5310 coetum,
889 5261 995 5301 non
1022 5245 1374 5314 parasitorum
1402 5247 1615 5303 videas:
1642 5249 1749 5303 imo
1769 5264 1869 5305 nec
1894 5250 2070 5305 sciunt
2088 5251 2213 5321 quid

640 5340 711 5395 sit
753 5340 1002 5395 adulatio.
1036 5339 1308 5396 Uudenam
1337 5355 1465 5410 ergo
1492 5340 1768 5409 superbire
1798 5343 2051 5411 possent?
2079 5344 2209 5399 Nam

640 5432 804 5488 multa
833 5431 971 5503 apud
1000 5432 1117 5488 illos
1145 5432 1419 5503 requalitas
1446 5441 1527 5488 est
1561 5450 1573 5486 :
1603 5431 1725 5489 ideo
1758 5435 1922 5489 multa
1948 5435 2014 5490 ad
2046 5438 2212 5491 vlrtu-

704 5632 720 5702 ξ
749 5626 829 5702 itis
841 5629 1019 5693 adjecit
1041 5630 1231 5702 Morel.,_
1247 5639 1378 5702 tanta
1401 5639 1470 5683 est
1489 5630 1684 5702 illorum
1706 5632 1967 5702 Ituntilhas.

701 5694 923 5765 (ama-tie,
941 5693 1333 5765 querulis-quidem
1350 5702 1394 5765 et
1418 5695 1578 5745 attima
1599 5709 1696 5747 una
1714 5704 1785 5765 est
1808 5698 2045 5765 oneribus,
2068 5714 2097 5751 ιι
2118 5701 2211 5755 Oo-

638 5753 876 5813 dieeG‘Ji,
904 5753 1004 5819 etA'a
1024 5753 1192 5804 savilio
1215 5763 1428 5819 mutuata
1445 5764 1585 5817 sunt;
1609 5758 1733 5819 apud
1756 5759 1923 5813 Morel.
1938 5753 2216 5817 etConuue-

639 5820 725 5869 lm.
749 5828 921 5867 causa
944 5815 1136 5866 fuerant
1157 5822 1352 5882 propter
1370 5815 1802 5874 hmmoleleutou.

1378 413 1433 471 S.
1473 404 1747 468 JOANNIS
1772 398 2245 461 CllRYSOSTOMI
2282 398 2594 458 ARCHIEP.
2634 401 3169 461 CONSTANTINOP.

3822 402 3928 461 673

2345 523 2451 571 tem
2476 516 2720 574 facilitas.
2752 520 2960 576 Etenim
2990 521 3055 576 iis
3083 519 3323 576 rttdiores
3347 521 3514 592 magis
3543 521 3920 589 instituuntur,

2338 625 2493 681 quam
2518 613 2564 666 si
2592 620 2909 682 cogerentur
2936 613 3065 683 ipsis
3110 613 3308 683 primas
3347 612 3661 669 concedere.
3714 613 3920 681 Quem-

2336 703 2620 787 admodum
2649 704 2789 760 enim
2818 706 3072 762 audacem
3104 746 3120 773 ,
3151 706 3240 775 qui
3279 720 3559 776 percussus
3583 706 3761 772 cedit,
3789 722 3919 761 eru~

2336 796 2452 852 dire
2492 797 2629 853 solet
2664 814 2679 852 :
2724 797 2803 854 sic
2842 807 2897 853 et
2950 797 3287 852 ambitiosum
3331 797 3375 852 is
3414 798 3502 867 qui
3545 799 3766 867 gloriam
3806 815 3917 854 non

2336 891 2523 960 quatrit
2552 932 2568 957 ,
2610 890 2703 947 sed
2729 890 2975 961 despicit.
3022 892 3077 945 ld
3101 890 3241 960 quod
3282 890 3356 944 illi
3391 890 3795 961 diligentissime
3833 892 3917 945 fa-

2337 982 2482 1036 ciunt
2507 1000 2521 1036 :
2554 990 2607 1037 et
2635 990 2887 1053 quantum
2916 996 3013 1036 nos
3036 997 3330 1052 pugnamus
3353 1023 3368 1045 ,
3398 992 3455 1037 ut
3495 983 3693 1052 primas
3719 998 3919 1039 conse—

2335 1090 2583 1145 quamur,
2616 1085 2818 1130 tantum
2848 1076 2922 1131 illi
2948 1075 3245 1141 decertant,
3275 1085 3332 1130 ut
3357 1093 3461 1131 non
3490 1090 3916 1146 ceasequantur,

2336 1165 2427 1220 sed
2451 1166 2800 1237 dejiciantur;
2829 1166 3150 1238 studentque
3171 1176 3230 1222 ut
3256 1166 3477 1222 honoris
3501 1166 3726 1221 multum
3764 1165 3921 1222 defe-

2334 1267 2475 1320 rant,
2506 1272 2611 1311 non
2643 1266 2699 1311 ut
2724 1258 3038 1327 recipiaut‘.

2409 1347 2691 1404 Monac/tos
2718 1352 2825 1419 ipse
2868 1352 3063 1405 vivendi
3090 1350 3268 1404 modus
3291 1350 3360 1403 ad
3385 1348 3723 1404 humilitatem
3769 1349 3923 1403 incli-

2333 1451 2444 1495 nat.
2486 1440 2737 1511 Exempla
2763 1443 3062 1498 humilitatis
3088 1460 3119 1495 a
3143 1442 3327 1496 sanctis
3365 1443 3552 1495 tradita
3568 1482 3585 1507 ,
3615 1442 3794 1512 quibus
3814 1457 3922 1495 non

2335 1532 2667 1586 humilitatem
2694 1533 2966 1603 perniciem
2996 1532 3304 1598 aﬂ'crent.—-
3317 1532 3563 1600 Alioquin
3594 1542 3775 1587 autem
3804 1534 3920 1600 ipsa

2335 1636 2495 1692 opera
2526 1621 2840 1680 modestiam
2872 1624 3127 1680 exhibere
3150 1624 3366 1690 docent,
3396 1637 3497 1679 nec
3523 1625 3711 1679 sinunt
3746 1634 3925 1678 tome.

2331 1730 2409 1769 re.
2457 1714 2589 1782 Quis
2611 1715 2753 1769 enim
2780 1758 2793 1783 ,
2840 1730 3021 1787 quaeso
3043 1756 3057 1780 ,
3091 1726 3285 1772 terram
3315 1715 3522 1771 fodiens
3551 1757 3567 1782 ,
3609 1716 3839 1785 irrigans
3864 1725 3923 1769 et

2334 1805 2599 1875 plantans,
2621 1806 2885 1877 sportulas
2912 1816 3151 1875 nectens,
3180 1820 3499 1878 succumque
3521 1820 3811 1871 consuetis,
3836 1804 3921 1859 vel

2332 1899 2703 1973 aliaquzedam
2736 1908 2989 1964 tractans,
3020 1902 3183 1955 altmn
3210 1914 3459 1969 umquam
3480 1899 3692 1968 sapiat?
3719 1900 3839 1968 quis
3862 1902 3920 1954 in

2331 2001 2641 2062 paupertate
2669 1992 2873 2054 vivens.
2904 2003 3100 2048 etcum
3132 1991 3271 2048 fame
3290 2006 3528 2063 pugnans
3550 2032 3566 2057 ,
3596 1992 3699 2048 hoc
3726 1993 3924 2047 morbo

2331 2082 2627 2137 laborabit?
2652 2081 2819 2137 Nemo
2844 2092 3010 2140 certe.
3043 2082 3165 2137 Ideo
3191 2082 3359 2139 facilis
3385 2082 3488 2138 illis
3511 2091 3595 2137 est
3618 2082 3921 2136 humilitas.

2329 2173 2407 2229 Ac
2433 2174 2877 2243 quemadmodum
2906 2175 2993 2229 hic
3017 2174 3274 2230 modestia
3305 2174 3540 2231 difficilis
3567 2184 3651 2231 est
3674 2174 3750 2229 ob
3772 2175 3919 2230 mul-

2331 2265 2607 2321 titudinem
2658 2266 3019 2335 plaudentium
3048 2276 3101 2321 et
3131 2264 3433 2321 mirantium
3459 2283 3473 2319 :
3503 2268 3582 2321 sic
3613 2265 3682 2320 ibi
3724 2265 3918 2322 admo-

2338 2357 2464 2413 dum
2509 2358 2677 2412 facilis
2716 2368 2818 2413 est.
2868 2357 3157 2412 Monachus
3209 2359 3351 2414 enim
3399 2357 3668 2414 solitudini
3712 2364 3921 2411 tantum

2331 2450 2578 2517 attendit,
2603 2465 2729 2505 aves
2753 2450 2895 2505 videt
2920 2450 3181 2517 volantes,
3204 2452 3529 2521 arboresque
3556 2460 3718 2505 vento
3746 2450 3921 2519 agita-

2333 2552 2432 2608 las,
2464 2544 2755 2613 spirantem
2784 2544 3097 2614 zephyrum,
3132 2554 3398 2600 torrentes
3423 2560 3519 2614 per
3544 2544 3709 2599 valles
3733 2542 3917 2599 defer-

2330 2635 2396 2688 ri.
2430 2633 2582 2690 Unde
2606 2649 2734 2704 ergo
2759 2635 3046 2689 extollatur
3085 2634 3172 2704 qui
3201 2636 3253 2689 in
3282 2634 3587 2705 huiusmodi
3624 2634 3921 2691 solitudine

2330 2728 2501 2781 vivat?
2525 2727 2642 2782 Non
2672 2738 2847 2783 tamen
2875 2726 2994 2782 ideo
3014 2727 3413 2783 excusationem
3439 2741 3543 2782 nos
3571 2724 3917 2793 habebimus,

2328 2822 2450 2889 quia
2506 2820 2557 2873 in
2608 2819 2782 2874 media
2825 2820 3166 2874 multitudine
3204 2828 3514 2883 versantes,
3559 2818 3727 2871 altum
3769 2818 3920 2887 sapi-

2328 2926 2465 2965 mus.
2516 2911 2726 2965 Etenim
2781 2911 3049 2966 Abraham
3115 2912 3256 2966 inter
3308 2911 3635 2965 Chananeus
3692 2923 3919 2964 versans

2328 3004 2576 3058 diccbat:
2609 3003 2722 3076 Ego
2752 3020 2861 3057 sum
2891 3014 3044 3067 terra,
3078 3012 3124 3059 et
3150 3003 3277 3058 chris
3297 3001 3451 3065 (Gen.
3483 3004 3570 3058 l8.
3594 3001 3714 3071 26);
3735 3013 3785 3057 et
3814 3002 3917 3073 Da:
3944 3028 3951 3033 η

2328 3095 2412 3149 vid
2442 3097 2491 3150 in
2520 3096 2697 3151 medio
2727 3099 2967 3151 exercitu
2992 3113 3004 3149 :
3041 3095 3153 3166 Ego
3177 3107 3344 3151 autem
3368 3111 3479 3150 sum
3509 3096 3709 3160 vermis,
3742 3104 3791 3148 et
3811 3111 3916 3151 non

2328 3187 2475 3240 homo
2506 3186 2679 3255 (Paul.
2726 3188 2818 3242 2|.
2868 3187 2923 3259 6)
2952 3203 2966 3239 :
3000 3197 3056 3243 et
3084 3185 3370 3257 Apostolus
3419 3187 3471 3239 in
3518 3184 3696 3240 modo
3743 3185 3912 3240 orbe:
3980 3234 4027 3239 η

2329 3278 2382 3332 Ν
2386 3297 2449 3334 ou
2480 3296 2591 3334 sum
2613 3281 2794 3351 dignus
2822 3282 2991 3335 vocari
3018 3279 3274 3350 apostolus
3300 3278 3379 3350 (l.
3409 3276 3525 3335 Cor.
3563 3279 3651 3335 15.
3678 3277 3757 3348 9).
3782 3276 3916 3346 Qua:

2329 3372 2487 3441 igitur
2516 3372 2668 3427 nobis
2695 3372 2801 3426 erit"
2836 3373 3133 3429 consolatio
3155 3412 3170 3435 ,
3200 3387 3318 3442 qua;
3346 3371 3623 3435 defensio.
3668 3386 3790 3427 cum
3838 3381 3915 3426 tot

2328 3463 2614 3533 propositis
2633 3466 2891 3534 exemplis
2912 3480 3017 3520 non
3042 3465 3282 3520 modeste
3310 3465 3568 3536 agamus?
3593 3463 3745 3520 Sicut
3766 3465 3915 3519 enim

2328 3555 2404 3609 illi
2433 3554 2577 3609 mille
2606 3565 2729 3610 sunt
2751 3557 2965 3612 coronis
2996 3556 3177 3626 digni,
3208 3557 3298 3628 qui
3330 3558 3483 3627 primi
3529 3557 3742 3612 virtutis
3770 3558 3912 3610 viam

2328 3646 2563 3701 inierunt
2588 3662 2602 3699 :
2630 3647 2708 3702 sic
2736 3662 2832 3701 nos
2858 3649 3004 3703 mille
3037 3649 3310 3719 suppliciis
3348 3648 3424 3705 rei
3445 3662 3631 3705 smnus
3650 3689 3667 3715 ,
3694 3648 3786 3719 qui
3833 3657 3915 3705 tot

2324 3740 2565 3807 exempla
2617 3741 2886 3808 proposita
2927 3749 2982 3796 et
3020 3740 3284 3811 descripta
3316 3740 3608 3807 habentes,
3656 3750 3777 3811 post
3818 3740 3912 3797 illa

2326 3844 2431 3883 non
2454 3830 2694 3885 modeste
2721 3831 2958 3899 sapimus
2981 3870 2998 3898 ,
3024 3845 3198 3901 neque
3228 3832 3350 3888 illos
3368 3830 3649 3887 defunctos
3674 3871 3691 3898 ,
3733 3845 3914 3901 neque

2326 3920 2423 3976 hos
2452 3937 2592 3977 nunc
2626 3924 2866 3979 viventes
2886 3964 2902 3989 ,
2945 3933 2999 3978 et
3022 3939 3089 3979 ex
3110 3924 3276 3994 gestis
3299 3924 3638 3979 admirationi
3671 3922 3910 3989 habitos,

2326 4014 2516 4068 imitari
2547 4017 2936 4072 contendimus.
2963 4016 3099 4084 Quid
3126 4018 3268 4072 enim
3290 4016 3469 4072 dicere
3498 4016 3693 4087 possis,
3726 4018 3771 4071 si
3800 4030 3913 4072 non

2325 4108 2640 4177 resipisces?
2666 4108 2871 4164 Literas
2900 4125 3006 4164 non
3036 4112 3197 4176 nosti,
3227 4124 3325 4165 nec
3350 4108 3656 4179 Scripturas
3693 4110 3865 4178 legisti
3892 4150 3911 4175 ,

2328 4209 2384 4252 ut
2427 4208 2686 4255 veterum
2711 4201 2934 4256 virtutes
2974 4200 3282 4256 edisceres?
3309 4201 3469 4272 Atqui
3510 4200 3625 4255 hac
3676 4201 3912 4255 tnaxima

2324 4292 2475 4361 culpa
2506 4304 2592 4346 tua
2623 4302 2723 4355 est,
2758 4292 2898 4362 quod
2926 4293 3152 4348 ecclesia
3183 4294 3275 4349 tibi
3304 4308 3520 4365 semper
3546 4302 3743 4363 pateat,
3772 4305 3825 4347 ut
3855 4295 3914 4350 in

2324 4384 2470 4454 puris
2516 4385 2621 4439 illis
2666 4385 2880 4440 ﬂuentis
2926 4384 3160 4439 haurias.
3210 4386 3471 4441 Ceterum
3518 4387 3564 4441 si
3615 4385 3737 4440 illos
3776 4386 3915 4443 olim

2322 4484 2535 4530 sanctos
2585 4491 2678 4544 per
2719 4476 3007 4547 Scriptura!
3038 4478 3317 4532 lectionem
3362 4491 3467 4532 non
3518 4477 3773 4543 noveris,
3808 4477 3915 4532 hos

2324 4582 2452 4623 sane
2480 4568 2719 4624 viventes
2742 4568 2936 4622 vidisse
2962 4568 3211 4639 Oportuit.
3248 4568 3354 4625 Sed
3391 4568 3567 4625 nullus
3608 4579 3691 4624 est
3716 4568 3806 4639 qui
3856 4578 3918 4627 to

2324 4659 2519 4715 ducat?
2545 4661 2624 4715 Ad
2648 4676 2735 4715 me
2762 4662 2976 4725 accede,
3008 4676 3108 4731 ego
3135 4662 3226 4716 tibi
3258 4661 3569 4717 monstrabo
3597 4671 3916 4719 sanctorum

2322 4751 2633 4806 diversoria.
2690 4750 2859 4818 Veni,
2891 4761 2959 4807 et.
2987 4751 3055 4807 ab
3078 4751 3195 4807 aliis
3236 4768 3358 4822 quae
3408 4752 3617 4808 utilitati
3656 4752 3751 4807 tibi
3797 4755 3917 4812 sint

2323 4844 2463 4899 andi.
2516 4845 2576 4899 lli
2607 4846 2839 4900 lucernae
2879 4854 3002 4898 sunt
3034 4859 3128 4915 per
3154 4852 3321 4899 totum
3365 4845 3550 4900 orbem
3599 4844 3869 4917 fulgentes
3893 4866 3911 4902 :

2325 4952 2420 5007 pro
2478 4941 2645 4991 muris
2686 4944 2810 4992 sunt
2849 4936 3083 4992 urbibus.
3132 4937 3254 4992 Ideo
3296 4937 3638 4997 solitudinem
3676 4952 3918 5009 occupa—

2325 5037 2477 5095 runt,
2511 5039 2567 5083 ut
2596 5039 2646 5084 te
2674 5028 2900 5084 (luceant
2946 5030 3199 5083 tumultus
3227 5028 3458 5085 civitatis
3488 5028 3782 5102 despicere.
3823 5030 3913 5087 Illi

2327 5123 2468 5177 enim
2498 5132 2678 5191 utpote
2710 5124 2960 5177 fortiores
2987 5162 3000 5185 .
3033 5112 3255 5192 possunt
3292 5122 3344 5176 in
3372 5122 3546 5177 media
3587 5132 3914 5193 tempestate

2324 5216 2703 5285 tranquillitate
2729 5215 2825 5269 frui
2854 5232 2871 5267 :7
2898 5214 2991 5269 tibi
3019 5229 3149 5269 vero
3170 5254 3188 5280 ,
3218 5214 3306 5283 qui
3335 5213 3569 5285 undique
3590 5213 3909 5285 exagitaris,

2320 5309 2499 5379 quiete
2524 5324 2658 5377 opus
2687 5317 2788 5373 est,
2818 5318 2874 5361 ut
2900 5308 3171 5378 paululum
3199 5322 3228 5361 a
3255 5306 3619 5377 frequentibus
3649 5306 3912 5367 procellis

2322 5400 2586 5471 respirare
2632 5400 2824 5469 possis.
2870 5398 2993 5455 lllos
3040 5400 3216 5470 itaque
3260 5397 3564 5469 frequenter
3604 5397 3798 5465 adeas,
3845 5406 3914 5456 ut

2321 5507 2505 5549 eorum
2554 5493 2800 5563 precibus
2833 5502 2889 5550 et
2918 5491 3133 5546 monitis
3168 5490 3403 5545 maculas
3442 5489 3624 5556 eluas,
3666 5500 3721 5545 et
3762 5488 3911 5545 hanc

2321 5588 2479 5641 vitam
2507 5588 2710 5656 Optime
2735 5586 2939 5641 emetiri
2982 5585 3187 5656 possis,
3230 5594 3287 5639 ut
3312 5582 3487 5639 futura
3536 5581 3678 5638 bona
3706 5596 3904 5638 ροηδε-

2321 5833 2341 5885 Ι
2337 5774 2443 5887 ":10
2425 5770 2639 5886 (radunt,
2662 5768 2943 5835 audentque
2983 5766 3163 5833 primus
3202 5774 3390 5832 tenere,
3416 5762 3780 5831 animum,
3806 5777 3915 5817 non
