4158 6462
231 373 337 436 6'73

230 495 457 566 quaris,
517 494 686 567 gratia
732 500 789 548 et
834 488 1166 562 benignitate
1221 483 1433 541 Domini
1479 481 1667 582 nostri.
1700 477 1827 535 .Iesu

230 587 456 652 Christi,
506 603 605 659 per
640 600 797 656 quem
838 592 893 640 et
938 598 1060 639 cum
1101 597 1208 653 quo
1248 579 1392 635 Patri
1417 577 1584 648 gloria
1610 588 1624 642 ,
1653 577 1826 641 impe-

1188 368 1258 426 ΙΝ
1293 362 1699 425 MATTIIA'JUM
1737 359 1969 418 IIOHIL.
2009 360 2246 421 LXXIII.
2286 363 2337 418 aI
2376 361 2612 420 LXXIV.

3440 368 3548 428 67-5

1938 477 2100 541 rium,
2133 480 2307 535 honor
2328 521 2343 545 ,
2372 496 2477 536 una
2504 495 2626 535 cum
2655 488 2844 536 sancto
2884 479 3108 552 Spiritu,
3139 498 3283 539 nunc
3308 493 3363 539 et
3393 499 3545 540 sem-

1937 584 2057 638 per,
2089 578 2143 623 et
2173 570 2225 625 in
2260 570 2454 626 sarcula
2483 571 2828 627 smculorum.
2860 577 3055 629 Amen.

238 702 345 721 ᾗ.
1310 760 1661 826 HOMILIA
1703 750 1999 817 LXXIII.
2045 750 2132 811 al.
2180 751 2467 814 LXXIV.

230 920 366 976 Cn.
403 918 495 975 25.
524 918 693 973 v.14.
731 914 822 970 Vw
862 914 1031 979 vobis,
1064 911 1241 966 scribat
1281 918 1328 964 et
1368 904 1620 962 Phariswi
1664 903 1827 974 hypo-

302 1016 447 1069 crita:
471 1055 487 1079 ,
534 1013 656 1083 quia
711 1011 959 1065 devoratis
1007 1009 1184 1061 domos
1243 1004 1551 1066 viduarum,
1599 999 1828 1063 oratione

302 1107 458 1176 longa
488 1114 689 1159 orantes
727 1104 801 1175 (a)
836 1118 854 1155 :
884 1110 1151 1172 propterea
1171 1096 1432 1168 judicium
1464 1091 1684 1163 amplius
1731 1103 1847 1155 ac-,

302 1196 527 1266 cipietis.

306 1288 362 1342 l.
394 1287 529 1343 Hine
575 1285 686 1356 jam
720 1292 937 1355 propter
965 1281 1253 1353 ingluviem
1276 1280 1333 1361 in
1366 1280 1485 1334 illos
1513 1276 1823 1333 invehitur:

229 1378 483 1450 quodque
506 1378 720 1449 gravius
747 1386 850 1443 est,
865 1376 987 1445 quia
1007 1390 1112 1429 non
1142 1388 1203 1429 ex
1234 1372 1459 1426 divitum
1479 1410 1495 1436 ,
1522 1368 1616 1424 sed
1646 1383 1711 1423 ex
1742 1366 1824 1420 vi-

230 1472 461 1526 duarum
508 1469 803 1524 substantia
853 1476 1072 1521 ventres
1128 1464 1464 1534 implebant,
1508 1462 1826 1528 illarumque

232 1571 599 1635 paupertatem
629 1561 958 1623 atterebant,
1003 1558 1089 1613 cui
1140 1555 1425 1611 subvenire
1479 1554 1824 1621 Oportuisset.

228 1655 348 1712 Non
392 1656 534 1710 enim
578 1653 893 1723 simpliciter
932 1650 1193 1712 edebant,
1238 1646 1332 1701 sed
1375 1654 1431 1699 et
1469 1642 1821 1699 devorabam.

232 1746 436 1802 Deinde
463 1759 591 1800 vero
622 1743 824 1801 fraudis
850 1741 1038 1796 modus
1064 1740 1278 1810 gravior
1304 1734 1620 1806 exprimitur
1646 1752 1659 1787 :
1693 1732 1826 1785 θνα.

230 1840 369 1893 tione
393 1838 544 1908 longa
568 1845 786 1891 orantes.
812 1834 1063 1904 Quisquis
1090 1831 1227 1886 male
1253 1839 1527 1898 Operatur,
1562 1825 1825 1894 snpplicio

225 1930 426 2001 dignus
453 1938 570 1984 est:
600 1928 843 1997 quisquis
884 1936 1064 1980 autem
1092 1923 1304 1994 pietatis
1332 1923 1554 1977 obtentu
1584 1920 1633 1974 id
1675 1919 1821 1982 facit,

230 2030 288 2076 et
318 2020 493 2074 fallaci
524 2018 703 2089 specie
744 2019 910 2071 utitur
937 2015 1002 2069 ad
1032 2014 1322 2084 nequitiam
1351 2054 1363 2076 ,
1395 2011 1551 2081 longe
1590 2010 1821 2079 graviori

230 2121 315 2168 est
345 2110 607 2181 supplicio
647 2108 931 2164 obnoxius.
976 2107 1042 2161 Et
1070 2121 1167 2161 cur
1205 2120 1309 2159 non
1338 2102 1505 2174 gradu
1534 2102 1730 2171 dejecit
1755 2101 1822 2155 il-

229 2202 355 2257 los?
402 2202 535 2271 Quia
582 2201 633 2257 id
678 2200 917 2256 nondum
949 2208 1159 2267 tempus
1190 2195 1551 2267 permittebat.
1584 2195 1708 2250 Ideo
1739 2195 1821 2249 in-

232 2296 391 2352 terim
431 2295 552 2350 illos
598 2293 892 2364 relinquit:
924 2290 1018 2347 sed
1050 2291 1226 2346 verbis
1279 2290 1392 2345 suis
1442 2298 1595 2344 curat
1650 2298 1708 2342 ut
1755 2302 1825 2343 ne

231 2387 467 2459 populus
478 2386 791 2457 decipiatur,
812 2400 879 2441 ne
904 2385 1043 2451 illos,
1062 2392 1244 2453 utpote
1270 2383 1324 2438 in
1351 2383 1609 2452 dignitate
1624 2382 1825 2438 consti-

232 2488 378 2536 tutos
399 2520 415 2547 ,
462 2478 656 2534 imitari
701 2475 999 2533 studerent.
1046 2473 1178 2542 Quia
1211 2474 1355 2529 enim
1384 2474 1597 2529 dixerat
1618 2515 1634 2539 ,
1670 2473 1824 2541 Quc-

231 2588 443 2643 cumque
485 2570 622 2625 vobis
664 2568 883 2623 dixerint
930 2568 1120 2638 facite,
1166 2565 1401 2621 ostendit
1446 2579 1690 2635 quaenam
1736 2564 1823 2620 illa

230 2666 340 2719 sint
368 2682 382 2718 :
415 2677 478 2718 ea
520 2661 728 2717 scilicet
755 2675 874 2730 qua:
901 2657 1001 2728 ipsi
1041 2673 1146 2713 non
1180 2666 1375 2725 praeter
1396 2656 1486 2727 jus
1517 2656 1702 2727 fasque
1745 2655 1823 2711 fe-

230 2754 403 2810 cerint
423 2794 439 2821 ,
472 2768 539 2808 ne
567 2752 742 2806 minus
770 2765 897 2806 sana
930 2758 1106 2804 mente
1135 2748 1340 2817 praediti
1371 2759 1617 2818 putarent
1642 2750 1821 2803 omnia

230 2860 353 2917 qua:
382 2845 457 2900 illi
496 2845 731 2898 iacerent
777 2841 1035 2911 permitti.
1081 2841 1171 2896 13.
1224 2838 1314 2894 Vw
1341 2840 1513 2905 vobis,
1561 2840 1738 2894 scriba:
1778 2848 1824 2894 et

230 2936 486 2992 Pharistti
509 2978 526 3003 ,
578 2934 698 3004 quia
740 2933 979 2988 clauditis
1014 2950 1224 3004 regnum
1263 2944 1384 2987 ante
1426 2934 1671 2990 homines.
1724 2933 1825 2989 Vos

229 3031 364 3084 enim
394 3045 495 3084 non
521 3027 725 3081 intratis
749 3068 764 3091 ,
798 3042 890 3081 nec
917 3027 1161 3081 intrantes
1192 3027 1480 3096 permittitis
1510 3027 1721 3081 intrare.
1764 3027 1821 3083 Si

229 3124 373 3178 enim
406 3121 607 3177 nemini
652 3120 912 3190 prodesse
939 3120 1145 3174 crimen
1183 3128 1304 3186 est,
1351 3134 1547 3175 nocere
1572 3130 1625 3175 et
1656 3119 1825 3189 impe-

226 3213 346 3269 dire
370 3228 528 3282 quam
556 3210 768 3268 veniam
797 3211 1098 3266 mereatur?
1125 3210 1260 3277 Quid
1288 3220 1373 3265 est
1412 3210 1538 3265 illud
1558 3251 1575 3278 ,
1605 3209 1820 3265 Intran-

228 3304 347 3358 tes?
377 3302 430 3357 Id
459 3313 560 3365 est,
588 3302 832 3358 idoneos.
859 3300 989 3356 Nam
1016 3300 1228 3371 quando
1252 3301 1370 3355 aliis
1398 3312 1662 3371 praecepta
1690 3301 1821 3357 dare

227 3395 534 3467 oportebat,
563 3410 725 3449 onera
767 3394 1120 3449 intolerabilia
1164 3393 1547 3465 imponebant;
1577 3410 1697 3449 cum
1727 3410 1822 3450 au-

227 3498 353 3542 tem
372 3488 515 3557 ipsos
536 3487 661 3558 quid
692 3497 947 3558 praestare
978 3502 1073 3556 par
1107 3496 1252 3549 erat,
1287 3496 1413 3542 tunc
1442 3503 1473 3544 e
1503 3488 1775 3544 contrario
1800 3528 1819 3555 ,

226 3594 341 3635 non
368 3579 526 3636 modo
555 3580 687 3635 nihil
730 3580 995 3635 faciebant
1019 3621 1033 3645 ,
1067 3580 1160 3635 sed
1191 3580 1333 3650 quod
1376 3582 1536 3652 longe
1582 3582 1819 3637 deterius

226 3680 336 3736 est,
365 3673 499 3728 alios
522 3673 680 3728 etiam
702 3672 1138 3742 corrumpebant.
1170 3672 1234 3727 lii
1255 3682 1381 3728 sunt
1404 3674 1492 3743 qui
1524 3684 1706 3741 pestes
1726 3690 1820 3742 ap-

226 3763 537 3834 pellantur,
565 3764 656 3833 qui
700 3763 751 3817 in
784 3778 920 3831 opus
959 3761 1061 3816 sibi
1088 3772 1326 3817 statuunt
1367 3762 1598 3817 aliorum
1641 3765 1820 3833 perni-

223 3859 407 3921 ciem,
433 3857 573 3911 veris
599 3856 911 3911 doctoribus
936 3871 1001 3910 ex
1030 3856 1295 3911 diametro
1323 3855 1578 3925 Oppositi.
1608 3855 1740 3909 Nam
1771 3857 1817 3911 si

223 3946 466 4001 doctoris
489 3956 572 4001 est
602 3956 913 4014 pereuntem
942 3960 1157 4001 servare
1180 3982 1219 4011 ,-
1242 3946 1470 4016 perdere
1513 3961 1635 4002 eum
1662 3988 1678 4013 ,
1727 3945 1818 4017 qui

222 4035 524 4091 servandus
551 4046 665 4091 erat
687 4078 703 4102 ,
744 4036 978 4105 pestiferi
1032 4036 1263 4090 hominis
1289 4046 1392 4091 est.
1421 4037 1581 4091 Aliud
1622 4036 1819 4092 deinde

222 4126 432 4181 crimen
482 4127 759 4197 sequitur:
794 4127 880 4181 15.
929 4128 1164 4183 Circuitis
1215 4144 1354 4182 mare
1380 4137 1430 4182 et
1473 4129 1673 4183 aridam
1700 4171 1715 4194 ,
1763 4140 1817 4183 ut

220 4220 537 4291 proselytum
563 4236 722 4273 unum
749 4220 983 4290 faciatis;
1029 4230 1077 4274 et
1117 4236 1233 4274 cum
1271 4221 1596 4286 inveneritis,
1647 4223 1815 4289 facitis

220 4310 377 4365 illum
419 4314 580 4380 ﬁlium
624 4313 866 4382 geltennte
895 4314 1050 4383 duplo
1080 4316 1239 4384 magis
1267 4330 1418 4383 quan:
1449 4330 1566 4381 vos,
1599 4315 1650 4369 id
1688 4325 1768 4370 est
1796 4356 1811 4381 ,

219 4401 361 4457 Cum
386 4401 469 4457 vix
496 4418 619 4457 eum
660 4414 713 4458 et
758 4414 879 4474 post
904 4406 1098 4460 multos
1144 4407 1355 4461 labores
1383 4408 1636 4478 ceperitis
1656 4449 1671 4471 ,
1707 4425 1814 4464 non

221 4494 444 4565 parcitis
472 4504 648 4549 tamen
690 4496 801 4560 illi;
846 4512 968 4551 cum
1000 4506 1176 4552 tamen
1216 4513 1278 4551 ea
1317 4515 1435 4567 qua:
1463 4500 1547 4553 vix
1590 4514 1811 4568 compa—

221 4600 353 4640 rare
393 4587 663 4655 potuimus
686 4628 701 4651 ,
735 4587 923 4652 majori
953 4588 1130 4642 studio
1170 4602 1479 4643 servemus:
1515 4606 1610 4645 vos
1635 4601 1815 4645 autem

220 4692 299 4731 ne
348 4677 397 4731 id
442 4678 651 4748 quidem
697 4680 1083 4734 moderatiores
1121 4680 1315 4735 reddit.
1368 4680 1466 4736 ilic
1509 4698 1669 4751 porro
1707 4682 1815 4736 duo

218 4770 335 4825 illis
364 4772 584 4826 crimina
626 4771 816 4837 oﬂ'ert;
851 4772 1058 4843 primo,
1095 4774 1236 4842 quod
1273 4774 1337 4827 ad
1364 4776 1587 4829 salutem
1616 4776 1815 4830 multo-

218 4878 348 4919 rum
375 4864 586 4918 inutilcs
614 4866 754 4930 sint,
788 4881 910 4920 cum
952 4866 1121 4921 multo
1149 4865 1345 4921 sudore
1380 4884 1516 4937 opus
1548 4868 1775 4924 habeant
1797 4913 1812 4936 ,

217 4964 286 5009 nt.
332 4972 491 5011 unum
522 4957 826 5022 attraham;
870 4958 1106 5013 secundo
1128 5000 1141 5025 ,
1172 4960 1311 5029 quod
1341 4962 1669 5031 negligentes
1708 4965 1817 5017 sint

216 5047 295 5101 ad
321 5048 612 5103 custodiam
646 5050 761 5119 ejus
784 5066 940 5120 quem
970 5051 1148 5120 adepti
1179 5061 1337 5118 sunt;
1368 5054 1476 5108 imo
1513 5072 1617 5110 non
1651 5056 1813 5113 modo

218 5139 550 5208 negligentes
574 5182 588 5203 ,
618 5142 711 5195 sed
742 5142 902 5195 ctiam
928 5144 1257 5211 proditores,
1287 5160 1406 5201 cum
1449 5163 1545 5202 eos
1572 5164 1637 5203 ex
1666 5151 1804 5205 male

215 5229 435 5284 vivendi
463 5232 710 5302 exemplo
754 5233 1050 5289 deteriores
1077 5234 1294 5291 faciant.
1343 5236 1475 5292 Cum
1505 5240 1648 5294 enim
1683 5242 1815 5296 tales

215 5323 476 5377 doctores
496 5324 785 5393 discipulus
814 5324 1021 5390 viderit,
1056 5327 1207 5396 pejor
1235 5328 1471 5383 redditur
1496 5349 1508 5383 :
1542 5348 1645 5387 non
1672 5336 1814 5389 enim

216 5412 448 5483 gradum
477 5415 617 5468 sistit
648 5416 698 5469 in
727 5415 960 5472 doctoris
989 5419 1068 5472 sui
1102 5421 1371 5489 nequitia;
1403 5424 1495 5477 sed
1540 5426 1582 5479 si
1618 5429 1815 5495 probus

217 5503 388 5559 fuerit
411 5547 425 5567 ,
454 5506 626 5575 ipsum
656 5508 925 5573 imitatur;
958 5512 1037 5564 sin
1068 5512 1339 5581 improbus
1361 5555 1375 5579 ,
1406 5517 1569 5571 etiam
1598 5531 1816 5588 superat

215 5598 301 5652 ob
340 5598 643 5655 facilitatem
678 5601 743 5656 ad
784 5604 963 5674 pejora
1000 5608 1340 5674 procedendi.
1394 5608 1586 5665 Filium
1635 5625 1811 5670 autem

244 5769 638 5855 49.1,}?
658 5782 916 5855 23,2ng
933 5796 1050 5855 μιρά
1072 5798 1371 5847 πρωινχδμινπ,
1405 5804 1516 5855 quae
1540 5792 1598 5842 ad
1623 5792 1815 5845 literam

212 5838 513 5903 significant,
538 5839 590 5889 in
611 5838 827 5905 speciem
842 5838 1063 5897 diuturne
1086 5838 1357 5913 precantes.

1933 894 2177 964 gehent
2198 906 2374 961 vocat,
2410 898 2459 951 id
2486 909 2587 964 est,
2613 900 2781 969 ipsam
2808 900 3130 971 gehennam.
3164 905 3305 961 Dixit
3331 917 3538 975 autem,

1933 984 2109 1057 Duplo
2136 991 2300 1060 magis
2341 1006 2494 1061 quam
2523 1007 2609 1046 vos
2631 1034 2644 1055 ,
2695 1003 2751 1047 ut
2790 1004 2845 1048 et
2876 994 3001 1050 illos
3043 1007 3309 1064 terreret,
3353 1009 3407 1055 et
3439 999 3540 1056 hos

1934 1078 2303 1133 vehementius
2354 1083 2774 1153 perstringeret.
2821 1088 2945 1155 quia
2993 1086 3243 1142 doctores
3286 1091 3542 1161 nequitia:

1931 1180 2075 1221 sunt.
2125 1168 2310 1239 Neque
2345 1170 2447 1225 hoc
2490 1182 2731 1241 tantum,
2777 1175 2872 1229 sed
2898 1176 3063 1231 etiam
3104 1177 3245 1245 quod
3280 1181 3539 1248 majorem

1932 1259 2211 1329 discipulis
2258 1263 2519 1317 malitiam
2554 1265 2740 1320 indere
2772 1276 3003 1335 curent,
3040 1267 3357 1325 inducentes
3395 1272 3541 1341 ipsos

1932 1350 1999 1403 ad
2029 1352 2309 1421 majorem,
2339 1370 2497 1418 quant
2529 1357 2631 1427 ipsi
2656 1356 2909 1424 habeant,
2936 1360 3229 1429 nequitiam
3258 1379 3270 1415 :
3302 1362 3352 1417 id
3385 1364 3527 1432 quod

1932 1442 2164 1497 maxime
2180 1444 2244 1497 ad
2272 1444 2504 1499 animam
2520 1457 2827 1518 corruptam
2848 1449 3097 1517 pertinet.
3123 1452 3322 1507 Deinde
3349 1468 3540 1510 amen-

1934 1532 2062 1586 tiam
2096 1534 2225 1603 ipsis
2256 1538 2563 1605 exprobrat,
2592 1538 2735 1608 quod
2766 1541 2968 1610 majora
2998 1553 3264 1613 praecepta
3291 1544 3541 1615 despice-

1931 1638 1992 1679 re
2013 1625 2301 1694 juberent:
2331 1629 2477 1699 atqui
2499 1632 2825 1686 contrarium
2856 1649 3019 1703 supra
3045 1634 3277 1703 dicebat,
3308 1636 3543 1709 Alliganl

1933 1732 2087 1770 onera
2123 1719 2357 1788 grauiora
2384 1731 2430 1775 et
2459 1723 2803 1792 importabilia
2830 1724 3043 1795 (Matth.
3068 1726 3158 1783 25.
3178 1729 3256 1800 Δ).
3284 1730 3389 1784 Sed
3423 1729 3541 1786 haec

1931 1808 2094 1861 etiam
2125 1824 2311 1864 rursus
2334 1811 2600 1867 faciebant
2634 1856 2647 1877 ,
2680 1814 2921 1886 nihilque
2951 1832 3057 1872 non
3084 1822 3317 1889 agebant
3352 1830 3409 1874 ut
3434 1821 3541 1877 sibi

1931 1899 2174 1956 subditos
2236 1913 2692 1974 corrumperent,
2744 1908 2797 1962 in
2850 1910 3089 1966 minimis
3138 1915 3538 1970 accnralionem

1929 2004 2252 2063 qumrentes,
2278 2006 2331 2051 et
2355 2014 2542 2069 magna
2557 2000 2938 2070 despicientes.
2958 2002 3050 2059 23.
3075 2003 3349 2063 Decimatis
3365 2008 3533 2075 enim,

1931 2084 2124 2155 inquit,
2156 2089 2413 2142 menthant
2438 2100 2483 2145 et
2503 2091 2764 2155 anethum,
2785 2101 2829 2145 et
2858 2094 3135 2164 reliquistis
3158 2113 3275 2163 qua:
3301 2100 3538 2168 grauiora

1929 2186 2048 2230 sunt
2091 2177 2244 2248 legis,
2270 2180 2525 2251 judicium
2568 2190 2616 2235 et
2659 2183 3061 2238 misericordiam
3096 2195 3145 2241 et
3181 2187 3357 2253 fidem.
3407 2188 3537 2244 Hinc

1929 2268 2190 2336 Oportebat
2213 2272 2381 2340 facere
2403 2311 2419 2337 ,
2458 2280 2506 2325 et
2546 2271 2639 2326 illa
2685 2290 2789 2328 non
2829 2276 3074 2330 omittere.
3111 2277 3223 2332 Iloc
3251 2279 3371 2335 loco
3406 2296 3537 2353 ergo

1929 2374 1961 2413 e
1988 2375 2046 2414 re
2074 2360 2314 2435 loquitur
2343 2380 2357 2418 :
2382 2364 2469 2418 ubi
2496 2364 2706 2420 decima
2736 2375 2839 2430 est,
2872 2367 2943 2422 ibi
2972 2368 3135 2423 etiam
3160 2371 3529 2444 eleemosyna.

1928 2449 2065 2517 Quid
2096 2453 2239 2507 enim
2283 2455 2686 2529 eleemosynatn
2732 2457 2863 2513 dare
2899 2462 3102 2516 nocet?
3128 2462 3233 2518 Sed
3279 2464 3381 2520 hoc
3422 2482 3533 2522 non

1928 2542 2057 2597 dicit
2102 2545 2258 2614 quasi
2298 2547 2397 2617 ipsi
2422 2548 2595 2618 legem
2640 2549 3035 2617 observarent;
3064 2569 3239 2625 neque
3269 2558 3412 2612 enim
3454 2558 3535 2614 sic

1929 2634 2045 2705 ipse
2090 2637 2344 2708 quuitur.
2380 2639 2508 2696 Ideo
2553 2642 2639 2696 hic
2681 2644 2899 2712 quidem
2944 2646 3115 2701 dicit:
3148 2647 3272 2703 Haac
3308 2653 3534 2721 oportuit

1929 2728 2097 2796 facere
2128 2769 2142 2794 ,
2176 2738 2223 2783 et
2262 2730 2354 2784 illa
2382 2748 2483 2786 non
2506 2735 2753 2790 omittere.
2788 2735 2889 2792 Ubi
2919 2747 3099 2793 autem
3141 2741 3209 2795 de
3234 2743 3449 2799 mundis
3478 2755 3535 2800 et

1928 2818 2219 2876 immundis
2247 2822 2504 2892 disputat,
2538 2840 2643 2879 non
2666 2827 2803 2881 ultra
2838 2827 2941 2883 hoc
2970 2830 3174 2900 adjicit,
3208 2834 3302 2888 sed
3330 2834 3528 2889 distin-

1927 2911 2080 2979 guit,
2113 2921 2166 2967 et
2196 2914 2434 2969 ostendit
2481 2932 2547 2971 ex
2598 2918 2853 2974 interiore
2899 2922 3158 2978 munditia
3203 2926 3528 2981 exteriorem

1928 3006 2235 3059 necessario
2261 3008 2411 3077 sequi
2443 3026 2458 3064 :
2492 3023 2597 3064 non
2629 3019 2807 3065 autem
2828 3012 2944 3067 vice
2974 3030 3147 3069 versa.
3178 3014 3275 3071 Ubi
3296 3019 3438 3073 enim
3461 3019 3533 3075 de

1928 3096 2294 3153 misericordia
2325 3100 2600 3169 agebatur,
2642 3102 3105 3159 indiscriminatim
3134 3107 3264 3163 illttd
3304 3120 3532 3180 prmter-

1927 3188 2107 3253 mittit,
2135 3198 2246 3244 tum
2279 3201 2498 3261 propter
2527 3192 2758 3262 idipsum
2778 3236 2793 3260 ,
2821 3198 3015 3265 etquia
3045 3200 3283 3254 nondum
3316 3213 3531 3272 tempus

1926 3289 2043 3334 erat
2063 3280 2250 3351 legalia
2282 3292 2467 3352 aperte
2498 3284 2716 3339 tollendi
2744 3300 2757 3349 ;
2791 3285 2879 3341 ubi
2911 3299 3089 3343 autent
3114 3291 3418 3348 observatio
3448 3306 3535 3351 est

1926 3372 2289 3440 corporalium
2318 3372 2769 3441 puriﬁeationum,
2799 3375 2994 3443 clarius
3022 3378 3137 3435 hmo
3157 3387 3368 3437 evertit.
3405 3384 3530 3441 Ideo

1926 3459 1995 3515 de
2026 3461 2332 3534 elemosyna
2357 3464 2526 3519 dicit:
2556 3464 2683 3521 Haec
2710 3470 2937 3537 aportuit
2965 3470 3136 3539 facere
3164 3514 3180 3538 ,
3224 3484 3272 3527 et
3306 3474 3399 3528 illa
3430 3492 3533 3531 non

1926 3555 2198 3618 omittere;
2227 3556 2293 3609 de
2323 3558 2732 3627 purgationibus
2760 3574 2893 3616 vero
2923 3578 3029 3616 non
3072 3563 3151 3618 sic
3180 3580 3195 3618 :
3226 3566 3319 3621 sed
3350 3569 3476 3636 quid
3501 3568 3526 3620 ?

1923 3643 2015 3698 25.
2048 3643 2337 3713 Mundatis,
2365 3647 2553 3716 inquit,
2585 3649 2721 3713 quod
2750 3650 2942 3720 deforis
2981 3663 3056 3707 est
3091 3656 3267 3711 colicis
3290 3667 3339 3711 et
3374 3675 3532 3729 paro-

1928 3734 2091 3802 psidis
2116 3751 2135 3799 ;
2164 3737 2297 3789 intra
2342 3747 2509 3791 autem
2541 3738 2677 3807 pleni
2708 3741 2826 3795 estis
2862 3743 3046 3811 rapina
3083 3754 3129 3798 et
3164 3748 3400 3802 auaritia.
3431 3750 3523 3805 26.

1925 3825 1982 3879 II
1988 3828 2126 3880 unda
2156 3844 2274 3899 ergo
2299 3831 2509 3885 calicem
2533 3841 2581 3885 et
2606 3834 2896 3904 paropsidis
2912 3837 3176 3906 interiora,
3197 3853 3250 3894 ut
3272 3844 3526 3899 exteriora

1923 3917 2117 3970 munda
2144 3918 2293 3987 ﬁant.
2322 3921 2365 3975 A
2397 3938 2456 3976 re
2482 3924 2756 3979 communi
2794 3935 2849 3980 et
2890 3928 3173 3985 manifesta
3218 3937 3530 4005 exemplum

1923 4009 2149 4077 accepit,
2177 4024 2207 4063 a
2229 4011 2397 4066 calice
2419 4022 2474 4067 et
2500 4014 2807 4083 paropside.

1992 4100 2047 4153 2.
2083 4101 2284 4158 Deinde
2312 4105 2625 4172 ostendens,
2650 4107 2855 4163 nullum
2895 4110 3026 4167 oriri
3052 4112 3309 4170 damnum
3332 4132 3399 4172 ex
3427 4135 3524 4177 ne-

1920 4193 2096 4263 glectu
2144 4198 2502 4265 corporalium
2570 4200 2999 4272 inundationum,
3052 4221 3302 4277 magnum
3351 4224 3529 4269 autem

1923 4286 2206 4343 imminere
2239 4292 2555 4360 supplicium
2614 4294 2677 4347 iis
2732 4296 2822 4365 qui
2871 4301 3069 4354 anima:
3120 4303 3526 4363 mundationent

1922 4392 2030 4432 non
2056 4390 2265 4447 curant,
2297 4397 2417 4451 qua:
2438 4383 2713 4441 mundatio
2760 4396 2843 4441 est
2887 4388 3080 4457 virtus,
3135 4390 3249 4447 bam
3302 4398 3527 4453 culicem

1921 4472 2154 4536 vocavit,
2201 4488 2361 4541 parva
2389 4476 2531 4529 enim
2580 4478 2821 4548 nihilque
2863 4492 3052 4546 erant;
3101 4488 3363 4543 camelnm
3400 4506 3530 4546 vero

1921 4562 2013 4616 illa
2037 4605 2050 4627 ,
2083 4564 2443 4621 intolerabilia
2474 4570 2673 4640 quippe
2718 4584 2892 4628 erant.
2940 4576 3066 4632 Ideo
3109 4579 3185 4633 ait
3214 4598 3228 4633 :
3259 4580 3349 4637 24.
3384 4585 3531 4641 Culi-

1922 4673 2028 4709 cem
2057 4658 2363 4723 ezrcolantes,
2400 4672 2446 4714 et
2493 4663 2740 4717 cautelam
2786 4667 3141 4738 deglutientes.
3188 4672 3319 4729 Nam
3359 4687 3416 4732 et
3445 4679 3531 4736 illa

1926 4763 2142 4821 propter
2178 4754 2291 4807 haec
2335 4754 2502 4821 posita
2546 4766 2691 4823 sunt,
2748 4772 2967 4830 propter
3007 4764 3436 4824 misericordiam
3478 4783 3533 4827 et

1918 4844 2196 4913 judicium.
2220 4846 2400 4915 Itaque
2429 4864 2526 4903 nec
2551 4860 2674 4905 tunc
2698 4850 2976 4921 juvabant,
3006 4857 3119 4910 sola
3151 4874 3274 4913 cum
3313 4874 3530 4919 essent:

1924 4950 2045 4989 cum
2072 4936 2213 4990 enim
2246 4952 2402 5006 parva
2444 4948 2661 5008 propter
2687 4958 2879 5013 magna
2910 4946 3048 5001 dicta
3080 4948 3329 5017 fuissent,
3377 4954 3534 5010 dein-

1923 5026 2095 5095 deqne
2116 5028 2319 5097 magnis
2347 5030 2622 5099 neglectis,
2658 5048 2816 5101 parva
2865 5038 3038 5091 solum
3068 5042 3423 5113 curabantur,
3451 5050 3535 5102 ni.

1924 5117 1999 5171 hil
2027 5119 2149 5173 inde
2171 5121 2287 5187 plus
2316 5123 2624 5192 emergebat
2653 5142 2667 5177 :
2697 5140 2885 5195 magna
2913 5130 3055 5184 enim
3080 5143 3200 5200 post
3221 5150 3382 5203 parva
3416 5154 3525 5194 non

1924 5208 2317 5278 sequebantur;
2372 5222 2555 5267 contra
2604 5229 2734 5270 vero
2777 5228 2897 5287 post
2946 5236 3135 5291 magna
3181 5240 3340 5293 parva
3372 5230 3533 5298 plane

1923 5310 2234 5369 sequuntur.
2274 5301 2398 5357 Ilznc
2430 5320 2558 5357 vero
2601 5306 2748 5371 dicit,
2785 5312 3100 5379 ostendens,
3163 5318 3326 5372 etiam
3369 5330 3527 5375 ante-

1922 5407 2081 5462 quam
2122 5395 2289 5463 gratia
2335 5396 2651 5464 adveniret,
2701 5417 2804 5454 non
2866 5406 3133 5475 prmcipue
3176 5410 3264 5463 illa
3298 5414 3525 5481 quaesita

1922 5483 2107 5549 fuisse,
2140 5486 2233 5540 sed
2263 5486 2363 5541 alia
2386 5489 2615 5557 potiora.
2660 5490 2714 5544 Si
2766 5505 2945 5548 autem
3000 5510 3123 5551 ante
3170 5503 3395 5570 gratiam
3430 5507 3519 5558 tali

1922 5576 2081 5630 modo
2108 5593 2194 5631 res
2219 5595 2277 5632 se
2302 5580 2550 5646 habebat,
2576 5583 2742 5635 multo
2760 5586 2950 5655 magis,
2976 5598 3258 5659 postquam
3277 5594 3526 5651 sublimia

1923 5665 2010 5720 illa
2040 5679 2307 5737 pnnccpta
2337 5681 2621 5739 venerunt,
2654 5671 2767 5727 lucc
2805 5676 3009 5732 inutilia
3040 5690 3185 5747 sunt,
3218 5698 3316 5738 nec
3342 5685 3533 5740 obser-

1921 5758 2115 5813 vanda.
2174 5760 2379 5829 Ubique
2431 5776 2561 5830 ergo
2610 5765 2847 5835 nequitia
2898 5772 3095 5825 malum
3149 5783 3265 5839 est;
3300 5778 3537 5834 maxime

1923 5866 2051 5906 vero
2072 5866 2193 5905 cum
2249 5854 2379 5906 nihil
2431 5864 2579 5923 putat
2626 5859 3004 5919 emendatione
3055 5878 3246 5935 egere;
3304 5877 3356 5923 et
3388 5874 3532 5939 quod
