4172 6498
672 421 776 473 ιῖῖε

666 534 878 605 gratius
914 541 1030 596 est,
1062 546 1181 585 cum
1232 539 1375 599 putat
1423 531 1551 585 satis
1581 542 1699 583 esse
1736 526 1778 580 si
1808 523 1941 578 alios
1970 520 2233 590 corrigat;

666 643 785 696 qua!
837 623 1138 694 significatis
1192 621 1433 675 (Zbritus
1482 620 1643 673 duces
1713 612 1830 666 illos
1866 621 2020 669 vocat
2069 625 2241 667 caucos

666 732 922 773 crccorum
992 718 1010 785 (
1055 716 1199 768 γεγε.
1242 713 1305 766 16
1337 713 1375 780 ).
1433 711 1561 768 Nam
1606 715 1649 769 si
1705 723 1823 762 cum
1852 720 2023 760 caecus
2052 720 2155 758 non
2183 718 2241 756 sc

666 816 811 879 putat
836 808 970 861 duce
999 819 1131 875 opus
1157 805 1371 866 habere,
1407 802 1455 856 id
1487 810 1718 857 extrema
1750 798 2021 853 calamitas
2047 805 2098 850 et
2146 796 2242 848 mi-

663 900 799 952 seria
822 907 900 952 est
932 915 944 948 :
968 911 1087 950 cum
1114 897 1225 964 ipse
1254 894 1385 946 alios
1418 892 1532 944 vult
1557 891 1772 951 ducere,
1800 889 1969 956 cogito
2001 887 2050 939 itt
2075 900 2241 955 quan-

666 1001 777 1043 tum
816 988 1121 1042 barathrum
1150 985 1383 1053 (eiiciat.
1414 983 1538 1037 "th
1578 992 1753 1035 autem
1799 978 2027 1040 dicebat,
2060 976 2239 1030 sobin~

664 1084 847 1138 (lienus
878 1082 1085 1136 illorum
1133 1081 1362 1136 stadium
1390 1078 1455 1132 ad
1486 1093 1672 1131 vanam
1714 1076 1934 1145 gloriam
1974 1076 2240 1142 anettpztn-

663 1176 806 1240 dam,
832 1185 883 1232 et
911 1175 1127 1244 hujusce
1158 1173 1324 1227 morbi
1354 1171 1607 1239 grandem
1639 1171 1687 1222 in
1727 1170 1829 1223 illis
1859 1168 2077 1223 rabiem.
2127 1165 2239 1219 Iloc
2304 1160 2319 1175 “

663 1266 803 1318 cnim
858 1264 984 1332 ipsis
1024 1263 1257 1317 omnium
1303 1262 1559 1315 malorum
1615 1272 1773 1313 causa
1823 1256 1946 1318 fuit,
1988 1254 2125 1324 quod
2172 1253 2239 1307 ad

660 1356 1065 1410 ostentationem
1084 1356 1262 1407 omnia
1283 1350 1536 1405 facerent.
1564 1349 1675 1404 lloe
1694 1365 1720 1401 a
1741 1348 1843 1402 lide
1866 1347 1984 1401 illos
1999 1346 2234 1408 abduxit,

662 1460 949 1512 veramque
997 1444 1245 1499 virtutem
1294 1442 1561 1511 negligere
1595 1440 1782 1501 suasit,
1815 1448 1868 1493 et
1895 1440 2023 1491 solis
2052 1450 2242 1502 corpo-

660 1540 855 1594 ralibus
904 1536 1335 1591 mundatinuibus
1384 1534 1711 1597 incumbere,
1754 1532 1945 1585 anima:
2000 1530 2237 1599 neglecta

660 1629 1019 1685 mundatiooe.
1074 1627 1193 1682 Ideo
1218 1626 1281 1679 ad
1312 1640 1489 1679 veram
1519 1626 1769 1677 virtutem
1801 1624 1918 1677 illos
1946 1621 2235 1680 deducens,

659 1730 714 1775 et
742 1720 805 1773 ad
835 1719 1231 1773 inundationem
1284 1716 1496 1781 animm,
1543 1714 1822 1784 judicium.
1871 1714 2130 1781 justitiam
2187 1721 2240 1765 et

661 1812 817 1866 ﬁdem
844 1818 1117 1864 memorat.
1154 1808 1275 1863 lla'c
1297 1810 1491 1878 quippe
1516 1814 1641 1862 sunt
1665 1823 1782 1875 qum
1815 1805 1973 1858 vitam
2003 1813 2237 1857 nostram

659 1902 859 1963 fovent.
889 1917 1005 1971 qua:
1050 1901 1280 1955 animum
1321 1909 1547 1969 purgant
1579 1915 1591 1950 :
1619 1896 1844 1967 justitia,
1906 1894 2233 1963 benignitas,

660 1995 888 2055 veritas;
922 2008 1141 2061 quarunt
1192 1992 1313 2049 alia.
1369 2004 1557 2059 nempe
1610 1988 1991 2052 misericordia,
2037 1987 2101 2039 ad
2151 2002 2242 2041 ve-

660 2085 799 2139 niam
834 2098 929 2137 nos
972 2082 1203 2143 deducit,
1234 2097 1331 2135 nec
1362 2080 1616 2150 permittit
1642 2088 1694 2132 ut
1738 2080 2035 2133 severiores
2054 2091 2231 2148 pecea

662 2177 860 2230 toribus
888 2175 1074 2238 simus,
1106 2189 1277 2241 neque
1306 2174 1371 2226 ad
1404 2171 1608 2225 veniam
1650 2168 2044 2225 concedendam
2092 2166 2237 2221 ditii-

660 2268 789 2321 ciles
846 2267 965 2334 (sic
1018 2266 1159 2325 enim
1216 2264 1406 2330 duplex
1458 2264 1662 2317 lucrum
1710 2253 2062 2329 reportamus,
2111 2259 2237 2313 dum

662 2358 1030 2413 misericordes
1060 2356 1335 2418 efficimur,
1360 2363 1409 2409 et
1442 2353 1861 2407 misericordiam
1893 2352 2108 2405 multam
2146 2367 2241 2403 no-

661 2451 743 2503 bis
769 2464 795 2501 a
827 2448 931 2501 Deo
962 2446 1327 2501 universorum
1352 2444 1665 2497 attrahimus
1687 2442 1738 2512 ),
1769 2442 1854 2496 illa
1881 2456 2089 2511 quoque
2114 2455 2237 2495 sua-

661 2539 747 2595 det
781 2538 929 2591 nobis
953 2544 1009 2589 ut
1034 2536 1299 2603 oppressis
1343 2533 1718 2587 condoleamus
1754 2532 1975 2600 illosque
2002 2530 2238 2585 vindice-

662 2642 816 2683 mus:
872 2626 1069 2689 justi?"
1120 2640 1244 2678 vero
1295 2624 1652 2677 fraudulentos
1679 2632 1731 2678 et
1760 2623 1939 2676 vafras
1976 2637 2095 2676 88δο
2135 2638 2235 2673 non

665 2721 807 2773 sinit.
835 2716 1055 2785 Quando
1083 2725 1258 2770 autem
1289 2714 1450 2775 dixit,
1476 2713 1600 2768 Ha’c
1621 2716 1839 2784 oportuit
1869 2714 2053 2781 facere,
2084 2724 2127 2766 et
2148 2712 2240 2765 illa

667 2826 765 2861 non
790 2809 1033 2865 omittere.
1060 2823 1163 2859 non
1187 2806 1235 2859 id
1274 2815 1328 2858 ιιι
1372 2805 1591 2873 legalem
1638 2805 2060 2858 observationem
2084 2805 2238 2857 indu-

661 2900 765 2962 rit;
812 2898 991 2952 absit:
1028 2899 1127 2951 hoc
1178 2898 1317 2950 enim
1361 2896 1469 2965 jam
1518 2911 1673 2964 Supra
1722 2896 2234 2960 demonsuavitnus;

662 3005 885 3057 cumque
915 2989 982 3043 de
1009 2987 1287 3057 paropside
1311 2996 1364 3040 et
1391 2987 1457 3041 de
1486 2987 1650 3042 calice
1696 2987 1846 3050 dixit,
1899 2987 2089 3040 Munda
2112 2988 2239 3041 intc-

660 3082 795 3135 riora
824 3081 993 3134 colicis
1019 3091 1063 3133 et
1086 3080 1387 3149 paropsidis,
1429 3090 1481 3131 ut
1507 3081 1594 3147 [iet
1634 3079 1685 3131 id
1731 3080 1864 3140 quod
1910 3079 2124 3132 exterius
2164 3088 2236 3134 est

661 3173 925 3236 mundum,
958 3188 1063 3225 non
1093 3171 1158 3226 ad
1189 3180 1395 3225 veteres
1420 3185 1519 3224 nos
1564 3172 1812 3224 minutias
1840 3171 2042 3225 reducit
2066 3187 2081 3236 ;
2105 3186 2235 3225 con-

663 3277 741 3323 tra
770 3282 895 3321 vero
918 3266 1032 3319 hzec
1054 3264 1315 3334 superﬂua
1341 3277 1460 3318 esse
1480 3262 1732 3318 ostendit.
1765 3263 1877 3318 Non
1903 3265 2043 3318 enim
2072 3264 2234 3329 dixit,

662 3357 716 3412 Id
746 3356 928 3421 etiam,
952 3354 1089 3425 quod
1118 3354 1351 3409 exterius
1388 3361 1486 3418 est,
1514 3363 1750 3423 purgate.
1775 3353 1891 3418 sed,
1921 3354 2071 3420 Quod
2096 3355 2239 3409 intus

660 3455 851 3511 est;et
877 3447 1093 3499 omnino
1117 3438 1216 3498 hoc
1240 3443 1307 3497 ab
1334 3443 1422 3498 illo
1466 3445 1726 3513 sequitur.
1757 3444 2004 3512 Alioquin
2060 3454 2236 3499 autem

661 3552 766 3592 non
796 3536 863 3592 de
882 3536 1045 3591 calice
1072 3544 1124 3589 et
1146 3534 1424 3606 paropside
1453 3534 1699 3605 loquitur,
1734 3536 1827 3590 sed
1868 3535 1937 3591 de
1980 3537 2155 3591 anima
2186 3544 2240 3591 et

660 3642 885 3698 corpore
917 3644 931 3681 :
960 3623 1099 3696 quod
1146 3626 1379 3680 exterius
1431 3636 1551 3689 est,
1600 3640 1794 3698 Corpus
1842 3642 2059 3693 vocans,
2095 3628 2235 3699 quod

659 3730 833 3774 autem
858 3718 1094 3780 interius,
1128 3719 1376 3772 animant.
1420 3716 1475 3772 Si
1522 3733 1649 3771 vero
1701 3719 1752 3772 in
1802 3719 2080 3789 paropside
2104 3736 2238 3788 opus

659 3818 743 3866 est
781 3809 1028 3863 interiora
1072 3822 1176 3863 non
1225 3808 1513 3877 negligere,
1544 3808 1711 3861 multo
1746 3810 1913 3879 magis
1945 3811 1996 3864 in
2029 3821 2098 3865 te.
2130 3811 2235 3865 Vos

662 3916 789 3956 vero
824 3909 1007 3955 contra
1050 3898 1238 3965 facitis,
1272 3899 1470 3969 inquit;
1504 3914 1623 3954 nam
1670 3916 1827 3970 parva
1876 3913 1928 3956 et
1971 3903 2234 3957 exteriora

661 3991 1024 4056 observantes,
1074 4004 1262 4060 magna
1315 4000 1369 4045 et
1424 3990 1672 4045 interiora
1724 3991 1988 4062 negligitis
2035 4009 2047 4046 :
2094 3993 2235 4049 unde

661 4083 946 4137 maximum
973 4079 1194 4136 infertur
1212 4080 1483 4142 damnum,
1510 4080 1649 4150 quod
1674 4091 1915 4150 ptttantes
1942 4097 2034 4136 vos
2065 4092 2233 4138 totum

662 4172 989 4243 pratstitisse,
1021 4174 1221 4241 reliqua
1250 4171 1529 4242 negligatis
1555 4188 1570 4237 ;
1601 4187 1721 4227 eum
1768 4183 1941 4226 autem
1964 4188 2027 4228 ea
2053 4174 2234 4243 despi-

660 4264 834 4328 ciatis,
885 4261 970 4317 illa
1025 4263 1311 4318 emendare
1362 4263 1490 4317 nihil
1538 4264 1754 4318 curatis.
1802 4265 2003 4320 Deinde
2046 4281 2139 4321 eos
2168 4266 2235 4321 de

661 4370 811 4409 vanu:
840 4354 1020 4426 gloria:
1046 4370 1227 4411 amore
1259 4356 1585 4426 perstringit,
1613 4355 1853 4427 sepulcra
1880 4357 2117 4412 dralbata
2143 4373 2235 4411 vo-

658 4461 787 4501 rans
815 4446 952 4510 illos,
980 4446 1383 4517 hypocritasque
1405 4446 1708 4516 appellans;
1732 4449 1871 4516 quod
1896 4457 1978 4505 est
1996 4450 2233 4503 omnium

657 4553 816 4592 causa
843 4538 1119 4610 malorum,
1153 4547 1206 4593 et
1234 4538 1484 4607 perniciei
1515 4547 1910 4609 argumentum.
1940 4538 2117 4609 Neque
2147 4554 2235 4595 so-

659 4629 768 4682 lum
796 4628 913 4681 illos
940 4627 1181 4697 sepulcra
1228 4628 1469 4683 dealbata
1500 4630 1723 4693 vocavit,
1780 4630 1872 4684 sed
1927 4632 2085 4685 etiam
2138 4632 2233 4685 iut-

659 4719 913 4773 munditia
952 4728 1003 4774 et
1037 4718 1302 4790 hypocrisi
1345 4720 1532 4787 plenos
1566 4735 1685 4776 esse
1725 4721 1876 4775 dixit.
1932 4722 2022 4777 llis
2074 4738 2234 4794 porro

658 4823 872 4865 causam
927 4812 1192 4875 ostendit,
1254 4821 1468 4880 propter
1514 4826 1673 4880 quam
1726 4827 1830 4866 non
1873 4813 2229 4879 crediderunt,

656 4901 905 4971 quoniam
937 4901 1076 4970 pleni
1097 4910 1249 4955 erant
1278 4901 1541 4972 hypocrisi
1571 4911 1625 4955 et
1653 4902 1945 4971 iniquitate.
1983 4904 2107 4959 llaec
2133 4920 2231 4959 au-

659 5006 761 5049 tem
786 5010 888 5049 non
909 4993 1153 5049 Christus
1182 4994 1361 5061 modo,
1392 4994 1484 5050 sed
1506 4996 1665 5050 etiam
1690 4997 1960 5067 propheta:
1987 4997 2235 5071 frequen-

656 5096 738 5139 ter
764 5086 1128 5151 criminantur,
1180 5086 1319 5157 quod
1366 5101 1583 5156 rapaces
1607 5088 1732 5152 sint,
1779 5089 1917 5159 quod
1969 5090 2232 5163 principes

665 5192 854 5234 eorum
884 5194 987 5232 non
1026 5177 1319 5233 secundum
1345 5181 1431 5246 jus
1474 5189 1531 5235 et
1581 5181 1838 5237 rationem
1860 5183 2098 5250 judicent
2129 5202 2142 5239 :
2176 5193 2232 5241 ct

656 5270 848 5341 ubique
874 5269 1107 5339 reperias
1145 5268 1403 5325 sacrificia
1430 5270 1645 5339 reiecta,
1694 5271 1808 5328 haec
1850 5284 2027 5330 autem
2055 5277 2232 5346 requi-

654 5362 775 5415 sita.
825 5361 1003 5429 Itaque
1054 5361 1185 5415 nihil
1233 5361 1531 5426 insolitum,
1570 5362 1695 5417 nihil
1728 5378 1941 5432 novum,
1975 5382 2147 5436 neque
2176 5369 2229 5423 in

654 5452 788 5520 lege,
819 5467 988 5521 neque
1024 5455 1075 5505 in
1117 5452 1473 5516 accusatione,
1508 5466 1681 5524 neque
1710 5457 1867 5510 etiam
1922 5458 1972 5512 in
2000 5460 2231 5530 imagine

652 5559 706 5600 et
733 5543 977 5613 exemplo
1015 5544 1265 5612 sepulcri.
1298 5544 1407 5599 [Ioc
1437 5546 1630 5615 quippe
1662 5549 2225 5619 memoratPropheta,

654 5651 757 5691 non
792 5636 1093 5703 sepulcrum
1126 5635 1285 5707 modo
1322 5650 1545 5701 vocans,
1600 5636 1691 5692 sed
1724 5653 1736 5689 :
1782 5638 2081 5706 Sepulcrum
2132 5658 2227 5712 pa-

615 5762 625 5771 -
653 5742 759 5784 lens
781 5740 851 5782 est
879 5740 1054 5798 guttur
1072 5745 1243 5783 eorum
1270 5728 1445 5799 (Paul.
1479 5730 1531 5785 5.
1558 5732 1616 5786 H
1719 5730 1875 5786 Tales
1899 5741 2022 5787 sunt
2044 5733 2227 5791 hodie-

654 5833 755 5888 que
786 5820 955 5885 multi,
981 5821 1067 5891 qui
1100 5834 1218 5876 sese
1244 5822 1474 5876 exterius
1514 5830 1723 5890 ornant,
1790 5822 2035 5895 intusque
2078 5826 2219 5896 pleni

1361 416 1417 473 S.
1460 410 1733 471 JUANNIS
1757 405 2229 466 CIIRYSOSTOMI
2284 402 2595 459 ARCIIIEP.
2628 401 3156 461 CONSTANTINOI‘.

3831 401 3942 460 675

2346 517 2487 573 omni
2520 515 2797 587 iniquitate
2825 527 2968 573 sunt.
2996 517 3145 572 Nunc
3172 515 3313 571 enim
3340 512 3535 570 multus
3566 512 3736 581 labor,
3768 520 3941 568 multa

2344 601 2645 663 sollicitudo
2674 617 2907 663 externa:
2953 606 3229 663 munditiei
3265 606 3619 675 impenditur;
3656 604 3938 660 munditiei

2344 713 2471 751 vero
2498 697 2689 751 animm
2716 698 2858 753 nulla
2889 714 3035 753 cura.
3065 697 3168 752 Sed
3207 698 3249 749 si
3276 697 3659 751 conscieutmm
3687 697 3935 766 singulo-

2345 804 2461 843 rum
2492 788 2613 857 quis
2643 790 2890 857 aperiret,
2929 790 3125 843 multos
3169 804 3403 853 vermes,
3460 789 3678 841 multam
3724 788 3936 841 saniem

2347 881 2624 945 inveniret,
2675 881 3022 949 latoremque
3069 879 3433 935 incredibili-tn
3463 896 3475 930 :
3503 878 3763 932 absurdas
3811 876 3940 931 dico

2344 981 2398 1025 et
2428 973 2591 1026 malas
2622 972 3080 1041 concUpiscentias
3102 1013 3116 1037 ,
3150 986 3266 1041 quzc
3300 981 3426 1025 sunt
3447 959 3719 1025 vermibus
3763 970 3932 1039 impn-

2346 1062 2535 1119 riores.
3414 1052 3419 1057 i

2416 1155 2468 1209 3.
2498 1154 2601 1209 Sed
2631 1154 2769 1222 quod
2809 1155 2880 1209 illi
2906 1138 3040 1209 iales
3069 1157 3195 1219 sint,
3226 1170 3333 1209 non
3364 1154 3430 1208 ita
3459 1170 3621 1225 grave
3642 1165 3723 1211 est
3744 1196 3758 1219 ,
3794 1164 3933 1209 tam-

2343 1247 2439 1298 etsi
2470 1261 2628 1315 grave
2668 1256 2746 1299 est
2782 1262 2796 1298 :
2826 1246 2964 1316 quod
2997 1261 3123 1300 vero
3152 1260 3248 1300 nos
3273 1287 3290 1309 ,
3333 1246 3431 1317 qui
3459 1247 3650 1313 templa
3695 1245 3788 1300 Dei
3817 1244 3934 1299 lteri

2343 1334 2539 1406 dignati
2570 1352 2771 1401 sumus,
2800 1340 3041 1407 sepulcra
3068 1338 3243 1392 statim
3277 1346 3476 1393 tantum
3506 1339 3749 1394 latorem
3777 1340 3937 1393 eruit-

2348 1427 2506 1481 teotia
2528 1427 2841 1493 efficiamur,
2872 1430 2970 1484 hoc
2995 1441 3249 1485 extrema:
3274 1431 3505 1485 miseria:
3528 1442 3628 1485 est.
3660 1429 3756 1485 Ubi
3784 1430 3937 1484 Chri-

2345 1527 2456 1571 stus
2505 1518 2735 1583 habitat,
2769 1521 2999 1589 Spiritus
3037 1535 3252 1577 sanctus
3295 1532 3546 1593 operatus
3581 1532 3697 1586 est.
3749 1530 3937 1589 totque

2320 1611 2591 1680 .tnysteria
2646 1620 2873 1678 peracta,
2932 1612 3031 1666 hoc
3073 1612 3373 1681 sepulcrum
3425 1628 3564 1678 esse,
3615 1622 3809 1683 quanta
3841 1614 3933 1667 illa

2345 1701 2555 1755 miseria
2586 1704 2705 1756 est?
2734 1715 2860 1772 quot
2906 1705 3113 1759 ﬂetibus
3143 1715 3195 1757 et
3223 1706 3505 1775 gemitibus
3548 1706 3764 1775 dignum
3807 1716 3885 1761 cst
3916 1748 3932 1769 ,

2345 1806 2463 1845 cum
2507 1793 2744 1846 membra
2794 1794 2985 1849 Christi
3034 1798 3335 1862 sepulcrum
3392 1797 3719 1849 immundum
3755 1797 3937 1851 fiunt?

2344 1879 2524 1951 Cogita
2555 1882 2821 1951 quomodo
2871 1894 3024 1937 natus
3050 1885 3159 1950 sis,
3207 1886 3397 1955 quibus
3439 1887 3686 1956 dignatus
3734 1885 3932 1949 fueris.

2346 1986 2501 2042 quem
2528 1976 2796 2043 acceperis
2825 1976 3097 2040 amictum,
3143 1977 3407 2046 quomodo
3437 1980 3689 2046 templum
3724 1980 3935 2034 tinuum

2344 2066 2661 2117 constitutus
2685 2064 2778 2128 sis,
2820 2080 2976 2133 quam
3002 2067 3282 2135 pulchrum
3311 2084 3324 2131 ;
3354 2083 3457 2122 non
3497 2084 3628 2121 auro
3656 2078 3934 2136 ornatum,

2344 2170 2515 2224 neque
2559 2156 2873 2225 margaritis,
2925 2159 3017 2211 sed
3060 2157 3141 2213 his
3188 2159 3341 2228 longe
3380 2161 3691 2228 pretiosiore
3730 2160 3936 2231 Spiritu

2344 2258 2549 2303 sancto.
2598 2248 2780 2319 Cogita
2833 2251 3099 2306 neminem
3152 2252 3202 2306 in
3260 2254 3390 2307 urbe
3434 2255 3734 2323 scpulcrum
3790 2270 3932 2310 con-

2344 2346 2550 2394 struere
2573 2339 2649 2409 (rt)
2675 2356 2690 2401 ;
2734 2355 2862 2409 ergo
2890 2356 3062 2410 neque
3094 2352 3145 2395 tu
3176 2342 3226 2396 in
3258 2357 3489 2412 superna
3534 2346 3747 2401 civitate
3776 2361 3932 2399 com-

2349 2444 2536 2499 parere
2591 2432 2807 2499 potcris.
2840 2431 2969 2485 Nam
3019 2434 3062 2486 si
3094 2432 3178 2487 hic
3225 2433 3351 2487 illud
3402 2434 3733 2504 prohibetur,
3765 2440 3938 2490 multo

2345 2520 2511 2590 magis
2545 2522 2667 2576 illic.
2702 2520 2811 2576 Imo
2856 2537 2978 2576 vero
3006 2524 3165 2577 etiam
3210 2523 3295 2579 hic
3322 2526 3429 2578 risu
3458 2525 3649 2594 dignus
3678 2527 3937 2581 omnibus

2345 2626 2585 2681 appares,
2614 2614 2737 2666 dum
2768 2622 3028 2667 mortuam
3054 2616 3361 2669 circumfers
3391 2617 3659 2679 animam;
3691 2632 3791 2672 nec
3821 2620 3937 2672 risu

2345 2705 2537 2775 dignus
2571 2716 2797 2772 tantum,
2824 2705 2915 2760 sed
2946 2708 3104 2761 etiam
3154 2706 3449 2776 fugiendus.
3482 2708 3575 2762 Dic
3604 2713 3744 2762 enim
3774 2709 3934 2770 mihi.

2343 2798 2386 2850 si
2414 2799 2533 2866 quis
2562 2807 2824 2851 mortuum
2850 2798 3074 2852 cadaver
3103 2799 3487 2863 circumferret,
3519 2815 3697 2855 annon
3742 2817 3939 2858 omnes

2343 2888 2627 2951 resilirent,
2668 2904 2841 2941 annon
2892 2904 3079 2943 omnes
3119 2889 3398 2959 fugerent?
3448 2890 3556 2947 lloc
3584 2892 3743 2945 etiam
3790 2909 3938 2948 nunc

2343 2991 2517 3037 tecum
2541 2994 2745 3050 reputa.
2798 2980 2927 3035 Nam
2972 2983 3128 3052 longe
3157 2982 3393 3044 deterius
3422 2986 3777 3054 spectaculum
3825 2985 3939 3039 cir-

2340 3072 2593 3137 cumfers,
2629 3074 2859 3127 animam
2905 3085 3240 3140 peccatorum
3283 3076 3424 3131 mole
3470 3088 3756 3142 mortuam,
3812 3079 3938 3132 ani-

2341 3179 2481 3219 mam
2509 3164 2835 3220 dissolutam.
2858 3165 2987 3232 Quis
3010 3166 3127 3219 talis
3149 3166 3376 3220 hominis
3401 3166 3777 3223 miserebitur?
3796 3165 3935 3224 Cum

2341 3256 2481 3309 enim
2514 3263 2567 3308 tu
2596 3255 2788 3309 anima:
2818 3264 2920 3309 tua:
2949 3272 3053 3310 non
3102 3256 3427 3323 miserearis,
3474 3259 3744 3328 quomodo
3792 3260 3936 3314 alius

2342 3356 2395 3401 te
2444 3346 2781 3401 miserabitur
2826 3346 2894 3400 ita
2942 3348 3214 3402 crudelem
3263 3358 3317 3403 et
3357 3349 3629 3404 inimicum
3661 3350 3753 3406 tibi
3786 3351 3937 3421 ipsi?

2341 3437 2395 3491 Si
2424 3441 2543 3506 quis
2562 3437 2701 3491 enim
2727 3452 2831 3507 quo
2857 3439 2972 3492 loco
3004 3448 3057 3491 tu
3088 3438 3289 3493 dormis
3328 3447 3383 3495 et
3411 3440 3669 3506 comedis,
3697 3440 3938 3496 cadaver

2340 3529 2441 3584 sub
2463 3539 2601 3584 terra
2628 3539 2866 3599 poneret,
2897 3530 3021 3599 quid
3047 3545 3151 3583 non
3183 3528 3428 3585 faceres?
3459 3539 3513 3584 tu
3542 3546 3670 3585 vero
3692 3532 3933 3587 animam

2344 3632 2605 3677 tnortnam
2630 3622 2874 3691 deponis,
2904 3638 3008 3675 non
3039 3638 3144 3693 quo
3174 3622 3292 3678 loco
3328 3623 3558 3693 prandes
3588 3624 3672 3680 vel
3700 3622 3932 3691 dormis,

2340 3713 2433 3768 sed
2464 3714 2516 3767 in
2548 3713 2803 3767 membris
2826 3712 3040 3777 Christi,
3067 3728 3240 3782 neque
3266 3713 3419 3769 times
3446 3730 3512 3769 ne
3534 3715 3681 3770 mille
3706 3713 3933 3769 fulmina

2342 3806 2390 3859 in
2421 3815 2579 3872 caput
2615 3816 2758 3859 tuum
2798 3804 3100 3875 jaciantnr?
3127 3805 3405 3873 Quomodo
3452 3805 3619 3861 audes
3668 3807 3933 3863 ecclesias

2343 3897 2435 3953 Dei
2467 3898 2822 3967 frequentare,
2845 3906 2899 3951 et
2922 3911 3069 3951 sacra
3101 3897 3317 3966 templa,
3344 3912 3467 3953 cum
3487 3900 3625 3953 intus
3646 3909 3751 3961 tam
3772 3913 3933 3955 exse-

2339 3988 2597 4043 cmudutu
2632 3987 2874 4043 fictorem
2903 3987 3139 4043 hahcas‘,t
3166 3987 3298 4044 Nam
3323 3988 3367 4042 si
3389 3989 3505 4058 quis
3530 3989 3581 4043 in
3612 3990 3810 4059 regiam
3838 4003 3937 4043 ca-

2339 4080 2501 4135 daver
2532 4079 2691 4134 ferret
2714 4087 2769 4133 et
2796 4079 2886 4133 tibi
2914 4078 3209 4144 defoderet,
3234 4088 3504 4135 extremas
3531 4080 3683 4135 daret
3713 4096 3933 4150 pinnas.

2344 4182 2395 4225 ιιι
2418 4186 2544 4225 vero
2565 4170 2650 4239 qui
2679 4184 2829 4225 sacra
2856 4181 3005 4241 septa
3035 4171 3173 4236 adis,
3204 4182 3258 4226 et
3289 4183 3434 4226 tanto
3472 4172 3663 4227 fauore
3705 4174 3932 4227 domum

2341 4264 2533 4334 reples,
2566 4264 2737 4333 cogi.a
2763 4274 3015 4333 Quantum
3039 4263 3153 4317 lues
3181 4264 3521 4333 supplicium.
3556 4263 3771 4321 Imitare
3814 4280 3933 4322 me-

2338 4357 2585 4411 retricem
2634 4356 2801 4419 illam,
2829 4370 2946 4424 quae
2984 4368 3256 4426 unguento
3284 4356 3435 4410 unxit
3490 4355 3653 4425 pedes
3686 4353 3887 4411 Christi
3910 4396 3931 4424 ,

2338 4456 2393 4501 et
2420 4448 2558 4501 bono
2582 4446 2747 4501 odore
2777 4456 2937 4501 totam
2962 4447 3179 4502 domum
3225 4449 3464 4517 implevit
3492 4451 3509 4521 (
3533 4447 3659 4503 Luc.
3691 4449 3746 4503 7.
3773 4449 3887 4522 58)
3910 4468 3931 4517 ;

2340 4546 2393 4591 tu
2416 4551 2542 4592 vero
2569 4538 2891 4592 contrarium
2940 4537 2992 4591 in
3024 4537 3184 4593 domo
3216 4538 3305 4593 Dei
3338 4538 3487 4593 facis.
3517 4537 3657 4605 Quid
3684 4554 3850 4607 enim,
3879 4543 3937 4599 εἰ

2340 4639 2393 4683 ιιι
2416 4630 2529 4697 ipse
2576 4638 2769 4683 tetrum
2815 4628 3034 4684 odorem
3064 4645 3171 4683 non
3206 4629 3445 4684 sentias?
3475 4629 3529 4684 id
3557 4645 3685 4686 sane
3707 4632 3935 4688 morbus

2338 4730 2421 4775 est
2443 4723 2821 4790 gravissimus;
2855 4720 2976 4775 ideo
3024 4721 3303 4777 iucurabili
3350 4723 3540 4778 morbo
3583 4723 3820 4791 laboras,
3870 4736 3936 4782 et

2338 4814 2578 4885 graviore
2619 4830 2773 4883 quam
2824 4815 2855 4867 ii
2906 4816 2994 4885 qui
3025 4830 3251 4885 corpore
3299 4818 3467 4871 mutili
3494 4833 3557 4872 ac
3577 4820 3746 4874 vitiati
3779 4824 3929 4875 malo

2338 4905 2497 4959 olent.
2519 4905 2610 4960 Ille
2637 4922 2863 4975 namque
2892 4908 3109 4962 morbus
3136 4907 3203 4962 ab
3228 4909 3385 4977 :rgris
3404 4924 3568 4964 sensu
3601 4911 3925 4981 percipitur,

2337 4994 2572 5065 nihilque
2591 4995 2884 5064 culpandus
2907 5009 3009 5062 est,
3024 4998 3142 5052 ‘imo
3158 4998 3319 5053 etiam
3339 5009 3421 5054 est
3442 5000 3929 5059 commiseratione

2337 5088 2566 5157 dignus;
2621 5088 2707 5144 hic
2755 5105 2884 5143 vero
2935 5090 3153 5147 morbus
3179 5091 3253 5145 ira
3292 5101 3347 5146 et
3377 5093 3630 5149 vindicta.
3657 5095 3935 5165 Quoniam

2335 5195 2461 5249 ergo
2486 5179 2602 5235 haec
2626 5182 2868 5252 graviora
2901 5191 3046 5248 sunt,
3078 5198 3199 5238 cum
3226 5200 3459 5241 maxime
3484 5203 3626 5258 :eger
3659 5189 3776 5261 ipse
3805 5204 3936 5245 ma-

2338 5273 2443 5326 lttm
2468 5289 2571 5327 non
2597 5274 2778 5339 sentit,
2808 5284 2866 5329 ut
2894 5285 3186 5345 oporteret,
3205 5279 3551 5348 agc,intento
3570 5279 3692 5335 audi
3715 5281 3930 5349 auium,

2337 5372 2393 5417 ut
2420 5372 2471 5419 te
2512 5364 2682 5418 morbi
2734 5365 3023 5433 perniciem
3055 5366 3298 5422 doceam.
3348 5367 3527 5423 Primo
3576 5381 3754 5425 autem
3800 5373 3932 5431 audi

2333 5453 2456 5524 quid
2488 5454 2759 5523 psallendo
2785 5454 2930 5510 dicas
2954 5473 2968 5511 :
3002 5454 3266 5528 Dirigatur
3290 5461 3450 5513 oratio
3472 5476 3582 5513 mea
3603 5462 3735 5515 sicut
3752 5463 3936 5520 incen-

2331 5561 2441 5599 sum
2492 5548 2544 5598 in
2573 5557 2842 5615 conspectu
2880 5557 2964 5600 tuo
2988 5546 3006 5613 (
3028 5546 3175 5602 l’sal.
3204 5550 3327 5605 HO.
3357 5551 3393 5603 2
3414 5549 3455 5621 ).
3483 5550 3614 5607 Cum
3662 5567 3794 5624 ergo
3816 5571 3931 5613 non

2334 5635 2629 5703 incensum,
2660 5637 2755 5691 sed
2784 5651 2810 5690 a
2856 5647 2909 5693 te
2946 5647 2999 5693 et
3025 5654 3053 5693 a
3081 5641 3243 5709 gestis
3272 5642 3375 5695 tuis
3407 5642 3544 5698 male
3566 5643 3718 5699 olens
3745 5643 3931 5704 firmus

2331 5726 2600 5793 ascendit,
2628 5744 2785 5795 quam
2818 5744 2926 5783 non
2972 5731 3195 5786 mereris
3237 5731 3531 5788 ultionem?
3558 5731 3696 5801 Quid
3718 5747 3800 5792 est
3831 5736 3930 5795 illo

2398 5838 2475 5903 (tt)
2505 5838 2729 5904 Sepulcra
2750 5842 2798 5890 in
2822 5842 3026 5893 urbibus
3042 5844 3462 5897 construcbaatua.

4050 6042 4057 6063 l‘
