4172 6532
291 493 393 545 εῖτ
1100 558 1102 560 ι

292 608 429 661 male
459 606 610 658 oleas
637 596 1000 655 futuusmitlti
1017 594 1415 665 ingrediuntur,
1432 590 1520 660 qui
1539 589 1740 645 formas
1765 602 1884 641 mu-

291 697 482 751 lierum
529 689 992 762 circumspiciunt;
1045 687 1260 754 aliique,
1301 686 1388 752 qui
1439 695 1722 751 puerorum
1771 692 1892 747 spe-

288 791 424 842 ciem
481 783 744 841 curiosius
797 789 1061 850 spectant.
1117 779 1308 832 Annon
1357 774 1589 834 miraris,
1623 769 1891 840 quomodo

289 880 507 932 fulmina
563 894 666 930 non
724 873 1007 943 jaeiantur,
1069 885 1165 924 uec
1219 869 1396 922 omnia
1455 883 1482 920 a
1531 862 1891 918 fundamentis

287 971 636 1027 evertantur?
679 968 807 1022 Nam
844 966 1001 1037 digna
1053 974 1176 1018 sunt
1231 965 1315 1017 illa
1363 960 1673 1019 fulminibus
1721 967 1774 1012 et
1803 973 1892 1028 ge-

290 1064 466 1118 heuua
499 1081 511 1116 .
543 1061 634 1117 sed
671 1062 828 1125 Deus,
885 1060 1090 1130 patiens
1133 1067 1187 1111 et
1241 1056 1419 1110 multa:
1473 1049 1878 1113 misericordiae,

290 1155 425 1209 iram
457 1169 607 1208 suam
643 1152 856 1216 retinet,
889 1159 950 1204 ut
975 1149 1040 1219 ad
1074 1147 1441 1217 pmnitentiam
1470 1154 1524 1198 et
1555 1141 1891 1198 emendatio-

289 1261 412 1300 nem
444 1255 494 1300 te
516 1244 760 1298 adducat.
789 1241 923 1310 Quid
953 1240 1106 1306 facis,
1132 1239 1327 1293 homo?
1352 1240 1573 1292 fortnam
1607 1233 1889 1289 mulierum

295 1337 508 1390 curiose
540 1335 783 1404 respicis,
816 1343 866 1388 et
905 1347 1008 1386 non
1043 1330 1310 1405 horrescis
1343 1337 1484 1382 tanta
1514 1326 1771 1396 templum
1799 1324 1891 1394 Dei

290 1428 536 1481 alliciens
580 1424 943 1482 contumelia?
973 1439 1039 1476 an
1083 1421 1436 1492 prostibulum
1467 1433 1588 1473 esse
1617 1426 1771 1487 putas
1799 1430 1890 1470 ec-

290 1519 532 1583 clesiam,
567 1529 618 1574 et
652 1521 763 1571 foro
793 1519 906 1586 ipso
939 1513 1350 1585 ignobiliorcm?
1383 1513 1435 1566 In
1464 1511 1577 1567 foro
1595 1511 1887 1574 erubescis,

290 1626 357 1663 ne
410 1610 635 1662 videaris
689 1609 965 1662 mulierem
1008 1606 1219 1661 curiose
1268 1615 1556 1674 spectare:
1592 1603 1642 1657 in
1691 1602 1892 1671 templo

288 1711 470 1755 autem
527 1701 639 1763 Dci,
692 1700 816 1754 dum
872 1699 1009 1752 Deus
1053 1699 1165 1766 ipse
1209 1706 1381 1750 tecum
1412 1695 1662 1764 loquitur,
1693 1693 1892 1762 tibique

288 1793 430 1847 circa
463 1807 575 1847 rem
625 1793 760 1846 hanc
803 1790 1178 1853 comminatur,
1219 1786 1498 1840 furuit-aris
1525 1794 1578 1840 et
1608 1783 1893 1838 tnmcharis

288 1886 478 1940 eodem
511 1895 770 1952 tempore,
800 1900 904 1952 quo
927 1883 1080 1936 audis
1108 1881 1174 1935 ab
1203 1881 1282 1935 his
1306 1896 1428 1934 esse
1455 1876 1836 1932 abstinendum
1873 1891 1887 1928 :

290 1993 465 2047 neque
495 1977 780 2042 horrescis,
809 1991 979 2046 neque
1006 1972 1221 2044 stupes?
1252 1973 1374 2028 ll.ee
1406 1987 1499 2025 vos
1528 1970 1722 2025 docent
1744 1968 1895 2023 thea-

289 2084 373 2126 tra
435 2071 684 2136 lasciviae,
736 2071 900 2140 pestis
941 2070 1027 2123 illa
1078 2075 1264 2124 curatu
1323 2065 1577 2129 difficilis,
1632 2071 1893 2118 venenata

290 2166 601 2233 pharmaca,
636 2177 826 2231 graves
869 2161 942 2215 illi
995 2160 1216 2215 irretitis
1247 2157 1444 2229 laquei,
1471 2157 1785 2224 voluptuosa
1816 2154 1893 2209 la-

289 2255 580 2310 sciviorum
614 2255 899 2324 pernicies.
926 2254 1129 2308 Idcirco
1157 2254 1407 2308 incusans
1436 2250 1696 2320 propheta
1741 2248 1892 2303 dice-
1936 2283 1939 2288 -

291 2349 387 2402 bat
419 2364 432 2401 :
470 2346 644 2418 Neque
672 2347 805 2401 oculi
835 2347 927 2410 tui,
959 2362 1049 2400 net:
1093 2362 1180 2399 cor
1220 2355 1359 2398 tuum
1401 2346 1587 2398 bonum
1634 2351 1704 2398 est
1737 2340 1891 2410 (λεν.

288 2441 384 2494 22.
423 2441 542 2512 17).
571 2441 757 2496 Melius
781 2449 923 2495 esset
949 2438 1250 2510 huiusmodi
1283 2438 1528 2492 homines
1549 2451 1667 2491 esse
1687 2448 1892 2500 uncos;

287 2533 487 2588 melius
516 2544 564 2589 et
595 2548 768 2604 aegros
792 2548 934 2594 esse,
959 2547 1118 2603 quam
1149 2532 1214 2586 ad
1238 2530 1371 2585 hanc
1399 2546 1513 2585 rem
1533 2529 1702 2602 oculis
1723 2526 1889 2582 abuti.

289 2623 578 2691 Oporteret
611 2626 794 2695 utique
815 2625 963 2680 intus
993 2638 1113 2680 esse
1143 2638 1370 2687 murum,
1403 2626 1491 2693 qui
1524 2636 1618 2675 vos
1647 2636 1676 2675 a
1708 2620 1896 2675 mulie-

289 2717 446 2772 ribus
475 2725 837 2788 sequestraret
871 2736 884 2772 :
911 2717 1033 2789 quia
1061 2731 1191 2772 vero
1220 2715 1270 2770 id
1303 2731 1406 2772 non
1439 2715 1618 2780 vultis,
1650 2728 1898 2770 necessa-

290 2810 434 2862 rium
467 2825 585 2865 esse
617 2820 868 2881 putarunt
911 2819 1088 2880 patres
1136 2809 1327 2871 nostri,
1367 2818 1424 2861 ut
1471 2806 1662 2861 saltem
1710 2806 1898 2876 ligneis

289 2894 491 2948 talmlis
521 2910 614 2950 vos
641 2911 1018 2974 separaremus
1051 2894 1125 2967 (α)
1163 2912 1176 2948 :
1214 2909 1333 2947 nam
1386 2909 1413 2946 a
1468 2890 1770 2946 senioribus
1797 2905 1898 2961 ego

289 2984 496 3049 audivi,
522 2986 672 3040 initio
695 2985 794 3040 bos
825 2987 1055 3056 parietes
1079 3001 1180 3038 non
1216 2984 1398 3039 fuisse.
1429 2983 1492 3038 in
1519 2984 1721 3038 Christo
1763 2986 1896 3036 enim

291 3078 422 3130 Jcsu
447 3094 543 3131 non
571 3087 643 3132 est
672 3095 777 3132 mas
802 3095 957 3149 neque
984 3078 1172 3148 [omina
1199 3076 1216 3149 (
1239 3076 1355 3131 Gul.
1376 3078 1426 3131 5.
1456 3076 1526 3131 28
1545 3077 1582 3146 ).
1618 3077 1898 3145 Apostolo-

293 3186 420 3224 rum
448 3187 655 3241 quoque
681 3182 921 3241 tempore
948 3186 1047 3225 una
1078 3172 1172 3224 viri
1205 3181 1259 3224 et
1288 3170 1538 3226 mulieres
1569 3179 1739 3225 erant.
1765 3169 1894 3224 Nam

294 3270 428 3315 tunc
458 3261 550 3316 viri
581 3277 708 3318 vere
734 3262 831 3316 viri
857 3270 1029 3326 erant,
1061 3271 1114 3317 et
1142 3262 1414 3325 mulieres,
1445 3262 1694 3315 mulieres
1719 3279 1731 3291 ο
1758 3276 1897 3314 nunc

293 3370 428 3410 vero
453 3367 656 3418 contra,
696 3356 948 3411 mulieres
994 3354 1332 3410 meretricum
1362 3354 1461 3408 sibi
1488 3369 1664 3408 mores
1691 3367 1900 3407 assum-

293 3458 542 3516 pseruut.
570 3449 668 3502 viri
692 3457 870 3503 autem
891 3446 957 3502 ab
979 3448 1130 3518 cquis
1150 3445 1448 3501 furentibus
1471 3445 1600 3500 nihil
1621 3444 1894 3503 differunt.

291 3537 416 3593 Non
447 3539 690 3607 audistis,
739 3549 1091 3612 congregatos
1145 3540 1195 3593 in
1243 3539 1521 3595 cwnaculo
1561 3536 1725 3593 fuisse
1755 3539 1896 3594 viros

289 3646 363 3686 ac
404 3632 670 3695 mulieres,
723 3633 974 3702 illumque
1019 3641 1216 3686 emtum
1269 3631 1417 3685 cmlis
1465 3629 1681 3700 dignum
1730 3631 1897 3686 fuisse

290 3721 445 3791 (Act.
479 3724 528 3777 l.
556 3724 640 3777 15.
665 3723 808 3793 id)?
838 3723 901 3777 Et
928 3724 1049 3792 jure
1078 3722 1292 3793 quidem
1319 3741 1332 3777 :
1366 3724 1528 3775 multa
1554 3722 1694 3776 enim
1719 3721 1895 3790 philo-

289 3813 484 3882 saphia
515 3825 637 3870 tunc
659 3816 910 3870 mulieres
936 3817 1208 3870 instructa:
1236 3823 1409 3879 erant,
1432 3825 1484 3869 et
1512 3815 1606 3868 viri
1634 3814 1893 3868 modestia

288 3915 458 3975 atque
485 3907 746 3962 castitate.
797 3907 992 3962 Audite
1043 3906 1185 3960 enim
1246 3920 1492 3974 purpurae
1544 3903 1892 3959 venditricem

289 3998 564 4053 dicentem
599 4017 610 4050 :
643 3997 704 4054 Si
742 3999 940 4067 ﬁdelem
969 4016 1048 4052 nte
1095 3997 1312 4052 Domino
1354 3997 1662 4070 judicastis,
1712 3999 1896 4052 intrate

288 4090 347 4142 in
382 4089 582 4144 domum
613 4107 772 4144 meant
797 4133 812 4155 ,
852 4101 903 4162 et
953 4101 1149 4144 manete
1199 4091 1337 4160 apud
1386 4107 1463 4144 me
1493 4089 1640 4160 (Act.
1670 4091 1759 4145 46.
1802 4091 1887 4145 15.

291 4194 340 4236 et
378 4183 617 4255 18.18).
657 4184 858 4242 Audite
880 4184 1161 4248 mulieres,
1209 4199 1327 4252 qtne
1381 4182 1520 4236 virili
1576 4184 1754 4236 animo
1813 4186 1893 4239 in-

263 4283 522 4330 ..structre
547 4277 846 4331 circuihant
896 4291 1016 4331 cum
1063 4274 1352 4345 apostolis,
1408 4273 1735 4338 Prisci'lam,
1764 4275 1890 4330 l‘er-

292 4362 471 4420 eidem
498 4375 552 4420 et
579 4367 708 4420 alias
753 4365 946 4437 (Rom.
978 4364 1064 4418 16.
1109 4363 1220 4435 12)
1258 4381 1271 4417 :
1302 4378 1328 4414 a
1358 4363 1548 4432 quibus
1575 4374 1780 4419 tantum
1805 4365 1889 4420 di-

288 4469 438 4514 stant
486 4458 761 4514 hodiernte
803 4458 1056 4514 mulieres
1077 4501 1092 4523 ,
1124 4468 1382 4528 quantum
1411 4457 1509 4510 viri
1540 4472 1568 4510 a
1600 4458 1728 4513 viris
1760 4457 1885 4514 illis.

369 4550 424 4603 4.
451 4548 725 4604 Mulierum
755 4566 861 4604 sua:
884 4550 1046 4605 (etatis
1076 4551 1366 4610 vanitatem,
1398 4547 1647 4601 connubia
1693 4565 1784 4617 pro
1800 4566 1890 4618 pe-

289 4640 461 4700 cuniis
488 4641 830 4710 adipiscendis
855 4650 1002 4711 pacta
1023 4681 1037 4704 ,
1067 4649 1114 4693 et
1143 4638 1493 4692 Parasilorum
1522 4655 1683 4692 mores
1708 4640 1888 4693 redar-

289 4734 405 4806 guit
435 4733 844 4805 Chrysostomus.
869 4763 940 4774 —
961 4732 1277 4788 Tunc-enim
1305 4730 1550 4801 quamvis
1580 4732 1890 4801 peregrina-

292 4835 506 4888 rentur,
535 4825 583 4880 id
613 4824 729 4881 sine
757 4825 909 4880 fama:
936 4824 1258 4879 detrimento
1282 4831 1436 4886 erat;
1465 4837 1603 4876 nunc
1633 4832 1810 4877 autem
1836 4824 1887 4877 in

290 4919 416 4989 ipso
454 4919 686 4973 thalamo
721 4919 966 4973 enutriue
1013 4918 1097 4971 vix
1136 4916 1291 4972 talem
1331 4915 1591 4984 etfugiunt
1624 4917 1886 4986 suSpicio-

289 5024 446 5064 ncm.
478 5008 602 5064 Haec
645 5025 804 5078 porro
841 5009 908 5064 ah
937 5008 1214 5063 ornatibus
1257 5015 1310 5062 et
1349 5021 1377 5060 a
1419 5006 1626 5061 deliciis
1671 5008 1886 5077 prolici-

286 5111 536 5154 seuntur.
567 5099 719 5155 Tune
743 5101 955 5155 illarum
985 5112 1118 5166 Opus
1143 5107 1277 5164 erat,
1299 5097 1734 5167 prmdicationem
1766 5114 1888 5167 pro.

287 5193 525 5263 pagare;
560 5208 701 5248 nunc
726 5201 902 5246 autem
931 5191 979 5245 id
1007 5199 1195 5245 curant
1218 5198 1277 5243 ut
1306 5189 1551 5243 formosa:
1580 5199 1633 5244 et
1653 5191 1887 5260 pulehrm

284 5283 590 5339 videantur.
626 5283 737 5339 lloc
777 5284 880 5338 illis
921 5282 1128 5353 gloria,
1173 5281 1275 5336 hoc
1316 5281 1419 5335 illis
1449 5281 1594 5336 salus
1614 5292 1729 5347 est;
1766 5299 1886 5336 nam

289 5378 359 5432 dc
391 5379 598 5448 magnis
626 5377 1002 5447 prmclarisque
1031 5375 1197 5446 gestis
1239 5389 1305 5427 ne
1350 5389 1444 5443 per
1467 5375 1733 5428 somnium
1765 5375 1883 5444 qui-

281 5471 412 5523 dem
442 5478 650 5523 curant.
685 5468 818 5535 Qua:
847 5469 1038 5522 mulier
1075 5483 1141 5522 eo
1166 5466 1342 5522 studia
1373 5467 1601 5520 contulit
1623 5477 1679 5520 ut
1706 5469 1883 5523 virum

281 5562 488 5616 faceret
530 5562 850 5615 meliorem?
878 5561 964 5629 qui
1010 5561 1088 5612 vir
1108 5575 1224 5613 eam
1254 5559 1436 5612 habuit
1470 5559 1884 5615 Sollicitudinem

278 5662 342 5708 ut
372 5668 597 5708 uxorem
637 5651 992 5707 emendaret?
1021 5651 1188 5705 Nemo
1230 5662 1409 5706 certe:
1457 5651 1550 5705 sed
1585 5653 1732 5706 uxori
1782 5668 1883 5705 una

263 5949 302 5999 ι)
327 5887 402 5999 (al)
442 5885 677 5939 Mulieres
699 5901 725 5935 a
741 5888 858 5936 viris
875 5901 921 5937 tu
950 5885 1160 5938 ecclesia
1188 5888 1365 5939 tabulis
1389 5886 1570 5950 ligneis
1592 5901 1880 5952 sequestra-

304 5964 365 5999 au
397 5962 470 5999 ur.

247 5962 470 5999 'Dillilllr.

642 6045 918 6106 PATROL.
971 6043 1088 6105 Cn.
1150 6043 1356 6106 l.Vlll.

1159 483 1223 540 ΙΝ
1264 477 1668 538 ΜΑΤΤΙΙΑΞΕΜ
1711 471 1939 529 1101111...
1986 465 2222 524 [.XXlil.
2262 464 2333 522 al.
2375 464 2610 519 LXXIV.

3489 459 3591 516 678

2001 598 2126 638 cura
2155 580 2220 635 de
2247 580 2425 635 aureis
2455 583 2754 644 ornatibus,
2775 578 2842 633 de
2873 580 3110 635 vestibus
3134 583 3172 642 '.
3193 581 3365 649 deque
3394 585 3605 639 caeteris

1996 676 2061 729 ad
2091 675 2330 743 corporis
2359 682 2607 727 ornatum
2640 672 3040 742 spectantibus,
3066 684 3226 744 atque
3257 685 3312 730 ut
3342 689 3475 745 opes
3506 693 3603 729 au-

1996 775 2258 834 geantur;
2289 764 2404 818 viro
2434 772 2614 818 autem
2660 771 2715 817 et
2751 762 2868 817 hzrc
2913 772 3182 832 postrema
3224 774 3278 820 et
3321 766 3440 820 alite
3486 768 3604 836 plu-

1997 858 2146 909 t'itttu!
2176 871 2317 909 cura:
2347 863 2506 920 sunt,
2533 869 2829 925 omnesque
2866 856 3175 911 sreculares.
3218 855 3347 924 Quis
3377 872 3603 913 uxorem

1998 949 2288 1012 durturus,
2318 963 2498 1002 mores
2524 958 2578 1001 et
2609 946 2982 1001 educationem
3027 947 3217 1017 puellm
3258 949 3555 1018 exploravit
3579 950 3604 992 ⁸)

1999 1041 2202 1104 Nemo;
2232 1040 2337 1096 sed
2356 1040 2423 1094 de
2451 1040 2690 1109 pecuniis
2723 1048 2926 1093 tantum
2953 1041 3232 1110 qtttcritur,
3263 1039 3331 1094 de
3360 1041 3599 1112 prmdiis,

1997 1134 2170 1202 deque
2200 1133 2459 1188 bonorum
2485 1133 2763 1192 varietate,
2795 1145 2857 1185 ac
2885 1131 2929 1186 si
2960 1130 3086 1201 quid
3117 1139 3398 1201 empturus
3426 1142 3601 1200 esset,

1998 1235 2090 1278 aut
2114 1225 2181 1279 de
2215 1225 2604 1294 permutatione
2643 1223 2892 1293 quapiam
2925 1232 3192 1294 ageretur.
3241 1223 3471 1295 ideoque
3503 1225 3604 1282 hoc

2000 1318 2217 1372 nomine
2242 1316 2566 1370 counuhiuut
2601 1325 2811 1370 vetant.
2831 1314 3025 1369 Multos
3040 1315 3183 1368 enim
3212 1315 3387 1369 audivi
3417 1314 3605 1371 dicen-

2002 1419 2083 1464 tes
2106 1451 2120 1473 ,
2156 1409 2483 1462 Pertuutavit
2525 1408 2609 1462 hic
2636 1423 2756 1461 cum
2801 1407 2912 1481 illa,
2943 1407 2993 1460 id
3023 1407 3298 1481 esl,rdu.\'it
3328 1407 3494 1461 illam.
3529 1407 3604 1463 Ita

1999 1504 2134 1556 duuu
2167 1503 2258 1555 lli-i
2288 1503 2624 1571 vituperant,
2655 1509 2815 1569 atque
2843 1480 2905 1555 ae
2932 1500 2978 1554 si
3010 1480 3305 1554 venderent
3333 1511 3606 1556 emerent-

1999 1611 2101 1664 que
2127 1637 2140 1657 ,
2172 1596 2248 1647 sie
2275 1593 2475 1648 ducunt
2503 1603 2554 1647 et
2580 1593 2873 1647 ducuntur.
2917 1591 3196 1662 Rescripta
3245 1595 3369 1647 vero
3415 1595 3605 1662 majori

1999 1686 2248 1739 cautione
2275 1698 2410 1752 opus
2437 1683 2633 1738 habent
2656 1685 2696 1749 ',
2729 1698 2889 1753 quam
2917 1685 2959 1737 si
2990 1682 3058 1738 de
3088 1684 3315 1739 venditis
3332 1696 3384 1740 et
3411 1685 3609 1756 emptis

1999 1788 2263 1846 ageretur.
2300 1777 2495 1832 lliscite
2523 1793 2627 1847 quo
2657 1783 2813 1848 pacto
2836 1784 3052 1833 veteres
3080 1793 3276 1854 tutores
3303 1780 3564 1834 ducerent
3590 1821 3604 1844 ,

2001 1868 2228 1939 illosque
2264 1868 2566 1932 uttitztmini.
2611 1867 2892 1936 Quomodo
2929 1883 3061 1938 ergo
3107 1885 3301 1926 uxores
3339 1871 3607 1928 ducebant

2002 1960 2113 2015 illi?
2142 1961 2320 2015 BttllUS
2362 1975 2545 2015 mores
2588 1969 2643 2014 et
2686 1960 2920 2015 indolem
2951 1961 3266 2032 qumrebant
3291 2005 3304 2027 ,
3338 1964 3608 2036 animique

2001 2052 2272 2108 virtutem.
2306 2054 2537 2123 Ideoque
2581 2054 2801 2123 scriptis
2839 2071 2976 2120 opus
3013 2072 3118 2110 non
3166 2057 3467 2123 habebant,
3500 2075 3606 2113 non

2001 2144 2184 2200 charta
2211 2187 2224 2210 ,
2271 2161 2374 2200 nou
2423 2153 2727 2202 atramento
2754 2164 2766 2200 :
2801 2160 3014 2215 SpOnSte
3043 2164 3220 2203 mores
3256 2151 3387 2204 Satis
3413 2162 3560 2205 erant
3591 2193 3604 2216 ,

2000 2237 2349 2306 omniumque
2383 2237 2558 2292 locum
2608 2238 2883 2293 tenebant.
2920 2238 3025 2295 Vos
3066 2255 3195 2313 ergo
3235 2243 3498 2311 obsecro,
3541 2262 3607 2301 ne

2004 2329 2289 2398 pecunias,
2322 2344 2388 2384 ne
2413 2343 2543 2398 opes
2568 2331 2821 2399 quaeratis
2843 2372 2857 2396 ,
2890 2331 2984 2386 sed
3018 2347 3217 2401 mores,
3246 2334 3562 2391 modestiam
3590 2379 3605 2406 ,

2005 2421 2277 2489 pietatem,
2309 2421 2679 2492 philosop’.am
2714 2423 2942 2491 puellam
2973 2442 2986 2485 ;
3015 2434 3070 2479 et
3103 2427 3216 2481 lnec
3250 2431 3416 2499 magis
3445 2445 3606 2501 quam

2003 2510 2149 2566 mille
2183 2513 2418 2568 thesauri
2445 2514 2600 2569 vobis
2622 2513 2936 2586 proderunt.
2969 2515 3023 2573 Si
3053 2534 3171 2587 qua:
3194 2519 3284 2574 Dei
3312 2531 3438 2577 sunt
3462 2539 3609 2594 qum-

2002 2620 2126 2673 r-as,
2159 2607 2270 2662 lucc
2301 2623 2515 2680 quoque
2553 2609 2644 2664 tibi
2677 2608 2980 2676 addentur;
3014 2612 3056 2665 si
3090 2627 3214 2665 vero
3253 2613 3357 2669 illis
3408 2618 3609 2674 relictis
3637 2635 3642 2640 '

2001 2699 2069 2753 ad
2101 2699 2215 2755 lucc
2245 2712 2446 2754 tantum
2469 2716 2677 2767 curras,
2703 2718 2877 2772 neque
2899 2701 3015 2758 hmc
3036 2717 3345 2775 Sequemur.
3375 2709 3477 2765 Sed
3498 2710 3606 2781 ille,

2004 2793 2235 2862 inquies,
2269 2794 2336 2848 ab
2365 2811 2531 2850 uxore
2551 2796 2750 2850 ditatus
2767 2806 2872 2852 est.
2892 2797 3009 2852 Non
3034 2807 3085 2855 te
3113 2799 3274 2869 pudet
3302 2804 3415 2858 lucc
3434 2820 3610 2861 exetn~

2007 2888 2087 2956 pla
2117 2887 2365 2944 referre?
2393 2889 2586 2945 Multos
2616 2889 2797 2945 audivi
2827 2891 3093 2957 dicentes,
3123 2892 3343 2950 Mallem
3369 2908 3608 2956 extrema

2007 2991 2319 3048 paupertate
2341 2973 2611 3047 laborare,
2633 2999 2792 3053 quam
2819 2984 2888 3038 ab
2911 2999 3078 3040 uxore
3102 2986 3284 3042 ditari.
3305 2989 3441 3058 Quid
3462 2991 3608 3049 enim

2006 3071 2277 3126 insuavius
2309 3073 2413 3128 illis
2448 3075 2687 3130 divitiis?
2726 3075 2855 3146 quid
2883 3079 3121 3134 amarius
3164 3078 3265 3136 hac
3294 3083 3610 3152 opulentia?

2004 3164 2128 3232 quid
2163 3166 2367 3235 turpius
2389 3181 2544 3236 quam
2576 3168 2838 3238 insignem
2870 3167 2972 3224 hoc
3001 3171 3163 3226 modo
3192 3187 3331 3235 esse.
3367 3176 3435 3231 ita
3468 3187 3522 3233 ut
3542 3181 3611 3236 ab

2003 3256 2258 3310 omnibus
2289 3257 2530 3323 dicatur,
2563 3258 2658 3313 llle
2688 3259 2755 3313 ab
2787 3275 2956 3317 uxore
3001 3261 3241 3333 locuples
3283 3264 3454 3322 factus
3490 3271 3614 3326 est!

2005 3347 2247 3404 lanternas
2291 3351 2433 3405 enim
2477 3359 2533 3404 et
2572 3351 2899 3408 domesticas
2938 3355 3216 3412 molestias
3239 3356 3406 3414 taceo
3429 3401 3445 3427 ,
3478 3378 3612 3432 quas

2005 3443 2129 3500 inde
2165 3444 2293 3499 oriri
2342 3459 2567 3502 necesse
2614 3455 2736 3513 cst;
2786 3447 3030 3505 mulieris
3079 3453 3474 3522 arrogantiam,
3510 3457 3610 3513 viri

2004 3537 2312 3594 servitutem
2342 3581 2354 3600 ,
2387 3555 2611 3610 pugnas,
2645 3555 2924 3596 servorum
2949 3543 3224 3610 convicia,
3259 3545 3552 3605 dicentium
3584 3569 3600 3605 :

2006 3631 2231 3701 Pauper,
2251 3648 2540 3702 pannosus,
2559 3633 2807 3703 ignobilis
2824 3650 2886 3690 ex
2905 3636 3229 3705 ignobilibus
3247 3655 3260 3704 ;
3276 3640 3401 3710 quid
3425 3640 3610 3698 habuit

2003 3722 2214 3792 quando
2228 3723 2585 3779 venit?annon
2601 3725 2777 3779 omnia
2794 3736 2916 3781 sunt
2929 3727 3188 3785 domina)?
3199 3728 3304 3785 Sed
3321 3730 3433 3788 hmc
3449 3735 3609 3791 verba

2004 3815 2132 3868 nihil
2163 3830 2320 3870 curas
2349 3835 2361 3868 ;
2398 3831 2572 3887 neque
2599 3821 2742 3872 enim
2772 3818 2911 3874 liber
2935 3835 3014 3876 es.
3044 3820 3180 3877 Nam
3204 3833 3259 3879 et
3282 3827 3498 3895 parasiti
3525 3828 3609 3884 his

2001 3908 2267 3964 deteriora
2296 3909 2540 3975 audiunt,
2578 3927 2750 3981 neque
2779 3911 2901 3967 ideo
2927 3913 3134 3980 dolent,
3166 3917 3261 3972 sed
3294 3917 3455 3974 etiam
3483 3923 3603 3991 gloa

2000 4001 2207 4055 riantur
2234 4000 2303 4056 de
2331 4000 2636 4070 hujusmodi
2665 4002 2951 4059 dedecore.
2983 4007 3061 4060 Ac
3087 4022 3209 4062 cum
3239 4009 3291 4064 id
3319 4010 3451 4080 ipsis
3475 4012 3607 4070 dici-

2001 4108 2119 4148 mus
2145 4136 2160 4158 ,
2195 4094 2278 4149 Sit
2301 4094 2430 4147 mihi
2453 4136 2466 4158 ,
2501 4095 2767 4165 inquiunt,
2799 4097 2924 4168 quid
2947 4097 3101 4155 dulce
3131 4110 3182 4156 et
3205 4101 3522 4173 jucundum,
3548 4123 3604 4164 et

1953 4263 1960 4269 ς
1999 4186 2225 4243 sul‘l‘oeet
2253 4203 2360 4243 me.
2391 4187 2436 4242 Ο
2464 4187 2777 4244 diabolum!
2820 4206 2939 4261 qum
2983 4195 3266 4263 proverbia
3310 4198 3400 4254 ille
3441 4201 3495 4256 in
3522 4205 3605 4258 vi-

2001 4290 2105 4334 tam
2145 4281 2420 4336 hominum
2455 4282 2667 4348 intulit,
2695 4285 2888 4352 quibus
2929 4297 3038 4342 tota
3084 4289 3274 4345 talium
3319 4291 3598 4354 hominum

1999 4375 2103 4428 vita
2135 4376 2300 4444 possit
2327 4378 2531 4432 evertit
2559 4377 2836 4448 Perpende
2870 4395 2999 4450 ergo
3031 4381 3160 4438 illud
3189 4384 3510 4446 diabolicum
3537 4407 3602 4451 ac

1999 4469 2281 4523 exitiosum
2309 4469 2507 4524 dictum
2534 4510 2550 4536 ,
2582 4481 2778 4541 quanta
2809 4471 2879 4526 sit
2906 4473 3144 4542 pernicie
3174 4476 3390 4546 plenum
3413 4525 3427 4538 .
3457 4483 3602 4540 Nihil

2000 4563 2144 4617 enim
2165 4563 2310 4617 aliud
2337 4563 2487 4626 dicit,
2520 4579 2678 4634 quam
2704 4563 2819 4619 lucc
2846 4565 3007 4620 verba
3034 4585 3046 4620 :
3074 4567 3226 4622 Nulla
3259 4572 3350 4627 tibi
3381 4574 3559 4630 decori
3586 4622 3602 4647 ,

1997 4658 2139 4712 nulla
2170 4657 2260 4711 tibi
2285 4657 2506 4726 iustitia:
2535 4658 2605 4711 sit
2651 4659 2823 4712 ratio:
2858 4657 2978 4714 luce
3025 4663 3201 4715 omnia
3233 4664 3553 4733 abjiciz-utur
3583 4689 3596 4726 :

1999 4767 2156 4807 unam
2192 4761 2396 4806 tantum
2425 4767 2607 4822 quaere
2635 4752 2985 4822 voluptatem.
3021 4755 3240 4811 Etiamsi
3274 4767 3325 4812 te
3363 4777 3447 4815 res
3478 4763 3596 4820 inec

1996 4844 2269 4900 sumicarit
2293 4887 2307 4910 ,
2341 4844 2430 4898 tibi
2478 4844 2730 4913 O;'t:tbilis
2760 4845 2867 4911 sit;
2896 4846 3103 4901 etiamsi
3132 4863 3321 4905 omnes
3361 4854 3501 4910 obvii
3547 4866 3599 4913 te

1996 4948 2314 5006 conspuant,
2340 4938 2546 4991 etiamsi
2579 4938 2744 4991 lutum
2767 4938 2819 4991 in
2835 4952 2897 4991 os
2921 4939 3185 5009 ingeraut,
3210 4943 3308 4996 etsi
3334 4953 3391 4999 ut
3409 4961 3596 5003 canem

1999 5030 2200 5098 pellant
2224 5071 2237 5092 ,
2271 5030 2448 5083 omnia
2474 5029 2634 5086 feras.
2671 5029 2876 5100 Ecquid
2905 5032 3050 5087 aliud
3077 5033 3309 5090 dixerint
3340 5040 3521 5108 porci,
3555 5045 3600 5098 si

1997 5121 2138 5191 loqui
2161 5121 2412 5188 possent?
2433 5121 2558 5191 quid
2589 5121 2780 5190 itnpuri
2805 5125 3001 5178 canes?
3025 5122 3209 5195 Neque
3234 5127 3459 5185 fortasse
3481 5134 3604 5190 talia

1995 5215 2364 5284 loquerentur,
2391 5215 2564 5284 qualia
2593 5213 2839 5270 diabolus
2859 5216 3062 5272 rabidis
3094 5226 3599 5282 nonttttibusdiCor-e

1996 5314 2182 5365 suasit.
2214 5313 2501 5380 Propterea
2545 5312 2803 5379 obsecro,
2839 5322 2896 5367 ut
2926 5314 3108 5369 talium
3159 5317 3444 5374 verborum
3493 5322 3600 5376 im.

1999 5404 2301 5472 pudcntiam
2331 5405 2733 5459 considerantes
2757 5448 2771 5470 ,
2814 5403 2930 5461 brrc
2963 5411 3243 5474 proverbia
3279 5409 3512 5481 fugiatis,
3545 5425 3600 5469 et

1996 5498 2078 5551 his
2101 5498 2369 5554 contraria
2413 5515 2473 5553 ex
2515 5499 2805 5570 Scripturis
2830 5499 3098 5571 deligatis.
3133 5503 3262 5571 Qua:
3307 5514 3435 5560 sunt
3468 5507 3553 5561 illa
3581 5508 3603 5560 .’

1996 5587 2080 5643 Nc
2103 5588 2330 5644 ambules
2359 5599 2470 5661 post
2499 5591 2930 5661 concttpiscentias
2959 5594 3147 5648 anima
3172 5604 3272 5647 tua!
3290 5636 3306 5662 ,
3335 5608 3380 5649 et
3402 5601 3602 5666 appeti-

1996 5705 2075 5813 bu‘
2104 5701 2199 5751 Alii
2223 5702 2421 5760 habent,
2441 5701 2506 5753 de
2528 5699 2690 5752 aureis
2713 5702 2988 5767 ornatibus,
3015 5705 3076 5756 de
3109 5705 3418 5771 gcmmis,de
3454 5703 3608 5761 vcsti-

2059 5782 2098 5813 ὁ.

2029 5778 2243 5898 uisitata
2270 5832 2472 5898 textum
2497 5826 2927 5898 Savil..legendum
2953 5837 3090 5880 esset
3115 5844 3224 5880 cum
3247 5838 3453 5898 Georgio
3480 5831 3599 5880 Tra-

1997 5892 2222 5963 lezuntio
2270 5892 2562 5963 interprete,
2588 5892 2916 5963 stipulationes
2953 5904 3141 5957 quoque
3182 5892 3458 5959 ttttptiat‘tun
3497 5908 3601 5946 nta-

1985 5960 2099 6018 jor'e
2133 5960 2283 6004 nsttnt‘
2301 5968 2311 5998 .'
2331 5960 2632 6015 contptmunt.

3233 6043 3293 6102 l-'t
