4172 6486
690 480 810 537 ως

702 608 788 650 tus
816 606 925 649 tuos
948 608 1117 646 coerce
1132 587 1313 659 (Eceli.
1333 586 1419 640 {8.
1438 584 1551 651 '50).
1571 582 1633 635 Et
1653 580 1719 634 de
1737 578 2012 632 meretrice
2033 588 2261 636 rursum,

704 696 885 743 contra
902 700 1055 753 quam
1081 685 1133 736 in
1155 677 1429 751 proverbii.
1451 676 1618 728 fertur
1644 692 1656 727 :
1688 672 1767 726 Ne
1784 668 2011 723 attendas
2034 663 2269 734 improba:

708 776 910 830 mulieri
927 790 946 839 ,'
962 771 1058 828 mel
1077 772 1205 826 enim
1225 766 1424 824 stillate
1438 766 1581 821 labiis
1605 764 1823 817 mulieris
1847 758 2137 819 meretricis,
2159 769 2268 823 qtae

707 870 771 918 ad
798 880 988 935 tempus
1015 873 1188 935 guttur
1211 872 1351 916 tuum
1374 858 1654 928 impingunt
1680 869 1696 908 :
1727 862 1891 922 postca
1922 866 2032 903 ret'o
2050 846 2267 899 amarius

687 960 821 1029 rfrlle
861 958 1076 1011 inuenies
1105 967 1152 1011 et
1191 955 1385 1008 acutius
1410 953 1576 1023 gladio
1597 947 1801 1015 ancipiti
1846 943 2020 1015 (Prov.
2046 943 2098 995 5.
2127 939 2161 992 9.
2189 940 2263 1007 αἱ).

707 1050 1025 1120 llzrcitaque
1046 1048 1336 1109 audiamus,
1369 1058 1470 1096 non
1494 1041 1600 1095 illa.
1636 1038 1763 1092 Nam
1794 1035 1913 1089 inde
1946 1029 2254 1094 illiberales,

686 1142 827 1233 finde
855 1119 1072 1196 serviles
1114 1138 1456 1206 Cogitationes
1474 1133 1748 1192 oriuntur;
1795 1126 1916 1180 inde
1948 1123 2186 1178 homines
2214 1119 2266 1173 itt

684 1212 854 1288 Ξιιι-ιιιδ
906 1231 1148 1287 animalia
1188 1232 1579 1283 cnmmutantur
1614 1263 1628 1287 ,
1687 1220 1809 1290 quia
1861 1218 2050 1285 ultique
2079 1212 2265 1282 volup-

707 1336 865 1381 tatem
895 1325 1041 1395 sequi
1071 1317 1479 1377 secundum-hoc
1504 1302 1838 1386 proverbium
1876 1308 2061 1362 volunt
2086 1346 2099 1370 ,
2127 1305 2266 1374 quod

706 1433 799 1485 per
826 1431 883 1471 sc
910 1417 977 1468 ita
1025 1411 1296 1480 ridiculum
1324 1417 1429 1475 est,
1460 1417 1514 1461 ut
1541 1404 1607 1459 ad
1633 1404 1680 1459 id
1722 1398 2044 1471 probandum
2094 1396 2266 1450 verbis

1192 1542 1544 1555 ____.———-———-

1062 1528 1985 1557 *—_————_—I._.-——v————_

697 1546 1058 1561 ..ψ-ο

1420 469 1476 525 S.
1514 465 1786 522 JOANNIS
1822 459 2283 526 CllllYSOS'l'OllJ
2324 459 2638 514 ARCHIEP.
2679 452 3208 529 CONSTANTlNOP.

3852 473 3959 527 (380

2382 586 2483 623 non
2541 570 2606 624 sit
2657 585 2809 639 opus.
2854 570 2983 624 Nam
3044 579 3316 639 pristeptzttu
3360 575 3608 633 rsul'l‘orati
3638 595 3754 635 sunt
3782 622 3801 649 ,
3834 604 3957 655 (μω

2381 675 2446 713 ex
2492 659 2757 728 voluptate
2792 662 3031 715 utilitas?
3075 661 3258 716 Finem
3285 680 3411 735 ergo
3443 666 3594 724 tacite
3638 674 3767 727 tanti
3814 676 3955 731 risus

2376 750 3265 823 par-andi,acgeltettnatnignt‘mquc
3281 756 3756 829 ittcxstingnibitem
3771 782 3956 821 accen-

2373 840 2528 895 dendi
2555 856 2568 905 ;
2602 855 2661 894 ac
2690 841 2768 895 vel
2798 854 2919 896 sero
2940 843 3149 895 tandem
3180 846 3244 898 ad
3270 840 3437 899 futura
3468 858 3749 921 utoportet
3782 861 3953 924 resin.

2373 932 2594 991 ciamus.
2626 931 2833 986 detersa
2861 934 3060 987 scilicet
3083 935 3354 989 oculorum
3383 937 3699 1009 lippitudine
3720 948 3735 976 ⁸
3765 962 3780 1001 :
3816 959 3875 1001 ut.
3900 961 3953 1003 (ι

2376 1021 2510 1074 hanc
2558 1024 2716 1075 vitam
2760 1036 2947 1078 ornate
2975 1064 2988 1087 ,
3020 1040 3138 1078 cum
3171 1028 3331 1079 multa
3390 1030 3645 1086 ltttsdestia
3672 1045 3722 1089 οι
3755 1039 3955 1105 meum

2376 1121 2719 1173 transeamus,
2767 1123 2819 1167 et
2872 1113 3044 1169 futura
3076 1131 3461 1186 consequamur
3487 1122 3655 1191 bona,
3699 1131 3868 1197 gratia
3898 1145 3953 1185 (ιι

2377 1203 2734 1260 misericordia
2766 1206 2968 1261 Domini
3000 1210 3162 1265 nostri
3189 1208 3313 1265 Iesu
3339 1211 3555 1279 Christi,
3590 1218 3670 1271 cui
3702 1221 3871 1291 gloria
3900 1226 3949 1277 izt

2373 1294 2562 1348 sucula
2590 1296 2921 1350 smculortttn.
2957 1299 3146 1354 Atttrtt.

2437 1409 2453 1439 ¹
2477 1415 2599 1468 Haec,
2620 1410 2809 1493 detersa
2821 1409 2905 1460 illa
2919 1412 3163 1463 oculorum
3181 1412 3484 1479 lippitudine,
3509 1420 3688 1475 desunt
3714 1441 3760 1475 tu
3784 1434 3871 1477 ator
3886 1430 3952 1478 el.

1997 1528 3520 1552 _____________________________

1776 1604 2113 1669 HOMILIA
2160 1604 2442 1664 LXXIV.
2492 1605 2576 1664 al.
2624 1606 2876 1667 LXXV.

705 1778 829 1830 Car.
879 1775 967 1828 ‘13.
1001 1788 1053 1825 ν.
1107 1769 1202 1824 29.
1246 1766 1329 1820 l'te
1361 1765 1489 1817 robis
1516 1805 1529 1824 ,
1564 1760 1738 1815 scriba:
1787 1766 1831 1811 et
1874 1751 2123 1807 Pluuisrci
2169 1753 2261 1819 Ity-

782 1868 1021 1937 t‘ocn'm,
1075 1856 1162 1932 qui
1215 1858 1477 1925 a'tliﬁcatis
1521 1852 1751 1921 sepulcra
1799 1846 2186 1933 pt‘OpltC’lm'ttm,
2222 1851 2267 1895 et

779 1957 969 2010 ornatis
998 1961 1313 2006 monumenta
1352 1962 1544 2008 eorum,
1576 1942 1663 1997 50.
1697 1948 1742 1993 et
1770 1937 1933 1991 dicitis
1954 1928 2057 1988 {Si
2084 1933 2262 2003 fuisse-
2312 1928 2315 1929 ⁷

781 2067 889 2101 nitus
948 2049 1000 2100 in
1054 2044 1225 2097 diebus
1271 2051 1469 2111 patrum
1525 2043 1843 2093 nostrorum,
1876 2044 1973 2081 non
2003 2026 2269 2095 fuissemus

778 2139 901 2192 socii
939 2151 1107 2189 eorum
1138 2134 1186 2185 in
1205 2128 1449 2199 sanguine
1468 2125 1842 2193 prop/telarum.

781 2237 825 2284 ι.
864 2227 979 2281 Aen
1007 2225 1252 2294 improbos
1284 2219 1460 2273 habere
1488 2225 1651 2287 patres
1680 2221 1851 2275 nocet,
1883 2208 1969 2263 sed
1999 2206 2119 2278 ipsis
2152 2220 2267 2273 per-

701 2338 841 2375 uersa
868 2320 1117 2371 nluntate
1140 2310 1434 2367 consentire.
1461 2336 1532 2347 —
1567 2304 1654 2358 Vm
1678 2303 1826 2366 dicit,
1862 2314 1963 2353 non
1994 2296 2113 2366 quia
2138 2293 2265 2348 :edi-

706 2421 892 2478 limat,
918 2428 1016 2468 nec
1052 2411 1173 2481 quis
1218 2416 1390 2478 patres
1424 2416 1548 2457 suos
1586 2406 1866 2459 accusant,
1909 2393 2000 2447 sed
2046 2390 2164 2461 quia
2194 2389 2270 2442 sic

704 2509 954 2565 facientes
974 2548 987 2570 ,
1020 2502 1230 2573 quando
1260 2499 1414 2555 dictis
1441 2497 1551 2552 ειιὶε
1572 2508 1634 2547 se
1662 2499 1839 2561 patres
1868 2501 1991 2541 suos
2021 2495 2271 2537 accusare

704 2601 979 2658 simulant.
1039 2597 1213 2667 pejora
1265 2597 1587 2662 perpetrant.
1638 2581 1790 2652 Quod
1838 2578 1976 2634 enim
2030 2575 2271 2629 simulate

708 2704 907 2747 tantum
939 2700 1115 2760 patres
1144 2682 1537 2753 improbarent,
1575 2677 1743 2729 luteas
1769 2672 1957 2732 docet,
1988 2668 2115 2733 Quia
2144 2680 2271 2715 con-

706 2758 1083 2851 sentitis,vquia
1113 2774 1404 2832 :cdilicatis.
1446 2770 1532 2825 Va:
1557 2769 1715 2832 vobis,
1743 2765 1928 2834 inquit,
1959 2762 2075 2831 quia
2104 2758 2267 2822 mitiﬁ-

707 2878 831 2931 ratis
858 2881 1179 2929 monumenta
1207 2866 1561 2938 prapltetarum
1586 2877 1602 2923 ,'
1634 2870 1799 2929 patres
1825 2864 1988 2910 autem
2012 2848 2156 2903 vestri
2180 2863 2269 2899 oc-

705 2969 929 3022 ciderunt
968 2981 1067 3018 eos.
1100 2961 1239 3032 Ergo
1264 2956 1513 3013 testantini
1540 2964 1584 3005 et
1613 2947 1899 3003 consetttitis
1925 2942 2153 3015 operibus
2184 2956 2273 3004 pa-

708 3076 840 3113 trum
865 3067 1166 3115 vestrorum,
1196 3051 1315 3120 quia
1341 3047 1423 3101 illi
1450 3044 1734 3099 occiderunt
1757 3055 1837 3092 eos
1860 3054 1878 3101 ;
1903 3052 1986 3089 vos
2017 3043 2177 3086 autem
2202 3045 2273 3082 ω-

696 3151 923 3220 diﬁratis
947 3147 1174 3218 sepulcra
1200 3156 1371 3196 eorum
1401 3136 1567 3209 (Luc.
1600 3135 1687 3187 ll.
1718 3132 1803 3186 47.
1833 3128 1954 3198 ιδ).
1985 3125 2078 3179 llic
2100 3131 2270 3174 autent

701 3251 939 3298 mentem
971 3251 1151 3292 eorttm
1191 3234 1441 3295 damnat,
1473 3243 1575 3297 qua
1603 3220 1972 3279 mdilleabant;
2005 3216 2123 3284 quia
2169 3228 2269 3264 non

709 3336 760 3389 in
790 3333 1080 3386 occisorum
1108 3327 1367 3381 honorem
1390 3361 1405 3388 ,
1437 3317 1529 3374 sed
1561 3314 1712 3385 quasi
1738 3309 1911 3367 etedes
1940 3321 2056 3360 cum
2087 3316 2272 3373 pompa

707 3425 1018 3482 cll’erentes,
1049 3429 1099 3471 et
1130 3418 1373 3471 timentes
1395 3453 1408 3476 ,
1443 3425 1509 3465 ne
1541 3416 1835 3476 temporum
1872 3398 2057 3468 injuria
2091 3393 2277 3447 dirutis

702 3514 967 3585 sepulcris
990 3554 1002 3576 ,
1031 3510 1157 3564 tanti
1189 3521 1347 3560 ausus
1374 3498 1629 3557 memoria
1670 3507 1724 3552 et
1745 3496 2153 3560 monumentum
2193 3485 2273 3537 in-

712 3576 894 3663 teriret
919 3624 931 3660 ι
962 3607 1038 3658 sic
1059 3601 1294 3671 sepulcra
1322 3591 1722 3653 construebant,
1751 3582 2024 3656 splendida
2053 3576 2272 3632 :edilieia

708 3700 859 3771 quasi
905 3708 1159 3766 tropaunn
1191 3694 1455 3761 erigentes
1475 3680 1582 3747 ,’ae
1623 3683 1689 3737 de
1718 3680 1926 3735 illorum
1959 3671 2275 3727 facinoribus

713 3761 1022 3863 gloriantes.
1052 3787 1176 3842 Nar:
1212 3800 1329 3853 quat
1358 3793 1495 3835 nunc
1519 3774 1744 3840 audetis,
1779 3768 1966 3839 inquit,
1997 3761 2279 3819 ostendunt

702 3902 807 3941 vos
833 3885 946 3938 limo
971 3883 1059 3936 illo
1084 3879 1261 3933 animo
1290 3875 1478 3945 facere.
1509 3871 1653 3925 Licet
1681 3867 1821 3921 enim
1849 3859 2109 3917 contraria
2137 3855 2280 3909 dica-

714 3978 797 4041 tis,
827 3974 974 4043 quasi
1006 3971 1322 4025 damnantes
1354 3966 1491 4023 illos,
1519 3961 1650 4028 Quia
1680 3973 1782 4011 non
1816 3954 2094 4008 fuissemus
2122 3947 2171 3999 in
2199 3945 2280 3997 his

714 4070 841 4125 socii
876 4067 1082 4121 illorum
1106 4106 1118 4127 ,
1150 4062 1193 4115 si
1223 4060 1274 4114 in
1320 4057 1424 4111 illis
1453 4053 1639 4109 diebus
1667 4049 1985 4103 vixissemus
2012 4059 2027 4095 :
2056 4038 2151 4093 sed
2180 4052 2279 4105 qua

715 4170 892 4218 mente
915 4159 963 4212 id
996 4156 1181 4210 dicatis
1210 4160 1412 4208 certum
1438 4156 1539 4203 est.
1568 4144 1900 4212 Quapropter
1927 4135 2070 4189 illam
2101 4128 2280 4185 decla-

718 4270 859 4313 rans,
880 4248 1206 4319 muigmaticc
1223 4243 1301 4299 sic
1321 4242 1568 4311 loquutus
1591 4244 1690 4289 est.
1714 4233 1841 4285 Cum
1865 4228 2083 4281 dixisset
2102 4220 2242 4276 enim
2268 4236 2280 4272 :

716 4344 899 4399 Dicitis
919 4383 933 4408 ,
962 4342 1005 4394 si
1030 4340 1296 4410 fuissemus
1324 4335 1375 4387 in
1404 4332 1575 4384 diebus
1604 4335 1800 4392 patrum
1831 4330 2119 4372 nostrorum
2137 4357 2151 4375 ,
2184 4330 2282 4365 non

717 4437 981 4507 fuissemus
1017 4430 1137 4485 socii
1174 4442 1343 4481 eorum
1372 4425 1423 4475 in
1452 4418 1693 4489 sanguine
1722 4412 2111 4489 prati/telarum;
2162 4406 2285 4457 sult-

714 4496 887 4600 innxit
910 4544 925 4581 :
952 4526 1039 4580 51.
1076 4522 1252 4591 Itaque
1292 4513 1569 4571 testimonio
1595 4508 1711 4563 estis
1740 4502 2120 4567 nobismetipsis.
2150 4496 2284 4596 quod

721 4586 808 4689 Iulii
840 4618 947 4672 sitis
972 4629 1145 4669 eorum
1171 4586 1259 4678 qui
1304 4605 1569 4675 prophetas
1597 4598 1905 4653 occiderunt.
1936 4588 2148 4659 Ecqnod
2177 4586 2283 4640 cri-
2329 4670 2333 4676 Ι

721 4678 839 4762 ineo
869 4714 949 4761 est
975 4704 1135 4758 tilium
1161 4714 1279 4755 esse
1306 4692 1611 4751 humu-idat,
1644 4689 1686 4741 si
1720 4699 1823 4738 non
1854 4694 2076 4737 consors
2100 4678 2167 4730 sit
2194 4691 2284 4743 pa-

722 4814 887 4855 lCI'Iltc
917 4790 1231 4850 voluntatis?
1255 4789 1484 4843 Nullum.
1509 4781 1659 4839 Unde
1682 4774 2020 4831 manifestum
2042 4780 2141 4832 est,
2170 4767 2287 4821 ideo

722 4893 771 4947 id
798 4890 926 4960 ipsis
956 4884 1257 4955 protulisse,
1284 4891 1546 4934 uicorum
1574 4888 1691 4928 cunt
1725 4867 1957 4939 patribus
1982 4865 2093 4917 suis
2120 4862 2169 4913 in
2196 4875 2289 4912 ne—

719 4950 884 5055 ηιιίὶίιι
905 4950 1242 5034 concordiam
1271 4968 1611 5040 signiﬁcaret.
1640 4963 1704 5016 Ει
1726 4963 1824 5014 hoc
1848 4958 2043 5011 iudicat
2073 4953 2121 5006 id
2148 4950 2285 5019 quod

719 5044 957 5145 sequitur
986 5087 1002 5135 ;
1054 5064 1323 5137 subiunxit
1361 5060 1498 5115 enim
1530 5076 1541 5109 :
1595 5055 1682 5109 '52.
1718 5053 2004 5121 Serpentes,
2038 5044 2289 5115 geuiminu

720 5138 1030 5240 viperarum.
1073 5160 1219 5213 Sicut
1266 5154 1405 5209 enim
1450 5150 1643 5218 vipera:
1673 5145 1971 5214 parentibus
1997 5138 2287 5196 secundum

722 5235 907 5315 veneni
936 5251 1221 5323 perniciem
1245 5246 1445 5302 similes
1468 5250 1614 5301 sunt.
1646 5240 1724 5292 sic
1743 5246 1797 5291 et
1817 5252 1908 5291 vos
1934 5235 2168 5303 patrihus
2197 5245 2286 5284 sc-

718 5349 951 5411 euudum
980 5342 1375 5415 sanguinarium
1396 5337 1649 5391 animum.
1686 5329 1883 5385 Deinde
1906 5329 2023 5397 quia
2058 5333 2288 5378 mentem

724 5454 915 5497 eorum
940 5413 1125 5491 multis
1148 5427 1413 5484 occultam
1442 5432 1717 5480 scrutatus
1742 5428 1844 5482 est,
1874 5433 1903 5470 a
1926 5414 2125 5470 futuris
2147 5413 2299 5484 ipso—

729 5549 851 5588 rum
873 5525 1224 5589 facinoribus,
1241 5534 1362 5590 qua:
1385 5514 1654 5572 universis
1676 5511 1956 5583 patebunt,
1974 5508 2115 5563 dicta
2147 5520 2299 5562 eom-

734 5617 1086 5696 probatQuia
1102 5613 1369 5683 enimjam
1387 5607 1542 5693 dixit,
1567 5604 1754 5675 Itaque
1769 5600 2124 5665 testiﬁcamiui
2142 5598 2303 5653 vobis-

736 5692 1122 5781 iurtipsis,quia
1138 5706 1239 5775 ﬁlii
1256 5704 1379 5759 estis
1394 5692 1574 5756 eorum
1586 5700 1672 5768 qui
1686 5696 1965 5766 prophetas
1977 5692 2303 5754 occiderunt,

739 5808 842 5861 hoc
858 5802 1171 5873 signiﬁcans
1187 5812 1244 5853 se
1256 5796 1325 5851 de
1341 5794 1666 5865 eosnationo
1679 5788 1977 5845 secundum
1999 5784 2291 5855 nequitiam

742 5897 907 5970 loqui,
922 5893 1279 5963 simulateqne
1298 5888 1503 5946 dixisse
1517 5901 1631 5951 eos,
1655 5880 1771 5937 Non
1789 5882 2065 5953 fuissemus
2087 5877 2302 5931 illorum

2367 1749 2525 1815 socii;
2555 1748 2959 1819 sultjunxitzﬁit.
2988 1747 3051 1801 Et
3072 1764 3156 1802 vos
3181 1748 3389 1817 implete
3414 1764 3711 1801 mensuram
3738 1762 3950 1813 pztlt'ﬂm

2368 1853 2652 1898 vestrorum
2671 1858 2690 1896 :
2710 1858 2813 1896 non
2834 1843 3125 1910 imperans,
3140 1842 3233 1895 sed
3254 1840 3399 1910 quod
3418 1839 3660 1895 futurum
3680 1864 3729 1895 ει
3747 1852 3794 1895 at
3814 1857 3956 1911 pra:-

2377 1934 2644 1993 nnntians.
2675 1937 2873 1991 eadem
2909 1938 3152 1995 videlicet
3178 1956 3351 1996 suam.
3385 1942 3613 2015 Ideoque
3641 1946 3746 2001 hoc
3778 1944 3958 2014 prola-

2371 2035 2429 2079 to
2474 2038 2819 2096 argumento,
2867 2045 2987 2083 cum
3030 2032 3350 2089 ostendisset
3398 2035 3639 2105 [tgnteuta
3686 2038 3770 2090 illa
3810 2053 3953 2101 esse.

2378 2134 2493 2186 qua:
2519 2118 2583 2171 ad
2612 2120 2689 2172 sui
2719 2118 3081 2175 defensionem
3102 2121 3366 2190 dicebant,
3397 2123 3515 2178 Non
3541 2108 3809 2196 fuissemus
3833 2128 3959 2180 illo-

2375 2225 2486 2261 rum
2515 2210 2667 2273 socii,
2700 2208 2720 2281 (
2755 2226 2873 2263 nam
2904 2212 2989 2279 qui
3023 2213 3245 2267 Domino
3274 2229 3379 2268 non
3410 2225 3789 2284 pepercerunt,
3822 2233 3959 2287 quo.

2377 2302 2535 2357 modo
2556 2304 2725 2359 servis
2751 2307 3105 2373 pepercissent
3135 2307 3176 2377 ἲ)
3214 2309 3421 2363 acriore
3446 2319 3625 2378 postea
3650 2310 3813 2364 utitur
3834 2326 3962 2363 ora-

2380 2396 2553 2459 tione,
2596 2408 2870 2463 serpentes
2901 2412 3095 2452 vocans
3121 2407 3172 2451 ct
3214 2398 3479 2468 geniniina
3528 2400 3828 2469 viperarum
3854 2441 3869 2462 ,
3904 2414 3959 2453 et

2378 2488 2589 2543 dicens:
2618 2488 2879 2553 Quomodo
2902 2491 3101 2561 fugietis
3123 2506 3153 2541 a
3168 2490 3371 2561 judicio
3393 2491 3651 2562 gehenna,
3681 2506 3803 2545 eum
3829 2493 3956 2544 talia

2379 2582 2637 2647 audeatis,
2668 2593 2721 2637 et
2749 2592 2867 2652 post
2900 2584 3117 2651 negetis,
3147 2592 3484 2652 mentemque
3511 2592 3739 2637 vestram
3770 2583 3957 2637 occul-

2382 2674 2538 2726 lctis?
2566 2674 2753 2728 Postea
2796 2673 3007 2728 aliunde
3050 2688 3139 2727 eos
3180 2689 3365 2743 magna
3385 2674 3438 2726 vi
3476 2688 3768 2743 coarguens
3790 2714 3803 2734 ,
3837 2675 3912 2725 ait
3943 2692 3957 2724 :

2379 2767 2467 2820 5i.
2505 2765 2701 2820 Mittam
2726 2769 2793 2820 ad
2822 2782 2905 2820 vos
2955 2768 3257 2836 prophetas,
3284 2774 3328 2820 et
3367 2768 3632 2835 sapientes,
3659 2776 3706 2819 et
3725 2767 3921 2819 scribas
3942 2809 3955 2825 .

2381 2868 2423 2910 et
2454 2873 2515 2911 et:
2552 2858 2673 2927 ipsis
2694 2858 3021 2926 interficietis,
3051 2868 3095 2910 et
3121 2857 3441 2927 cruci/igetis,
3476 2867 3521 2911 et
3549 2855 3873 2927 ﬂagellubitis
3903 2859 3953 2908 iu

2380 2951 2649 3020 sgnugogis
2670 2949 2862 3002 vestris.
2886 2947 2961 3002 Ne
2978 2949 3214 3003 dicerent
3233 2948 3395 3005 enim.
3424 2947 3641 3000 Etiamsi
3671 2947 3955 2999 Dominum

2381 3038 2797 3094 ct-ucitixerimns
2820 3079 2835 3103 ,
2867 3048 2919 3092 at
2948 3054 2976 3092 a
3020 3038 3191 3093 servis
3227 3039 3669 3093 abstinuissetnus
3689 3078 3704 3097 .
3733 3038 3776 3090 si
3828 3048 3957 3090 tunc

2381 3131 2701 3185 fuissemus:
2736 3130 2873 3185 Ecce
2898 3171 2911 3196 ,
2945 3130 3145 3199 inquit,
3178 3142 3361 3184 servos
3390 3129 3542 3183 mitto
3572 3127 3741 3191 vobis,
3777 3127 3957 3196 ipsos.

2384 3240 2487 3293 que
2515 3223 2823 3293 prophetas,
2852 3238 3022 3293 neque
3048 3224 3174 3291 ipsis
3194 3224 3439 3294 parcetis.
3472 3222 3594 3277 "me
3624 3238 3779 3291 porro
3800 3223 3961 3287 dixit,

2384 3316 2669 3371 ostendens
2693 3316 2822 3370 nihil
2848 3330 2965 3371 esse
2991 3316 3178 3370 mirum
3202 3357 3217 3382 ,
3249 3316 3292 3369 si
3328 3314 3651 3370 occidatura
3684 3314 3808 3368 ﬁliis
3838 3314 3961 3367 illo-

2384 3423 2530 3473 rum,
2557 3407 2645 3477 qui
2671 3418 2724 3461 et
2749 3406 3068 3476 sanguinarii
3109 3415 3259 3460 erant
3291 3413 3342 3460 ct
3370 3404 3687 3461 fraulnlenti
3712 3445 3725 3467 ,
3754 3404 3961 3459 dolosi—

2385 3517 2518 3570 quc.
2552 3500 2635 3569 qni
2663 3508 2838 3568 patres
2862 3500 3064 3554 δορις-το
3094 3499 3385 3554 vincerent.
3418 3497 3493 3552 Ad
3524 3498 3637 3552 lure
3662 3508 3842 3551 autem
3871 3511 3962 3551 οε-

2389 3591 2555 3645 tendit
2584 3605 2675 3645 eos
2704 3590 2984 3643 admodum
3014 3604 3163 3643 vance
3191 3589 3373 3659 gloria:
3402 3588 3623 3656 cupidos
3651 3601 3790 3642 esse.
3825 3586 3961 3641 Cum

2386 3681 2526 3736 enim
2553 3680 2751 3745 dicunt,
2779 3680 2839 3735 Si
2861 3680 3127 3749 fuissemus
3152 3679 3203 3732 in
3226 3677 3397 3732 diebus
3424 3688 3622 3747 patrum
3650 3688 3956 3738 nostrorum,

2387 3792 2485 3828 non
2515 3775 2781 3844 fuissemus
2824 3772 3090 3842 participes
3118 3788 3288 3824 eorum
3311 3812 3323 3832 ,
3358 3768 3407 3822 itl
3453 3771 3636 3822 dicunt
3666 3779 3720 3820 ut
3769 3782 3969 3821 vanatn‘

2386 3866 2605 3936 gloriam
2653 3874 2899 3934 captent;
2951 3862 3231 3931 verbisque
3283 3860 3755 3931 philosophantur,
3799 3873 3964 3929 «πβρι-ο

2390 3968 2565 4011 autem
2593 3955 2858 4011 contraria
2887 3953 3101 4007 faciunt.
3145 3952 3446 4021 Serpentes,
3478 3953 3731 4019 genitnina
3761 3952 3963 4019 vipera-

2389 4066 2498 4102 rum
2523 4063 2540 4111 ;
2569 4046 2669 4099 hoc
2694 4056 2771 4099 est
2794 4085 2810 4109 ,
2840 4043 2954 4096 illati
2987 4043 3241 4096 malorunt
3285 4042 3373 4095 lilii
3400 4082 3414 4107 ,
3447 4050 3499 4095 et
3527 4040 3834 4110 parentibus
3862 4039 3962 4092 ini-

2390 4140 2622 4207 quior-cs.
2652 4134 2893 4190 Ostendit
2921 4136 3114 4204 quippe
3145 4134 3287 4203 ipsos
3313 4132 3512 4202 majora
3538 4132 3741 4186 scelera
3771 4146 3962 4199 perpe-

2396 4239 2594 4291 trasse,
2646 4237 2753 4280 tum
2798 4224 2937 4296 quod
2980 4233 3104 4294 post
3136 4224 3254 4278 illos
3284 4222 3336 4276 id
3379 4223 3491 4276 ausi
3528 4230 3677 4286 sunt,
3712 4232 3765 4275 et
3810 4222 3967 4292 longe

2392 4321 2629 4390 graviora
2661 4335 2814 4388 quam
2844 4318 2918 4371 illi
2939 4359 2955 4382 ,
2985 4319 3081 4371 etsi
3106 4316 3409 4385 jactitarent
3437 4330 3495 4369 se
3522 4328 3810 4381 numquam
3840 4315 3965 4368 talia

2394 4422 2787 4483 perpetraturos
2832 4410 3010 4465 fuisse.
3047 4410 3145 4480 Ipsi
3177 4424 3404 4480 namque
3434 4408 3592 4461 tinem
3641 4407 3920 4476 imponunt
3948 4449 3963 4473 ,

2393 4506 2759 4572 malorumque
2785 4501 3113 4556 coronident.
3142 4498 3249 4554 Alii
3272 4501 3413 4553 enim
3434 4512 3526 4553 eos
3546 4499 3635 4567 qui
3663 4497 3729 4552 ad
3756 4497 3969 4552 vineam

2393 4606 2647 4650 venerant
2672 4594 2973 4648 occiderunt
2996 4608 3013 4656 ς
3040 4592 3090 4644 1ιὶ
3118 4606 3243 4645 vero
3265 4590 3434 4658 ipsum
3461 4585 3646 4651 lilium,
3676 4597 3732 4641 et
3759 4602 3853 4642 eos
3873 4590 3968 4657 qui

2393 4688 2458 4741 ad
2506 4688 2714 4757 nuptias
2746 4685 3061 4739 invitabant.
3095 4683 3218 4736 "me
3248 4695 3404 4750 porro
3430 4680 3585 4745 dicit,
3614 4689 3670 4732 ut
3698 4692 3793 4733 eos
3819 4693 3848 4730 a
3875 4693 3970 4731 eo-

2395 4782 2643 4847 gnatione
2688 4777 2956 4833 Abraham
2987 4782 3312 4837 removeret,
3362 4770 3773 4839 ostenderetque
3794 4813 3807 4835 ,
3840 4770 3972 4825 nihil

2396 4874 2523 4940 ipsis
2574 4873 2694 4926 inde
2739 4872 2867 4925 lucri
2917 4846 3293 4939 proveniurnm
3337 4881 3485 4932 esse,
3518 4864 3827 4934 nisi-opera
3856 4866 3975 4932 ejus

2397 4968 2745 5019 imitarentur.
2775 4965 3111 5031 Quapropter
3139 4960 3441 5030 subiungit,
3478 4958 3742 5025 Quomodo
3774 4957 3974 5027 fugietis

2396 5076 2427 5111 a
2468 5058 2661 5129 judicio
2715 5056 2992 5125 geltetmw,
3040 5070 3159 5107 cum
3208 5052 3327 5107 illos
3378 5050 3656 5105 imitemini
3695 5050 3785 5119 qui
3830 5050 3975 5117 paria

2398 5146 2805 5219 perpetrarunt?
2852 5145 2947 5200 llic
2975 5161 3100 5198 vero
3133 5143 3235 5199 illis
3273 5143 3494 5199 Joannis
3540 5141 3974 5197 criminationem

2399 5241 2450 5294 in
2484 5241 2793 5294 memoriam
2836 5239 3103 5293 revocavit
3128 5256 3140 5291 :
3176 5251 3295 5290 nam
3323 5243 3377 5290 et
3406 5235 3527 5290 illos
3555 5234 3635 5289 sic
3661 5232 3974 5303 appellavit,

2398 5333 2723 5403 ctjndiciutn
2752 5331 2982 5385 futurum
3008 5330 3466 5384 commemoravit.
3495 5324 3698 5383 Deinde
3718 5324 3841 5395 quia
3867 5340 3974 5377 non

2399 5425 2517 5479 illos
2559 5423 2827 5479 terrebant
2862 5420 3120 5491 judicium
3166 5430 3326 5489 atque
3373 5417 3652 5488 gehenna,
3687 5424 3799 5468 tum
3831 5414 3972 5484 quod

2399 5532 2505 5570 non
2534 5516 2848 5580 crederent,
2882 5524 2993 5566 tum
3020 5511 3160 5581 quod
3192 5511 3241 5564 in
3274 5512 3502 5564 futurum
3532 5522 3619 5562 res
3649 5507 3975 5567 mitteretur,

2398 5622 2427 5661 a
2460 5607 2810 5677 pneseutibus
2860 5604 2977 5657 illos
3016 5603 3258 5670 reprimit
3283 5611 3335 5654 et
3372 5600 3499 5654 dicit
3527 5616 3540 5652 ε
3584 5595 3714 5650 Ideo
3743 5610 3861 5649 ecce
3887 5610 3979 5664 ego

2400 5698 2542 5750 mitto
2572 5698 2637 5749 ad
2668 5713 2751 5748 ros
2777 5696 3048 5766 prottltetas
3070 5734 3085 5759 ,
3119 5703 3163 5746 et
3194 5692 3445 5759 sapientes
3464 5729 3479 5752 ,
3509 5700 3556 5743 et
3585 5688 3809 5748 scribas,
3842 5696 3890 5739 et
3921 5701 3986 5740 es

2401 5790 2502 5845 illis
2528 5788 2761 5844 occidetis
2784 5830 2797 5853 ,
2827 5798 2873 5842 et
2900 5786 3217 5857 cruci/igetis,
3245 5795 3288 5840 rt
3314 5782 3674 5857 ﬂagellaltitis;
3704 5780 3794 5836 '55.
3829 5789 3883 5833 ut
3902 5796 3988 5834 oe-

2406 5883 2511 5937 niat
2536 5896 2688 5944 super
2714 5895 2796 5931 vos
2823 5878 2984 5932 omnis
3014 5877 3217 5947 sanguis
3242 5878 3410 5947 justus
3430 5916 3446 5942 ,
3473 5874 3557 5943 qui
3582 5871 3776 5940 effusus
3797 5882 3873 5927 est
3898 5890 3981 5927 su-
