4172 6484
610 342 716 396 683

607 464 859 513 ctnmcm,
891 458 943 507 et
974 447 1360 518 providentiam
1407 457 1651 513 magnam
1685 441 1900 497 indicat.
1930 441 2035 498 Sed
2078 456 2175 496 no-

611 546 805 609 luistis,
838 541 1027 613 inquit.
1061 539 1148 595 38.
1192 534 1317 592 Ecce
1343 536 1650 605 relinquetur
1689 536 1869 590 domus
1896 543 2062 587 vestra
2086 532 2178 587 de-

607 646 757 697 serta,
794 632 1087 704 patrocinio
1124 629 1327 695 scilicet
1352 642 1473 684 meo
1497 641 1681 682 vacua.
1727 626 1841 694 Ipse
1882 626 2040 693 igitur
2064 632 2181 679 erat

606 726 692 797 qui
744 727 889 795 prius
930 724 999 778 illi
1052 721 1502 793 patrocinabatur,
1556 721 1827 787 ipsamque
1878 715 2091 770 tenebat
2117 728 2179 769 ac

604 819 852 873 servabat
882 833 897 869 :
940 816 1053 886 ipse
1097 815 1272 884 itaque
1302 821 1403 876 est,
1434 811 1522 880 qui
1556 812 1672 863 il'os
1698 823 1908 877 semper
1933 808 2173 877 castigat.

600 908 671 965 Et
697 907 1011 979 supplicium
1044 908 1173 976 ipsis
1204 904 1383 969 infert,
1405 902 1543 973 quod
1576 901 1647 954 illi
1672 898 1955 954 admodum
1986 896 2173 953 formi—

600 1000 798 1055 dabant
826 1016 841 1054 :
873 998 975 1054 hoc
1000 998 1141 1053 enim
1186 995 1423 1051 omnium
1470 1007 1648 1047 rerum
1697 1006 1911 1045 suarum
1939 990 2165 1045 eversio-

602 1107 725 1148 nem
752 1090 1083 1162 designabat.
1114 1087 1202 1145 $9.
1230 1085 1356 1141 Dico
1379 1085 1509 1140 enim
1535 1080 1690 1149 nobis,
1720 1099 1819 1136 non
1845 1099 1925 1137 me
1949 1079 2178 1135 videbitis

598 1182 785 1237 etmodo
812 1181 970 1236 donec
1016 1179 1215 1242 dicatis,
1246 1176 1543 1231 Benedictus
1583 1175 1671 1246 qui
1712 1175 1842 1228 venit
1882 1172 1935 1225 in
1976 1172 2178 1226 nomine

600 1274 827 1328 Domini.
861 1273 971 1328 lloc
1016 1273 1139 1325 item
1170 1270 1367 1325 dictum
1398 1268 1649 1323 ferventis
1679 1274 1765 1321 est‘
1784 1263 2055 1330 amatoris,
2086 1277 2173 1333 qm

598 1366 721 1422 illos
780 1373 835 1420 ct
888 1362 1079 1417 futuris
1128 1360 1406 1419 eventibus
1469 1355 1778 1427 pertrahere
1834 1355 2177 1410 vehementer

595 1466 745 1527 optat
782 1477 795 1511 :
838 1468 1011 1525 neque
1056 1469 1085 1508 a
1132 1451 1443 1524 przetcritis'
1491 1449 1661 1503 solum
1711 1447 2001 1504 hortatur:
2048 1462 2171 1502 nam

595 1549 736 1604 diem
783 1545 1014 1601 futurum
1045 1543 1265 1599 secundi
1295 1543 1411 1613 ejus
1434 1540 1695 1595 adventus
1723 1546 2003 1594 memorat.
2034 1536 2171 1605 Quid

596 1639 793 1710 igitur?
821 1654 888 1692 an
928 1647 991 1692 ex
1038 1637 1129 1691 illo
1158 1645 1396 1705 tempore
1423 1648 1528 1688 non
1557 1632 1692 1687 ultra
1726 1630 1973 1687 viderunt
2010 1629 2174 1686 eum?

594 1731 700 1787 Sed
724 1730 873 1795 illud,
903 1728 1122 1793 Amodo,
1150 1742 1255 1781 non
1282 1725 1423 1781 illam
1455 1724 1637 1779 horam
1664 1722 1946 1793 signiﬁcat,
1973 1722 2067 1779 scd
2094 1731 2169 1777 tos

594 1830 706 1877 tum
740 1833 945 1892 tempus
987 1818 1115 1875 illud
1145 1816 1286 1888 quod
1316 1829 1482 1887 usque
1516 1814 1581 1869 ad
1607 1829 1819 1871 crucem
1872 1814 2168 1871 intercedit.

591 1916 723 1986 Quia
749 1915 893 1971 enim
915 1912 1063 1968 illum
1091 1925 1303 1981 semper
1333 1908 1431 1963 hac
1458 1907 1527 1963 de
1566 1923 1624 1963 re
1662 1907 2001 1975 accusabant,
2028 1906 2168 1979 quod

590 2009 701 2063 lico
720 2004 1057 2062 adversarius
1078 2010 1220 2058 esset
1245 2010 1298 2056 ct
1322 2000 1586 2065 inimicus,
1610 1998 1733 2053 hinc
1761 1998 1905 2068 ipsos
1931 1998 1997 2052 ad
2023 2012 2171 2053 amo-

590 2115 704 2155 rem
732 2096 813 2153 sui
848 2096 1112 2158 hortatur,
1139 2091 1277 2163 quod
1324 2106 1383 2147 se
1429 2090 1569 2145 Patri
1609 2087 1925 2145 concordem
1954 2103 2169 2158 semper

589 2193 937 2253 demonstret,
964 2197 1017 2243 et
1043 2186 1276 2256 scipsum
1305 2183 1538 2239 declarat
1580 2182 1631 2236 iu
1675 2181 1949 2253 prophetis
1970 2180 2163 2235 fuisse:

593 2293 871 2352 propterea
896 2277 1081 2334 iisdem
1110 2276 1241 2347 ipsis
1258 2274 1421 2329 utitur
1445 2272 1642 2337 verbis,
1669 2272 1859 2343 quibus
1889 2270 2160 2341 propheta.

588 2374 693 2430 Per
720 2372 833 2427 ba-c
865 2372 1025 2426 etiam
1059 2366 1502 2424 resurrectionem
1545 2364 1919 2431 subindicavit,
1960 2379 2165 2419 necnon

588 2464 879 2521 secundum
896 2460 1181 2517 adventum
1206 2474 1383 2526 suum,
1402 2458 1671 2528 etiamque
1693 2456 1756 2512 iis
1771 2457 1859 2529 qui
1882 2456 2165 2512 admodum

587 2555 843 2613 increduli
874 2562 1077 2619 essent,
1107 2550 1249 2621 quod
1291 2550 1461 2621 ipsum
1516 2560 1640 2605 tunc
1669 2559 1851 2605 essent
1874 2548 2163 2604 adoraturi.

588 2653 656 2708 Et
680 2648 950 2722 quomodo
998 2646 1124 2702 illud
1153 2645 1505 2717 significavit?
1530 2644 1662 2699 Cum
1714 2643 1875 2698 multa
1909 2643 2054 2711 prius
2079 2639 2161 2695 fu-

586 2753 705 2798 tura
739 2741 962 2796 dixisset
996 2756 1007 2791 :
1053 2737 1193 2809 quod
1224 2738 1482 2792 missurus
1518 2744 1661 2791 esset
1688 2735 1992 2803 prophetas,
2020 2730 2164 2802 quod

582 2834 706 2890 illos
732 2830 1062 2888 interfectori
1088 2838 1286 2892 essent,
1309 2828 1574 2898 etiamque
1597 2827 1649 2881 in
1679 2826 1993 2899 synagogis;
2020 2825 2161 2897 quod

582 2924 658 2981 illi
685 2934 926 2980 extrema
949 2930 1129 2978 essent
1151 2920 1377 2991 passuri,
1395 2918 1535 2990 quod
1552 2918 1742 2973 domus
1761 2918 1970 2973 deserta
1995 2917 2159 2985 foret;

582 3014 725 3086 quod
775 3015 947 3099 malis,
977 3012 1306 3085 gravissimis
1355 3019 1536 3067 essent
1583 3009 1937 3078 subiiciendi,
1988 2998 2179 3079 qualia

583 3120 870 3175 numquam
899 3104 1126 3159 fuerant.
1160 3102 1285 3157 “me
1317 3103 1511 3172 quippe
1535 3102 1710 3154 omnia
1748 3102 1835 3155 vel
1865 3111 2040 3156 mente
2069 3116 2160 3156 ca-

584 3198 690 3269 ptis
716 3206 769 3253 et
794 3195 1147 3252 contentiosis
1174 3193 1459 3249 adventum
1483 3193 1599 3263 ejus
1620 3191 1988 3247 demonstrare
2016 3202 2163 3264 pote-

582 3296 723 3355 rant.
756 3287 1146 3356 Interrogemus
1173 3298 1401 3353 namque
1444 3298 1538 3338 eos
1570 3304 1583 3338 :
1626 3282 1833 3337 Misitue
1879 3283 2162 3352 prophetas

584 3390 639 3437 et
664 3379 969 3451 sapientes?
994 3392 1173 3432 annon
1198 3376 1506 3431 occiderunt
1525 3388 1619 3430 eos
1648 3375 1699 3429 in
1732 3375 2054 3446 synagogis?
2080 3390 2163 3430 rc-

582 3472 775 3529 lictane
795 3479 878 3526 est
899 3468 1088 3524 domus
1107 3467 1354 3523 deserta?
1373 3474 1702 3522 veneruutuc
1723 3464 1978 3536 supplicia
2002 3456 2163 3536 super

581 3564 979 3637 generationem
1007 3560 1187 3616 illam?
1216 3559 1269 3614 Id
1298 3558 1635 3613 manifestum
1676 3568 1820 3613 certe
1847 3567 1948 3622 est,
1980 3573 2160 3615 nemo-

580 3670 687 3728 que
709 3653 1056 3710 contradicet.
1085 3652 1231 3707 Sicut
1251 3666 1379 3721 ergo
1401 3650 1514 3705 lucc
1538 3650 1716 3705 omnia
1747 3660 2061 3717 evenerunt,
2084 3653 2160 3705 sic

582 3756 636 3803 et
681 3747 766 3801 illa
812 3746 1081 3809 evenient,
1111 3751 1167 3797 et
1214 3750 1335 3795 tunc
1377 3740 1567 3796 cedent
1597 3755 1760 3810 seque
1804 3739 2156 3804 submittent;

582 3839 675 3895 sed
704 3837 833 3892 nihil
858 3836 924 3890 ad
966 3836 1046 3890 sui
1074 3833 1471 3890 excusationem
1512 3840 1762 3903 poterunt
1808 3832 2075 3903 proferre;
2104 3842 2177 3897 ut,

584 3944 757 3999 neque
780 3929 849 3981 illi
871 3926 959 3997 qui
987 3940 1188 3981 eversae
1207 3925 1431 3980 civitatis
1453 3939 1609 3979 causa
1644 3934 1765 3979 tunc
1794 3924 2156 3993 pmnitcntiam

581 4033 823 4095 egerunt.
856 4020 1207 4089 Quapropter,
1242 4017 1411 4073 donec
1439 4026 1645 4086 tempus
1680 4026 1778 4081 est,
1808 4018 1961 4072 bonis
1984 4019 2157 4087 operi-

584 4116 683 4169 bus
728 4128 828 4166 nos
870 4111 1147 4165 dedamus.
1190 4107 1641 4175 Quemadmodum
1694 4108 1835 4161 enim
1897 4108 1970 4161 illi
2036 4117 2159 4163 tunc

586 4207 715 4262 nihil
740 4220 803 4259 ex
830 4203 1133 4273 cognitione
1162 4199 1361 4255 fructus
1401 4200 1687 4269 percipient
1706 4242 1720 4265 ,
1750 4201 1825 4253 sic
1865 4200 2006 4254 nulla
2034 4208 2160 4256 tunc

586 4299 743 4357 nobis
764 4314 828 4353 es
861 4295 1169 4367 pmttitcntia
1208 4293 1274 4349 de
1305 4294 1535 4363 peccatis
1578 4295 1773 4347 utilitas
1799 4294 2013 4349 accedet
2042 4312 2053 4348 :
2103 4304 2160 4349 ut

583 4408 758 4463 neque
783 4388 1148 4462 gubernatori,
1169 4402 1287 4443 cum
1313 4388 1460 4441 navis
1489 4402 1581 4456 per
1610 4388 1723 4457 ejus
1750 4388 2006 4443 desidiam
2036 4388 2161 4444 sub—

580 4500 755 4543 mersa
799 4492 903 4545 est.
947 4496 1047 4537 nec
1094 4480 1323 4547 medico,
1370 4488 1490 4551 post
1534 4481 1715 4550 a‘groti
1767 4491 1987 4537 mortem
2022 4502 2033 4537 :
2065 4484 2158 4539 sed

586 4592 770 4633 omnes
821 4585 945 4630 ante
992 4574 1151 4628 ﬁnem
1204 4572 1331 4626 nihil
1382 4588 1483 4627 non
1533 4573 1821 4628 machinari
1854 4585 1908 4629 et
1950 4579 2156 4647 operari

584 4677 814 4739 Oportet,
846 4675 903 4719 ut
934 4681 999 4719 ne
1024 4667 1073 4717 in
1109 4664 1396 4733 periculum
1427 4665 1509 4718 vel
1541 4666 1919 4734 turpitmlinem
1947 4666 2157 4722 decida-

584 4769 709 4815 tur:
740 4768 921 4829 postea
951 4758 1091 4810 enim
1138 4757 1223 4811 illa
1259 4757 1435 4809 omnia
1469 4767 1591 4810 sunt
1621 4757 1843 4811 inutilia.
1881 4758 1986 4813 Nos
2014 4770 2159 4817 certe

584 4851 799 4924 quando
846 4861 1183 4920 :rgrotamus,
1227 4849 1460 4904 medicos
1506 4864 1858 4917 accersamus,
1908 4855 2158 4922 pecunias

581 4943 973 5015 impendamus,
997 4939 1367 5009 assiduamque
1396 4954 1611 5008 operam
1644 4940 1850 5009 demus,
1877 4953 1933 4997 ut
1963 4960 2025 4997 ex
2069 4960 2159 4999 nc-

587 5037 749 5107 quitia
776 5044 1077 5104 surgentes,
1111 5031 1233 5086 inde
1274 5033 1385 5085 sani
1436 5032 1782 5099 recedamus;
1825 5042 1879 5089 et
1909 5046 2157 5105 quantam

583 5130 723 5182 circa
780 5138 967 5180 servos
1023 5132 1233 5178 nostros
1282 5137 1459 5177 curam
1518 5124 1899 5194 impendimus,
1933 5142 2051 5181 cum
2108 5130 2158 5183 in

587 5219 828 5275 morbum
871 5208 1179 5281 inciderint,
1211 5223 1404 5268 tantam
1430 5216 1567 5269 circa
1596 5231 1694 5271 nos
1726 5218 1867 5287 ipsos
1904 5218 2156 5274 exhibea-

540 5312 545 5317 ⁴
586 5328 727 5375 mus,
758 5325 880 5364 cum
918 5308 1095 5363 anima
1126 5315 1363 5377 tegrotal.
1400 5307 1559 5376 Atqui
1588 5308 1740 5362 nobis
1777 5309 1905 5379 ipsis
1945 5313 2158 5380 propin-

586 5409 795 5473 quiores
838 5416 1042 5469 sumus,
1072 5417 1228 5473 quam
1278 5402 1466 5465 servis,
1516 5410 1569 5455 et
1614 5404 1921 5471 corporibus
1972 5407 2161 5460 animre

588 5495 989 5568 prtestautiores
1018 5505 1139 5549 sunt
1171 5513 1184 5560 ;
1232 5502 1463 5549 attamen
1496 5494 1580 5549 vix
1624 5510 1800 5563 parem
1832 5512 2013 5552 curam
2057 5498 2162 5552 im~

590 5590 890 5657 pendinms.
938 5586 1047 5643 Nisi
1080 5589 1218 5643 enim
1268 5588 1320 5642 id
1372 5603 1511 5643 nunc
1560 5590 1834 5653 faciamus.
1885 5603 2161 5662 posumam

640 5764 649 5791 ι
693 5757 859 5808 Morel.
885 5759 1049 5813 habet,
1078 5770 1224 5819 neque
1249 5771 1276 5806 α
1301 5760 1623 5822 praesentibus.

1280 332 1334 388 S.
1377 329 1651 387 JOANNIS
1690 328 2153 386 CllliYSOSTOill
2198 328 2510 383 ARCHIEP.
2554 326 3082 383 CONSTANTINOP.

3760 328 3854 383 σει

2288 441 2710 508 decesserimus,
2766 442 2907 495 nulla
2963 441 3116 497 nobis
3174 440 3490 506 relinquitur
3541 441 3863 502 defensionis

2288 531 2447 585 ratio.

2356 625 2408 679 4.
2440 624 2672 679 Animam
2689 642 2867 680 curare
2887 626 3195 697 negligentes
3214 625 3605 697 redarguuntur,
3635 628 3861 682 modum-

2285 732 2380 787 que
2403 718 2677 771 curationis
2702 719 2960 773 docentur.
2995 750 3064 759 —
3093 720 3287 789 Ecquis
3318 721 3387 776 ita
3415 721 3599 787 miser,
3627 723 3851 795 inquies.

2286 816 2343 861 ut
2374 822 2477 863 non
2508 823 2686 879 parem
2714 810 3125 867 sollicitudinem
3143 811 3370 867 habeat?
3398 812 3675 868 Hoc'certe
3702 814 3860 869 inim.

2284 898 2389 952 bile
2418 908 2519 967 est,
2552 901 2690 971 quod
2718 916 2815 955 nos
2842 902 2986 971 ipsos
3013 910 3292 974 plusquam
3321 919 3509 959 servos
3537 906 3863 976 ncgligamus

2284 987 2758 1061 despicianiusque.
2790 991 2927 1048 Nam
2968 995 3139 1051 senis
3181 992 3604 1051 febricitantibus
3630 997 3865 1053 medicos

2281 1078 2625 1149 advocamus,
2655 1081 3007 1138 habitaculum
3042 1084 3170 1155 ipsis
3193 1083 3533 1156 deputamus,
3558 1087 3863 1157 ipsos-artis

2281 1170 2485 1241 legibus
2507 1173 2729 1244 obsequi
2758 1175 3033 1246 cogimus;
3064 1176 3108 1231 si
3141 1176 3412 1247 negligant
3442 1178 3577 1246 ipsi,
3611 1167 3711 1234 nos
3736 1194 3859 1250 gra-

2280 1266 2415 1320 viter
2462 1266 2681 1322 ferimus
2706 1310 2719 1331 ,
2766 1268 3015 1324 custodes
3067 1270 3298 1339 ipsorum
3336 1272 3744 1334 constituimus,
3774 1274 3860 1343 qui

2281 1357 2591 1429 prohibeant
2621 1375 2687 1415 ne
2714 1362 2979 1431 appetitus
3009 1362 3078 1417 illi
3102 1376 3229 1417 suos
3245 1371 3535 1433 sequantur
3559 1382 3573 1419 :
3600 1365 3689 1433 qui
3719 1366 3761 1420 si
3778 1366 3859 1419 di-

2280 1448 2455 1503 xeriut
2485 1451 2661 1520 magni
2710 1451 2864 1520 pretii
2894 1451 3155 1507 medicina
3191 1466 3309 1508 esse
3334 1468 3489 1524 opus,
3519 1453 3747 1509 libenter
3769 1470 3862 1509 an-

2280 1539 2526 1593 nuimus:
2560 1549 2614 1595 et
2639 1541 2891 1612 quidquid
2934 1542 3256 1607 statuerint,
3286 1559 3385 1601 nos
3405 1544 3859 1615 oblemperamus,

2276 1640 2434 1701 atque
2474 1630 2777 1702 huiusmodi
2819 1642 3134 1689 statutorum
3180 1635 3479 1691 mercedem
3528 1638 3657 1707 ipsis
3694 1639 3859 1693 solri-

2275 1736 2413 1777 mus.
2444 1722 2577 1779 Cum
2619 1732 2798 1780 autem
2842 1740 2940 1782 nos
2970 1725 3157 1781 morbo
3188 1726 3527 1793 laboramus;
3552 1730 3661 1784 imo
3701 1745 3858 1784 num-

2274 1827 2430 1884 quam
2455 1830 2563 1870 non
2583 1814 2915 1881 laboramus;
2950 1832 3054 1871 non
3084 1817 3346 1872 medicum
3372 1821 3718 1886 accersimus,
3755 1838 3857 1879 non

2273 1908 2525 1975 pecunias
2551 1907 2903 1979 impendimus
2928 1951 2944 1977 ,
2970 1909 3064 1966 sed
3081 1910 3316 1966 animam
3342 1912 3493 1982 quasi
3517 1914 3786 1969 inimicum
3806 1923 3860 1970 et

2276 2000 2482 2055 hostem
2508 2000 2844 2071 negligimus.
2867 2000 2992 2057 ﬂzec
3023 2018 3180 2072 porro
3202 2000 3341 2070 dico,
3371 2018 3477 2059 non
3504 2005 3645 2076 quod
3674 2020 3856 2062 curam

2272 2088 2414 2143 illam
2460 2090 2601 2147 circa
2646 2105 2833 2148 servos
2875 2092 3167 2149 adhibitam
3211 2094 3509 2165 improbem
3534 2137 3550 2162 ,
3584 2096 3677 2151 sed
3716 2098 3856 2168 quod

2270 2182 2479 2250 cupiam
2503 2192 2562 2238 ut
2588 2199 2768 2254 parem
2797 2185 2983 2241 saltem
3014 2186 3153 2243 circa
3182 2189 3413 2242 animam
3448 2197 3685 2244 nostram
3712 2190 3859 2245 solli-

2269 2274 2556 2330 citudinem
2587 2276 2955 2333 adhibeamus.
2992 2279 3058 2333 Et
3079 2294 3184 2350 quo
3209 2290 3384 2349 pacto.
3418 2280 3659 2351 inquies.
3689 2282 3743 2337 id
3775 2282 3854 2338 fa-

2272 2365 2513 2421 ciemus?
2541 2366 2759 2439 AZgram
2807 2370 2950 2424 illam
2990 2371 3155 2426 Paulo
3183 2371 3439 2432 ostende;
3472 2386 3691 2429 accerse
3717 2373 3854 2429 Mat-

2272 2455 2503 2522 thtcum;
2538 2458 2795 2515 Joannem
2841 2461 3077 2516 assidere
3102 2477 3276 2519 cures.
3328 2462 3410 2518 Ab
3447 2464 3551 2519 illis
3577 2453 3699 2520 andi
3727 2466 3849 2536 quid

2273 2547 2362 2603 tali
2387 2549 2574 2605 morbo
2594 2549 2856 2606 laboranti
2882 2553 2949 2606 sit
2972 2552 3289 2608 faciendum.
3317 2553 3499 2615 Dicent
3519 2554 3699 2625 utique
3718 2596 3732 2620 ,
3757 2572 3854 2613 ucc

2266 2639 2515 2697 eelabunt
2544 2661 2559 2697 :
2588 2657 2692 2697 non
2741 2643 2883 2698 enim
2933 2644 3125 2697 mortui
3156 2654 3315 2710 sunt,
3362 2645 3455 2700 sed
3482 2646 3669 2701 vivunt
3696 2657 3749 2701 et
3772 2647 3850 2702 lo-

2266 2739 2523 2803 quuntur.
2551 2732 2657 2789 Sed
2703 2747 2810 2790 non
2851 2734 3074 2789 attendit
3118 2735 3294 2789 anima
3333 2751 3392 2791 se
3422 2735 3555 2791 febri
3585 2736 3853 2793 detineri?

2268 2822 2351 2878 Ad
2380 2822 2433 2878 id
2464 2823 2609 2879 illam
2639 2834 2693 2879 tu
2716 2838 2869 2895 coge,
2897 2833 2952 2881 et
2978 2825 3346 2881 rationabilem
3381 2826 3497 2897 ejus
3525 2838 3730 2897 partem
3753 2822 3851 2884 exi

2266 2916 2390 2973 cita.
2422 2914 2586 2973 Indue
2633 2916 2953 2987 prophetas;
2983 2915 3066 2973 his
3113 2917 3334 2973 medicis
3376 2932 3480 2973 non
3524 2920 3855 2975 numeranda

2266 3004 2490 3077 pecunia
2531 3016 2615 3063 est
2641 3024 2655 3062 :
2689 3023 2860 3079 neque
2889 3009 3031 3063 enim
3078 3007 3411 3075 mercedem,
3440 3024 3611 3080 neque
3642 3010 3845 3081 impen-

2257 3112 2378 3174 sam
2406 3098 2626 3169 exigunt
2653 3098 2734 3154 vel
2761 3114 2860 3170 pro
2897 3114 3056 3169 opera
3088 3099 3167 3154 vel
3199 3113 3294 3169 pro
3334 3100 3584 3156 remediis
3613 3102 3747 3157 suis.
3794 3101 3847 3155 ln

2268 3190 2641 3247 necessitatem
2673 3197 2849 3245 tamen
2883 3191 3133 3261 impensa:
3163 3199 3213 3247 te
3241 3191 3563 3261 conjiciunt,
3591 3192 3684 3247 sed
3712 3193 3853 3249 eice-

2266 3294 2505 3353 mosynte
2530 3282 2850 3353 erogandze;
2884 3281 2935 3336 in
2957 3282 3165 3337 cmteris
3194 3293 3373 3337 autem
3400 3282 3468 3337 de
3494 3296 3592 3337 suo
3618 3283 3850 3355 largiun-

2267 3378 2353 3426 tur
2386 3387 2546 3428 :cum
2573 3373 2715 3429 enim
2765 3384 2815 3428 te
2860 3383 3218 3445 temperanter
3254 3390 3414 3446 agere
3456 3375 3645 3445 jubeut
3666 3416 3682 3444 ,
3712 3388 3761 3432 te
3786 3378 3849 3431 ab

2265 3465 2651 3535 intempestivis
2676 3476 2731 3522 et
2755 3467 2999 3523 absurdis
3028 3469 3279 3538 impensis
3321 3469 3578 3535 liberant;
3609 3485 3733 3524 cum
3762 3471 3847 3540 ju-
3939 3495 3947 3507 ο

2266 3555 2395 3610 bent
2424 3555 2689 3611 abstinere
2719 3557 2785 3611 ab
2812 3558 3069 3613 ebrietate
3089 3602 3102 3625 ,
3136 3559 3520 3628 opulentiorem
3553 3571 3603 3615 te
3630 3560 3846 3616 faciunt.

2268 3650 2453 3705 Viden”
2481 3652 2808 3707 medicorum
2832 3663 2997 3707 artem
3021 3695 3035 3718 ,
3060 3654 3148 3723 qui
3176 3669 3295 3707 cum
3320 3656 3545 3707 sanitate
3568 3657 3851 3724 pecuniam

2263 3742 2529 3798 afferunt?
2572 3743 2762 3799 Asside
2807 3744 2965 3814 igitur
3003 3744 3133 3811 illis,
3176 3745 3245 3799 ab
3271 3746 3455 3815 eisque
3498 3747 3647 3802 disce
3678 3748 3846 3803 morbi

2264 3843 2531 3888 naturam.
2583 3834 2827 3904 Exempli
2869 3850 3061 3902 causa,
3109 3850 3257 3890 amas
3286 3836 3539 3905 pecunias
3578 3845 3633 3891 ct
3673 3840 3847 3892 avari-

2266 3930 2389 3984 tiam
2411 3971 2425 3994 ,
2460 3939 2516 3984 ut
2542 3928 2905 3985 febricitantes
2925 3944 3116 3999 aquam
3146 3928 3425 4001 frigidam?
3451 3930 3585 3983 Audi
3614 3930 3740 3999 quid
3775 3930 3846 3985 illi

2264 4020 2469 4075 consilii
2501 4019 2745 4074 aﬂ‘eraut.
2800 4019 2949 4075 Sicut
2989 4021 3131 4074 enim
3163 4020 3401 4075 medicus
3430 4022 3590 4076 edicit
3620 4021 3714 4075 tibi
3749 4039 3763 4075 :
3795 4020 3850 4076 Si

2265 4109 2603 4179 cupiditatem
2648 4111 2925 4180 sequaris,
2964 4111 3193 4180 peribis,
3241 4119 3294 4164 et
3341 4111 3469 4165 illud
3517 4121 3676 4181 atque
3720 4112 3849 4170 illud

2268 4203 2389 4257 mali
2428 4202 2516 4258 tibi
2544 4203 2753 4257 eveniet
2783 4218 2795 4256 :
2827 4202 2904 4258 sic
2952 4212 3006 4257 ct
3034 4203 3227 4258 Paulus
3255 4219 3268 4255 :
3299 4203 3400 4269 Qui
3442 4206 3596 4256 (litari
3637 4206 3845 4269 uolunt,

2268 4293 2457 4363 inquit,
2488 4293 2714 4347 incidunt
2746 4295 2795 4346 iu
2823 4302 3146 4347 teutattonem
3176 4304 3221 4347 ct
3248 4295 3451 4363 laqueos
3482 4296 3669 4349 diaboli
3692 4340 3705 4357 ,
3734 4310 3779 4350 et
3799 4301 3850 4352 iu

2266 4386 2689 4454 roncupisccntias
2719 4384 2899 4438 stultas
2944 4393 2988 4437 et
3024 4386 3237 4449 noxias,
3281 4402 3394 4454 quis
3436 4388 3485 4437 iu
3539 4388 3850 4455 profundum

2264 4479 2493 4531 interitus
2520 4487 2566 4531 et
2594 4478 2887 4547 perditionis
2918 4478 3143 4531 homines
3170 4480 3488 4547 prwcipitant
3519 4481 3590 4549 (l.
3626 4478 3761 4534 Tim.
3794 4483 3849 4536 6.

2264 4567 2339 4639 9).
2374 4568 2478 4623 Sed
2508 4569 2790 4637 impatiens
2831 4570 2924 4623 es?
2954 4570 3087 4623 Audi
3142 4571 3285 4623 illum
3327 4569 3590 4623 dicentem
3628 4572 3849 4626 :Adlmc

2265 4662 2546 4731 paululum,
2582 4671 2627 4715 et
2667 4662 2751 4732 qui
2786 4670 3018 4713 venturus
3042 4671 3116 4727 est
3156 4662 3343 4723 veniet,
3384 4672 3428 4713 rt
3484 4679 3582 4715 non
3635 4666 3853 4719 tardabit

2266 4752 2284 4822 (
2308 4751 2461 4806 Hebr.
2499 4752 2582 4806 10.
2611 4751 2729 4823 37).
2754 4750 2999 4804 Dominus
3031 4768 3186 4821 prope
3212 4763 3283 4805 est
3312 4770 3327 4805 :
3362 4753 3490 4805 nihil
3514 4754 3721 4808 solliciti
3745 4757 3853 4809 sitis

2266 4842 2523 4911 (Philipp.
2560 4844 2612 4897 4.
2642 4844 2694 4897 5.
2728 4844 2803 4911 (i).
2850 4843 2918 4896 Et
2956 4859 3165 4896 rursum
3199 4863 3210 4896 ;
3242 4842 3472 4897 l‘rwm-it
3504 4847 3669 4916 ﬁgura
3701 4848 3853 4917 hujus

2266 4934 2437 4987 mundi
2473 4934 2563 5003 (1.
2594 4933 2709 4988 Cor.
2748 4937 2797 4987 7.
2831 4936 2941 5004 5i).
2975 4934 3087 4988 Non
3123 4937 3264 4989 cnim
3317 4938 3557 5005 praecipit
3608 4947 3844 5001 tantum,

2266 5026 2355 5079 sed
2385 5028 2541 5079 etiam
2569 5026 2874 5079 consolatur
2898 5037 2951 5079 ut
2981 5028 3234 5081 medicus.
3270 5034 3343 5081 Ac
3372 5030 3505 5081 sicut
3540 5032 3731 5086 medici
3757 5048 3845 5100 pri:

2267 5115 2467 5185 frigidis
2510 5117 2611 5169 alia
2643 5118 2885 5184 quaedam
2918 5119 3251 5187 excogitant,
3285 5120 3440 5178 sie.et
3476 5122 3574 5174 iste
3600 5125 3844 5191 concupi-

2267 5208 2522 5261 sccntiam
2552 5208 2823 5263 transfert.
2859 5209 2948 5262 Vis
2971 5252 2983 5271 ,
3019 5210 3226 5276 inquit,
3259 5210 3563 5266 ditescere?
3607 5213 3664 5268 lu
3699 5214 3849 5269 bonis

2268 5299 2517 5367 Operihus
2564 5299 2713 5353 dives
2743 5311 2877 5354 esto.
2911 5301 3001 5353 Vis
3048 5302 3341 5355 thesauros
3378 5306 3709 5359 recondere?
3737 5306 3847 5361 Non

2271 5408 2537 5461 repugno;
2565 5393 2653 5446 sed
2690 5396 2738 5446 in
2762 5394 2895 5447 cado
2928 5397 3177 5449 reconde.
3221 5398 3296 5449 Ac
3323 5397 3458 5449 sicut
3500 5400 3739 5453 medicus
3765 5398 3843 5454 di-

2268 5486 2369 5549 cit,
2410 5488 2555 5554 Aqua
2600 5486 2787 5553 frigida
2834 5499 2987 5541 nocet
3019 5490 3298 5553 dentibus,
3351 5491 3561 5554 nervis,
3596 5494 3802 5547 ossibus
3833 5514 3844 5547 :

2270 5589 2347 5628 su:
2374 5578 2573 5637 etillc;
2624 5578 2837 5632 brevius
2881 5580 3128 5647 quidem,
3181 5598 3299 5633 nam
3354 5581 3594 5636 brevitati
3642 5585 3847 5647 studet,

2273 5666 2364 5719 sed
2396 5667 2590 5721 clarius
2618 5677 2669 5723 cl
2699 5670 2923 5724 validius
2954 5688 2962 5722 :
3001 5670 3167 5722 κασία
3190 5712 3201 5729 ,
3239 5673 3437 5738 inquit,
3476 5677 3704 5728 omnium
3737 5694 3844 5729 nm-

2279 5759 2435 5811 lorum
2454 5774 2524 5814 est
2548 5764 2758 5815 avaritia
2784 5764 2854 5833 (l.
2886 5765 3008 5815 Tim.
3039 5766 3068 5815 li
3114 5768 3219 5829 10).
3249 5770 3361 5832 Quo
3391 5769 3547 5834 igitur
3574 5768 3848 5825 utendum?
