4172 6508
344 407 449 465 683

344 528 457 584 Hoc
481 546 696 601 quoque
724 527 855 585 dicit
878 544 893 582 :
915 526 1260 591 Sul‘iieieutia,
1290 522 1525 577 avaritia:
1546 522 1685 584 loco;
1714 517 1937 588 Magnus

340 622 489 676 enim
512 633 732 691 quaestus
750 633 824 677 est
844 618 1137 691 suﬁcientia
1158 632 1273 671 eum
1290 617 1474 685 pietate
1495 613 1514 685 (
1543 614 1592 667 i.
1616 610 1753 666 Tim.
1773 610 1825 665 6.
1852 609 1930 679 6).

342 714 498 780 Quod
526 715 568 767 si
591 728 731 782 a‘gre
763 712 919 776 feras,
953 722 1004 765 et
1034 709 1181 779 plura
1211 707 1520 773 desideres,
1550 703 1775 758 necdum
1812 717 1936 771 pos-

341 806 417 860 sis
457 804 727 875 superﬂua
750 818 977 875 quaeque
1014 800 1279 872 abjicere;
1326 799 1405 853 sic
1445 802 1793 865 mgmtantem
1822 808 1939 847 tuo—

344 910 459 965 net,
490 896 760 969 quomodo
802 896 868 951 iis
911 897 982 951 sit
1021 894 1278 950 utendum
1310 909 1325 947 :
1356 888 1426 945 Ut
1467 888 1557 961 qui
1595 888 1835 944 latrmtur
1884 884 1936 939 iu

345 989 775 1059 possessionibus,
810 989 937 1042 sicut
969 1002 1069 1040 non
1108 985 1338 1039 laztantes
1363 984 1464 1037 siut
1490 996 1511 1037 .'
1534 989 1582 1035 et
1605 980 1690 1050 qui
1714 977 1932 1045 habent,

336 1092 595 1150 tamquam
643 1097 743 1133 non
786 1080 1087 1142 retinentes;
1113 1086 1163 1132 et
1186 1075 1279 1148 qui
1314 1082 1525 1129 utuntur
1566 1072 1662 1125 hoe
1708 1067 1931 1139 mundo.

336 1183 598 1241 tamquam
646 1189 748 1226 non
788 1172 1039 1240 utautttr(
1072 1169 1123 1225 l.
1156 1166 1276 1225 Cor.
1308 1168 1362 1222 7.
1392 1164 1480 1221 30.
1516 1164 1579 1219 3i
1608 1162 1654 1235 ).
1688 1161 1934 1217 Vidistin’

336 1281 460 1337 qua!
486 1263 801 1337 praecipiat?
829 1262 923 1318 Vis
953 1262 1117 1318 alium
1160 1259 1408 1315 inducam
1459 1255 1763 1312 medicum?
1806 1253 1931 1308 Mihi

333 1367 483 1413 certe
511 1357 706 1428 placet.
738 1354 918 1427 Neque
943 1355 1085 1409 enim
1115 1361 1243 1408 sunt
1269 1350 1321 1404 bi
1349 1348 1569 1413 medici,
1607 1344 1825 1417 perinde
1851 1354 1930 1400 at-

333 1467 440 1522 que
468 1465 753 1520 corporum
782 1448 971 1503 medici
994 1489 1009 1515 ,
1034 1448 1121 1518 qui
1155 1460 1300 1516 serpe
1330 1460 1442 1515 pra:
1474 1441 1670 1496 invidia
1701 1454 1926 1496 concer-

333 1552 529 1607 tantes,
553 1551 809 1611 ingratum
837 1538 1203 1610 pessumdant.
1224 1542 1291 1591 At
1309 1549 1414 1590 non
1432 1534 1510 1588 sic
1526 1531 1629 1597 iSti,
1650 1531 1739 1603 qui
1760 1545 1930 1601 a-gro-

332 1652 451 1691 rum
480 1637 707 1691 salutem
750 1641 1024 1703 spectant,
1055 1646 1155 1687 nec
1196 1628 1491 1685 ambitione
1530 1624 1817 1681 ducuntur.
1850 1622 1927 1679 Ne

328 1728 511 1800 itaque
536 1729 749 1782 illorum
783 1724 1178 1781 multitudinem
1222 1722 1481 1778 formides
1510 1738 1523 1775 :
1554 1735 1691 1776 unus
1721 1720 1774 1774 in
1803 1734 1925 1775 om-

327 1820 486 1876 nibus
518 1820 749 1890 loquitur
777 1818 1027 1888 magister
1054 1815 1322 1872 Christus.

402 1913 455 1968 5.
498 1910 631 1967 Vide
661 1924 847 1965 rursus
874 1910 1164 1964 intrantem
1187 1908 1370 1971 alium,
1398 1915 1451 1962 et
1471 1906 1705 1977 graviter
1726 1903 1795 1960 de
1822 1901 1923 1959 hoc

326 2008 520 2060 inorbo
560 2004 865 2075 loquentem
892 2044 908 2064 ,
940 2002 1046 2056 imo
1090 2003 1261 2071 ipsum
1295 1999 1437 2054 illius
1466 2013 1561 2054 ore
1587 1997 1917 2070 Magistrum.

326 2097 452 2153 Non
486 2099 691 2169 potestis
723 2099 855 2152 enim
882 2094 989 2150 Deo
1026 2096 1209 2151 servire
1252 2104 1298 2149 et
1326 2109 1576 2148 mamonae
1600 2093 1617 2162 (
1644 2091 1835 2148 Matth.
1865 2092 1918 2147 6.

318 2189 393 2245 ει
423 2189 461 2259 ).
493 2190 685 2255 Etiam,
715 2189 943 2259 inquies,
970 2187 1062 2243 sed
1088 2184 1359 2258 quomodo
1392 2185 1507 2239 hazc
1536 2184 1736 2239 erunt?
1767 2184 1918 2249 Quo-

321 2281 484 2336 modo
531 2280 1015 2351 concupiscentiam
1068 2277 1438 2347 deponentus?
1487 2275 1624 2331 Hinc
1676 2274 1919 2332 ediscere

319 2371 470 2427 licet.
503 2370 568 2425 Et
594 2369 864 2442 quomodo
891 2368 1194 2425 discemus?
1236 2366 1372 2422 Audi
1421 2367 1594 2437 ipsum
1636 2364 1741 2421 hoc.
1777 2383 1915 2435 quo-

315 2481 427 2535 que
456 2464 761 2519 dicentem:
796 2460 969 2517 Nolite
993 2460 1335 2515 thesaurisare
1382 2458 1519 2512 vobis
1567 2460 1833 2512 thesauros
1861 2458 1915 2511 iu

313 2568 475 2624 terra,
505 2559 589 2613 ubi
615 2574 786 2631 tzrugo
820 2568 864 2611 et
909 2558 1041 2611 tinea
1066 2554 1337 2609 demolitur
1356 2596 1371 2619 ,
1400 2562 1445 2607 et
1474 2551 1558 2605 ubi
1600 2554 1739 2624 fures
1781 2549 1912 2617 e/To.

314 2651 464 2705 rliuut
495 2661 543 2705 et
564 2649 801 2719 furantur
829 2648 848 2719 (
873 2648 1058 2702 Matth.
1094 2647 1145 2701 6.
1179 2644 1245 2701 l9
1268 2642 1307 2716 ).
1346 2642 1533 2698 Viden‘
1562 2640 1833 2713 quomodo
1859 2652 1913 2696 et

310 2759 346 2796 ει
378 2743 494 2798 loco
511 2752 566 2799 et
590 2758 622 2799 ι
645 2740 1049 2811 corruptoribus
1069 2739 1137 2794 ab
1159 2738 1259 2793 hac
1289 2747 1501 2792 terrena
1524 2736 1910 2806 concupiscen-

313 2839 390 2891 tia
419 2845 657 2899 avertat,
690 2844 744 2890 et
792 2834 935 2890 illaut
980 2833 1112 2890 cmlo
1158 2831 1336 2902 alligat
1361 2872 1377 2898 ,
1407 2829 1495 2885 ubi
1539 2838 1648 2883 tuta
1686 2828 1910 2883 omnia?

306 2927 373 2983 Si
399 2928 579 2994 enim,
609 2927 814 2997 inquit,
849 2927 942 2980 illo
969 2925 1181 2980 divitias
1213 2922 1548 2979 transferatis
1568 2961 1582 2987 ,
1614 2920 1700 2975 ubi
1734 2935 1909 2991 neque

303 3032 509 3091 atrugo,
545 3035 716 3090 neque
740 3020 877 3073 tinea
907 3018 1193 3075 consumit.
1233 3015 1321 3070 ubi
1355 3017 1496 3070 fures
1524 3030 1623 3070 nec
1647 3014 1907 3069 ell'odiunt

307 3127 414 3167 nec
444 3110 716 3179 furantur,
740 3120 794 3168 et
821 3112 961 3167 hunc
988 3110 1264 3180 depelletis
1293 3109 1567 3171 morbum,
1595 3118 1648 3164 et
1673 3108 1903 3163 animam

305 3204 367 3260 in
397 3204 667 3275 opulentia
714 3218 901 3273 magna
932 3202 1291 3257 constituatis.
1345 3199 1426 3254 Ad
1454 3199 1570 3254 hate
1593 3201 1900 3270 exemplum

302 3296 466 3353 affert
511 3313 617 3367 quo
670 3309 721 3352 te
771 3310 962 3366 sapere
1014 3295 1219 3371 doceat.
1264 3293 1330 3348 Et
1378 3295 1512 3346 sicut
1553 3292 1792 3348 medicus
1849 3299 1905 3346 ut

294 3378 510 3463 nigrum
543 3398 740 3445 terreat
766 3388 896 3443 dicit
918 3431 931 3451 ,
962 3388 1055 3444 Ille
1084 3387 1225 3459 quod
1258 3402 1392 3463 aqua
1425 3385 1610 3457 frigida
1638 3396 1899 3453 nti-retur,

304 3482 510 3537 interiit
536 3500 550 3536 :
579 3482 657 3536 sic
684 3492 739 3537 et
768 3480 855 3535 ille
887 3481 1105 3535 divitem
1146 3462 1347 3534 inducit
1374 3494 1596 3548 u-grum,
1627 3479 1715 3548 qui
1744 3488 1797 3533 et
1820 3478 1902 3532 vi-

305 3584 420 3629 tam
448 3584 497 3630 et
522 3573 881 3629 valetudinem
924 3580 1144 3642 cuperet
1168 3613 1182 3638 ,
1209 3586 1307 3625 nec
1338 3570 1573 3641 potuerit
1600 3569 1855 3640 consequi
1883 3610 1897 3632 ,

303 3666 449 3737 quod
476 3666 711 3721 avaritia.
736 3665 1011 3728 studeret,
1042 3662 1137 3718 sed
1170 3664 1257 3733 qui
1289 3678 1487 3717 vacuus
1530 3662 1741 3716 abierit.
1775 3662 1901 3716 Pust

302 3759 454 3812 hunc
480 3756 604 3811 item
628 3756 790 3810 alium
822 3755 914 3809 tibi
945 3754 1099 3808 all'ert
1128 3753 1261 3808 alius
1283 3753 1609 3823 evangelista
1635 3751 1784 3822 (Luc.
1812 3751 1897 3807 ιϐ.

300 3847 381 3904 24
402 3848 444 3919 ),
497 3849 725 3904 ﬂammis
752 3847 1029 3914 adustam,
1060 3848 1149 3918 qui
1185 3862 1252 3903 ne
1280 3848 1477 3901 stillam
1501 3846 1715 3917 quidem
1744 3862 1899 3917 aqua:

301 3939 550 3996 haberet.
591 3940 794 3997 Deinde
829 3938 1119 3995 ostendens
1165 3937 1337 3993 facilia
1367 3953 1486 3994 esse
1520 3947 1781 4008 pratcepta
1813 3937 1898 3992 di-

299 4032 419 4098 cit,
455 4032 707 4101 Respicite
732 4034 959 4088 volatilia
987 4034 1097 4087 (teli
1128 4032 1357 4105 (Matth.
1386 4032 1438 4088 6.
1471 4030 1604 4104 26).
1640 4033 1770 4088 Cum
1800 4048 1898 4086 att-

301 4133 418 4181 tem
450 4124 723 4181 hominum
766 4125 1061 4185 infirmitati
1107 4141 1165 4181 se
1210 4134 1559 4192 attempcrct,
1610 4142 1677 4180 ne
1706 4124 1899 4182 divites

299 4216 523 4287 quidem
552 4218 841 4286 chperare
867 4218 1015 4275 sinit.
1052 4218 1180 4286 ρυω
1203 4220 1343 4273 enim
1370 4260 1384 4284 ,
1410 4219 1579 4290 inquit
1600 4261 1615 4285 ,
1645 4218 1785 4289 apud
1807 4226 1899 4274 ho-

299 4354 623 4375 «F—u————

1267 399 1333 458 IN
1373 396 1775 457 ΜΑΤΤιΙλΕωΙ
1819 394 2050 452 1103111..
2086 394 2297 451 LXXV.
2331 396 2402 453 al.
2442 395 2680 455 LXXVI.

3552 401 3659 460 t‘SG

2050 516 2207 570 mines
2256 515 2588 587 impossibilia
2630 523 2783 583 sunt,
2830 514 3094 587 possibilia
3138 525 3257 571 sunt
3293 515 3435 585 apud
3485 514 3653 571 Deum

2048 611 2215 684 (Luc.
2248 614 2333 669 18.
2366 612 2433 668 27
2458 613 2502 686 ).
2536 614 2647 668 Etsi
2677 626 2908 685 namque
2934 610 3085 667 dives
3115 610 3191 666 sis
3213 652 3228 676 ,
3260 619 3434 676 potest
3461 620 3513 664 te
3537 626 3654 663 ωε.

2048 707 2200 760 dicus
2227 723 2436 762 curare.
2483 706 2666 775 Neque
2690 708 2832 762 enim
2864 704 3079 761 divitias
3109 705 3361 772 sustulit,
3386 704 3479 759 sed
3508 714 3652 760 vetat

2046 812 2167 854 esse
2198 806 2248 854 te
2280 800 2624 869 pecuniarum
2678 813 2929 861 servum,
2976 806 3032 853 et
3061 796 3299 851 avaritia:
3346 797 3645 852 addictum.

2045 890 2329 960 Quomodo
2378 901 2552 960 potest
2587 906 2716 961 ergo
2747 890 2901 945 dives
2930 888 3113 943 salvus
3137 890 3294 944 esse?
3318 889 3372 945 Si
3405 889 3495 944 illa
3528 905 3649 959 quat

2047 981 2285 1053 possidet
2311 982 2415 1036 sint
2442 982 2627 1053 egenis
2654 980 2983 1042 eonuuuuia,
3017 979 3189 1049 qualis
3216 978 3318 1035 Job
3343 992 3491 1045 erat,
3523 992 3579 1037 et
3604 979 3647 1034 si

2044 1073 2533 1143 concupiscentiam
2564 1073 2794 1143 plurium
2824 1086 3040 1141 semper
3083 1070 3446 1126 babendarum
3478 1088 3639 1143 opum

2043 1166 2316 1231 eliminet,
2348 1176 2403 1221 et
2435 1182 2725 1236 numquam
2775 1166 3140 1221 necessarium
3190 1181 3345 1219 ttsum
3394 1166 3637 1221 excedat.

2043 1257 2165 1312 Post
2196 1258 2335 1313 hunc
2363 1260 2455 1314 tibi
2486 1260 2825 1329 publicanunt
2854 1268 3120 1314 monstrat
3140 1301 3156 1325 ε
3180 1259 3269 1330 qui
3302 1258 3370 1312 ab
3398 1261 3656 1316 avaritiav

2040 1347 2189 1403 febre
2214 1350 2320 1403 cito
2354 1349 2609 1404 liberatus
2638 1359 2723 1404 est
2754 1348 2901 1409 (Luc.
2934 1350 2989 1405 5.
3019 1349 3111 1405 27.
3140 1350 3302 1421 sqq.).
3330 1349 3461 1417 Quis
3490 1354 3632 1406 enim

2041 1440 2323 1509 publicano
2365 1442 2494 1496 lucri
2540 1440 2825 1510 cupidior?
2868 1445 3121 1497 Attamen
3168 1456 3300 1512 opes
3347 1441 3633 1511 deposuit,

2036 1534 2158 1603 quia
2189 1533 2376 1589 medici
2410 1534 2616 1604 legibus
2643 1537 2836 1605 paruit.
2868 1534 3001 1589 Nam
3036 1535 3169 1589 tali-s
3196 1536 3356 1613 habet
3393 1534 3631 1603 discipu-

2036 1626 2116 1681 los
2138 1670 2153 1693 ,
2187 1628 2277 1698 qui
2311 1628 2497 1683 iisdem
2525 1670 2539 1694 ,
2572 1629 2767 1699 quibus
2808 1644 2941 1694 nos,
2990 1630 3190 1683 morbis
3230 1628 3629 1693 laboraverint,

2033 1728 2086 1775 et
2131 1722 2238 1775 cito
2288 1725 2570 1779 sanitatem
2618 1726 3015 1794 recttperariut.
3067 1722 3424 1795 Singulosqttc
3481 1724 3632 1777 nobis

2032 1815 2300 1882 ostendit,
2362 1833 2429 1872 ne
2472 1816 2842 1890 desperemus.
2876 1817 3009 1872 Vide
3048 1832 3179 1888 ergo
3221 1816 3362 1871 hunc
3391 1816 3629 1886 publiea-

2031 1921 2179 1963 num.
2215 1906 2347 1963 Vide
2395 1924 2581 1965 rursus
2629 1910 2791 1964 alium
2842 1907 3139 1979 principem
3184 1909 3629 1977 publicanorum,

2028 2002 2119 2071 qui
2142 2002 2442 2072 quadrupio
2472 2004 2619 2073 plura
2646 2020 2803 2072 quam
2837 2012 3085 2074 rapuerat
3130 2018 3189 2058 se
3219 2002 3469 2057 daturum
3512 2002 3629 2070 pul-

2028 2092 2289 2149 licebatur
2308 2137 2322 2158 ,
2351 2105 2402 2148 et
2431 2095 2712 2150 dimidium
2744 2097 3007 2152 bonorum
3036 2111 3257 2150 suorum
3281 2138 3296 2161 ,
3335 2106 3391 2150 ιιι
3415 2095 3631 2165 enipe-

2027 2192 2110 2239 ret
2137 2182 2317 2241 lesuin
2352 2185 2504 2257 (Luc.
2542 2187 2627 2243 l9.
2652 2186 2730 2258 8).
2756 2187 2861 2243 Sed
2900 2197 2953 2241 tu
2986 2185 3276 2241 admodum
3327 2185 3499 2240 ferves
3532 2202 3627 2255 pe-

2024 2276 2303 2330 cuniarum
2336 2277 2554 2333 amore?
2603 2276 2733 2346 Qum
2777 2278 3017 2333 omnium
3070 2287 3196 2331 sunt
3222 2276 3377 2347 quasi
3408 2287 3495 2331 tua
3524 2276 3625 2330 ba-

2026 2368 2170 2422 beto.
2202 2368 2336 2423 Nam
2387 2366 2575 2440 plura’,
2624 2386 2784 2440 quam
2832 2371 3067 2440 quieris,
3116 2369 3187 2425 do
3228 2370 3359 2432 tibi,
3406 2368 3577 2439 inquit
3606 2411 3621 2431 ,

2022 2460 2148 2515 dum
2200 2460 2423 2517 divitum
2477 2464 2753 2528 omnium,
2802 2465 2890 2534 qui
2943 2479 3039 2533 per
3075 2462 3261 2519 orbein
3311 2472 3473 2526 sunt,
3529 2462 3623 2517 tibi

2018 2552 2210 2610 domos
2237 2554 2437 2623 aperio.
2465 2554 2595 2609 Nam
2626 2554 2725 2622 Qui
2752 2556 3009 2625 reliquerit
3038 2566 3253 2626 patrem,
3272 2566 3359 2609 aut
3384 2565 3619 2617 matrem,

2018 2654 2106 2698 aut
2127 2662 2277 2715 agros
2296 2688 2309 2710 ,
2337 2656 2423 2699 aut
2452 2647 2659 2701 domum
2682 2690 2696 2712 ,
2726 2648 3017 2717 centuplum
3046 2648 3261 2718 accipiet
3286 2646 3504 2716 (Matth.
3532 2648 3618 2702 19.

2016 2736 2087 2792 29
2110 2740 2149 2806 ).
2182 2738 2253 2792 Ita
2292 2756 2397 2793 non
2427 2739 2665 2811 pluribus
2697 2749 2900 2795 tantum
2934 2741 3156 2805 frueris,
3191 2740 3287 2796 sed
3318 2751 3374 2795 et
3402 2756 3618 2810 gravent

2016 2828 2155 2886 hanc
2184 2831 2327 2885 sitim
2360 2832 2581 2887 omnino
2611 2834 2913 2905 restingues
2934 2875 2947 2899 ,
2982 2843 3031 2887 et
3062 2834 3243 2888 omnia
3286 2831 3446 2888 facile
3476 2833 3618 2887 feres

2014 2937 2134 2977 eum
2162 2938 2270 2977 non
2304 2923 2467 2979 modo
2497 2924 2651 2996 plura
2684 2940 2792 2979 non
2819 2923 3101 2981 desideres
3122 2966 3137 2991 ,
3168 2923 3263 2980 sed
3313 2940 3379 2979 ne
3397 2923 3615 2996 quidem

2014 3014 2317 3069 necessaria
2350 3030 2514 3083 srepe.
2540 3013 2631 3070 Sic
2659 3016 2852 3070 Paulus
2872 3016 3095 3083 esuriit,
3126 3025 3182 3071 et
3215 3016 3383 3086 magis
3410 3015 3613 3086 gloria-

2014 3104 2187 3167 batur,
2219 3121 2377 3175 quant
2411 3124 2531 3161 cum
2559 3108 2867 3162 cotnederet
2898 3106 3171 3177 (Philipp.
3197 3108 3246 3162 4.
3280 3108 3371 3176 ll)
3403 3125 3415 3158 :
3444 3106 3614 3176 siqni-

2010 3198 2131 3252 dem
2162 3208 2216 3251 et
2243 3199 2442 3253 athleta
2470 3199 2559 3269 qui
2592 3208 2869 3253 eouccrtat
2897 3208 2948 3254 et
2974 3210 3264 3253 coronatur
3283 3241 3297 3262 ,
3326 3216 3432 3252 nou
3460 3214 3613 3270 qna:-

2010 3290 2077 3344 rit
2111 3291 2277 3346 otium
2311 3300 2365 3345 et
2405 3291 2672 3361 quietem;
2722 3293 2803 3346 vel
2853 3302 3160 3357 mercator,
3209 3293 3296 3362 qui
3347 3294 3610 3346 marinum

2008 3383 2418 3438 mercimOuinm
2441 3392 2522 3438 est
2546 3398 2853 3455 aggressus,
2889 3399 2994 3438 non
3023 3384 3215 3454 quierit
3253 3384 3421 3438 otium
3460 3384 3613 3439 deiu-

2007 3490 2153 3545 ceps.
2187 3475 2252 3530 Et
2285 3490 2383 3531 uos
2416 3475 2578 3546 igitur
2600 3518 2613 3543 ,
2649 3476 2691 3530 si
2724 3475 3033 3545 spirituales
3072 3473 3281 3530 fructus
3312 3486 3368 3529 ut
3399 3484 3615 3544 oportet

2006 3576 2281 3639 gustemus
2304 3608 2319 3634 ,
2356 3577 2482 3623 tunc
2511 3568 2799 3638 praesentia
2830 3567 3011 3621 omnia
3053 3583 3151 3637 pro
3194 3566 3361 3622 nihilo
3384 3566 3611 3622 habebi-

2008 3676 2147 3722 mus,
2174 3658 2471 3713 futurorum
2496 3658 2789 3729 cupiditate
2816 3674 2913 3714 ceu
2943 3658 3174 3729 quadam
3203 3660 3403 3729 Optima
3429 3659 3610 3715 ebrie-

2009 3760 2117 3810 tate
2138 3754 2297 3823 capti.
2330 3752 2619 3809 Gustenms
2644 3752 2826 3823 igitur,
2854 3762 2911 3806 ut
2940 3768 2969 3805 a
3003 3757 3231 3806 tumultu
3262 3756 3606 3822 prresentiunt

2007 3848 2337 3909 liberemur.
2388 3858 2442 3903 et
2490 3846 2663 3901 futura
2706 3861 3105 3917 consequamur
3149 3846 3310 3913 beata,
3338 3847 3505 3916 gratia
3552 3858 3610 3903 et

2006 3940 2336 4010 benignitate
2367 3938 2578 3993 Domini
2625 3937 2799 3993 nostri
2825 3937 2953 3993 Jesu
2981 3937 3181 3993 Christi
3203 3979 3217 4003 ,
3243 3938 3328 3993 cui
3358 3938 3526 4008 gloria
3554 3949 3611 3993 ct

2007 4034 2291 4104 imperium
2310 4076 2323 4101 ,
2353 4048 2496 4089 nunc
2522 4040 2577 4087 et
2603 4046 2838 4103 semper,
2864 4041 2918 4088 et
2947 4032 2999 4086 iit
3028 4032 3222 4087 satcula
3256 4032 3601 4087 sznculorum.

2004 4130 2197 4184 Amen.

1426 4425 1771 4488 HOMILIA
1820 4426 2077 4487 LXXV.
2126 4427 2211 4489 al.
2258 4428 2550 4491 LXXVI.

295 4568 439 4624 CAP.
466 4568 557 4625 2i.
584 4586 637 4625 ν.
671 4571 725 4626 1.
775 4569 839 4624 Et
895 4586 1120 4641 egressus
1165 4568 1319 4624 Iesus
1364 4570 1427 4624 de
1470 4570 1685 4639 templo,
1716 4570 1895 4623 ambu-

381 4663 536 4717 labat.
566 4662 969 4720 Etaeeesserunt
1011 4666 1078 4718 ad
1119 4682 1231 4719 cum
1250 4664 1490 4733 discipuli
1506 4666 1634 4734 ejus,
1658 4676 1710 4719 ut
1734 4676 1900 4721 osten-

378 4756 552 4811 derent
571 4757 618 4811 ei
637 4757 999 4827 tediﬁcatioites
1044 4759 1236 4827 templi.
1267 4758 1322 4813 2.
1354 4757 1456 4813 Ille
1498 4770 1665 4813 autem
1692 4776 1898 4829 respou-

382 4849 506 4904 dens
526 4849 653 4904 dixit
678 4850 750 4904 eis
774 4865 793 4904 :
819 4849 1003 4903 Nonne
1028 4850 1204 4903 videtis
1233 4853 1338 4905 hac
1364 4852 1572 4905 omnia?
1598 4849 1756 4905 Amen
1784 4852 1897 4905 dlt'O

379 4940 517 4997 vobis
536 4984 550 5008 ,
600 4958 701 4995 non
738 4943 1047 5013 relinquetur
1073 4943 1155 4997 hic
1185 4944 1316 5014 lapis
1347 4960 1499 5013 super
1541 4945 1782 5015 lapidem,
1813 4946 1898 5016 qui

378 5052 480 5090 non
507 5035 816 5091 destruatur.

381 5128 438 5183 Ι.
476 5126 741 5196 Quoniam
771 5128 1017 5199 superius
1041 5128 1177 5183 dixit
1210 5146 1221 5182 :
1252 5129 1582 5200 Relinquetur
1618 5130 1796 5184 domus
1820 5146 1901 5183 ve-

295 5229 413 5278 stra
444 5220 663 5286 deserta,
710 5230 763 5274 et
806 5222 1086 5276 innumera
1130 5222 1260 5293 ipsis
1300 5224 1436 5278 ntala
1488 5224 1895 5293 prtenuntiavit;

297 5314 434 5368 hinc
466 5313 709 5382 discipuli
744 5312 828 5368 his
858 5314 1071 5381 auditis,
1101 5331 1197 5371 ceu
1225 5316 1554 5370 admirantes
1579 5318 1759 5386 templi
1794 5318 1898 5387 pul-

298 5406 667 5463 chritudinem
702 5408 1072 5462 monstrabant
1101 5409 1172 5474 ei,
1201 5420 1253 5463 et
1283 5410 1613 5481 ambigentes
1636 5427 1761 5465 num
1794 5422 1899 5466 tam

298 5501 518 5571 egregia
551 5501 773 5553 ardiiicia
796 5500 1117 5556 destruenda
1143 5502 1335 5569 forent,
1369 5512 1474 5557 tam
1510 5504 1695 5574 ingens
1726 5513 1898 5559 mate-

302 5594 410 5655 ria,
446 5603 550 5646 tam
586 5592 851 5647 ineffabile
888 5594 1172 5649 artiﬁcium
1206 5612 1217 5648 :
1254 5610 1357 5649 non
1391 5596 1527 5649 ultra
1570 5594 1636 5650 de
1657 5597 1905 5652 vastitate

304 5685 568 5753 loquitur,
624 5684 716 5738 sed
763 5684 1029 5739 excidium
1079 5696 1131 5741 ct
1185 5686 1603 5742 destruetiouem
1644 5687 1903 5758 pra‘dicit.

306 5775 499 5831 Nonne
518 5778 696 5832 videtis
716 5784 821 5832 lucc
847 5791 1035 5846 annua,
1062 5780 1249 5850 inquit,
1280 5792 1331 5835 et
1355 5781 1621 5836 miramini
1648 5791 1805 5852 atque
1824 5784 1910 5838 ob-

302 5872 649 5940 stttpesritis?
680 5868 794 5926 Non
811 5873 1026 5927 utauebit
1048 5875 1177 5945 lapis
1199 5891 1349 5944 super
1364 5875 1605 5945 lapidum.
1625 5878 1902 5945 Quomodo

2006 4573 2167 4645 igitur
2191 4576 2406 4638 mansit,
2452 4575 2680 4647 inquies,
2722 4582 2776 4630 et
2801 4575 2929 4647 quid
2958 4575 3059 4631 hoc
3099 4574 3199 4630 sibi
3250 4572 3610 4641 vult?Neque

2007 4673 2149 4723 enim
2182 4670 2251 4722 ita
2279 4668 2474 4724 cecidit
2520 4670 2605 4724 illa
2648 4670 2936 4725 sententia.
2983 4668 3077 4723 Vel
3122 4665 3485 4721 oumimodam
3515 4665 3610 4719 de-

2008 4760 2326 4817 solationem
2354 4761 2630 4828 declarat;
2662 4763 2742 4817 vel
2764 4762 2832 4817 de
2860 4762 2952 4816 illo
2990 4770 3191 4815 tantum
3223 4760 3343 4815 loco
3369 4758 3517 4824 dicit,
3556 4760 3606 4812 in

2006 4872 2112 4927 quo
2136 4856 2247 4925 ipse
2273 4856 2466 4911 stabat.
2498 4856 2634 4913 Sunt
2664 4856 2806 4909 enim
2838 4855 3081 4925 qttmdant
3128 4854 3309 4921 templi
3339 4861 3519 4921 partes
3542 4850 3609 4905 ad

2008 4949 2146 5003 hanc
2176 4965 2342 5019 usque
2359 4948 2500 5003 diem
2534 4951 2742 5017 penitus
2759 4947 2949 5003 delebo
2969 4946 3215 5015 usquead
3240 4943 3607 5000 fundamenta.

2010 5042 2085 5095 Ad
2113 5042 2226 5097 haec
2253 5057 2379 5097 vero
2407 5058 2472 5096 ex
2495 5042 2659 5113 gestis
2688 5041 2946 5095 hactenus
2978 5041 3055 5094 vel
3089 5039 3457 5094 contentiosos
3487 5053 3609 5093 crc-

2008 5134 2137 5188 dere
2184 5144 2418 5205 oportet,
2466 5134 2611 5205 ipsas
2643 5134 2895 5204 reliquias
2934 5148 3055 5188 esse
3105 5136 3389 5203 perituras.
3419 5131 3472 5185 5.
3510 5131 3608 5186 Se-

2008 5226 2156 5281 deute
2184 5238 2351 5281 autem
2379 5229 2489 5295 ipso
2538 5227 2590 5279 in
2638 5225 2815 5280 Monte
2856 5227 3141 5289 olivarum,
3189 5233 3507 5278 accesserunt
3542 5222 3609 5275 ad

2010 5336 2121 5373 eum
2150 5319 2390 5389 discipuli
2411 5329 2603 5373 secreto
2631 5318 2853 5373 dicentes
2878 5334 2895 5371 :
2929 5317 3021 5371 Die
3055 5317 3197 5370 nobis
3216 5360 3230 5381 ,
3268 5318 3472 5386 quando
3502 5317 3608 5368 ha'c

2011 5410 2195 5464 erunt?
2217 5420 2257 5463 et
2291 5412 2427 5480 quod
2455 5412 2658 5482 signum
2681 5410 2925 5464 adventus
2955 5409 3028 5463 tui
3075 5420 3121 5463 et
3162 5409 3607 5463 rorisuimuatiouis

2014 5503 2229 5557 sa'euli?
2258 5502 2380 5557 ideo
2401 5513 3024 5569 seorsumaccesscruut,
3055 5502 3194 5571 quod
3215 5502 3278 5555 ile
3306 5500 3609 5569 hujusmmli

2015 5596 2176 5651 rebus
2228 5596 2605 5667 interrogaturi
2661 5608 2859 5651 essent.
2919 5596 3222 5651 Admodum
3275 5598 3415 5650 etum
3467 5594 3608 5648 diem

2017 5691 2157 5743 illam
2183 5691 2445 5745 adventus
2471 5690 2588 5760 ejus
2608 5690 2849 5745 ediscere
2875 5690 3159 5758 cupiebant
3186 5734 3199 5753 ,
3231 5685 3371 5756 quod
3402 5700 3611 5740 summe

2015 5781 2385 5838 desiderarent
2406 5782 2629 5852 gloriam
2666 5782 2809 5836 illaut
2842 5781 3025 5836 videre
3047 5824 3060 5846 ,
3090 5799 3206 5849 qttu‘
3236 5788 3313 5832 tot
3344 5780 3609 5833 bonorum

2016 5891 2176 5930 causa
2202 5874 2371 5929 futura
2402 5886 2562 5930 esset.
2590 5875 2711 5931 ll.cc
2741 5886 2916 5929 autem
2947 5875 3051 5930 duo
3071 5875 3422 5942 interrogant,
3458 5886 3625 5943 quan-
