4172 6486
646 346 743 404 687

642 461 834 517 donum
868 463 977 516 lucc
1002 462 1171 515 futura
1198 470 1396 526 essent,
1423 458 1601 527 templi
1631 471 1820 526 nempe
1847 453 2127 513 desolatio,
2151 457 2205 504 et

640 556 778 622 qunti
801 554 1003 621 signum
1041 551 1300 607 adventus
1343 553 1457 621 ejus
1487 550 1641 605 foret.
1673 549 1842 604 Lucas
1864 544 2012 617 (Cap.
2035 544 2125 599 ει.
2152 543 2207 615 7)

640 661 763 697 νριιο
804 660 958 698 unam
990 644 1149 698 fuisse
1180 644 1642 713 interrogationem
1663 641 1816 696 aitdc
1841 638 2204 710 Jerosulymis.

638 735 775 803 quod
822 744 1062 801 putarent
1105 734 1204 803 ipsi
1245 744 1369 788 tunc
1412 734 1527 802 ejus
1566 733 1847 788 adventura
1892 730 2023 784 fore.
2066 730 2200 783 Mar-

638 838 732 879 cus
774 825 940 897 (Cap.
974 825 1060 881 i3.
1100 823 1173 895 4)
1214 804 1389 879 autem
1441 840 1545 878 non
1594 823 1721 878 dicit
1764 835 1948 876 omnes
1985 823 2207 873 interro-

634 929 789 984 gassc
830 915 896 970 de
941 915 1391 985 Jerosolymornm
1435 915 1729 976 eversione.
1763 914 1855 968 scd
1902 914 2108 966 Pt'lrtttu
2151 921 2205 965 ct

638 1002 1015 1073 Joannem,qui
1042 1005 1295 1075 majorem
1326 1004 1579 1060 baberent
1602 1004 1864 1058 liduciam.
1887 1004 2020 1073 Quid
2049 1004 2206 1072 igitur

638 1094 796 1164 ipse?
822 1095 876 1150 4.
916 1094 1087 1149 Videte
1119 1112 1181 1149 ne
1216 1097 1327 1166 quis
1373 1113 1457 1151 ros
1498 1095 1723 1148 seducet.
1767 1097 1820 1149 Ξ.
1874 1093 2015 1147 .lfutti
2071 1096 2202 1147 enim

637 1188 828 1239 uenient
854 1187 905 1240 in
933 1186 1131 1239 nomine
1152 1203 1278 1249 meo,
1310 1186 1528 1240 dicentes
1562 1182 1713 1255 :Ego
1744 1201 1852 1237 sum
1873 1183 2125 1241 Christus.
2156 1195 2204 1236 et

638 1278 823 1329 mullos
851 1275 1101 1332 reducent.
1134 1276 1186 1331 6.
1216 1277 1448 1329 Audituri
1493 1278 1621 1329 enim
1659 1276 1771 1328 (stis
1799 1276 1974 1344 pra'h'a
2012 1283 2056 1327 et
2089 1274 2202 1341 opi-

638 1368 809 1421 niones
840 1368 1146 1437 pra'liorum.
1191 1366 1363 1420 Videte
1392 1384 1452 1420 ne
1500 1366 1760 1419 turbemini
1788 1382 1806 1419 :
1835 1375 2027 1433 Oportet
2070 1367 2203 1418 enim

640 1459 745 1512 [nec
788 1458 915 1527 ﬁeri,
950 1459 1036 1511 sed
1074 1458 1296 1512 nondum
1327 1469 1396 1512 est
1425 1458 1559 1525 linis.
1590 1458 1721 1523 Quia
1751 1456 1891 1511 cnim
1919 1458 1987 1509 ita
2028 1455 2201 1509 affecti

637 1558 806 1613 erant,
836 1560 891 1604 ut
914 1550 1221 1619 supplicium
1250 1550 1593 1620 Jerosolymte
1622 1536 1948 1603 inferendum
1970 1547 2200 1601 alienum

638 1658 665 1693 a
696 1657 753 1695 se
778 1657 895 1696 esse
924 1652 1187 1710 putarent,
1213 1650 1266 1695 ct
1290 1641 1439 1711 quasi
1466 1641 1564 1709 ipsi
1594 1649 1748 1694 extra
1773 1640 2026 1694 tumultus
2044 1638 2200 1693 futuri

636 1743 831 1797 essent,
875 1734 940 1788 de
970 1734 1235 1803 prosperis
1265 1734 1436 1787 solum
1480 1732 1813 1801 cogitabant,
1859 1746 1977 1802 quae
2024 1730 2200 1784 omnia

634 1827 740 1880 cito
767 1834 1015 1880 eventura
1058 1840 1178 1880 esse
1219 1825 1617 1896 exspectabant.
1650 1822 1772 1878 ideo
1816 1822 1946 1892 ipsis
1992 1836 2199 1876 rursum

634 1918 808 1984 gravia
842 1918 1177 1985 prirnuutiat,
1211 1916 1466 1970 sollicitos
1495 1913 1724 1969 reddens
1745 1954 1762 1980 ,
1803 1922 1856 1968 et
1897 1912 2092 1982 duplici
2134 1912 2201 1966 de

634 2022 787 2061 causa
817 2007 1032 2078 vigilare
1054 2008 1265 2075 iubens,
1296 2015 1351 2060 ut
1385 2016 1606 2075 neque‘a
1634 2005 1837 2059 fallacia
1863 2004 2199 2059 seductorum

632 2098 1159 2162 circumvenirentur,
1186 2112 1355 2167 neque
1384 2113 1449 2152 ex
1475 2098 1523 2151 vi
1554 2096 1908 2167 ingruentium
1941 2096 2198 2149 malorum

634 2190 1002 2246 obruerentur.
1046 2190 1280 2259 Duplex,
1314 2190 1515 2261 inquit,
1542 2189 1740 2245 bellum
1786 2191 1919 2261 erit,
1953 2189 2197 2243 seducto-

635 2300 749 2337 rmn
794 2293 846 2336 ct
884 2282 1246 2345 inimicorum;
1274 2280 1366 2337 scd
1418 2282 1562 2350 prius
1614 2282 1782 2336 multo
1822 2284 2033 2350 gravius
2075 2280 2196 2341 erit,

633 2381 814 2443 utpote
838 2373 991 2443 quod
1033 2375 1241 2429 eveniat
1266 2374 1318 2428 in
1356 2373 1667 2429 confusione
1706 2385 1759 2428 et
1806 2373 2200 2442 perturbatione

631 2479 829 2529 rerum,
878 2463 1179 2519 hominibus
1230 2466 1527 2535 perterritis
1571 2474 1731 2535 atque
1778 2466 2015 2520 turbatis.
2069 2466 2196 2519 N-nn

634 2565 754 2608 tunc
781 2553 940 2607 multa
966 2563 1246 2624 tempestas
1264 2554 1438 2610 futura
1466 2555 1867 2621 erat,Romanis
1894 2556 2196 2626 imperanti-

633 2644 751 2711 bus,
778 2646 944 2714 captis
973 2647 1208 2713 urbibus,
1250 2649 1529 2703 eointnotis
1555 2648 1874 2704 exercitibus
1909 2660 1964 2705 et
2011 2650 2193 2713 armis,

634 2736 917 2806 multisque
962 2736 1113 2793 facile
1154 2739 1553 2795 credentibus‘.
1603 2738 1743 2794 Bella
1775 2754 1899 2794 vero
1922 2740 2193 2811 Jerosoly-

631 2826 824 2880 ntitana
857 2828 1001 2893 dicit,
1046 2846 1149 2882 non
1194 2838 1366 2883 autem
1411 2840 1655 2885 extranea
1692 2831 1794 2905 alia
1845 2832 2036 2901 ubique
2084 2843 2193 2886 ter-

631 2932 806 2971 rarum
835 2927 948 2972 orta
988 2937 1000 2971 :
1042 2920 1166 2990 quid
1198 2922 1336 2975 enim
1369 2921 1447 2975 eis
1476 2936 1617 2976 cura:
1644 2921 1711 2976 de
1746 2912 2025 2977 illiserat?
2052 2924 2195 2977 Alio-

628 3008 754 3076 quin
784 3007 910 3061 nihil
949 3010 1325 3067 novidicturus
1366 3020 1511 3076 erat,
1538 3012 1578 3065 si
1609 3014 1744 3066 mala
1781 3013 1924 3068 orbis
1949 3013 2189 3081 dixisset,

628 3114 745 3167 qua:
770 3115 975 3169 semper
1002 3104 1215 3158 evenire
1232 3104 1422 3159 solent.
1455 3104 1587 3159 Nam
1615 3115 1667 3158 et
1694 3112 1844 3159 antea
1874 3105 2010 3160 bella
2038 3116 2192 3159 erant

631 3193 882 3247 tumultus
904 3202 963 3257 et
978 3194 1151 3262 prmlia
1184 3213 1197 3248 :
1223 3211 1403 3249 verum
1422 3196 1639 3251 Iudaica
1666 3197 1805 3252 bella
1832 3212 1937 3252 non
1968 3197 2057 3252 diu
2075 3208 2195 3267 post

627 3298 843 3338 ventura
876 3286 1190 3353 praenuntiat
1222 3287 1368 3357 :jam
1410 3289 1547 3342 enim
1579 3288 1644 3342 dc
1675 3288 1819 3343 bello
1848 3305 1967 3343 eum
1996 3289 2190 3343 Roma-

628 3376 709 3428 nis
742 3375 951 3430 solliciti
980 3387 1150 3430 crant.
1189 3378 1449 3445 Quoniam
1484 3380 1649 3449 igitur.
1667 3380 1781 3434 haec
1810 3379 1929 3435 illos
1978 3380 2193 3435 turbare

630 3476 905 3533 poterant,
938 3466 1049 3521 iure
1076 3469 1249 3523 omnia
1278 3470 1535 3539 praedicit.
1583 3470 1779 3526 Deinde
1809 3472 2108 3541 signiﬁcans
2134 3486 2191 3527 se

624 3577 832 3631 quoque
858 3562 1069 3618 Judmos
1107 3580 1477 3634 aggressurum
1504 3604 1519 3630 ,
1551 3573 1604 3618 et
1630 3576 1811 3620 contra
1841 3566 1956 3618 illos
1994 3580 2193 3635 pugna-

626 3665 797 3708 turum
829 3672 965 3734 csse,
993 3651 1094 3712 non
1127 3673 1326 3727 pugnas
1350 3658 1523 3712 solum
1546 3668 1839 3722 memorat,
1871 3660 1963 3714 scd
1986 3669 2039 3714 ct
2059 3662 2193 3714 divi-

626 3746 764 3800 nitus
810 3747 1070 3800 immissas
1111 3748 1311 3818 plagas,
1360 3747 1573 3813 famem,
1634 3750 1978 3818 pestilentias,
2034 3761 2190 3805 terra:

625 3850 816 3898 motus,
849 3840 1131 3894 ostendens
1157 3855 1213 3896 se
1242 3824 1295 3895 et
1324 3842 1562 3897 inimicos
1588 3842 1835 3897 invadere
1857 3843 2061 3909 sivisse,
2098 3860 2189 3899 ne-

622 3945 722 3998 que
754 3931 863 3983 luce
897 3942 1091 3985 temrre
1125 3932 1254 3997 lieri,
1274 3933 1560 3987 secundum
1590 3943 1896 3988 consuetum
1921 3934 2056 4004 apud
2088 3934 2187 3988 bo-

624 4022 793 4075 mincs
822 4037 1043 4086 morem,
1078 4022 1169 4077 sed
1199 4039 1261 4076 ex
1289 4022 1465 4077 divina
1488 4023 1583 4077 ira.
1619 4023 1739 4077 Ideo
1768 4023 1881 4078 bzec
1924 4039 2031 4077 non
2060 4039 2183 4077 casu

626 4117 734 4170 fieri
757 4116 904 4181 dicit,
946 4125 1117 4184 neque
1141 4125 1394 4183 repente,
1442 4116 1533 4169 sed
1570 4125 1688 4185 post
1727 4116 1864 4169 edita
1911 4117 2081 4184 signa.
2114 4116 2190 4170 Ne

621 4210 857 4262 dicerent
882 4210 1019 4261 cnim
1051 4206 1240 4271 Judtci,
1273 4220 1385 4274 cos,
1416 4208 1504 4277 qui
1532 4216 1653 4262 tunc
1678 4208 1984 4271 credebant,
2020 4210 2183 4261 malo-

621 4319 733 4355 rum
778 4318 893 4356 ease
944 4316 1179 4368 causam,
1228 4301 1346 4356 ideo
1394 4314 1605 4354 causam
1653 4300 1780 4353 illati
1826 4300 1945 4354 mali
1978 4300 2186 4368 aperit:

618 4398 772 4449 Anien
796 4398 988 4467 quippe
1027 4398 1137 4449 dico
1168 4397 1319 4461 vobis,
1361 4405 1515 4451 antea
1566 4395 1791 4462 dixerat,
1833 4397 1948 4461 quia
1994 4397 2186 4450 venient

619 4489 721 4542 ha'c
743 4490 908 4541 omnia
931 4507 1079 4555 super
1099 4490 1464 4560 generationem
1490 4490 1637 4542 istam
1663 4489 1681 4561 (
1710 4487 1894 4541 Matth.
1925 4488 2009 4541 25.
2046 4488 2115 4541 '56
2143 4490 2183 4559 ),

618 4580 813 4633 eaedem
860 4580 924 4632 ab
954 4582 1081 4649 ipsis
1134 4590 1483 4649 pcrpetratam
1533 4596 1849 4635 memorans.
1884 4580 2080 4635 Deinde
2122 4597 2185 4634 ne

620 4676 797 4728 audito
834 4685 910 4728 tot
940 4675 1196 4729 malorum
1245 4677 1456 4729 incursu
1486 4684 1728 4744 putarent
1756 4674 2180 4740 pra‘dicationem

620 4765 1036 4821 labefactandam
1058 4781 1197 4839 esse,
1246 4767 1516 4835 subjunx'tt
1544 4782 1557 4817 :
1599 4763 1767 4819 Videte
1792 4783 1852 4819 ne
1874 4766 2135 4818 turbemini
2167 4782 2183 4816 :

616 4869 806 4927 rportet
834 4858 961 4911 enim
988 4857 1095 4909 [nec
1120 4859 1229 4924 ﬁeri
1256 4874 1275 4910 :
1305 4857 1353 4910 id
1397 4865 1505 4921 est,
1559 4871 1674 4926 quce
1712 4872 1810 4925 ego
1857 4857 2095 4925 prce-diti,
2126 4870 2186 4907 ac

616 4950 962 5003 tentationum
993 4951 1232 5002 incursus
1266 4964 1349 5004 res
1394 4964 1422 5002 a
1468 4966 1550 5002 me
1582 4950 1859 5017 praedictas
1885 4964 1987 5003 non
2019 4949 2182 4999 inter-

614 5044 844 5115 turbabit
872 5061 885 5095 :
918 5044 1009 5097 sed
1040 5044 1137 5097 erit
1179 5044 1390 5111 quidem
1434 5045 1685 5096 tumultus
1730 5052 1781 5096 et
1838 5042 2177 5110 perturbatio,

612 5153 727 5205 quin
757 5136 963 5188 oracula
996 5150 1108 5187 mea
1155 5150 1256 5186 non
1287 5136 1545 5202 quatiant.
1595 5132 1794 5185 Deinde
1842 5130 1959 5199 quia
1989 5130 2185 5183 Jndicis

611 5230 818 5280 disrrat
848 5244 859 5279 :
898 5226 1013 5280 Non
1044 5245 1117 5279 me
1143 5227 1368 5279 videbitis
1390 5227 1568 5277 uinodo
1610 5228 1763 5278 donec
1791 5226 1986 5287 dicatis,
2018 5223 2180 5275 Bene-

613 5322 771 5371 dictus
802 5322 883 5387 qui
932 5324 1058 5373 venit
1087 5322 1136 5371 in
1184 5321 1382 5372 nomine
1409 5317 1612 5371 Domini
1640 5322 1656 5386 (
1693 5317 1875 5370 Matth.
1908 5318 1996 5371 ‘23.
2027 5317 2095 5371 '59
2126 5320 2176 5385 );

614 5413 969 5478 putabamque
998 5412 1238 5479 discipuli
1270 5427 1387 5464 rum
1416 5410 1625 5464 excidio
1657 5411 1813 5463 etiam
1835 5426 2141 5463 consumma
2162 5442 2178 5449 -

612 5512 621 5549 τ
655 5519 807 5553 unum
836 5504 964 5562 fine,
1000 5503 1133 5554 banc
1166 5520 1345 5557 eorum
1377 5504 1682 5571 opinionem
1704 5504 1994 5573 corrigens,
2030 5503 2174 5555 dice~

609 5594 693 5645 bat
729 5612 741 5645 :
775 5595 879 5649 Sed
920 5595 1141 5645 nondum
1170 5597 1389 5664 est/iiiis.
1419 5597 1567 5661 Quod
1609 5605 1781 5648 autem
1832 5594 1879 5648 id
1908 5594 2046 5663 quod
2081 5610 2175 5661 ego

665 5753 681 5785 ¹
718 5760 827 5817 Alii,
854 5756 1103 5818 multisque
1126 5756 1235 5805 aliis
1287 5753 1565 5805 instantibus
1602 5756 2006 5819 perturbationrrtn
2061 5764 2170 5800 run-

606 5826 685 5863 $78.

1337 340 1391 399 s.
1431 340 1704 398 tt)thle
1740 332 2213 394 cunrsosront
2254 332 2566 393 AllClliEP.
2606 340 3130 405 CUNSTANTINOP.

3784 359 3900 413 633’

2318 448 2423 505 divi
2458 455 2871 525 .suSpicarentur,
2926 477 2991 516 ex
3032 479 3213 518 eorum
3261 466 3674 536 interrogatione
3716 472 3877 524 diue.

2313 546 2450 612 Quid
2481 548 2619 601 enim
2669 551 3105 623 interrogabant?
3156 558 3369 622 Quando
3417 561 3523 615 hcce
3563 566 3749 616 rruut.’
3788 566 3887 617 hoc

2312 652 2414 705 εει,
2446 640 2785 709 Quandomnn
2817 644 3140 718 ierosolyma
3168 652 3398 718 peribit?
3425 650 3493 705 Et
3522 654 3658 722 quod
3691 654 3885 723 signant

2312 734 2549 789 adventus
2571 737 2643 787 tui
2668 746 2712 789 et
2738 736 3179 795 consummationis
3215 743 3425 797 siccati?
3453 743 3569 813 Ipse
3600 762 3727 800 vero
3757 746 3844 797 nili
3872 747 3885 797 ι

2311 826 2486 878 statim
2514 825 2577 879 ad
2604 824 2741 881 hanc
2785 829 3249 899 interrogationem
3276 834 3580 903 respondit;
3612 836 3707 890 sed
3742 838 3887 905 prius

2312 914 2397 968 illa
2425 914 2553 971 dicit
2578 932 2695 985 qua:
2724 919 2839 987 plus
2875 919 3129 976 intererat
3171 922 3394 979 discere.
3439 921 3622 1007 Neque
3648 928 3791 981 enim
3820 927 3887 983 de

2309 1008 2654 1080 Jerosolymis
2691 1012 2889 1075 statim,
2938 1030 3109 1084 neque
3155 1016 3223 1072 de
3250 1018 3483 1071 secundo
3512 1034 3610 1072 suo
3654 1020 3887 1074 adventu

2320 1099 2557 1170 bquutus
2586 1114 2687 1166 est,
2717 1107 2810 1160 sed
2843 1106 2910 1161 de
2936 1108 3089 1163 malis
3120 1126 3235 1178 qum.
3257 1110 3366 1178 jam
3399 1112 3637 1180 proxima
3691 1121 3875 1172 erant,

2330 1193 2530 1262 deoque
2555 1195 2675 1249 illos
2704 1198 2959 1251 sollicitos
2980 1199 3152 1254 reddit
3190 1202 3375 1255 dicens
3412 1200 3626 1255 :Carete
3670 1220 3733 1255 ne
3774 1206 3887 1265 quis

2306 1299 2391 1337 vos
2415 1285 2640 1342 seducet.
2673 1286 2826 1342 .ilulti
2850 1290 2979 1344 enim
3006 1292 3199 1346 venient
3230 1293 3281 1345 in
3311 1293 3509 1347 nomine
3539 1310 3649 1347 mro
3671 1336 3685 1358 ,
3714 1296 3889 1347 dicen-

2307 1386 2376 1429 tes
2403 1393 2422 1430 :
2446 1375 2559 1448 Ego
2582 1394 2691 1431 sum
2715 1378 2963 1436 Christus.
2983 1382 3179 1437 Deinde
3206 1386 3442 1438 excitans
3467 1385 3582 1437 illus
3604 1385 3670 1437 ad
3696 1384 3884 1438 barum

2305 1483 2480 1523 rerum
2502 1469 2759 1535 auditum,
2788 1471 2981 1537 Cavete,
3015 1474 3203 1544 inquit,
3228 1475 3414 1543 nequis
3438 1491 3521 1529 ros
3550 1476 3760 1529 reducat
3786 1492 3803 1527 :
3832 1488 3887 1530 et

2305 1574 2425 1614 cum
2445 1560 2698 1616 sollicitos
2718 1572 2875 1633 atque
2892 1562 2957 1616 ad
2980 1565 3298 1633 vigilandum
3314 1577 3524 1634 paratus
3539 1566 3883 1629 reddidisset,

2305 1664 2582 1723 postquam
2622 1654 2930 1711 seiluctores
2967 1667 3020 1712 et
3059 1657 3515 1725 psemlo—cliristos
3543 1660 3880 1719 mc:t:m‘:trit,

2306 1752 2432 1801 tunc
2474 1745 2929 1817 JerosMymorum
2986 1748 3117 1801 lltttiu
3162 1758 3359 1813 narrat,
3409 1750 3566 1804 exiis
3612 1766 3729 1816 qua:
3773 1751 3884 1817 jan

2305 1848 2591 1895 evenerant
2638 1837 2806 1891 futura
2864 1828 3109 1892 asserens
3138 1839 3275 1907 apud
3324 1840 3537 1894 insanos
3576 1850 3623 1895 et
3656 1851 3907 1894 contem-

2304 1932 2495 1983 tiosits.

2373 2020 2429 2075 2.
2474 2021 2613 2075 Bella
2641 2032 2815 2075 autem
2838 2033 2892 2076 et
2917 2022 3199 2091 opiniones
3227 2022 3506 2093 bellorum,
3530 2032 3586 2077 ut
3610 2023 3721 2092 jam
3744 2025 3877 2085 dixi,

2304 2112 2562 2166 tumultus
2583 2113 2669 2182 qui
2700 2113 2842 2181 ipsos
2873 2112 3104 2166 invasuri
3136 2121 3261 2166 sunt
3302 2094 3475 2168 vocat.
3514 2113 3716 2169 Deinde
3755 2117 3878 2185 quia

2306 2202 2579 2270 putabant.
2611 2213 2669 2257 ut
2695 2202 2805 2258 dixi
2833 2244 2846 2268 ,
2876 2213 2995 2272 post
3027 2202 3220 2257 bellum
3252 2204 3380 2258 illud
3432 2213 3715 2257 venturum
3757 2218 3881 2258 esse

2304 2294 2483 2359 finem,
2517 2294 2632 2349 vide
2657 2293 2923 2365 quomodo
2972 2291 3090 2347 illus
3136 2295 3483 2362 prmmuniat,
3517 2293 3703 2348 dicens
3731 2312 3744 2347 :
3776 2292 3883 2347 Sed

2304 2388 2525 2440 nondum
2554 2395 2626 2441 est
2654 2387 2789 2453 ﬁnis.
2838 2387 2889 2437 7.
2937 2383 3189 2455 ἱρεῖαι-σει
3238 2386 3389 2451 enim,
3442 2384 3630 2453 inquit,
3677 2401 3801 2456 gens
3827 2384 3883 2436 in

2302 2490 2495 2551 gentem
2517 2489 2560 2531 et
2586 2494 2797 2548 regnum
2822 2476 2874 2531 in
2913 2492 3138 2545 regnum.
3170 2474 3317 2530 Initia
3348 2469 3687 2529 .ludaieorum
3712 2474 3885 2528 malov

2304 2587 2420 2625 rum
2447 2571 2592 2624 dicit.
2616 2569 2667 2624 8.
2702 2568 2826 2623 Hinc
2852 2576 3015 2621 autent
3046 2568 3213 2620 omnia
3238 2568 3379 2620 initia
3408 2565 3767 2619 simtdolornm
3790 2580 3807 2625 ;
3827 2563 3878 2617 id

2301 2672 2403 2724 est,
2430 2677 2611 2716 eorum
2643 2662 2730 2731 qui
2776 2662 2903 2729 ipsis
2946 2659 3183 2716 eventuri
3232 2670 3375 2713 sunt.
3408 2659 3461 2713 9.
3503 2656 3646 2735 Tunc
3676 2656 3881 2710 tradent

2300 2769 2387 2807 vos
2417 2756 2465 2805 in
2497 2754 2886 2818 tribulationem,
2912 2765 2958 2807 et
3002 2754 3230 2806 occident
3255 2768 3359 2804 vos.
3393 2751 3703 2819 Opportune.
3728 2748 3874 2815 ipso—

2301 2860 2416 2898 rum
2443 2846 2575 2897 mala
2600 2845 2840 2909 inseruit,
2871 2860 2989 2914 qua:
3031 2858 3059 2896 a
3094 2840 3465 2898 communibus
3493 2840 3645 2893 malis
3674 2836 3875 2909 aliquid

2299 2936 2679 2990 consolationis
2702 2935 3007 3005 accipiunt;
3044 2949 3140 2988 nec
3172 2933 3295 2987 inde
3346 2942 3581 2995 tantum,
3617 2930 3712 2985 sed
3753 2931 3875 2999 quia

2298 3025 2515 3089 addidit,
2551 3024 2767 3095 Pr0pter
2804 3041 2981 3085 nomen
3028 3039 3229 3077 meum:
3254 3020 3414 3075 Erilis
3436 3022 3575 3075 enim
3601 3061 3618 3087 ,
3662 3019 3834 3089 inquit
3856 3058 3871 3082 ,

2297 3117 2413 3170 odio
2440 3115 2667 3169 omnibus
2693 3124 2896 3184 propter
2926 3131 3103 3168 nomen
3136 3129 3317 3166 meum.
3352 3112 3435 3167 10.
3471 3110 3611 3164 Tum:
3650 3111 3874 3162 scanda-

2297 3207 2581 3261 lizabuntur
2633 3207 2816 3273 multi,
2866 3215 2910 3258 et
2954 3206 3162 3257 invicem
3218 3205 3452 3268 tradent,
3490 3204 3574 3257 Η.
3629 3213 3672 3255 ct
3728 3202 3877 3255 multi

2298 3298 2689 3369 primulo-chriin
2713 3340 2727 3362 ,
2757 3307 2803 3350 et
2832 3296 3298 3366 pseudo-propheta:
3343 3304 3509 3359 enim,
3550 3303 3595 3346 et
3618 3294 3875 3371 ,τραπείη

2302 3395 2501 3444 inuitos.
2535 3386 2619 3442 19..
2660 3387 2722 3440 Et
2751 3388 2984 3455 quoniam
3003 3387 3274 3439 abundabit
3300 3385 3556 3452 iniquitas,
3585 3385 3873 3455 refrigescet
3924 3372 3937 3385 ⁸

2298 3481 2483 3533 raritas
2514 3480 2805 3533 multorum.
2841 3479 2926 3532 15.
2964 3476 3061 3542 Qui
3108 3487 3273 3529 autem
3305 3477 3689 3545 perseveraverit
3722 3492 3874 3545 usque

2298 3576 2346 3626 in
2375 3576 2550 3641 ﬁnem,
2576 3573 2656 3624 hic
2680 3573 2848 3625 salrns
2878 3573 2988 3625 erit.
3020 3570 3127 3624 Hoc
3157 3569 3328 3637 majus
3354 3569 3548 3622 malum
3578 3576 3661 3621 est
3682 3608 3696 3630 ,
3735 3570 3876 3621 inte-

2297 3669 2491 3721 stinum
2519 3679 2709 3734 nempe
2746 3664 2943 3719 bellum
2979 3684 2991 3719 :
3019 3662 3167 3717 multi
3218 3662 3357 3716 enim
3390 3659 3507 3714 falsi
3538 3658 3735 3714 fratres
3763 3657 3872 3712 fue-

2296 3770 2435 3817 runt.
2465 3760 2646 3813 Viden’
2666 3758 2851 3829 triplex
2888 3758 3105 3823 brllttm,
3138 3772 3165 3810 a
3187 3754 3575 3814 scductorilnts,
3599 3753 3668 3807 ab
3696 3753 3871 3807 inimi-

2293 3856 2389 3919 cis,
2418 3868 2444 3905 a
2469 3850 2616 3906 falsis
2645 3848 2927 3904 fratribus?
2956 3848 3085 3903 Vide
3115 3847 3333 3902 Paulum
3350 3847 3450 3900 ltoe
3466 3845 3830 3913 deplorantem
3854 3862 3868 3899 :

2297 3946 2446 4000 Foris
2477 3960 2679 4014 pugnat,
2712 3944 2844 3997 intus
2874 3942 3095 4007 timores,
3125 3951 3171 3994 et
3202 3941 3426 4009 pericula
3473 3938 3526 3990 in
3569 3938 3716 4007 falsis
3758 3940 3866 4007 fra-

2296 4039 2449 4091 tribus
2476 4037 2493 4105 (
2516 4037 2570 4089 2.
2595 4036 2710 4089 Cor.
2742 4036 2792 4089 7.
2836 4036 2887 4089 5.
2919 4044 2967 4088 et
3050 4035 3137 4087 il.
3165 4033 3237 4085 26
3262 4035 3278 4102 )
3304 4048 3318 4097 ;
3349 4046 3413 4087 ac
3438 4047 3647 4085 rursum
3676 4052 3687 4081 :
3716 4030 3868 4084 Tales

2294 4131 2421 4182 enim
2453 4126 2571 4196 falsi
2599 4126 2810 4195 apostoli
2836 4134 2969 4189 sunt,
2990 4125 3211 4193 operarii
3235 4124 3417 4188 dolosi,
3449 4123 3871 4190 trunsformautca

2294 4236 2345 4273 se
2369 4222 2418 4272 in
2444 4219 2694 4288 apostolos
2725 4217 2907 4271 Christi
2939 4220 2955 4287 (
2992 4214 3126 4269 Ibid.
3168 4217 3253 4269 il.
3302 4216 3368 4269 15
3393 4219 3428 4283 ).
3465 4214 3596 4269 Hinc
3655 4230 3866 4269 rursum

2294 4312 2343 4366 id
2390 4312 2528 4381 quod
2586 4312 2819 4364 omnium
2873 4306 3240 4379 gravissimum
3294 4316 3395 4371 est,
3449 4307 3589 4376 quod
3632 4308 3871 4361 caritatis

2291 4406 2706 4461 consolationem
2751 4421 2854 4456 non
2907 4402 3130 4456 habituri
3164 4403 3287 4455 sint.
3341 4400 3537 4453 Deinde
3577 4399 3870 4455 ostendens

2290 4512 2606 4567 generosum
2636 4506 2689 4548 et
2716 4497 2997 4561 patientem
3034 4492 3153 4546 hinc
3194 4492 3311 4545 la‘di
3356 4508 3459 4544 non
3495 4506 3667 4560 posse,
3700 4490 3775 4546 Ne
3804 4493 3869 4545 ti-

2293 4591 2479 4645 meatis
2500 4632 2513 4653 ,
2544 4588 2710 4658 inquit
2736 4630 2747 4649 ,
2780 4602 2950 4654 neque
2983 4585 3287 4639 turbemini.
3318 4583 3370 4638 Si
3398 4583 3540 4638 enim
3568 4598 3869 4653 congruen-

2293 4693 2395 4737 tem
2431 4680 2735 4749 patientiam
2770 4676 3135 4739 exltibueritis,
3181 4676 3293 4730 lure.
3322 4674 3456 4728 mala
3500 4690 3604 4730 non
3640 4690 3867 4744 supera-

2294 4776 2420 4827 bunt
2448 4787 2559 4826 vos.
2588 4772 2861 4839 Hujusque
2892 4769 2964 4822 rei
3008 4770 3148 4820 clara
3179 4764 3562 4820 demonstratio
3590 4775 3691 4831 est,
3724 4768 3865 4836 ipmd

2292 4864 2593 4932 prmdieatio
2620 4864 2814 4931 ubique
2846 4876 2939 4930 per
2959 4860 3140 4914 orbem
3173 4857 3422 4927 pervadat
3448 4875 3458 4910 :
3484 4856 3555 4911 ita
3588 4857 3865 4913 sublimi-i-

2291 4971 2375 5011 res
2397 4957 2567 5019 eritis,
2593 4971 2747 5025 quam
2780 4965 2833 5008 ut
2862 4955 2973 5007 iure
3020 4952 3151 5005 mula
3182 4951 3385 5020 possint
3431 4964 3527 5005 vos
3578 4951 3863 5017 attingere.

2293 5052 2367 5107 Ne
2389 5052 2625 5105 dicerent
2652 5049 2815 5111 enim,
2836 5045 3101 5115 quomodo
3123 5060 3247 5114 ergo
3280 5042 3558 5096 vivemus?
3585 5040 3706 5110 plus
3722 5041 3871 5093 addi-

2287 5146 2383 5206 dit,
2420 5143 2481 5195 Et
2510 5142 2696 5195 vivctis
2724 5150 2775 5193 et
2805 5140 2998 5205 ubique
3027 5135 3303 5191 docebitis.
3334 5133 3694 5201 Quamobrem
3724 5130 3868 5185 intu-

2290 5240 2349 5291 lit
2382 5253 2394 5289 :
2428 5237 2512 5290 li.
2585 5232 2953 5288 Prwdicabitur
3006 5232 3099 5283 hoc
3148 5229 3475 5297 Evangeliutn
3527 5225 3582 5279 in
3636 5226 3869 5278 universo

2289 5330 2474 5384 mundo
2501 5333 2545 5381 in
2577 5329 2908 5380 testimonium
2933 5322 3158 5377 amnibus
3188 5320 3410 5389 gentibus
3438 5334 3456 5371 :
3488 5328 3530 5371 et
3554 5328 3675 5370 tunc
3709 5319 3871 5371 meiut

2280 5424 2423 5490 ﬁnis,
2449 5432 2635 5483 nempe
2651 5407 3139 5485 consummationis
3154 5404 3649 5471 Hierosolymorum
3668 5401 3869 5468 ‘.Quod

2283 5515 2426 5568 enim
2499 5510 2564 5563 dc
2596 5507 2688 5559 illo
2722 5505 2827 5557 line
2884 5502 3101 5563 dixerit,
3150 5511 3202 5553 rt
3263 5498 3406 5568 quod
3439 5506 3566 5551 ante
3591 5497 3867 5550 excidium

2298 5602 2649 5667 lrlvangrlium
2681 5596 3029 5667 praedicatum
3059 5592 3241 5654 fuerit,
3269 5589 3392 5643 audi
3416 5590 3545 5658 quid
3564 5590 3709 5643 dicat
3734 5587 3872 5641 l'au-

2360 5735 2368 5760 ’
2396 5734 2437 5783 bl
2477 5735 2560 5779 uit.
2594 5740 2697 5792 ρπιςι
2726 5731 2960 5797 Savil.....
3008 5730 3147 5792 ﬂuis,
3183 5743 3275 5779 non
3307 5714 3757 5787 cousmnmution’a,
3781 5728 3866 5776 sed

2290 5797 2743 5861 [lutoso-ignarum
2788 5794 2919 5842 lum.
