4172 6486
183 494 288 548 iis!)

185 608 269 655 legs
295 623 306 657 :
338 602 398 657 ln
430 617 629 656 omnem
656 608 840 654 terram
867 591 1018 648 exivit
1056 600 1213 642 conn:
1251 595 1421 637 eorum
1453 577 1471 648 (
1506 576 1653 630 Rom.
1686 571 1773 627 10.

189 701 274 763 ιδ)
305 712 320 759 ;
351 705 404 748 et
423 707 661 753 rursum,
691 685 955 757 lioangelii
979 680 1114 754 quod
1134 676 1467 749 prtrdicatttm
1498 679 1568 724 est
1600 669 1650 722 in
1673 667 1788 720 uni-

185 759 334 842 rersa
365 797 596 841 creatura
620 797 734 852 qua:
761 781 850 834 sub
875 775 1000 832 calo
1029 783 1102 827 est
1149 768 1283 841 (Col.
1312 767 1365 821 1.
1387 764 1502 834 ‘23).
1534 762 1602 817 Et
1636 759 1786 852 vides

182 898 312 936 tum
347 875 700 948 Jerosolymis
745 874 794 927 in
841 865 1147 938 Hispaniam
1196 867 1524 916 currentem.
1555 853 1611 908 Si
1639 851 1784 907 enim

183 989 326 1030 unus
359 984 559 1027 tantam
588 969 733 1023 orbis
762 972 963 1036 partem
986 955 1284 1026 occupavit,
1312 953 1436 1006 hinc
1464 948 1636 1017 cogita
1667 960 1785 1012 quae

183 1067 278 1119 alii
319 1065 564 1119 fecerint.
615 1035 820 1115 Etenim
861 1054 980 1108 aliis
1018 1049 1260 1106 scribens
1296 1042 1491 1099 Paulus
1515 1040 1581 1094 de
1605 1035 1782 1089 Eran-

183 1161 332 1230 gelio
359 1157 590 1220 dicebat,
637 1150 778 1223 quod
820 1148 1048 1202 fructum
1083 1141 1217 1196 ferat
1244 1148 1296 1194 et
1325 1140 1533 1190 crescat
1562 1131 1612 1182 in
1640 1126 1785 1180 omni

185 1226 437 1309 creatura
469 1264 588 1319 quas
627 1247 726 1300 sub
751 1242 882 1298 czelo
913 1236 1033 1307 est(
1065 1235 1264 1289 lbid.v.
1300 1230 1398 1300 6).
1443 1226 1577 1294 Quid
1607 1232 1784 1277 autem

188 1347 322 1404 illud
356 1355 459 1408 est,
502 1341 568 1396 In
621 1335 956 1395 testimonium
999 1329 1231 1384 omnibus
1266 1320 1540 1395 gentibus?
1579 1315 1788 1384 Ubique

189 1439 542 1511 prtedicatum
589 1441 694 1497 est,
740 1428 834 1484 sed
869 1443 972 1480 non
1002 1436 1193 1477 omnes
1221 1415 1586 1476 crediderunt,
1613 1422 1787 1476 neque

189 1545 468 1602 receptum
498 1538 578 1583 est
607 1526 820 1593 ubique.
857 1519 919 1573 In
947 1512 1309 1573 testimonium,
1334 1506 1526 1577 inquit,
1556 1501 1659 1557 erit
1681 1515 1785 1553 non

189 1623 540 1681 credentibus
571 1637 586 1686 ;
617 1619 668 1672 id
700 1625 800 1679 est,
835 1615 885 1667 in
914 1607 1343 1678 redargutionem
1363 1642 1377 1663 ,
1410 1600 1461 1653 in
1487 1593 1786 1651 accusatio-

193 1731 343 1771 nem.
387 1712 451 1766 In
494 1708 831 1764 testimonium
856 1720 875 1757 :
903 1716 1023 1757 mut
1058 1698 1145 1768 qui
1178 1693 1524 1750 crediderunt
1550 1687 1791 1741 testium-

192 1811 342 1862 nium
373 1805 542 1859 ferent
565 1809 750 1856 c0utra
775 1813 866 1851 eos
898 1793 983 1865 qui
1017 1789 1234 1845 credere
1255 1784 1559 1844 noluerunt,
1581 1787 1632 1833 et
1662 1790 1792 1831 con-

192 1897 529 1955 demuahunt
557 1909 670 1949 eos.
707 1890 937 1959 Ideoque
972 1894 1250 1954 postquam
1278 1870 1622 1943 Evangelittm
1650 1883 1790 1938 prtu-

187 1992 429 2046 dieatum
464 1987 559 2040 fuit
587 1999 680 2054 per
709 1989 875 2035 totum
907 1976 1114 2036 orbem,
1139 1969 1469 2038 Jerosolyma
1496 1961 1788 2032 perierunt,

195 2096 256 2138 ut
279 2099 346 2137 ne
368 2051 614 2136 umbram
637 2074 853 2145 quidem
901 2065 1262 2125 excusationis
1290 2058 1481 2130 ingrati
1510 2055 1588 2110 illi
1623 2051 1792 2107 habe-

195 2183 337 2230 rent.
369 2172 502 2229 Nam
535 2167 621 2238 qui
643 2166 888 2220 viderunt
909 2160 1025 2231 ejus
1047 2154 1335 2227 potentiam
1365 2149 1559 2219 ubique
1589 2145 1794 2213 fulgen-

196 2277 330 2330 tem,
363 2271 418 2317 et
444 2260 594 2332 quasi
647 2257 702 2312 in
764 2263 1044 2310 momento
1103 2249 1235 2302 orbe
1293 2245 1566 2315 potitant,
1631 2247 1791 2305 quam

197 2357 413 2413 veniant
446 2352 672 2406 habeant
698 2349 748 2401 in
769 2345 964 2401 duritie
988 2336 1303 2397 manentes?
1329 2333 1482 2402 Quod
1510 2331 1654 2387 enim
1679 2325 1795 2382 ubi-

196 2463 302 2519 que
336 2457 462 2518 tunc
490 2439 832 2512 [medicatum
862 2434 1041 2496 fuerit,
1080 2430 1200 2484 audi
1237 2425 1496 2483 Paulum:
1535 2417 1797 2490 Evangelii

197 2540 337 2611 quod
359 2515 686 2608 praedicatum
712 2541 785 2587 est
814 2531 866 2583 in
895 2528 1128 2581 universa
1156 2530 1410 2582 creatura,
1429 2530 1542 2586 qua:
1561 2513 1652 2568 sub
1673 2509 1798 2565 ca'lo

200 2645 272 2686 cst
305 2630 468 2702 (Ibid.
500 2645 547 2683 ιν.
573 2627 688 2692 ‘25).
717 2623 867 2692 Quod
899 2619 1095 2677 Christi
1116 2616 1366 2689 potentia:
1397 2611 1686 2666 maximum
1717 2612 1800 2660 est

201 2731 598 2795 argumentum,
625 2718 766 2790 quod
791 2716 1034 2772 doctrina
1063 2711 1217 2766 annis
1247 2707 1428 2778 viginti
1455 2704 1542 2759 vel
1559 2702 1796 2772 triginta,

200 2793 352 2872 orbis
382 2815 636 2871 terminos
680 2809 995 2882 pervaserit.
1051 2806 1177 2860 Post
1220 2802 1337 2856 hzec
1387 2800 1566 2870 igitur.
1610 2793 1795 2864 inquit,

202 2911 386 2966 veniet
415 2908 536 2963 linis
563 2903 1040 2973 lerosolymorum.
1074 2894 1224 2965 Quod
1255 2892 1396 2948 enim
1427 2890 1529 2944 hoc
1554 2884 1797 2942 subindi-

203 3011 311 3068 cet,
341 3008 563 3071 arguunt
593 2995 886 3066 sequentia.
913 2991 1103 3047 Attulit
1147 2987 1290 3043 enim
1340 2979 1671 3053 prophetiam
1701 3020 1710 3037 .
1743 2983 1801 3028 ut

203 3095 325 3164 ejus
351 3091 617 3147 excidium
649 3094 937 3151 assereret,
969 3083 1147 3150 aitque
1177 3096 1190 3132 :
1226 3077 1311 3132 15.
1343 3077 1467 3129 (ium
1511 3082 1679 3124 autem
1721 3068 1798 3120 oi-

205 3185 380 3239 dcritis
407 3181 830 3237 abominationem
872 3172 1216 3234 dcaolationis,
1265 3183 1379 3239 qua:
1422 3165 1556 3218 dicta
1602 3171 1673 3217 est
1715 3176 1802 3228 per

208 3278 476 3334 Danielcm
504 3274 823 3345 prapltctam,
854 3277 1066 3322 stantem
1108 3265 1160 3316 in
1191 3263 1299 3317 loco
1320 3269 1495 3316 sancto
1523 3274 1540 3313 :
1567 3256 1652 3327 qui
1683 3254 1802 3324 legit

205 3369 456 3439 intelligat
518 3363 678 3436 (Dan.
708 3364 763 3418 9.
786 3361 901 3430 27).
942 3357 1031 3430 Ad
1081 3355 1351 3410 Dauielem
1405 3351 1526 3405 illos
1572 3348 1800 3404 remisit.

208 3457 676 3514 Abominatiouent
707 3464 884 3509 autem
928 3458 1084 3506 vocat
1125 3456 1354 3504 statuam
1391 3443 1506 3514 ejus
1543 3441 1635 3512 qui
1677 3449 1804 3493 tunc

207 3557 397 3610 urbem
427 3559 675 3622 ceperat,
709 3564 867 3621 quam
898 3545 1133 3601 desolata
1167 3542 1298 3596 urbe
1336 3549 1392 3595 et
1434 3537 1634 3606 templo
1661 3536 1804 3589 intus

211 3647 431 3719 posuit,
485 3658 649 3714 quare
713 3639 1168 3696 abominationcm
1226 3630 1576 3690 desolationis
1625 3635 1800 3682 vocat.

213 3738 416 3795 Deinde
447 3746 502 3792 ut
524 3737 808 3799 discerent,
830 3732 943 3786 hzee
969 3731 1138 3782 futura
1163 3740 1303 3790 esse,
1324 3721 1593 3778 nonnullis
1616 3732 1806 3775 eorum

209 3833 386 3890 adhuc
416 3830 711 3886 viventibus
730 3868 746 3893 ,
776 3827 910 3881 dixit
934 3842 946 3877 :
974 3825 1098 3879 Cum
1138 3820 1359 3876 videritis
1384 3816 1806 3872 abominationem

210 3915 561 3981 desolationis.

283 4019 341 4072 5.
376 4016 541 4084 Quam
570 4011 796 4082 difﬁcilia
825 4018 1051 4077 tempora
1078 4002 1454 4078 pradicationis
1483 3997 1806 4070 evangelica.

212 4109 460 4166 -—-Unde
491 4107 994 4179 quissummopere
1042 4101 1268 4155 miretur
1307 4095 1506 4152 Christi
1556 4095 1808 4149 virtutem

215 4205 540 4271 il'orumque
570 4199 931 4254 fortitudinem
955 4237 969 4260 ,
1002 4193 1144 4265 quod
1178 4191 1373 4246 talibus
1403 4185 1812 4259 praedicavcrint

216 4293 549 4363 temporibus
575 4333 589 4356 ,
619 4290 813 4359 quibus
839 4289 1068 4342 maxime
1088 4283 1310 4340 Judaica
1341 4280 1807 4350 impugnabantur,

214 4388 433 4460 quando
459 4386 625 4440 Juda-i
654 4394 710 4438 ut
733 4381 970 4438 seditiosi
999 4377 1442 4442 observabuntur,
1471 4374 1812 4444 jusseratque

214 4485 400 4538 Guar
425 4493 613 4534 omnes
646 4472 1010 4532 exterminari.
1044 4470 1385 4541 Idipstttnque
1423 4465 1644 4528 accidit,
1675 4478 1736 4519 ac
1766 4461 1810 4517 si

216 4574 361 4646 quis,
387 4570 519 4627 ntari
546 4569 781 4639 undique
808 4566 1060 4644 excitato,
1091 4573 1142 4618 et
1182 4561 1409 4632 caligine
1435 4567 1600 4612 totum
1631 4570 1811 4612 aerem

217 4673 552 4734 occupante,
599 4659 892 4731 naufragiis
944 4653 1348 4727 frequentibus,
1402 4667 1524 4708 cum
1567 4657 1814 4704 vectores

218 4774 411 4816 omnes
443 4756 765 4818 dissideant,
799 4761 853 4808 et
878 4759 1114 4806 monstra
1147 4747 1352 4801 marina
1373 4758 1542 4814 supra
1571 4735 1811 4812 surgant,

219 4871 342 4926 quae
367 4851 526 4906 simul
555 4866 674 4904 cum
707 4846 953 4902 ﬂuetibus
980 4845 1291 4912 navigantes
1319 4837 1685 4908 pessumdent,
1716 4834 1814 4889 ful-

222 4948 458 5001 minibus
497 4942 742 5006 cmissis,
773 4939 958 5009 piratis
999 4933 1370 4991 invadentibus
1391 4974 1404 4994 .
1433 4940 1486 4986 et
1511 4928 1816 4985 vectoribus

220 5043 321 5096 sibi
353 5049 538 5094 mutuo
569 5033 960 5096 insidiantibus,
996 5030 1241 5086 homines
1267 5023 1618 5096 navigationis
1645 5023 1815 5091 impe-

224 5136 449 5206 peritos,
481 5130 570 5202 qui
603 5145 701 5185 nec
736 5143 881 5182 mare
921 5123 1196 5186 noverint,
1223 5120 1408 5192 jubeat
1436 5117 1504 5173 ad
1549 5116 1817 5189 guberna-

222 5227 342 5281 cula
386 5225 608 5287 sedere,
649 5220 824 5276 navim
929 5217 1153 5273 bernare
1178 5223 1231 5269 et
1261 5225 1531 5283 pugnare,
1564 5209 1817 5280 classem-

221 5331 330 5386 q~te
361 5313 634 5384 ingentem
661 5325 723 5364 ex
750 5308 978 5364 adverso
1001 5306 1331 5370 venientem,
1351 5307 1637 5378 validoque
1663 5321 1822 5362 exer-

222 5407 336 5466 citu
387 5409 736 5472 instructam,
778 5404 1027 5461 navicula
1068 5419 1174 5458 una
1217 5418 1367 5468 usos,
1407 5404 1459 5458 in
1494 5419 1601 5474 qua
1639 5411 1817 5472 tanta,

225 5516 283 5560 ut
344 5503 498 5567 dixi,
552 5499 802 5557 conlusio
853 5505 1009 5561 erat,
1075 5512 1271 5567 capere
1329 5505 1381 5550 ct
1444 5497 1818 5564 submergere.

227 5599 362 5653 Nam
412 5614 440 5652 tt
487 5596 742 5668 gentibus
781 5593 909 5648 odio
962 5592 1304 5647 habebantur
1336 5600 1393 5645 ttt
1434 5589 1606 5645 Judzei
1641 5631 1656 5655 ,
1705 5601 1759 5645 et
1793 5605 1821 5643 a

228 5692 432 5746 Judaeis
481 5689 884 5756 lapidahautur.
929 5693 990 5738 ιιι
1033 5683 1126 5754 qui
1169 5696 1298 5736 suas
1340 5683 1484 5752 leges
1528 5678 1824 5751 imp‘ugna-

231 5792 390 5835 rent:
452 5792 725 5849 nusepta'u
779 5791 908 5830 vero
961 5783 1106 5828 stare
1155 5782 1426 5843 poterant.
1487 5772 1578 5826 Sic
1637 5771 1822 5824 omnia

237 5872 766 5946 pt‘mcipilia,~‘t‘opull
787 5881 990 5926 etsaxa
1024 5870 1244 5925 latentia
1274 5877 1450 5929 erant.
1480 5869 1534 5922 in
1575 5867 1827 5930 urbibus,

240 5971 292 6026 iu
318 5972 474 6032 rit-is,
501 5971 552 6021 iu
596 5967 874 6028 domibus,
917 5963 1226 6034 singulique
1270 5963 1394 6019 illos
1433 5963 1569 6016 bello
1601 5961 1830 6032 impete-

1118 471 1182 529 IN
1219 462 1629 525 MATTWEUM
1673 455 1912 518 HOMlL.
1952 459 2169 516 LXXV.
2211 456 2285 514 al.
2327 451 2565 510 LXXVI.

3385 448 3487 498 ouo

1893 574 2048 640 baut,
2067 576 2201 641 dux,
2221 573 2500 645 princeps,
2520 569 2790 638 privatus,
2807 572 2997 636 gentes
3017 563 3259 633 integrzr.
3311 560 3500 636 populi

1893 683 2108 733 omnes,
2133 676 2186 721 et
2212 663 2553 734 perturbatio
2570 668 2689 714 erat
2708 665 2913 727 quanta
2935 670 3036 710 nec
3053 656 3222 721 possit
3245 651 3491 704 oratione

1903 767 2178 839 explicari.
2211 765 2343 819 Nam
2377 777 2625 832 perosum
2669 762 2824 830 plane
2866 774 2982 814 erat
3013 757 3292 813 Judatcum
3335 770 3508 829 genus

1903 860 1954 912 in
2005 860 2250 914 Romano
2294 857 2519 924 imperio
2545 896 2557 918 ,
2589 853 2732 922 quod
2763 849 2910 906 mille
2951 853 3160 920 negotia
3191 852 3500 904 [διανεκεῖ-ει.

1901 950 2083 1021 Neque
2115 959 2290 1003 tatneu
2322 945 2446 1002 inde
2475 942 2838 1015 przrdicationi
2864 941 3158 997 nocebatur
3187 959 3199 992 :
3226 940 3319 996 sed
3347 948 3504 1009 capta

1903 1046 2036 1099 urbe
2066 1055 2226 1114 atque
2250 1051 2486 1097 cremata
2510 1081 2524 1106 ,
2557 1056 2618 1093 ac
2644 1046 2800 1110 gente
2833 1037 2883 1090 vi
2915 1036 3178 1090 malorum
3208 1049 3463 1104 appressa
3486 1074 3501 1096 ,

1904 1137 2024 1190 inde
2055 1135 2276 1205 profecti
2309 1133 2558 1205 apostoli,
2593 1132 2679 1199 qtti
2716 1144 2880 1186 noras
2906 1127 3229 1183 inducebant
3261 1127 3404 1191 leges
3437 1125 3452 1156 ¹
3485 1166 3501 1190 ,

1902 1229 2157 1283 Romanis
2185 1228 2534 1297 imperarunt.
2559 1225 2604 1280 0
2642 1213 2727 1279 les
2766 1236 2932 1276 noras
2971 1230 3020 1275 et
3049 1217 3341 1288 stupendas
3372 1215 3504 1271 llu-

1901 1322 2138 1375 dmorum
2170 1320 2446 1373 innumera
2476 1317 2641 1372 millia
2666 1315 2893 1371 Romani
2919 1318 3200 1382 ceperunt,
3223 1319 3275 1364 et
3303 1307 3506 1362 duode-

1899 1416 2002 1470 cim
2033 1415 2176 1469 viros
2205 1415 2421 1468 vincere
2453 1426 2557 1466 non
2590 1416 2897 1479 potuerunt,
2921 1406 3010 1477 qui
3046 1404 3170 1459 ttttdi
3198 1402 3314 1457 sine
3340 1401 3505 1454 armis

1899 1524 2020 1563 etttn
2052 1507 2182 1575 ipsis
2209 1504 2517 1576 pugnabant
2544 1505 2556 1556 l
2591 1502 2723 1571 Quis
2750 1514 2934 1555 sermo
2966 1497 3134 1568 possit
3166 1503 3369 1549 tantum
3399 1493 3503 1546 nti-

1901 1600 2140 1656 raeulum
2164 1595 2514 1654 describere?
2539 1597 2652 1650 lluo
2675 1593 2815 1649 enim
2844 1593 2958 1647 haec
2981 1588 3300 1646 docentibus
3327 1584 3507 1639 inesse

1900 1703 2148 1764 oportet,
2185 1701 2240 1747 ut
2288 1690 2390 1747 fide
2433 1689 2577 1760 digni
2631 1689 2732 1743 sint
2761 1731 2774 1753 ,
2805 1697 2859 1742 et
2910 1693 2972 1740 ut
3023 1683 3129 1738 sint
3171 1678 3508 1739 auditoribus

1899 1788 2034 1857 grati
2070 1803 2082 1838 :
2116 1785 2180 1839 ad
2214 1785 2327 1839 haec
2356 1798 2482 1838 vero
2505 1825 2519 1847 ,
2550 1792 2607 1837 ut
2633 1782 2873 1837 doctrina
2903 1779 3024 1857 tatis
3049 1779 3156 1842 sit,
3199 1791 3319 1846 qum
3353 1772 3508 1828 facile

1901 1879 2232 1942 admittatur,
2267 1879 2590 1946 insuperque
2621 1885 2676 1930 ut
2709 1852 2923 1944 tempus
2946 1873 3014 1928 sit
3043 1871 3270 1927 tumultu
3295 1878 3350 1923 et
3381 1881 3506 1936 per-

1903 1973 2204 2028 turbatione
2259 1987 2505 2027 vacuum.
2558 1970 2710 2024 Tunc
2767 1977 2945 2023 autem
3006 1968 3183 2020 omnia
3233 1961 3504 2020 contraria

1902 2074 2075 2121 erant.
2110 2065 2292 2134 Neque
2321 2063 2462 2118 enim
2494 2063 2596 2117 fide
2625 2062 2769 2132 digni
2812 2075 2931 2116 esse
2963 2058 3282 2113 ridebantur
3303 2098 3318 2122 ,
3351 2054 3504 2109 illos-

1901 2171 2004 2229 que
2030 2159 2116 2228 qui
2144 2156 2349 2226 decepti
2381 2154 2594 2211 fuerant
2633 2154 2701 2208 ab
2733 2154 2797 2207 iis
2840 2153 2930 2223 qui
2985 2151 3089 2206 fide
3121 2149 3278 2219 digna
3323 2146 3506 2202 dicere

1903 2249 2248 2320 putabantur,
2283 2264 2314 2302 a
2353 2263 2412 2302 se
2441 2247 2758 2302 avertebant
2790 2264 2803 2300 :
2835 2262 2939 2298 non
2967 2241 3363 2313 diligebantur;
3397 2239 3508 2294 itno

1903 2344 2029 2400 odio
2079 2343 2447 2406 habebantur;
2479 2340 2545 2394 ab
2588 2340 2651 2394 iis
2694 2353 2815 2410 qua:
2859 2336 3093 2392 maxime
3121 2333 3314 2404 placita
3353 2338 3511 2386 erant

1903 2435 2258 2498 abducebant,
2294 2449 2322 2486 a
2349 2431 2760 2496 consuetudine,
2789 2444 2819 2483 a
2849 2428 3040 2499 patria.
3063 2442 3092 2481 a
3118 2423 3343 2497 legibus.
3373 2422 3510 2477 Pne

1903 2539 2054 2597 cepta
2081 2527 2213 2582 dura
2246 2525 2589 2595 difliciliaque
2615 2531 2810 2590 erant,
2843 2537 2962 2594 qua:
2991 2535 3121 2576 vero
3151 2515 3512 2588 prohibebant

1906 2622 2178 2691 voluptate
2205 2621 2380 2690 plena.
2411 2618 2571 2674 Multa
2605 2628 2714 2673 tum
2760 2616 2893 2687 ipsi,
2930 2623 3039 2670 tum
3071 2613 3310 2684 ipsorum
3340 2609 3509 2665 disci-

1906 2716 2012 2785 puli
2061 2713 2311 2768 Sttbibaltt
2351 2713 2582 2782 pericula
2605 2753 2619 2776 ,
2653 2710 2850 2765 multas
2885 2715 3120 2773 mortes;
3153 2720 3217 2762 ac
3256 2720 3380 2760 cum
3424 2703 3512 2758 his

1905 2807 2154 2863 omnibus
2184 2816 2393 2876 tempus
2424 2821 2670 2874 magnam
2698 2801 2955 2858 afferebat
2980 2798 3374 2863 difficultatem,
3405 2796 3511 2852 bel-

1907 2901 1972 2955 lis
2004 2900 2206 2955 scilicet
2244 2899 2580 2969 tumultuque
2631 2897 2884 2966 plenum;
2917 2894 2984 2948 ita
3017 2902 3075 2948 ut
3115 2891 3216 2946 etsi
3255 2889 3386 2943 nihil
3419 2903 3511 2942 su-

1908 2994 2264 3065 pradictorum
2316 2991 2573 3046 adfuisset
2598 3033 2613 3056 ,
2649 2991 2772 3045 hinc
2816 2988 2992 3043 omnia
3030 2985 3231 3042 turbari
3265 2990 3507 3054 possent.

1905 3088 2218 3158 Opportune
2270 3085 2478 3140 dicatur
2510 3101 2522 3136 :
2557 3083 2684 3151 Qui:
2714 3083 2946 3150 loquetur
2985 3078 3235 3148 potentias
3276 3073 3508 3138 Domini,

1906 3183 2106 3235 auditos
2152 3180 2299 3250 faciet
2326 3194 2497 3232 omnes
2523 3176 2699 3231 laudes
2725 3179 2833 3244 ejus
2860 3173 2879 3246 (
2915 3172 3057 3227 Paul.
3084 3170 3206 3227 105.
3242 3169 3301 3236 ⁸-2)
3323 3168 3347 3221 ?
3372 3166 3508 3223 Nam

1906 3272 1951 3326 si
1974 3271 2304 3326 eontribules
2329 3268 2562 3339 Moysem
2604 3276 2722 3336 post
2775 3275 2847 3320 tot
2895 3265 3037 3318 edita
3075 3264 3224 3333 signa
3274 3277 3377 3314 non
3409 3256 3510 3313 :iu-

1907 3364 2144 3423 diebant,
2179 3362 2248 3415 ob
2277 3361 2442 3414 lutum
2471 3367 2526 3414 et
2557 3358 2750 3413 lateres
2778 3356 2927 3427 queis
2970 3354 3388 3425 premebantur;
3416 3366 3511 3406 eos

1908 3459 1999 3530 qui
2030 3456 2266 3528 quotidie
2304 3455 2428 3510 caesi
2473 3462 2526 3507 et
2566 3453 2727 3507 occisi
2767 3447 3103 3506 intoleranda
3133 3447 3508 3519 patiebantur,

1909 3552 2028 3622 quis
2071 3549 2278 3605 induxit
2321 3557 2377 3602 ut
2419 3546 2647 3601 otiosam
2698 3545 2858 3599 vitam
2901 3541 3275 3612 repudiarent.
3309 3547 3363 3594 et
3409 3538 3508 3608 ipsi

1909 3647 2067 3701 aliam
2094 3648 2502 3712 anteponerent,
2532 3638 2802 3710 periculis,
2829 3636 3111 3706 sanguine.
3142 3631 3512 3703 mortibusque

1906 3736 2124 3807 plenam
2154 3753 2166 3787 :
2201 3748 2326 3786 cum
2361 3730 2650 3784 maximeii
2694 3721 3513 3798 quipraedicabantalienigena:

1913 3825 2283 3892 omnibusque
2299 3835 2530 3891 prorsus
2562 3818 2769 3874 inimici
2801 3825 2985 3873 essent
3011 3817 3034 3869 ?
3064 3816 3118 3870 Si
3147 3815 3270 3884 quis
3295 3814 3349 3867 in
3374 3828 3509 3883 geu-

1912 3932 2010 3985 tes,
2049 3921 2100 3974 itt
2128 3919 2309 3980 urbes.
2341 3918 2392 3970 in
2427 3912 2650 3985 populos
2675 3955 2688 3977 ,
2722 3912 2831 3965 imo
2861 3910 2912 3963 in
2946 3922 3103 3961 unam
3132 3903 3509 3960 domunculam

1913 4017 2190 4073 induceret
2221 4013 2390 4067 virum
2418 4007 2667 4064 omnibus
2703 4001 3062 4059 habitantibus
3089 4014 3205 4054 eam
3234 4010 3510 4067 perosum,

1911 4121 1964 4166 et
2000 4124 2094 4178 per
2122 4121 2244 4161 eum
2275 4111 2558 4159 conaretur
2588 4097 2825 4168 singulos
2854 4111 2882 4148 a
2913 4090 3122 4148 dilectis
3163 4089 3448 4150 abducere,
3481 4102 3511 4142 a

1915 4214 2095 4276 patre,
2125 4218 2154 4255 a
2183 4209 2388 4263 matre,
2419 4195 2487 4249 ab
2519 4207 2684 4247 uxore
2705 4233 2719 4255 ,
2751 4205 2780 4244 a
2823 4187 2982 4243 filiis:
3017 4198 3194 4239 annon
3236 4181 3322 4236 ille
3362 4188 3516 4236 aute-

1913 4313 2071 4369 quam
2094 4310 2155 4349 os
2182 4292 2418 4363 aperiret
2446 4280 2881 4354 discerperetur?
2907 4278 2966 4334 Si
2992 4286 3171 4331 autem
3193 4276 3273 4328 vir
3301 4281 3355 4328 et
3380 4289 3518 4327 uxor

1913 4389 2072 4447 simul
2106 4388 2405 4456 Iitigarent,
2433 4393 2610 4434 annon
2651 4375 2734 4430 vel
2766 4372 2910 4444 prius
2953 4384 3113 4440 quam
3145 4367 3307 4423 limen
3337 4375 3519 4419 trans-

1917 4487 2040 4551 iret,
2073 4479 2336 4550 lapidibus
2366 4469 2720 4529 obrueretur?
2749 4466 2805 4521 Si
2836 4473 3014 4519 antem
3048 4461 3138 4516 ille
3165 4475 3260 4531 per
3299 4472 3360 4512 se
3387 4471 3518 4511 con-

1916 4584 2152 4646 temptus
2193 4582 2422 4626 onerosa
2454 4564 2800 4637 praeciperet,
2834 4555 3040 4613 deliciis
3073 4554 3311 4608 fruentes
3343 4550 3518 4621 philo-

1916 4671 2132 4744 Sopbari
2158 4668 2409 4740 iuberet,
2441 4664 2508 4717 ad
2537 4660 2651 4715 inec
2680 4671 2808 4711 vero
2837 4662 3023 4710 contra
3056 4648 3224 4704 multo
3251 4646 3436 4716 plures
3468 4651 3518 4696 et

1920 4739 2170 4821 fortiores
2215 4769 2488 4818 certamen
2539 4751 2938 4811 committeret,
2987 4757 3163 4798 annon
3215 4739 3388 4808 palam
3437 4743 3518 4789 est

1919 4863 2066 4917 illum
2109 4857 2329 4914 omnino
2360 4852 2649 4924 periturum
2685 4843 2843 4901 esse?
2887 4842 3137 4895 Attamen
3173 4831 3303 4888 illud
3345 4833 3518 4902 ipsum

1919 4953 2060 5024 quod
2088 4952 2139 5006 in
2171 4965 2274 5004 una
2301 4921 2461 5001 domo
2489 4941 2600 4997 fieri
2649 4937 2866 5007 nequit,
2894 4930 3141 4988 Christus
3171 4926 3221 4982 in
3252 4934 3363 4979 toto
3391 4921 3522 4976 orbo

1924 5047 2064 5109 fecit,
2096 5059 2190 5114 per
2219 5037 2534 5113 praecipitia,
2563 5047 2658 5102 per
2689 5030 2954 5092 i‘ornaees,
2985 5039 3082 5094 per
3112 5027 3400 5091 prterupta.
3429 5028 3522 5084 per

1922 5109 2175 5207 scopulos
2200 5109 2343 5203 ,vper
2371 5141 2567 5184 terram
2600 5135 2653 5179 et
2684 5135 2830 5176 mare
2854 5160 2869 5185 ,
2900 5118 3038 5172 inter
3082 5113 3220 5168 bella
3252 5109 3480 5182 plurima
3503 5147 3518 5171 ,

1923 5230 2066 5285 crbis
2093 5227 2329 5282 medicos
2352 5221 2634 5308 inducens;
2647 5217 2774 5283 Qure
2793 5210 2972 5266 omnia
2997 5208 3040 5262 si
3062 5204 3263 5261 certius
3283 5201 3522 5258 ediscere

1927 5324 2087 5381 velis;
2124 5332 2313 5386 nempe
2343 5311 2557 5385 famem,
2589 5305 2968 5379 pestilentiam.
3005 5312 3160 5354 terrte
3194 5306 3392 5359 motus,
3420 5306 3522 5352 ca:-

1927 5426 2172 5483 terasqtte
2203 5407 2488 5479 tragunlias
2513 5445 2526 5466 ,
2560 5402 2644 5455 adi
2673 5397 2890 5467 loseplti
2919 5391 3194 5450 historiam
3215 5431 3231 5457 ,
3262 5396 3318 5443 ut
3362 5399 3521 5440 accu-
3559 5378 3561 5380 ’

1926 5520 2038 5562 rate
2071 5504 2248 5558 omnia
2280 5478 2506 5555 ediscas.
2528 5497 2650 5550 ideo
2678 5491 2890 5547 dicebat
2917 5490 3006 5542 ille
3039 5504 3050 5539 :
3091 5482 3171 5538 Ne
3199 5478 3521 5536 tcrremnini:

1927 5609 2121 5670 oportet
2151 5599 2283 5653 enim
2318 5594 2486 5646 omnia
2520 5590 2670 5660 ﬁeri;
2701 5597 2755 5641 ct
2779 5630 2793 5650 ,
2825 5584 2930 5652 Qui
2960 5577 3343 5652 perseveraret-it
3369 5585 3524 5639 usque

1928 5696 1977 5747 in
2008 5695 2176 5754 linem,
2210 5690 2288 5742 hic
2314 5687 2482 5740 salvus
2512 5683 2642 5742 erit;
2669 5689 2742 5742 et,
2779 5675 3148 5731 Prwdimbitur
3177 5671 3268 5724 hoc
3293 5665 3517 5728 Evange-

1925 5786 2055 5840 littnt
2081 5784 2136 5837 in
2160 5783 2404 5835 universo
2434 5774 2651 5828 mundo.
2682 5770 2810 5825 lllos
2836 5767 2985 5824 enim
3017 5780 3080 5820 ex
3113 5761 3385 5817 dictorum
3415 5761 3529 5808 ter-

1937 5900 2008 6011 m‘
2039 5895 2093 5945 In
2135 5894 2312 5944 Mere].
2349 5893 2554 5956 legitur,
2587 5886 2668 5952 qni
2699 5899 2847 5938 novas
2885 5878 3173 5935 inttucebaut
3211 5874 3340 5939 leges
3363 5876 3532 5920 contra

2009 5970 2188 6010 omnes.

2009 5970 2172 6010 11103108
2179 5998 2188 6007 .
