4172 6496
729 484 823 537 .591
1482 484 1537 538 s.
1580 479 1854 537 tomrs
1883 456 2348 532 cunvsosruni
2398 477 2712 535 Altﬂtlllil’.
2753 480 3282 543 CONS'I‘ANTIXOP.

728 614 847 652 tore
874 599 1069 654 fractos
1101 602 1415 669 solutosque
1447 604 1508 657 ad
1535 621 1683 673 spem
1721 602 1995 657 meliorem
2030 603 2297 657 convertit

727 692 931 756 dicens,
972 693 1184 746 etiamsi
1228 694 1394 748 millia
1428 694 1601 749 forent
1642 695 2011 756 incommoda,
2046 703 2297 762 oportere

731 789 904 833 tamen
946 782 1282 848 evangelium
1323 785 1601 852 praedicari
1632 800 1726 853 per
1758 792 1929 837 totum
1972 782 2159 837 orbem
2191 792 2299 836 trr-

726 887 928 933 rarnm,
963 885 1017 926 et
1045 886 1171 928 tunc
1205 888 1491 929 venturum
1528 877 1684 931 finem
1714 891 1854 930 esse.

754 996 757 1001 ~
797 965 847 1017 4.
895 964 1022 1029 Quot
1052 967 1181 1020 bella
1203 968 1444 1035 apostolis
1474 968 1615 1018 illum
1655 977 1873 1027 tempore
1901 955 2289 1032 prtedicationis.

727 1053 912 1107 Contra
962 1057 1395 1128 gettetltfialogium
1429 1068 1473 1111 el
1504 1071 1779 1125 tenuiorum
1819 1054 2197 1109 rct'olntionem.
2225 1083 2295 1095 —-

730 1132 968 1199 Vidistin'
993 1164 1091 1213 qua
1120 1148 1419 1203 conditione
1448 1156 1555 1201 tum
1586 1163 1669 1201 res
1698 1154 1897 1211 essent,
1927 1154 1981 1200 et
2009 1160 2165 1215 quam
2199 1161 2293 1198 va-

727 1238 801 1291 ria
834 1238 954 1292 belli
990 1238 1168 1305 facies,
1198 1249 1251 1295 et
1290 1239 1399 1294 hate
1433 1240 1482 1293 in
1516 1238 1793 1309 principio,
1822 1252 1941 1291 cum
1988 1234 2054 1290 ad
2089 1236 2291 1308 singula

726 1329 859 1382 bona
884 1345 1041 1398 opera
1063 1372 1077 1392 ,
1112 1345 1295 1401 magna
1322 1344 1451 1400 Opus
1482 1340 1563 1384 est
1594 1328 1973 1398 tranquillitate
1996 1328 2018 1381 ζ’
2044 1328 2159 1393 Quo
2208 1343 2294 1380 res

726 1423 775 1474 in
822 1433 957 1475 statu
997 1433 1145 1476 erant
1167 1423 1189 1475 ?
1215 1423 1349 1476 Nihil
1377 1424 1516 1477 enim
1548 1422 1733 1485 obest,
1763 1422 1888 1489 quin
1930 1419 2115 1473 eadem
2147 1434 2293 1472 resuo

726 1528 946 1567 mantus.
975 1514 1203 1568 ['ritnum
1239 1514 1431 1569 bellum
1474 1524 1585 1568 erat
1636 1514 1971 1567 seductorem
2006 1530 2019 1566 :
2062 1510 2287 1575 Veniant,

725 1607 908 1674 inquit,
942 1608 1348 1674 pseudH/zristi,
1381 1618 1425 1660 ct
1456 1608 1642 1674 pseudo
1676 1606 1932 1676 map/tela:
1950 1622 1969 1669 ,°
1999 1603 2288 1658 secundum

730 1696 1083 1751 ltmnanorutn
1120 1717 1130 1749 :
1171 1698 1405 1751 Audituri
1441 1699 1571 1751 enim
1622 1700 1733 1751 estis
1787 1698 1962 1766 pratia
1984 1712 2002 1760 ;
2035 1694 2286 1758 tertium,

719 1788 857 1853 qtttnl
888 1790 1076 1844 famem
1111 1791 1355 1855 inducet;
1387 1805 1629 1860 quartum
1650 1834 1661 1851 ,
1690 1792 1828 1859 quod
1874 1791 2197 1858 pestilentias
2236 1800 2289 1843 et

721 1889 873 1935 terrze
902 1894 1075 1935 motus
1107 1902 1117 1934 :
1149 1885 1408 1952 quintum,
1444 1884 1875 1937 tribtdatiunnm:
1905 1882 2122 1937 Tradcnt
2148 1884 2287 1935 enim

720 1990 801 2026 vos
832 1975 881 2027 in
909 1986 1153 2038 mortem;
1186 1985 1389 2029 sextum
1413 2018 1425 2040 ,
1458 1975 1613 2028 Erilis
1660 1976 1775 2029 odio
1819 1975 2047 2028 omnibus
2086 1985 2288 2043 propter

719 2079 894 2116 nomen
922 2081 1080 2118 meum
1106 2083 1123 2129 ;
1151 2066 1433 2135 septimum
1462 2109 1474 2125 ,
1507 2065 1726 2119 Tradent
1751 2082 1803 2119 se
1832 2068 2071 2127 invicem,
2098 2078 2141 2118 et
2171 2067 2286 2119 odio

718 2157 960 2209 [iubebunt
992 2158 1195 2211 invicem
1220 2174 1238 2220 ;
1268 2157 1352 2212 hic
1382 2158 1572 2212 bellum
1615 2159 1771 2212 civile
1801 2157 2050 2212 declarat.
2087 2158 2286 2213 Deinde

720 2248 1151 2315 pseudo-Christi
1196 2260 1249 2304 ct
1297 2250 1409 2304 falsi
1452 2251 1643 2305 fratres
1676 2268 1689 2304 ε
1725 2263 1903 2319 postea
1934 2293 1948 2318 ,
1984 2252 2285 2321 Refriqescct

716 2339 900 2392 raritas
930 2340 1217 2405 mnlsorunt,
1246 2342 1382 2411 quod
1426 2351 1507 2396 est
1541 2344 1774 2396 omnium
1813 2356 1969 2396 causa
2003 2344 2279 2397 malorum.

721 2427 900 2482 \‘iden‘
928 2430 1073 2485 mille
1109 2430 1363 2486 bellorum
1410 2429 1601 2502 genera
1626 2475 1641 2497 ,
1691 2450 1824 2487 nova
1855 2436 2029 2489 omnia
2071 2444 2125 2490 ct
2164 2446 2279 2490 stu-

716 2518 923 2584 penda?
951 2521 1218 2584 Attamen,
1252 2522 1387 2577 inter
1416 2522 1525 2576 lare
1556 2534 1608 2578 ct
1629 2524 1726 2577 alia
1759 2526 1918 2579 multa
1950 2526 1967 2596 (
1996 2543 2112 2579 nam
2139 2527 2281 2581 civili

714 2608 850 2661 bello
879 2610 1034 2664 etiam
1061 2622 1406 2681 cognatorum
1438 2614 1629 2668 bellum
1652 2628 1758 2669 erat
1795 2618 2121 2687 adjunctum)
2150 2634 2283 2687 prm-

713 2698 904 2751 dicatio
932 2709 1092 2754 totum
1124 2702 1305 2756 orbem
1348 2705 1623 2773 occupavit
1659 2722 1671 2758 :
1702 2722 1821 2759 nam
1851 2708 1943 2770 ait,
1975 2706 2283 2761 Pro-dicabi-

713 2795 792 2838 tnr
828 2788 919 2839 hoc
942 2785 1263 2858 Evnngelimn
1312 2794 1361 2844 in
1410 2796 1638 2848 um‘verso
1679 2800 1881 2849 mundo.
1919 2796 2011 2851 L‘bi
2042 2809 2161 2851 sunt
2190 2800 2278 2868 qui

714 2880 917 2945 genesis
970 2884 1294 2951 tyrannidem
1347 2894 1745 2957 tantorumque
1800 2890 2179 2943 rcvofutiOnrm
2226 2892 2274 2943 in

714 2968 961 3024 licele~i.-c-
1002 2973 1245 3042 dogmata
1283 2976 1511 3030 inferunt
1557 2976 1669 3047 (rt)?
1697 2977 1824 3045 Quis
1869 2996 2115 3050 umquam
2160 2999 2271 3037 tne-

709 3062 958 3125 moravit,
992 3064 1155 3118 visum
1199 3065 1361 3122 fuisse
1399 3068 1666 3123 Christum
1701 3072 1908 3130 ‘alium.
1943 3073 2277 3143 similemque

707 3167 816 3205 rem
850 3162 902 3207 et
926 3165 1179 3209 eventum
1210 3156 1401 3213 fuisse?
1424 3160 1520 3213 etsi
1554 3160 1656 3214 alia
1685 3164 1845 3215 multa
1878 3165 2007 3217 falso
2034 3174 2270 3231 narrent,

707 3259 894 3313 nempe
924 3257 1135 3301 centum
1177 3262 1434 3303 annorum
1485 3252 1646 3306 tnillia
1685 3256 2000 3321 przetcriisse
2027 3294 2041 3317 ,
2095 3273 2272 3312 verum

706 3334 834 3388 nihil
862 3334 945 3389 hic
969 3338 1141 3391 simile
1170 3338 1470 3409 contingere
1491 3344 1701 3396 audent.
1734 3343 1898 3409 Quam
1921 3360 2047 3414 ergo
2074 3348 2276 3402 revolu-

704 3427 895 3478 tionent
938 3426 1215 3482 dixeritis?
1242 3428 1422 3499 Neque
1464 3432 1603 3485 enim
1654 3433 1899 3488 Sodoma:
1951 3453 2121 3506 neque
2168 3438 2272 3493 Go-

704 3517 929 3569 nnzrrha:
979 3532 1170 3585 casus,
1203 3534 1372 3590 neque
1425 3522 1719 3583 diluvium,
1771 3528 2004 3581 secundo
2057 3546 2269 3586 Venere.

706 3603 985 3675 Usquequo
1012 3624 1136 3677 ergo
1161 3610 1383 3676 ludetis,
1419 3614 1799 3669 reVohitiunem
1826 3632 1887 3671 ac
1921 3620 2155 3687 genesim
2188 3621 2268 3675 in-

700 3697 991 3753 ducentes?
1016 3700 1290 3766 Quomodo
1313 3719 1439 3773 ergo
1465 3746 1476 3767 ,
1511 3707 1719 3775 inquies
1738 3750 1751 3771 ,
1781 3710 1943 3763 multa
1973 3713 2268 3780 praedicun-

699 3800 801 3857 tur,
826 3802 878 3845 et
905 3793 1188 3846 eveniunt?
1211 3794 1341 3861 Quia
1369 3806 1419 3850 ιιι
1445 3798 1663 3866 teipsnm
1694 3800 1782 3853 Dei
1810 3804 2002 3856 auxilio
2030 3806 2263 3873 privasti,

698 3893 751 3934 ct
797 3891 847 3936 te
886 3882 1189 3951 prodidisti,
1217 3895 1373 3955 atque
1412 3898 1556 3941 cvtra
1591 3891 1969 3957 providentiam
2010 3898 2262 3964 posuisti,

697 3972 816 4027 ideo
844 3972 1047 4028 daemon
1082 3991 1175 4044 pro
1205 3972 1487 4032 lubitosno
1514 3995 1600 4033 res
1622 3984 1884 4036 convertit
1910 3993 1962 4038 ct
1992 3985 2260 4043 transfert.

702 4062 891 4116 Verum
926 4064 974 4117 id
1017 4084 1119 4119 non
1159 4068 1268 4136 agit
1303 4069 1353 4121 in
1399 4071 1615 4130 sanctis.
1661 4071 1768 4125 imo
1818 4089 1987 4143 neque
2031 4078 2079 4129 itt
2115 4078 2265 4133 nobis

697 4155 1075 4221 peccatoribus,
1096 4157 1181 4226 qui
1215 4158 1300 4211 illa
1326 4159 1609 4215 admodum
1633 4162 1971 4231 despicimus.
2007 4166 2135 4219 Nam
2164 4170 2265 4223 ctsi

697 4244 798 4296 vita
831 4255 1006 4299 nostra
1038 4264 1141 4300 non
1186 4249 1253 4301 sit
1297 4250 1565 4304 toleranda
1596 4294 1605 4315 ,
1638 4263 1868 4307 attamen
1898 4257 2015 4326 quia
2048 4274 2140 4325 per
2172 4260 2263 4315 Dei

693 4337 914 4404 gratiam
946 4339 1179 4393 veritatis
1228 4342 1468 4410 dogmata
1512 4348 1908 4403 accuratissime
1940 4351 2257 4417 retinemus,

694 4425 988 4479 drtnonnm
1025 4428 1228 4482 insidiis
1270 4435 1570 4498 superiores
1614 4452 1815 4491 smnus.
1847 4438 1949 4492 Sed
1981 4442 2104 4509 quid
2150 4454 2259 4495 tan-

694 4516 811 4571 dem
858 4528 938 4573 est
966 4518 1048 4573 illa
1079 4524 1333 4589 genesis?
1374 4526 1512 4581 Nihil
1552 4529 1693 4582 aliud
1734 4546 1889 4599 quam
1930 4531 2179 4603 iniquitas
2208 4547 2261 4590 et

692 4610 929 4677 confusio
953 4652 967 4676 ,
995 4624 1049 4666 et
1077 4614 1217 4682 quod
1249 4616 1425 4669 omnia
1470 4608 1594 4671 casu
1643 4633 1696 4674 et
1740 4624 1939 4677 temere
1988 4624 2256 4691 ferantur;

692 4701 797 4753 imo
829 4716 929 4755 non
964 4711 1161 4759 temere
1192 4716 1388 4760 tantum
1416 4751 1427 4773 ,
1457 4707 1549 4763 sed
1577 4711 1733 4765 etiam
1762 4724 1943 4767 contra
1977 4716 2257 4771 rationem.

694 4795 855 4861 Atqui
885 4795 927 4847 si
968 4810 1072 4850 non
1108 4807 1188 4851 est
1219 4798 1446 4867 genesis,
1472 4800 1697 4871 inquies,
1727 4818 1820 4858 cur
1849 4805 1932 4859 ille
1961 4806 2109 4860 dives
2134 4820 2215 4863 est
2240 4852 2255 4873 ,

691 4888 779 4941 ille
806 4902 1003 4957 pauper
1024 4888 1046 4941 ?
1070 4888 1278 4944 Nescio.
1312 4889 1383 4945 ita
1411 4894 1553 4948 enim
1586 4908 1758 4951 tecum
1789 4897 2089 4967 disputabo,
2122 4912 2173 4955 ιιι
2209 4914 2258 4958 to

689 4979 904 5033 doceam
948 4996 1050 5034 non
1078 4983 1251 5037 omnia
1295 4984 1371 5037 sic
1398 4987 1603 5041 curiose
1632 4990 1953 5057 exploranda
1982 5009 2128 5051 esse.
2162 5012 2253 5049 ue-

687 5086 786 5139 qtte
813 5071 1130 5126 credendum
1173 5089 1291 5129 esse
1334 5077 1409 5129 sic
1446 5092 1531 5131 res
1558 5086 1753 5133 temere
1782 5080 1925 5135 ferri.
1958 5082 2071 5138 Non
2114 5088 2254 5138 etum

685 5162 802 5228 quia
834 5163 946 5216 haec
969 5163 1179 5234 ignoras
1198 5210 1213 5230 ,
1245 5165 1409 5220 debes
1446 5181 1507 5222 ea
1545 5183 1660 5236 qua:
1686 5186 1811 5227 vere
1841 5189 1947 5228 non
1977 5186 2100 5228 sunt
2130 5191 2255 5229 con-

689 5252 904 5325 tingere.
930 5256 1150 5311 Praesmt
1178 5261 1317 5314 enim
1350 5260 1511 5329 probe
1538 5262 1799 5333 ignorare,
1826 5282 1981 5333 qnam
2015 5268 2254 5335 improbe

685 5346 907 5403 discere.
938 5348 1069 5404 Nam
1095 5351 1181 5421 qui
1209 5368 1419 5408 causam
1450 5355 1672 5425 ignorat,
1705 5357 1855 5411 facile
1884 5362 2086 5415 ratione
2108 5362 2255 5415 duci-

687 5449 805 5502 tur;
835 5440 920 5508 qui
948 5451 1142 5509 autem,
1171 5447 1292 5515 quia
1322 5461 1499 5500 veram
1538 5462 1639 5503 non
1678 5453 1847 5515 novit,
1889 5452 2071 5505 fabam
2106 5468 2253 5507 com-

684 5530 977 5585 miniscitur
1000 5576 1013 5598 ,
1044 5551 1147 5591 non
1198 5537 1351 5593 facile
1381 5540 1573 5609 poterit
1617 5555 1794 5595 veram
1845 5544 2085 5613 accipere
2106 5583 2125 5612 ,
2156 5547 2246 5600 sed

744 5731 814 5798 (τι)
839 5734 1078 5798 Genesim,
1103 5734 1205 5798 sive
1237 5734 1691 5798 genethlialogiam,
1721 5745 1770 5785 et
1810 5736 1935 5786 illam
1978 5747 2246 5798 temporum

680 5793 1270 5857 reri-lationemexagitth
1300 5793 1686 5857 Chrysostomus,
1713 5807 1765 5847 ut
1806 5799 1931 5847 litu-o
1965 5793 2130 5847 ωηιξη.
2168 5810 2246 5848 .tu-

679 5852 803 5899 dum:
834 5862 883 5902 et
906 5856 1133 5930 gentiles.
1154 5847 1206 5904 ‘Tr.
1236 5858 1279 5912 ι,
1306 5847 1429 5927 (ait.
1446 5859 1555 5930 sui,
1580 5859 1659 5908 ubi
1674 5847 1845 5930 contra
1867 5860 2114 5930 illos‘ag‘it.
2141 5847 2223 5923 qui

680 5924 834 5969 omne:
860 5915 927 5962 rei
951 5916 1193 5967 stellarum
1217 5920 1596 5971 conversionibus
1639 5924 1795 5970 omnia
1822 5915 2178 5972 adscriberent:

3884 495 3987 550 ora

2406 597 2571 649 multo
2626 598 2826 666 majore
2871 615 3003 668 opus
3050 601 3263 657 habebit
3315 603 3496 661 laboro
3548 607 3883 677 stnlurnque,
3931 628 3988 667 ut

2405 690 2630 756 priorem
2662 690 2833 745 deleat
2859 693 3182 760 opinionem.
3217 694 3269 748 In
3302 698 3645 766 pugillaribus
3671 705 3871 772 quippe
3899 706 3987 759 de-

2403 777 2520 833 letis
2550 779 2702 836 facile
2731 782 2849 850 quis
2871 784 2969 850 piis
2991 800 3107 854 qua:
3132 786 3357 841 voluerit
3387 790 3582 845 scribet
3611 792 3687 859 (ιι)
3712 809 3728 856 ς
3762 793 3812 845 ιιι
3856 808 3989 847 exa-

2401 870 2529 924 ratis
2552 886 2676 925 vero
2708 887 2810 926 non
2845 874 3001 927 item:
3026 884 3233 943 oportet
3260 880 3401 933 enim
3437 880 3661 948 prinmm
3688 899 3750 937 ea
3778 883 3986 942 delere.

2401 974 2518 1027 qum
2547 960 2685 1015 male
2710 963 2903 1033 scripta
2934 963 3165 1021 fuerant.
3191 967 3247 1022 lit
3282 968 3419 1024 inter
3447 972 3704 1036 medicos,
3733 976 3821 1042 qui
3854 976 3985 1029 nihil

2400 1050 2571 1115 affert,
2604 1062 2818 1121 prtestat
2846 1055 2893 1109 ei
2925 1057 3011 1125 qui
3051 1058 3342 1126 perniciosa
3373 1064 3548 1116 attulit
3574 1079 3589 1116 :
3618 1074 3673 1118 et
3701 1067 3789 1134 qni
3818 1068 3989 1121 a‘dih-

2400 1154 2484 1197 cat
2512 1161 2617 1198 non
2666 1148 2832 1200 solida
2863 1160 3124 1204 structura
3157 1153 3304 1221 pejor
3333 1154 3425 1208 illo
3452 1166 3532 1210 est
3569 1158 3658 1226 qui
3691 1157 3823 1213 nihil
3853 1174 3984 1214 con-

2398 1234 2584 1299 slrttit;
2616 1245 2672 1288 ut
2698 1246 2753 1289 et
2784 1246 2919 1291 terra
2951 1256 3069 1309 qua:
3094 1241 3222 1295 nihil
3253 1245 3491 1311 profert,
3522 1248 3713 1302 melior
3743 1249 3831 1303 illa
3861 1266 3985 1320 (μω

2401 1324 2576 1388 spinas
2618 1327 2800 1396 gignit.
2831 1328 2907 1383 Nc
2934 1331 3109 1401 itaque
3143 1332 3209 1388 ad
3234 1336 3411 1392 omnia
3439 1339 3727 1395 ediscenda
3758 1340 3983 1397 festinco

2401 1428 2517 1467 nms
2541 1456 2555 1478 ,
2586 1417 2677 1471 sed
2710 1434 2775 1472 ne
2804 1435 2944 1490 agre
2971 1422 3202 1480 feramus
3227 1426 3271 1480 si
3300 1428 3498 1498 aliquid
3528 1430 3837 1501 ignoremus
3861 1450 3878 1497 ;
3910 1450 3982 1489 ne

2397 1505 2441 1557 si
2464 1504 2734 1562 doctorem
2765 1510 3091 1568 inveniamus
3114 1557 3129 1581 ,
3166 1516 3430 1587 duplicem
3462 1519 3533 1573 illi
3567 1520 3862 1578 inferamus
3901 1524 3980 1577 la-

2396 1596 2613 1663 borem;
2649 1601 2753 1653 imo
2785 1618 2909 1657 vero
2953 1607 3102 1659 multi
3133 1624 3272 1676 saepe
3303 1610 3579 1665 incurausli
3610 1614 3800 1669 morbo
3832 1615 3981 1670 ιεδιιυο

2396 1698 2592 1748 rantes.
2621 1704 2743 1745 cum
2771 1694 2821 1746 in
2855 1710 3010 1761 prava
3046 1698 3286 1766 dogmata
3332 1703 3493 1756 semel
3540 1704 3853 1761 incidissent
3877 1750 3889 1767 .
3923 1708 3976 1762 in

2393 1780 2459 1833 iis
2487 1785 2849 1850 perstiteruut.
2878 1789 3056 1858 Neque
3084 1793 3223 1845 enim
3255 1795 3475 1864 aequalis
3502 1796 3649 1851 labor
3689 1809 3773 1853 σει
3827 1801 3976 1868 prius

2393 1874 2620 1929 evellere
2650 1891 2711 1929 ea
2754 1895 2871 1947 qum
2912 1883 3046 1936 male
3096 1882 3298 1938 radici-s
3329 1898 3610 1953 posuerant
3636 1929 3653 1955 ,
3680 1900 3734 1944 et
3764 1892 3814 1944 in
3843 1910 3975 1961 agro

2396 1977 2526 2027 puro
2569 1966 2833 2022 seminare
2863 1980 3016 2039 atque
3049 1972 3306 2039 plantare.
3337 1975 3448 2030 lllic
3485 1978 3626 2031 enim
3676 1981 3975 2037 emundare

2393 2055 2537 2122 prius
2557 2069 2785 2126 oportet,
2812 2071 2864 2114 et
2893 2071 3010 2130 post
3038 2064 3136 2117 alia
3164 2066 3427 2129 inserere;
3459 2068 3545 2122 hic
3564 2081 3741 2125 antem
3770 2085 3973 2142 parata:

2390 2156 2515 2201 sunt
2558 2164 2734 2206 aures.
2777 2152 2925 2208 Unde
2968 2171 3095 2225 ctgo
3138 2157 3191 2211 fit
3221 2169 3277 2212 ut
3305 2161 3391 2214 ille
3421 2162 3489 2216 sit
3530 2162 3715 2218 dives?
3741 2165 3858 2219 Jam
3890 2168 3974 2219 di-

2388 2251 2503 2291 cam
2532 2258 2545 2293 :
2573 2241 2659 2295 alii
2704 2244 2812 2297 Deo
2841 2246 3035 2314 dante,
3066 2249 3153 2302 alii
3188 2252 3547 2317 permittente,
3577 2255 3665 2310 alii
3704 2256 3776 2310 ob
3804 2260 3971 2313 aliam

2388 2344 2630 2385 arcanam
2656 2333 3103 2403 dispensationem
3128 2381 3142 2403 ,
3166 2341 3374 2397 divitias
3398 2345 3688 2413 possident.
3722 2347 3852 2402 llzee
3884 2366 3973 2404 ra-

2391 2419 2461 2473 tio
2487 2421 2659 2477 brevis
2702 2436 2781 2478 est
2827 2436 2984 2497 atque
3010 2430 3252 2499 simplex.
3284 2432 3392 2488 Cur
3418 2450 3566 2504 ergo,
3599 2437 3822 2506 inquies,
3856 2439 3969 2494 fur-

2389 2510 2677 2565 nicatoretn
2714 2513 2929 2572 divitem
2967 2520 3177 2585 ell‘ecit,
3205 2536 3410 2578 necnon
3453 2526 3715 2580 moechum
3743 2569 3756 2592 ,
3802 2530 3964 2585 lasci-

2388 2615 2506 2654 vum
2529 2644 2543 2669 ,
2578 2619 2803 2675 eumque
2831 2609 2920 2676 qui
2954 2614 3092 2666 male
3125 2611 3284 2669 rebus
3314 2616 3424 2669 suis
3452 2616 3649 2671 utitur?
3676 2617 3792 2673 Non
3835 2620 3966 2676 facit

2385 2692 2621 2761 divitem,
2653 2697 2743 2751 sed
2787 2702 3037 2768 permittit
3068 2719 3185 2758 esse
3213 2705 3427 2761 divitem
3459 2725 3472 2761 :
3506 2723 3750 2778 magnum
3779 2722 3961 2766 autem

2382 2797 2464 2840 est
2507 2787 2839 2845 intervallum
2868 2793 3004 2848 inter
3042 2794 3217 2852 facere
3244 2806 3297 2852 et
3323 2801 3646 2868 permittere.
3676 2804 3786 2859 Cur
3826 2820 3961 2876 ergo

2381 2879 2598 2935 mnnino
2624 2882 2920 2950 permittit?
2948 2886 3077 2955 Quia
3111 2890 3344 2945 nondum
3374 2892 3589 2968 advenit
3607 2896 3793 2965 iudicii
3822 2909 3959 2953 tem-

2382 2984 2477 3038 pus
2504 3011 2518 3034 ,
2549 2981 2605 3026 ut
2634 2988 2728 3041 pro
2754 2977 2944 3031 merito
2969 2980 3193 3051 quisque
3237 2985 3476 3055 recipiat.
3505 2986 3639 3054 Quid
3683 2990 3825 3044 enim
3864 2992 3960 3047 illo

2378 3059 2539 3116 divite
2574 3066 2809 3120 deterius
2827 3108 2842 3133 ,
2890 3071 2977 3137 qui
3019 3086 3084 3125 ne
3111 3074 3275 3127 micas
3300 3076 3513 3144 quidem
3538 3078 3735 3134 Lazaro
3762 3081 3956 3142 dabat.

2376 3159 2432 3205 et
2458 3161 2630 3207 tamen
2658 3158 2893 3212 omnium
2923 3161 3403 3221 tniserabilissitnus
3429 3166 3526 3222 fuit
3550 3169 3702 3239 (Luc.
3724 3171 3807 3225 16.
3828 3172 3961 3241 22)?

2375 3240 2505 3297 Nam
2537 3260 2709 3315 neque
2738 3249 2931 3303 Stillam
2962 3265 3113 3320 aqua:
3136 3254 3333 3311 habere
3357 3258 3551 3327 potuit,
3576 3260 3698 3316 ideo
3725 3240 3955 3324 tantum,

2376 3336 2497 3403 quia
2525 3336 2676 3393 dives
2701 3354 2819 3394 cum
2860 3354 3039 3409 esset,
3068 3346 3386 3403 inhumanus
3431 3362 3565 3406 erat.
3592 3353 3722 3409 Nam
3762 3357 3805 3408 si
3845 3357 3959 3411 duo

2378 3424 2595 3494 imparis
2624 3432 2842 3486 fortuna:
2875 3436 3097 3505 improbi
3129 3437 3343 3509 fuerint,
3371 3461 3596 3511 quiornm
3624 3447 3759 3502 alius
3800 3450 3958 3505 dives

2374 3518 2463 3583 sit,
2494 3519 2629 3574 alius
2654 3535 2871 3591 pauper,
2906 3541 3008 3580 non
3039 3544 3193 3597 pares
3236 3532 3341 3586 illic
3380 3534 3583 3591 dabunt
3613 3550 3821 3607 poenas,
3853 3541 3953 3596 scd

2373 3613 2672 3680 opulentior
2698 3619 2909 3685 gravius
2938 3621 3214 3687 plectetur.

2442 3703 2494 3757 5.
2532 3702 2746 3760 Peream
2789 3711 3047 3779 graeitatis
3076 3724 3121 3767 ct
3146 3732 3304 3784 pana:
3353 3719 3633 3775 auctionem
3659 3732 3745 3775 aut
3773 3725 3954 3779 inuni-

2370 3794 2620 3847 nntioncrn
2646 3815 2675 3848 (ι
2702 3798 3187 3857 cirunnslantiarum
3215 3817 3257 3859 et
3285 3825 3613 3875 personarum
3652 3812 3955 3881 cli/ferendis

2369 3889 2911 3945 nmtuunlur.-—-Vidcs
2938 3908 3063 3964 ergo
3089 3896 3483 3968 hnnc’graviore
3504 3902 3639 3957 affici
3665 3906 3950 3975 supplicio,

2368 3978 2485 4045 quia
2517 3979 2566 4033 iu
2598 3982 2691 4035 hac
2720 3984 2823 4035 vita
2850 3985 2986 4041 bona
3016 3994 3329 4057 acceperat?
3355 3992 3418 4047 Et
3441 4004 3492 4048 ιιι
3515 3998 3689 4066 igitur,
3717 4015 3837 4053 cum
3866 4003 3918 4055 vi
3937 4032 3951 4043 -

2367 4068 2510 4123 detis
2537 4070 2714 4141 inique
2748 4074 2961 4129 divitem
2986 4077 3202 4133 feliciter
3228 4096 3405 4152 agere,
3435 4083 3741 4155 ingemisce,
3772 4090 3950 4162 lacry-

2370 4173 2551 4213 mare:
2588 4176 2705 4215 nam
2756 4164 2949 4219 divitia:
2978 4167 3049 4220 illi
3080 4171 3321 4239 supplicii
3369 4177 3604 4230 aecchio
3646 4190 3823 4234 erunt.
3881 4182 3952 4238 Ut

2367 4252 2509 4307 enim
2538 4254 2610 4308 illi
2645 4258 2730 4324 qni
2771 4258 2990 4313 multum
3030 4276 3331 4331 pereurtmt,
3373 4280 3544 4336 neque
3580 4270 3947 4337 paenitentiam

2365 4356 2520 4412 agere
2538 4347 2738 4414 volunt,
2767 4347 2857 4401 ir.e
2885 4350 3186 4407 thesaurum
3209 4355 3306 4409 sibi
3338 4367 3522 4425 parant
3542 4359 3716 4429 (Rom.
3748 4362 3805 4418 9..
3842 4365 3899 4433 5)
3930 4385 3941 4418 :

2365 4434 2441 4488 sic
2483 4435 2553 4490 illi
2594 4438 2681 4507 qui
2729 4439 2811 4493 hic
2853 4457 3037 4511 pinnas
3090 4463 3193 4499 non
3225 4448 3503 4512 dederunt,
3534 4452 3626 4505 sed
3658 4454 3814 4509 rebus
3861 4458 3949 4511 nsi

2363 4534 2485 4577 sunt
2515 4530 2779 4597 prosperis
2799 4570 2814 4595 ,
2850 4532 3031 4601 majori
3057 4536 3313 4604 supplicio
3339 4538 3653 4596 aflieicntur.
3692 4543 3747 4597 ld
3775 4547 3945 4613 quod.

2362 4615 2407 4669 si
2434 4616 2624 4685 placet,
2650 4635 2752 4673 non
2784 4637 2844 4674 ex
2879 4622 3053 4677 futura
3086 4636 3285 4681 tantum
3335 4630 3470 4694 vita,
3518 4634 3611 4685 sed
3662 4636 3821 4688 etiam
3872 4653 3945 4691 ex

2363 4710 2608 4777 praesenti
2644 4711 2733 4765 tibi
2762 4716 3007 4783 exemplo
3054 4720 3306 4785 probabo.
3340 4722 3531 4777 Beatus
3568 4725 3707 4779 enim
3752 4726 3941 4795 David,

2360 4799 2571 4867 quando
2610 4807 2846 4870 pecc:tvit
2892 4822 3009 4861 cum
3064 4808 3324 4865 Bersabee
3350 4855 3363 4879 ,
3396 4828 3514 4867 cum
3560 4830 3868 4886 argueretur
3910 4840 3943 4875 ει

2363 4892 2654 4958 propheta,
2705 4895 2824 4949 ideo
2879 4900 3105 4955 maxime
3158 4903 3518 4960 vehementius
3562 4908 3943 4977 incusabatur,

2360 4984 2497 5051 quod
2530 4988 2705 5041 nmltis
2730 4990 2947 5045 alfectus
2979 4994 3266 5063 beneficiis,
3300 4998 3417 5054 talis
3458 5003 3564 5072 jam
3602 5012 3764 5060 esset.
3799 5008 3941 5063 Audi

2360 5078 2497 5129 enim
2528 5078 2689 5134 Deum
2719 5083 2765 5135 id
2788 5084 2859 5138 illi
2882 5078 3286 5155 exprobrantetn
3319 5109 3331 5148 :
3362 5094 3541 5148 Annon
3566 5098 3689 5151 anxi
3718 5108 3764 5151 te
3782 5101 3837 5153 in
3861 5118 3946 5155 re-

2356 5185 2485 5238 gem,
2506 5180 2550 5224 et
2577 5173 2683 5224 erui
2713 5184 2759 5227 te
2783 5176 2843 5227 dc
2870 5193 3019 5231 manu
3051 5180 3223 5235 Sutilis
3245 5198 3264 5235 .'
3286 5184 3497 5254 dedique
3516 5187 3600 5240 tibi
3629 5191 3798 5242 omnia
3825 5208 3945 5260 qna:

2358 5262 2548 5315 domini
2576 5266 2649 5316 Ini
2677 5269 2891 5334 fuerant,
2916 5280 2963 5321 et
2990 5272 3265 5326 universam
3287 5276 3490 5330 domum
3512 5277 3677 5333 Israel
3695 5291 3743 5334 rt
3763 5281 3946 5338 Jnda.’

2360 5350 2423 5403 ἰοῖι
2451 5354 2493 5405 si
2521 5355 2625 5407 [nec
2653 5374 2815 5425 pauca
2842 5358 2928 5412 tibi
2948 5374 3128 5428 essent,
3154 5365 3391 5419 adderent
3430 5368 3517 5421 tibi
3555 5371 3681 5423 sicut
3721 5361 3839 5427 ista.
3876 5375 3944 5429 Et

2355 5442 2473 5510 quid
2506 5445 2666 5513 fecisti
2696 5450 2880 5502 malum
2905 5468 3069 5504 corum
3103 5470 3179 5507 me
3217 5452 3303 5522 (2.
3331 5456 3455 5528 Reg.
3491 5460 3573 5513 1:2.
3598 5460 3716 5517 7-9
3742 5463 3800 5527 )7
3824 5465 3879 5518 Νη
3907 5482 3942 5521 ιι

2356 5546 2479 5590 sunt
2520 5541 2713 5609 quippe
2747 5543 2929 5597 eadem
2964 5560 3057 5610 pro
3087 5547 3331 5601 omnibus
3364 5552 3611 5617 pt-eeatis,
3646 5556 3738 5607 sed
3770 5561 3940 5612 tnn’ta

2356 5627 2602 5697 variaque
2631 5631 2905 5699 supplicia,
2928 5636 3217 5688 set-uadum
3242 5647 3474 5705 aetatem,
3493 5643 3783 5698 secundum
3816 5665 3933 5716 per-

2352 5733 2531 5783 sonas,
2550 5723 2837 5777 secundum
2856 5724 3182 5794 dignitatem,
3210 5730 3539 5797 prudentiam
3577 5735 3786 5803 aliaque
3818 5742 3936 5807 pitt-

2352 5810 2504 5865 rima.
2562 5812 2733 5885 thue
2761 5816 2954 5872 clarius
2994 5820 3197 5889 loquar,
3231 5839 3391 5877 unum
3421 5826 3470 5878 itt
3501 5828 3677 5882 tncdio
3705 5842 3938 5899 ponatur

2416 5925 2487 5988 ((ι)
2514 5926 2777 5990 Pugillares
2800 5930 3066 5993 huiusmodi
3090 5930 3451 5997 palimpsesttttn
3476 5947 3610 5989 vacat
3636 5938 3846 5990 Tullius.
