4172 6518
263 487 372 548 693

265 614 541 680 peccatum
567 644 584 670 ,
615 600 893 658 fornicatio
924 615 940 652 ε
969 608 1023 653 et
1051 594 1328 653 considera
1357 601 1486 663 quot
1510 604 1705 661 genera
1722 600 1861 680 sup-

267 677 544 770 pliciorum
572 700 878 756 occurrant,
910 704 1017 744 non
1046 704 1074 741 a
1104 686 1259 742 nobis
1284 685 1465 747 allata,
1488 683 1581 735 sed
1609 695 1679 734 ex
1711 677 1854 733 Scric

264 789 434 859 pluris
459 785 761 853 desumpta.
792 781 849 836 Si
883 780 1006 850 quis
1051 788 1175 832 ante
1224 780 1392 845 legem
1434 773 1723 826 fornicatus
1752 774 1853 831 est,

262 880 370 934 alio
408 876 570 933 modo
597 873 917 944 supplicium
948 871 1079 936 luit;
1112 869 1163 923 id
1190 868 1385 922 Paulus
1408 865 1643 919 ostendit
1670 877 1685 914 :
1727 860 1856 924 Qui-

262 988 478 1041 cumque
502 970 609 1024 sine
635 968 744 1039 lege
768 974 1116 1037 peccaverunt,
1137 963 1246 1016 sine
1272 962 1381 1030 lege
1404 956 1635 1028 peribunt
1665 952 1853 1027 (Rom.

262 1065 320 1118 2.
357 1062 485 1133 12).
527 1059 843 1116 Foruicatus
868 1066 951 1113 est
978 1058 1097 1127 quis
1126 1064 1245 1125 post
1272 1054 1464 1122 legem,
1486 1047 1727 1120 graviora
1758 1059 1857 1120 pa-

266 1155 430 1208 tietur
459 1170 472 1206 :
506 1150 762 1221 Quotquot
796 1149 928 1203 enim
966 1147 1018 1200 in
1061 1144 1169 1216 lege
1194 1150 1521 1212 peccauerunt
1541 1182 1557 1206 ,
1586 1154 1674 1209 per
1700 1138 1858 1208 legem

261 1244 643 1315 judicabunmr.
677 1241 989 1297 Fornicatus
1034 1246 1116 1292 est
1141 1229 1261 1306 quis
1286 1232 1559 1296 sacerdos,
1590 1245 1656 1284 ex
1684 1228 1856 1297 digni-

267 1347 375 1391 tate
399 1335 815 1388 additamentum
845 1345 1016 1401 ptume
1042 1328 1235 1398 accipit
1258 1325 1568 1380 maximum.
1592 1321 1715 1376 Ideo
1741 1320 1858 1373 alite

262 1426 458 1498 ’pnellze
518 1405 839 1479 furuit-antes
891 1419 1306 1481 occidebantur;
1350 1414 1686 1470 sacerdotum
1728 1424 1858 1465 vero

266 1519 391 1573 lilize
418 1515 902 1581 comburebantur,
944 1518 1274 1566 monstrante
1320 1507 1623 1578 legislatore
1663 1513 1859 1573 quanta

266 1624 426 1680 pinna
449 1605 715 1663 sacerdoti
737 1606 805 1660 ita
830 1602 1069 1675 peceanti
1088 1601 1390 1655 immineret
1413 1616 1425 1649 :
1449 1611 1571 1650 nam
1591 1594 1638 1650 si
1661 1592 1855 1664 puella,

266 1699 409 1771 quod
438 1697 540 1752 filia
558 1694 852 1752 sacerdotis
876 1703 1040 1759 esset,
1062 1692 1231 1760 majus
1250 1691 1343 1744 luit
1369 1686 1711 1759 supplicium,
1735 1684 1861 1737 mul-

268 1802 325 1844 to
351 1788 517 1859 majus
540 1788 653 1856 ipse
678 1785 927 1841 sacerdos
948 1783 1078 1839 luet.
1099 1781 1162 1836 \‘i
1183 1793 1490 1850 compressa
1516 1777 1712 1832 femina
1735 1774 1856 1839 fuit,

266 1898 297 1936 a
320 1879 580 1949 supplicio
605 1878 691 1932 illa
722 1876 976 1933 eximitur
1001 1893 1014 1927 :
1043 1874 1158 1928 haec
1181 1872 1453 1942 Opttleuta,
1483 1869 1678 1938 illaque
1708 1865 1862 1936 inops

269 1970 528 2026 fornicata
547 1977 630 2024 est
653 1986 666 2022 :
693 1968 778 2024 hic
796 1982 1005 2038 quoque
1024 1980 1301 2038 ptenarum
1328 1963 1616 2018 discrimen
1647 1971 1748 2016 est.
1780 1958 1864 2014 ld-

269 2076 373 2132 que
401 2061 573 2131 palam
600 2069 681 2116 est
709 2074 772 2115 ex
806 2060 868 2113 iis
892 2074 1012 2131 quae
1038 2044 1201 2113 modo
1222 2057 1529 2112 dicebamus
1550 2055 1617 2109 de
1641 2052 1859 2107 Davide.

272 2151 586 2206 Fornicatns
622 2160 703 2205 est
739 2150 999 2219 quispiam
1028 2156 1146 2216 post
1177 2146 1466 2202 adventum
1493 2144 1717 2209 Christi,
1750 2157 1856 2197 non

270 2241 538 2297 initiatus:
558 2242 827 2312 graviores
852 2255 1009 2310 quam
1032 2238 1105 2293 illi
1126 2252 1315 2293 omnes
1329 2236 1477 2291 dabit
1498 2251 1705 2307 ptenas.
1730 2233 1865 2290 For-

269 2334 477 2389 nicatus
491 2342 575 2388 est
596 2333 711 2403 quis
740 2341 856 2401 post
886 2332 1153 2385 lavacrum
1172 2328 1335 2384 divini
1354 2327 1685 2395 baptismatis
1713 2345 1724 2379 :
1744 2325 1853 2395 jam

271 2425 396 2481 huic
426 2426 569 2480 nulla
595 2424 909 2495 relinquitur
933 2420 1229 2478 consolatio
1258 2421 1341 2475 vel
1374 2420 1635 2473 levamen.
1670 2418 1732 2472 Et
1762 2419 1863 2473 hoc

269 2521 448 2591 ipsum
478 2518 771 2574 ostendens
800 2517 1000 2572 Paulus
1028 2515 1241 2571 dicebat
1263 2532 1276 2569 :
1301 2512 1363 2570 Si
1382 2514 1493 2582 quis
1519 2512 1868 2580 contempserit

268 2616 430 2681 legem
455 2608 670 2680 Hoysis,
702 2611 810 2683 sine
838 2608 1189 2662 misericordia
1216 2606 1408 2661 duobus
1436 2606 1512 2659 vel
1543 2602 1701 2657 tribus
1733 2604 1867 2658 testi-

270 2706 363 2757 bus
392 2700 646 2770 moritur(
671 2699 828 2754 Hebr.
878 2700 963 2756 l0.
996 2698 1123 2767 28).
1170 2697 1380 2766 Quanto
1424 2695 1628 2766 majore
1674 2694 1871 2766 putatis

274 2793 536 2863 supplicio
582 2791 851 2849 afﬁcietur
893 2793 939 2847 is
971 2792 1061 2862 qui
1093 2790 1281 2845 Filium
1320 2789 1412 2845 Dei
1454 2788 1868 2852 conculcavcrit,

274 2885 364 2954 qui
392 2885 703 2957 sanguinem
755 2884 1080 2940 Testamenti
1135 2898 1475 2939 communem
1528 2882 1793 2954 putaverit
1820 2882 1870 2935 in

274 2991 382 3046 quo
420 2976 783 3031 sanctificatus
812 2978 1010 3046 est,qui
1039 2975 1260 3045 gratiam
1290 2973 1519 3044 Spiritus
1548 2972 1871 3028 contumelia

276 3065 558 3121 aﬂecerit?
608 3064 922 3121 Fomicatus
968 3081 1109 3121 nunc
1147 3074 1230 3119 est
1274 3064 1528 3120 sacerdos
1562 3063 1870 3133 quispiam:

278 3157 383 3213 hoc
404 3158 633 3214 maxime
658 3159 924 3214 malorum
946 3159 1156 3214 culmen
1180 3169 1282 3214 est.
1314 3157 1556 3211 Vidistin‘
1575 3158 1729 3209 nnins
1752 3170 1848 3225 pec

276 3248 383 3302 cati
403 3258 535 3319 quot
563 3249 670 3304 sint
690 3246 1050 3303 differentiae?
1078 3250 1189 3303 Alia
1220 3257 1345 3303 ante
1386 3248 1582 3318 legem,
1616 3247 1717 3301 alia
1757 3255 1875 3314 post

280 3338 475 3409 legem.
500 3339 793 3395 sacerdotis
811 3339 935 3407 alia,
956 3340 1135 3395 divitis
1161 3350 1214 3395 et
1242 3342 1489 3410 pauperis
1512 3340 1721 3395 femina:
1746 3340 1871 3405 alia,

279 3433 382 3485 alia
409 3446 540 3486 vero
566 3430 985 3496 catechumente,
1011 3430 1181 3486 fidelis
1220 3442 1277 3485 et
1312 3431 1626 3486 sacerdotis.
1658 3433 1696 3484 Α
1744 3446 1871 3500 pru-
1916 3468 1937 3475 μ

276 3521 458 3576 dentia
499 3537 710 3591 quoque
751 3521 917 3577 multa
966 3532 1047 3577 est
1094 3520 1391 3577 differentia
1446 3537 1614 3576 :nam
1646 3522 1744 3590 Qui
1779 3523 1873 3578 scit

277 3614 585 3667 voluntatem
624 3613 832 3668 Domini
868 3616 969 3678 sui,
998 3625 1042 3668 et
1073 3631 1172 3668 non
1220 3617 1363 3686 facit,
1395 3616 1654 3686 vapulabit
1704 3616 1874 3670 multis

279 3705 295 3767 (
323 3702 451 3759 Luc.
485 3703 571 3760 {2.
596 3706 662 3760 47
682 3708 721 3776 ).
744 3711 820 3761 Ac
842 3717 963 3775 post
994 3717 1070 3761 tot
1098 3717 1348 3778 tantaque
1370 3712 1611 3779 exempla
1642 3724 1871 3779 peccare

278 3796 455 3866 majus
490 3797 660 3852 adfert
685 3799 1023 3869 supplicium.
1051 3799 1202 3855 Unde
1231 3803 1302 3855 ait
1329 3819 1341 3853 ;
1370 3801 1475 3856 Vos
1495 3812 1673 3858 autem
1698 3818 1871 3873 neque

282 3889 562 3954 videntes,
598 3892 962 3958 pmnitentiatn
1014 3901 1194 3962 postea
1242 3894 1459 3964 egistis,
1503 3895 1625 3950 licet
1678 3912 1870 3966 magno

1228 475 1292 532 IN
1332 468 1735 532 ΜΑΤΤΠΑΞΠΜ
1778 463 2004 522 IlOMlL.
2049 464 2280 522 LXXVI.
2321 463 2389 521 ai.
2433 464 2689 521 LXXVII.

3464 467 3569 525 694

1968 584 2112 639 cultu
2141 585 2256 638 sitis
2284 584 2549 638 honorati.
2594 583 2718 638 Ideo
2744 592 2799 637 et
2822 581 3177 654 Jerosolymai
3222 581 3324 637 hoc
3368 582 3572 652 impro-

1967 686 2115 744 perat
2160 676 2385 730 dicens:
2419 675 2627 742 Quoties
2669 675 2806 728 volui
2846 691 3154 746 congregare
3192 675 3329 744 ﬁlios
3355 685 3569 739 vestros,

1964 777 2012 821 et
2040 768 2272 822 noluistis
2302 766 2469 841 (Luc.
2496 768 2582 823 15.
2612 766 2757 835 34)?
2788 767 2862 823 De
2888 768 3229 836 peccantibus
3256 784 3321 824 ex
3352 766 3571 824 delicia-

1966 874 2082 913 rum
2113 859 2266 926 cnpia
2312 858 2364 912 in
2415 859 2616 913 Lazaro
2645 858 2949 928 exemplum
2983 857 3173 914 habes.
3205 862 3245 913 A
3280 859 3400 914 loco
3440 865 3567 912 item

1965 952 2179 1020 gravius
2218 950 2454 1005 efﬁcitur
2496 962 2809 1020 peccatum;
2844 950 2986 1020 quod
3018 951 3098 1007 sic
3142 950 3255 1021 ipse
3283 951 3522 1008 declarat
3554 969 3567 1005 :

1925 1104 1942 1119 ,
1969 1046 2395 1115 lntertemplum
2423 1057 2469 1099 et
2496 1046 2679 1101 altare.
2730 1048 2770 1098 A
2818 1044 2979 1100 modo
3034 1045 3162 1099 item
3206 1045 3567 1101 delictorum:

1970 1136 2092 1191 Non
2116 1138 2321 1203 mirum,
2353 1137 2545 1206 inquit,
2572 1146 2643 1190 est
2673 1136 2719 1190 si
2747 1139 2859 1205 quis
2885 1136 3068 1206 {uram
3105 1138 3522 1207 apprehendatur
3550 1153 3571 1193 :

1969 1234 2169 1300 {uratur
2184 1231 2317 1283 enim
2336 1240 2389 1283 ut
2405 1231 2629 1283 animam
2650 1246 2796 1284 suout
2831 1230 3039 1301 implent
3065 1231 3365 1284 esurientem
3381 1229 3568 1304 (Prov.

1966 1319 2021 1374 6.
2053 1320 2186 1390 30):
2218 1329 2271 1373 et
2298 1334 2531 1383 rursum,
2587 1320 2833 1374 Occidisti
2870 1321 3007 1389 filios
3040 1331 3154 1373 tuos
3188 1330 3233 1373 et
3261 1320 3396 1389 [ilius
3425 1331 3569 1385 tuas;

1969 1413 2064 1466 hoc
2111 1428 2261 1481 super
2290 1428 2485 1465 omnem
2519 1413 2907 1481 fornicationem
2934 1423 3072 1464 luant
3102 1421 3149 1463 et
3174 1411 3572 1465 abominationes

1968 1514 2083 1558 tuas
2110 1504 2334 1575 (Ezech.
2368 1504 2456 1559 l6.
2494 1502 2624 1572 20).
2660 1504 2701 1557 Α
2736 1502 2983 1572 personis
3012 1516 3179 1557 vero:
3208 1501 3270 1557 Si
3296 1504 3576 1572 peccaverit

1968 1597 2151 1667 aliquis
2193 1597 2247 1649 in
2287 1598 2583 1658 hominem,
2613 1595 2827 1648 orabunt
2871 1610 2962 1662 pro
3002 1609 3094 1656 eo;
3122 1594 3164 1648 si
3205 1594 3325 1663 quis
3366 1609 3483 1646 vero
3525 1593 3579 1645 in

1971 1687 2135 1741 Deum
2166 1687 2476 1758 peccaverit,
2499 1686 2610 1755 quis
2636 1683 2921 1756 precabitur
2964 1700 3056 1753 pro
3094 1682 3225 1754 illo(
3246 1685 3296 1737 ί.
3344 1680 3475 1753 Reg.
3519 1674 3605 1736 ἓ(

1969 1778 2114 1851 25)?
2139 1776 2208 1835 Et
2228 1793 2350 1833 cum
2374 1777 2495 1848 quis
2515 1792 2628 1843 eos,
2647 1776 2738 1847 qui
2768 1774 2979 1831 caeteris
3010 1774 3167 1845 longe
3195 1774 3409 1845 pejores
3428 1782 3575 1837 sunt,

1970 1871 2173 1928 desidia
2195 1869 2561 1942 superaverit;
2603 1867 2748 1940 quod
2774 1867 2916 1939 apud
2944 1866 3283 1924 Eaechiclem
3312 1866 3459 1922 Deus
3479 1880 3579 1921 ex-

1972 1965 2191 2035 probrat
2215 2005 2230 2027 ,
2258 1964 2441 2019 dicens
2469 1981 2482 2017 :
2510 1962 2687 2033 Neque
2730 1962 3007 2017 secundum
3028 1960 3423 2034 justiﬁrationes
3458 1977 3579 2031 gena

1971 2058 2097 2111 tium
2119 2056 2326 2127 fecisti(
2354 2055 2537 2110 Ezech.
2573 2056 2625 2111 5.
2663 2054 2758 2125 7).
2784 2055 2852 2109 Et
2876 2070 2998 2109 cum
3022 2068 3090 2110 ne
3108 2054 3333 2109 aliorum
3364 2052 3581 2123 quidem

1972 2147 2236 2217 exemplis
2284 2146 2635 2202 emendamur
2668 2165 2682 2200 :
2722 2144 2859 2198 Vidit
2888 2160 3115 2199 sororem
3162 2145 3321 2212 ipsius
3342 2183 3357 2208 ,
3390 2144 3466 2197 ait
3490 2183 3505 2205 ,
3535 2152 3585 2196 et

1963 2240 2267 2312 justiﬁeavit
2302 2256 2434 2294 eam.
2487 2239 2552 2293 Et
2595 2237 2810 2309 quando
2850 2236 3055 2307 majore
3106 2235 3227 2304 quis
3276 2234 3584 2305 patrocinio

1976 2344 2103 2385 usus
2129 2342 2211 2385 est
2237 2349 2250 2383 :
2279 2328 2338 2386 Si
2365 2331 2498 2384 enim
2523 2330 2574 2382 in
2602 2327 2759 2400 Tyro,
2778 2328 2967 2397 inquit,
2992 2336 3037 2381 et
3061 2326 3257 2382 Sidone
3279 2325 3360 2380 hie
3379 2329 3585 2378 uirtutes

1976 2427 2127 2494 facta:
2152 2423 2385 2494 fuissent,
2409 2422 2532 2476 olim
2555 2420 2901 2492 pwnitentiunt
2922 2420 3026 2491 egis
3064 2427 3158 2472 int.
3188 2416 3435 2472 Ceterum
3466 2416 3597 2470 tole-

1974 2517 2187 2571 rabilius
2211 2517 2304 2571 erit
2327 2514 2465 2587 Tyro
2495 2526 2541 2569 et
2570 2512 2778 2577 Sidoni,
2808 2528 2960 2575 quam
2986 2511 3177 2565 civitati
3206 2506 3368 2580 ἡκὶοι(
3391 2506 3585 2562 Matth.

1978 2612 2066 2668 ll.
2116 2610 2207 2665 21.
2248 2607 2384 2676 29.).
2415 2607 2663 2663 Vidistin‘
2702 2607 2996 2677 perlectam
3028 2602 3587 2673 accurationem,‘ncc

1977 2719 2167 2758 omnes
2210 2698 2522 2756 eorumdem
2577 2706 2917 2767 peccatorum
2974 2710 3132 2765 pares
3179 2708 3369 2765 ptenas
3414 2691 3589 2747 dare?

1977 2794 2109 2849 Nam
2132 2796 2253 2847 eum
2281 2801 2402 2861 post
2428 2790 2638 2859 longam
2665 2788 2757 2843 Dei
2788 2786 3102 2858 patientiam
3133 2784 3264 2840 nihil
3292 2785 3590 2846 lucramur,

1977 2888 2220 2958 graviora
2255 2884 2550 2955 patiemur;
2581 2894 2636 2937 et
2668 2882 2770 2936 hoc
2803 2881 2997 2935 Paulus
3036 2880 3335 2949 significat,
3361 2878 3588 2932 dicens:

1981 2980 2277 3035 Secundum
2316 2978 2558 3031 duritiam
2596 2987 2735 3029 tuam
2758 3015 2774 3041 ,
2807 2983 2855 3030 et
2883 2974 3202 3044 imptenitens
3230 2964 3318 3027 cor
3338 3015 3353 3039 ,
3386 2971 3591 3024 thesau-

1978 3074 2114 3126 risas
2143 3071 2231 3125 tibi
2257 3071 2387 3124 irant
2411 3068 2601 3139 (Rom.
2653 3068 2710 3121 Ξ.
2758 3067 2852 3139 5).
2902 3066 3030 3122 Ηειξο
3058 3082 3180 3123 cum
3227 3067 3460 3120 sciamus
3480 3106 3495 3129 ,
3522 3078 3590 3118 ne

1980 3162 2314 3218 oﬂ'endamur
2356 3162 2440 3215 vel
2488 3160 2766 3214 turbemur
2805 3158 2874 3214 de
2912 3174 3093 3213 rerum
3141 3167 3367 3224 eventu,
3416 3170 3590 3225 neque

1979 3254 2361 3325 cogitationum
2405 3251 2657 3306 fluctibus
2696 3250 2993 3321 agitemur;
3031 3250 3126 3305 sed
3166 3248 3588 3319 incomprehen-

1980 3345 2216 3401 sibilitati
2246 3344 2439 3399 divinae
2462 3341 2812 3413 providentia:
2838 3341 3092 3397 cedentes
3115 3382 3131 3408 ,
3161 3342 3377 3395 virtutis
3397 3354 3586 3395 curam

1978 3420 2273 3493 habeamus
2292 3477 2308 3501 ,
2340 3435 2741 3504 nequitiamque
2772 3432 3036 3503 fugiamus
3066 3451 3079 3485 :
3110 3439 3167 3487 ut
3195 3430 3391 3486 futuris
3433 3431 3589 3487 bonis

1981 3531 2279 3601 potiamur,
2313 3528 2482 3598 gratia
2508 3536 2563 3581 et
2588 3527 2917 3597 benignitate
2966 3524 3173 3579 Domini
3228 3524 3404 3579 nostri
3461 3523 3591 3579 .Iesu

1980 3622 2215 3689 Christi,
2247 3636 2344 3691 per
2369 3635 2531 3690 quem
2564 3628 2621 3674 et
2657 3634 2781 3674 eum
2808 3634 2912 3689 quo
2946 3617 3088 3672 Patri
3121 3618 3289 3688 gloria
3332 3632 3438 3671 una
3466 3608 3598 3672 cum

1980 3724 2168 3770 sancto
2193 3712 2397 3783 Spiritu
2433 3752 2451 3779 ,
2482 3725 2627 3767 nunc
2649 3719 2707 3767 et
2734 3725 2968 3780 semper,
3002 3719 3054 3766 et
3087 3710 3139 3763 in
3181 3708 3377 3764 sarcula
3410 3723 3587 3763 sarcuo

1982 3808 2177 3863 lorum.
2206 3809 2398 3861 Amen.

1377 4104 1723 4167 HOMILIA
1770 4108 2059 4168 LXXVI.
2107 4107 2193 4168 al.
2239 4103 2563 4165 LXXVII.

276 4242 409 4300 Car.
450 4244 539 4300 24.
581 4261 634 4299 v.
678 4245 765 4301 16.
810 4245 949 4299 Tunc
992 4248 1077 4315 qui
1130 4249 1181 4299 in
1218 4246 1404 4301 Judaza
1456 4260 1605 4314 sunt,
1656 4251 1856 4321 fugiant

356 4339 424 4391 ad
455 4349 649 4392 montes
675 4355 692 4402 ;
733 4340 818 4393 Π.
854 4347 899 4391 et
929 4341 1012 4408 qui
1035 4357 1190 4409 supra
1224 4350 1442 4407 tectum,
1469 4360 1571 4396 non
1600 4344 1868 4398 descendat

354 4429 529 4483 tollere
557 4429 751 4497 aliquid
778 4429 840 4483 de
864 4430 1013 4481 domo
1038 4447 1165 4492 sua;
1198 4432 1280 4485 18.
1317 4443 1362 4485 et
1384 4434 1466 4501 qui
1497 4434 1549 4486 in
1584 4450 1707 4504 agro
1729 4476 1742 4500 ,
1770 4451 1871 4487 non

353 4532 629 4576 revertatur
654 4522 827 4575 tollere
851 4524 1139 4575 vestimenta
1169 4540 1282 4589 sua,
1317 4532 1422 4579 etc.

360 4615 410 4667 l.
452 4611 650 4665 Judaei:
692 4622 802 4681 post
842 4629 1007 4666 necem
1038 4611 1226 4667 Christi
1268 4632 1379 4684 spes
1428 4618 1591 4670 omnis
1636 4620 1871 4682 praecisa.

283 4703 489 4769 Quanta
512 4706 659 4774 fuerit
683 4706 884 4759 illorum
901 4708 1187 4770 calamitas;
1209 4724 1342 4762 mors
1362 4708 1549 4763 Christi
1567 4712 1703 4764 illius
1725 4730 1877 4767 causa

282 4797 403 4865 fuit.
425 4795 782 4864 -l"ostqnam
810 4796 876 4849 de
905 4796 1059 4850 malis
1084 4797 1348 4851 civitatem
1376 4798 1637 4854 invasuris
1663 4842 1676 4865 ,
1707 4802 1877 4871 deque

279 4886 644 4953 apostolorum
664 4887 1039 4943 certimiuibws
1058 4889 1281 4955 dixerat,
1304 4890 1420 4944 illos
1444 4907 1632 4961 nempe
1654 4895 1878 4949 invictos

288 4976 424 5043 fore,
457 4987 733 5048 totumque
762 4980 942 5033 orbem
976 4996 1297 5049 pervasuros
1323 4998 1462 5048 esse,
1492 4984 1736 5039 Judaicas
1764 5003 1879 5040 rur-

284 5084 406 5121 sum
431 5070 761 5123 calamitates
798 5072 1084 5131 dcscribit,
1126 5071 1415 5126 ostendens
1437 5115 1449 5138 ,
1481 5075 1693 5142 quando
1722 5077 1884 5130 discis

286 5160 395 5226 puli
426 5160 689 5227 splendidi
721 5172 878 5213 erant
909 5171 1187 5229 totumque
1216 5162 1482 5218 docebunt
1510 5166 1715 5232 orbem,
1758 5178 1881 5223 tunc

285 5251 407 5305 illos
432 5252 483 5304 in
503 5252 889 5307 calamitatibus
913 5264 1220 5307 vet-saturos
1240 5270 1379 5309 esse.
1409 5257 1681 5325 Perpende
1705 5270 1879 5315 autem

283 5342 555 5422 quomodo
586 5342 781 5395 bellum
812 5354 1023 5397 enarret
1046 5386 1058 5406 ,
1092 5361 1186 5413 per
1210 5361 1287 5408 ,ca
1320 5363 1437 5416 qme
1470 5350 1687 5403 minima
1728 5352 1875 5407 vide-

286 5434 485 5486 bantur
508 5436 842 5489 atrocitatem
876 5437 991 5504 ejus
1022 5438 1315 5492 declarans.
1346 5439 1524 5505 Tunc,
1562 5441 1761 5512 inquit,
1798 5448 1882 5515 qui

283 5523 341 5575 in
368 5521 552 5576 Iudae
578 5534 713 5587 sunt,
746 5532 947 5595 fugiant
972 5528 1039 5579 ad
1061 5540 1273 5582 montes.
1308 5530 1465 5591 Tunc,
1499 5534 1883 5601 quandonam?

281 5613 421 5668 Cum
446 5615 558 5667 hmc
578 5618 843 5678 ueniam,
868 5634 986 5671 eum
1011 5620 1333 5675 abominatio
1355 5622 1701 5679 desolationis
1722 5626 1884 5682 stabit

294 5706 351 5756 in
398 5705 512 5759 loco
556 5718 757 5761 sancto.
795 5708 945 5762 Unde
979 5710 1103 5763 mihi
1134 5712 1342 5765 videtur
1368 5716 1637 5770 exercitus
1679 5717 1879 5773 dicere.

286 5794 443 5851 Tunc
473 5796 635 5866 fugite
659 5842 673 5863 ,
709 5800 877 5869 inquit
912 5826 923 5853 :
967 5804 1108 5856 nulla
1139 5805 1279 5856 enim
1310 5804 1563 5874 deinceps
1590 5808 1737 5861 vobis
1760 5823 1885 5877 spes

287 5886 478 5942 salutis
504 5889 625 5943 erit.
655 5889 785 5945 Nam
812 5893 931 5961 (gi;-
960 5896 1011 5947 in
1040 5896 1291 5964 gravibus
1317 5898 1440 5951 olim
1476 5900 1647 5958 hellis.
1679 5916 1707 5953 e
1730 5901 1883 5953 malis

616 6006 884 6063 Psﬁrnm.
934 6006 1048 6063 (ita.
1103 6002 1315 6064 ifilli.

1966 4252 2180 4305 demum
2199 4255 2551 4312 emcrserant,
2571 4255 2625 4299 ut
2643 4245 2742 4300 sub
2762 4244 3095 4301 Senachevib
3116 4248 3288 4301 ct'sub
3303 4246 3590 4314 Antiocho;

1979 4342 2177 4397 ctenim
2229 4349 2354 4393 tunc
2397 4338 2675 4406 temporis,
2733 4354 2853 4391 cum
2906 4340 3177 4393 exercitus
3226 4340 3592 4406 invasissent,

1980 4432 2339 4502 lentpltlmqtte
2363 4439 2577 4501 captum
2606 4438 2770 4494 esset,
2801 4429 3119 4484 Macchabaei
3152 4432 3203 4485 in
3237 4430 3421 4487 hostes
3459 4446 3595 4487 cono

1979 4526 2139 4592 versi,
2175 4540 2349 4579 rerum
2378 4524 2570 4577 faciem
2598 4531 2970 4587 mutaverunt;
2995 4538 3061 4576 ne
3080 4538 3219 4577 nunc
3239 4523 3401 4579 etiam
3432 4523 3594 4583 talem

1981 4620 2094 4675 fore
2116 4619 2463 4673 mutationem
2485 4616 2905 4686 snsiiicarentur,
2926 4631 3141 4672 omnem
3160 4633 3309 4685 spem
3330 4618 3593 4688 prmeidit.

1982 4712 2080 4767 Vix
2111 4720 2379 4782 poterunt,
2415 4709 2605 4779 inquit,
2641 4708 2785 4763 nudo
2808 4726 3037 4778 corpore
3062 4712 3288 4765 servari.
3317 4711 3441 4767 Ideo
3466 4713 3589 4768 illos

1982 4804 2075 4873 qui
2092 4817 2250 4873 supra
2275 4812 2470 4857 tectum
2495 4814 2616 4856 sunt
2641 4816 2743 4856 non
2771 4802 3028 4872 permittit
3050 4803 3100 4855 in
3127 4802 3345 4859 domum
3368 4805 3595 4867 intrare,

1984 4906 2041 4949 ut
2070 4899 2383 4950 vestimenta
2414 4911 2504 4950 sua
2536 4897 2742 4961 tollant,
2768 4895 3089 4950 inevitabilia
3113 4895 3411 4966 depingens
3458 4898 3596 4951 mala

1985 4997 2038 5042 ct
2066 4988 2513 5042 interminabilem
2546 4976 2924 5054 calamitatem,
2950 4990 3000 5042 in
3024 5004 3182 5059 quam
3210 4989 3301 5059 qui
3326 4989 3594 5055 inciderit,

1992 5079 2297 5135 necessario
2326 5080 2539 5149 peribit.
2574 5080 2701 5134 ideo
2730 5081 2933 5149 adjicit,
2971 5081 3070 5149 Qui
3094 5083 3144 5135 in
3169 5098 3315 5152 agro,
3349 5099 3410 5135 ne
3432 5098 3595 5137 rever-

1988 5183 2124 5225 tatur
2163 5171 2341 5226 tollere
2379 5175 2670 5228 vestimenta
2718 5190 2832 5228 sua.
2866 5174 2997 5228 Nam
3028 5176 3071 5229 si
3104 5176 3193 5245 qui
3228 5176 3372 5229 intus
3420 5184 3551 5229 sunt
3575 5214 3596 5242 ,

1989 5262 2231 5332 fugiunt,
2264 5266 2434 5317 multo
2486 5266 2661 5319 minus
2703 5270 2790 5335 qui
2824 5265 2954 5322 foris
2979 5276 3138 5330 sunt,
3196 5266 3336 5320 intro
3368 5266 3593 5336 fugiant.

1989 5351 2075 5408 19.
2122 5352 2209 5406 Vw
2249 5365 2417 5407 autem
2463 5355 2845 5425 praegnantibus
2892 5368 2936 5410 et
2969 5357 3312 5421 lactantibus;
3344 5358 3449 5412 illis
3477 5359 3596 5427 qui—

1988 5446 2111 5499 dem
2149 5446 2291 5515 quod
2324 5446 2591 5501 tardiores
2634 5449 2771 5512 sint,
2805 5465 2902 5502 nec
2953 5449 3159 5513 possint
3191 5449 3343 5504 facile
3370 5443 3595 5521 fugere,

1989 5551 2152 5589 onere
2174 5538 2377 5591 ventris
2406 5546 2661 5599 retentae;
2691 5538 2815 5602 illis,
2842 5540 2983 5608 quod
3004 5542 3207 5594 amoris
3234 5540 3449 5595 vinculo
3468 5556 3592 5609 erga

1990 5627 2251 5682 lactentes
2276 5628 2636 5694 detineantur,
2669 5645 2768 5684 nec
2798 5631 3007 5699 possint
3033 5646 3126 5685 eos
3151 5647 3387 5686 servare.
3423 5632 3593 5686 Pecu-

1992 5720 2105 5772 nias
2127 5720 2269 5773 enim
2296 5729 2349 5773 et
2370 5729 2715 5774 contemnere
2737 5729 2791 5775 et
2806 5736 3021 5776 servare
3043 5720 3198 5777 facile
3219 5734 3319 5789 est,
3343 5722 3593 5792 idemque

1992 5810 2059 5864 de
2086 5812 2325 5867 vestibus
2352 5811 2507 5875 dico;
2530 5828 2649 5881 qua:
2670 5823 2848 5868 autem
2878 5824 3066 5870 natura
3092 5816 3184 5870 dat
3204 5816 3323 5886 quis
3352 5814 3600 5884 etiugiat?

1996 5902 2272 5971 quomodo
2298 5914 2578 5973 praegnans
2610 5903 2780 5960 levior
2827 5902 3128 5963 efﬁciatur?
3156 5907 3427 5978 quomodo
3470 5922 3591 5977 qua!

3187 6004 3259 6067 l5
