4172 6522
662 496 767 552 695

664 612 821 667 lactat
868 611 1059 680 poterit
1104 610 1382 665 lactentem
1426 607 1739 678 despicere?
1786 607 1984 663 Deinde
2022 621 2232 662 rursum

660 704 975 758 calamitatis
1005 700 1417 771 inaguitudinem
1449 700 1757 768 ostendens,
1788 701 1897 754 ait:
1927 698 2023 756 20.
2059 699 2233 763 Orate,

661 810 723 848 ne
753 794 840 861 ﬁat
867 798 990 865 fuga
1028 804 1189 847 vestra
1215 795 1275 847 'in
1305 794 1466 848 hieme
1488 835 1501 860 ,
1529 809 1619 847 nec
1644 794 1694 848 in
1739 794 1966 847 sabbato.
1998 792 2087 846 2i.
2125 790 2236 845 Erit

658 888 789 941 enim
824 896 939 939 tunc
968 887 1229 941 tribulatio
1270 904 1454 958 magna
1476 927 1492 954 ,
1525 886 1688 958 qualis
1722 902 1822 939 non
1867 888 1963 955 fuit
1992 886 2054 938 ab
2091 884 2234 937 initio

658 979 832 1034 mundi
859 996 1013 1051 usque
1049 996 1181 1035 nunc
1202 1022 1217 1044 ,
1249 998 1407 1051 neque
1446 981 1551 1050 ﬁet.
1585 978 1770 1035 Vidcn’
1796 976 1860 1033 ad
1886 977 2097 1034 Judzeos
2122 991 2236 1030 ser-

656 1088 869 1129 monem
895 1074 1097 1140 haberi,
1121 1085 1175 1131 et
1198 1074 1331 1130 mala
1353 1065 1496 1146 ipsos
1522 1074 1764 1129 invasura
1792 1071 1991 1127 narrari
2013 1069 2233 1139 tNeque

656 1165 799 1220 enim
821 1166 1046 1233 apostoli
1072 1166 1350 1221 sabbatum
1377 1164 1707 1221 ohservaturi
1733 1172 1905 1231 erant,
1933 1177 2104 1232 neque
2125 1161 2233 1215 illic

657 1264 784 1311 tunc
812 1256 1071 1311 vcrsaturi
1094 1296 1109 1321 ,
1139 1271 1244 1326 quo
1275 1264 1513 1325 tempore
1538 1255 1894 1326 Vespasianus
1940 1253 2051 1308 luce
2093 1251 2230 1305 mala

657 1347 897 1402 il'aturus
940 1355 1072 1401 erat.
1104 1345 1235 1401 Nam
1279 1348 1506 1401 maxima
1549 1360 1670 1415 pars
1695 1343 2070 1413 discipulorum
2109 1350 2232 1394 ante

655 1437 895 1492 obierant
918 1454 930 1497 ;
956 1437 999 1490 si
1030 1437 1118 1505 qui
1140 1451 1271 1491 vero
1301 1436 1497 1492 residui
1527 1446 1699 1501 erant,
1726 1437 1777 1490 in
1805 1436 1923 1490 aliis
1945 1434 2086 1488 orbis
2109 1447 2230 1502 par-

659 1530 800 1583 tibus
829 1539 953 1583 tunc
985 1528 1354 1583 versabantur.
1386 1526 1492 1583 Cur
1544 1544 1647 1583 non
1704 1528 1756 1582 in
1787 1528 1963 1583 hieme
1990 1568 2005 1591 ,
2039 1538 2138 1579 nec
2177 1523 2229 1577 in

657 1620 916 1675 sabbato?
942 1620 998 1675 in
1032 1620 1242 1687 hieme,
1273 1620 1341 1675 ob
1372 1621 1627 1689 temporis
1673 1621 1813 1675 illius
1849 1617 2227 1674 difﬁcultates:

656 1712 709 1767 in
752 1711 973 1767 sabbato
999 1753 1012 1775 ,
1057 1711 1126 1766 ob
1156 1710 1285 1783 legis
1327 1712 1714 1765 auctoritatem.
1749 1710 1879 1778 Quia
1924 1708 2064 1765 enim
2112 1705 2231 1777 fuga

657 1818 791 1872 opus
817 1812 899 1857 est
923 1844 939 1869 ,
968 1813 1021 1857 et
1049 1804 1170 1873 fuga
1200 1804 1532 1858 velocissima
1558 1819 1572 1865 ;
1607 1818 1779 1873 neque
1809 1804 1863 1857 in
1889 1802 2108 1857 sabbato
2134 1800 2229 1856 Ju—

653 1895 749 1949 dmi
777 1904 897 1949 tunc
920 1893 1100 1964 fugere
1120 1894 1402 1959 audebant,
1421 1910 1490 1950 ne
1514 1896 1680 1964 legem
1706 1896 2229 1964 transgrederentur;

654 2000 826 2055 neque
848 1985 1007 2039 etiam
1037 1985 1087 2040 in
1116 1984 1291 2040 hieme
1319 1986 1471 2041 facile
1491 1996 1626 2050 erat,
1651 1984 1770 2040 ideo
1797 1984 1891 2051 ait,
1918 1983 2094 2039 Orate.
2119 1982 2233 2037 Erit

652 2078 785 2131 enim
810 2086 925 2129 tunc
952 2078 1209 2131 tribulatio
1234 2077 1399 2147 qualis
1424 2093 1695 2143 numquam
1727 2076 1843 2146 fuit,
1875 2092 2033 2145 neque
2056 2082 2233 2144 postea

652 2170 758 2223 erit.
791 2167 866 2223 Ne
892 2167 1011 2237 quis
1045 2182 1171 2222 vero
1212 2177 1360 2237 putet
1390 2168 1440 2223 id
1470 2167 1811 2238 hyperbolice
1837 2166 2035 2219 dictum
2074 2179 2227 2231 esse;

651 2260 743 2316 sed
775 2260 913 2330 legat
938 2257 1161 2331 Iosephi
1193 2259 1378 2321 libros.
1409 2269 1463 2315 et
1490 2258 1662 2312 discat
1689 2257 1765 2311 rei
1796 2255 2100 2311 veritatem.
2122 2254 2231 2309 Ne—

653 2372 756 2427 que
798 2358 938 2413 enim
978 2355 1172 2413 dixerit
1213 2353 1477 2425 quispiam
1503 2392 1515 2415 ,
1544 2350 1692 2404 illum
1719 2357 1903 2422 utpOte
1940 2348 2029 2418 qui
2061 2346 2227 2401 ﬁdelis

652 2451 765 2505 sive
805 2450 1135 2505 Christianus
1164 2455 1305 2504 esset
1328 2486 1343 2510 ,
1376 2453 1435 2500 ut
1478 2442 1633 2498 dictis
1659 2440 1817 2497 ﬁdem
1859 2439 2056 2495 faceret
2083 2478 2097 2502 ,
2129 2439 2226 2493 ista

652 2540 787 2594 mala
810 2538 1194 2608 ampliﬁcassc;
1221 2552 1339 2591 nam
1370 2544 1423 2591 et
1448 2533 1681 2597 Iudaeus,
1710 2541 1869 2602 atque
1894 2532 2031 2585 inter
2048 2528 2227 2586 Iudai-

650 2645 835 2686 eorum
867 2628 1290 2685 ferventissimos
1315 2627 1547 2682 cultores
1574 2632 1694 2694 post
1711 2621 1910 2678 Christi
1942 2619 2226 2676 adventum

652 2732 785 2777 erat.
819 2721 953 2788 Quid
982 2721 1138 2793 igitur
1165 2728 1344 2774 narrat
1375 2716 1498 2772 ille?
1522 2714 1866 2772 Calamitates
1895 2712 2011 2768 illas
2034 2721 2229 2782 tragus-

652 2815 791 2869 diam
839 2828 1052 2869 munem
1094 2825 1413 2881 superasse,
1456 2808 1756 2879 bellumque
1800 2806 1903 2862 tale
1942 2820 2226 2875 numquam

653 2904 822 2961 cuivis
868 2904 1011 2974 genti
1041 2913 1235 2959 tantam
1264 2901 1507 2957 attulisse
1535 2898 1762 2953 cladem.
1790 2896 1956 2952 Tanta
1980 2895 2124 2951 enim
2148 2894 2225 2949 fa-

650 3013 765 3052 mes
790 3006 940 3062 erat,
982 3003 1039 3050 ut
1079 3004 1277 3049 matres
1302 2992 1369 3047 de
1396 2988 1741 3046 comedendis
1782 2987 1960 3059 pueris
1999 2988 2137 3042 inter
2166 3000 2225 3041 se

648 3088 1002 3154 decertarent,
1020 3092 1074 3141 et
1093 3084 1191 3139 hac
1206 3083 1271 3139 de
1294 3098 1354 3138 re
1378 3090 1559 3137 mutuo
1578 3087 1868 3150 pugnarent
1890 3093 1904 3145 ;
1928 3077 2226 3147 multosque

650 3188 890 3236 mortuos
934 3193 964 3233 a
1009 3185 1195 3232 ventre
1237 3173 1491 3230 discissos
1537 3170 1717 3226 fuisse.
1764 3169 2014 3225 Libenter
2071 3168 2227 3237 igitur

646 3271 867 3329 Iudaeos
910 3270 1294 3339 interrogarem
1320 3307 1334 3330 ,
1363 3263 1633 3319 undenam
1678 3260 1793 3316 hzec
1838 3267 1985 3313 tanta
2015 3268 2225 3328 tamque

650 3362 978 3420 intoleranda
1003 3360 1276 3417 calamitas
1296 3373 1325 3412 a
1347 3357 1523 3414 divina
1542 3356 1617 3409 ira
1640 3354 1769 3426 ipsis
1791 3352 2025 3408 immissa
2048 3350 2221 3416 fuerit,

648 3471 765 3527 qua:
788 3454 1079 3526 praeteritas
1104 3464 1289 3506 omnes
1311 3491 1327 3519 ,
1360 3465 1463 3504 non
1491 3448 1649 3503 modo
1674 3448 1726 3501 in
1758 3445 1993 3501 Judzeam
2011 3486 2026 3511 ,
2054 3443 2148 3500 sed
2174 3452 2229 3499 et

650 3566 746 3620 per
792 3558 958 3603 totum
1006 3546 1194 3601 orbem
1252 3545 1486 3598 invectas
1542 3539 1869 3595 calamitates
1912 3536 2228 3609 superaret?

650 3644 840 3697 Annon
869 3639 938 3694 ob
962 3636 1196 3693 crucifixi
1226 3634 1418 3690 Christi
1455 3631 1664 3689 facinus
1714 3630 1766 3684 id
1792 3628 2047 3683 accidisse
2075 3626 2226 3680 dixe-

651 3732 755 3785 rint
781 3744 968 3784 omnes
992 3770 1006 3795 ,
1033 3743 1096 3783 ac
1136 3741 1244 3797 prie
1264 3724 1510 3779 omnibus
1550 3724 1662 3793 ipsa
1687 3736 1865 3775 rerum
1892 3718 2121 3774 veritas?
2148 3716 2226 3772 Tu

653 3836 779 3875 vero
807 3819 934 3875 mihi
974 3818 1231 3873 malorum
1262 3815 1531 3871 cumulum
1562 3811 1841 3868 considera
1861 3853 1875 3877 ,
1902 3807 2226 3881 quandoqui-

653 3911 775 3965 dem
813 3924 909 3964 nec
938 3905 1293 3979 praecedenti,
1322 3906 1434 3961 imo
1482 3919 1579 3959 nec
1622 3902 1960 3973 subsequenti
1992 3908 2226 3970 tempore

651 4002 920 4071 quidpiam
966 4001 1039 4057 ita
1062 3998 1430 4056 calamitosum
1478 3997 1715 4066 reperire
1742 3994 1885 4049 licet.
1918 3993 2012 4048 llis
2035 3993 2228 4062 quippe

653 4090 809 4148 malis
834 4104 931 4151 nec
956 4090 1101 4160 prius
1124 4103 1224 4144 nec
1245 4087 1506 4158 posterius
1530 4086 1672 4157 paria
1695 4085 1805 4139 visa
1837 4083 2002 4138 fuere.
2028 4082 2228 4152 Etjure

655 4184 887 4257 quidem.
917 4182 1100 4253 Neque
1127 4181 1268 4236 enim
1311 4180 1482 4251 quivis
1524 4178 1796 4231 hominum
1826 4176 1910 4230 vel
1951 4182 2106 4228 antea
2145 4172 2226 4227 vel

653 4286 853 4348 postea.
880 4285 983 4330 tam
1004 4274 1261 4343 iniquum,
1282 4281 1385 4325 tam
1411 4264 1733 4326 horrendum
1755 4267 1929 4323 scelus
1952 4265 2231 4322 admittere

652 4382 814 4423 ausus
838 4376 936 4422 est.
959 4364 1082 4420 Ideo
1105 4366 1208 4419 ait:
1232 4362 1346 4417 Erit
1374 4362 1627 4417 tribulatio
1662 4360 1826 4431 qualis
1861 4375 1963 4414 non
2002 4358 2116 4428 fuit,
2140 4373 2229 4411 nec

655 4466 770 4515 erit.
808 4442 911 4513 22..
934 4456 997 4511 Et
1034 4457 1130 4511 nisi
1164 4453 1433 4509 abbreviati
1462 4454 1675 4526 fuissent
1703 4451 1809 4506 dies
1830 4450 1906 4506 illi
1929 4492 1944 4518 ,
1970 4466 2070 4505 non
2094 4449 2231 4519 ﬁeret

652 4553 795 4607 salva
818 4550 978 4606 omnis
1005 4566 1123 4604 caro
1149 4564 1168 4603 :
1200 4557 1402 4618 propter
1430 4547 1609 4600 electos
1627 4553 1792 4600 autent
1816 4540 2233 4598 abbreviabuntur

656 4644 762 4698 dies
803 4642 901 4697 illi.
948 4641 1083 4696 llinc
1112 4638 1343 4694 ostendit
1371 4638 1489 4692 illos
1510 4637 1741 4707 graviori
1770 4635 1928 4691 etiam
1973 4632 2232 4705 supplicio

660 4734 846 4805 dignos
876 4733 1036 4788 fuisse
1060 4773 1075 4797 ,
1118 4746 1210 4801 per
1237 4729 1463 4799 illosque
1504 4727 1618 4785 dies
1665 4728 1909 4797 intelligit
1937 4725 2062 4781 belli
2091 4724 2233 4779 obsi-

655 4826 932 4896 dionisque
948 4833 1172 4893 tempus.
1190 4822 1301 4878 Hoc
1322 4836 1479 4892 porro
1494 4820 1600 4875 vult
1624 4820 1943 4891 signiﬁcare.
1967 4817 2233 4873 Sidiutius

654 4917 1012 4972 Romanorum
1057 4922 1240 4969 contra
1278 4914 1458 4968 urbem
1504 4912 1643 4967 illam
1692 4911 1887 4967 bellum
1932 4918 2229 4964 extractum

652 5013 859 5074 fuisset,
890 5022 1075 5063 omnes
1101 5006 1268 5062 ιιιόωί
1304 5006 1610 5077 periissem:
1632 5019 1759 5059 nam
1780 5017 1991 5058 omnem
2016 5016 2229 5056 carnem

656 5102 739 5155 hic
759 5114 853 5170 pro
879 5098 1096 5154 Judaica
1138 5098 1345 5168 posuit;
1373 5096 1689 5166 Judteosque
1719 5094 2090 5165 complectitur
2122 5108 2227 5147 non

652 5206 750 5246 eos
774 5190 932 5245 modo
952 5189 1191 5259 quiintra
1217 5228 1231 5253 ,
1269 5188 1362 5243 sed
1396 5201 1487 5243 eos
1511 5188 1667 5241 etiam
1706 5186 1795 5259 qui
1831 5194 1977 5241 extra
1995 5184 2231 5241 Judmam

654 5293 824 5336 erant.
857 5281 969 5337 Non
991 5280 1161 5336 solum
1181 5279 1319 5333 enim
1342 5278 1385 5333 si
1412 5279 1497 5348 qui
1515 5279 1565 5332 iu
1587 5278 1766 5334 Judaaa
1787 5291 1936 5335 erant
1956 5277 2229 5349 imaugna-

656 5375 887 5440 bantur;
928 5388 1110 5429 verum
1137 5372 1295 5428 etiam
1336 5386 1450 5437 eos,
1482 5372 1570 5441 qui
1605 5371 1798 5441 ubique
1839 5382 2093 5426 terrarum
2132 5370 2229 5426 de-

654 5467 870 5538 gebant,
896 5465 1290 5537 proscribebant
1320 5463 1687 5533 fugabantque,
1716 5463 1837 5518 odio
1867 5464 2109 5532 permoti.

727 5555 781 5609 2.
812 5557 1081 5622 Quosnam
1109 5562 1283 5608 autem
1317 5553 1403 5608 hic
1433 5554 1633 5607 electos
1661 5552 1847 5607 vocat?
1875 5552 2082 5607 Fideles
2100 5594 2113 5617 ,
2142 5554 2230 5622 qui

654 5652 714 5707 in
752 5644 930 5701 medio
978 5645 1184 5699 illorum
1225 5644 1461 5699 conclusi
1499 5634 1668 5698 erant.
1698 5642 1777 5698 Ne
1818 5644 2055 5698 dicerent
2089 5646 2228 5699 enim

656 5738 818 5794 Judaei
840 5780 860 5805 ,
890 5737 1005 5792 haec
1035 5736 1170 5790 mala
1192 5737 1429 5792 immissa
1462 5736 1623 5792 fuisse
1665 5735 1732 5791 ob
1762 5726 2187 5807 prmdicationem
2213 5780 2227 5803 ,

660 5842 712 5885 et
737 5832 877 5902 quod
898 5831 1145 5886 Christus
1166 5829 1496 5897 adoreretur,
1520 5830 1750 5887 ostendit
1777 5831 1959 5885 ﬁdeles
1984 5831 2102 5886 illos
2130 5847 2231 5887 non

656 5924 817 5978 modo
848 5925 973 5993 ipsis
993 5937 1209 5980 causam
1233 5925 1492 5982 malorum
1531 5925 1841 5992 non-fuisse,
1871 5925 1964 5982 sed
1996 5926 2155 5981 etiam
2186 5927 2229 5979 si

1415 495 1472 552 S.
1512 492 1785 551 JOANNIS
1816 490 2293 550 CllRYSOS’l‘OMl
2332 491 2643 551 ARCHIEP.
2683 492 3205 552 CONSTANTINOP.

3813 492 3937 552 696

2347 608 2418 662 illi
2448 623 2556 664 non
2580 608 2904 675 adfuissent,
2929 624 3115 665 omnes
3156 609 3406 666 radicitus
3433 610 3701 681 perituros
3731 611 3939 670 fuisse.

2342 699 2472 756 Nam
2494 700 2885 786 sipermlsisset
2910 702 3045 757 Deus
3066 703 3260 758 bellum
3277 702 3490 770 durare,
3517 702 3683 759 nullm
3702 702 3942 760 Judae-

2344 809 2459 848 rum
2484 793 2703 849 fuissent
2729 794 2964 864 reliquiae
2994 812 3007 848 :
3040 794 3135 851 sed
3167 812 3233 850 ne
3255 810 3374 850 cum
3395 794 3702 850 inﬁdelibus
3723 794 3945 850 Judaeis

2347 886 2525 942 ﬁdeles
2550 902 2615 941 ex
2641 887 2746 942 illis
2769 889 2871 942 orti
2894 887 3147 956 perirent,
3168 887 3365 943 bellum
3380 888 3534 943 citius
3554 886 3716 943 solvit
3733 894 3788 942 et
3811 895 3943 943 tero

2342 978 2580 1032 minavit.
2605 977 2730 1033 Ideo
2755 978 2847 1041 ait,
2870 977 3089 1048 Propter
3107 978 3285 1033 electos
3308 990 3475 1034 autem
3502 979 3945 1034 abbreviabunhtr

2340 1068 2451 1122 dies
2473 1069 2569 1123 illi.
2604 1068 2726 1125 limo
2754 1076 2928 1125 autem
2957 1068 3187 1137 dicebat,
3215 1079 3271 1125 ut
3299 1071 3720 1126 consolationem
3753 1069 3942 1127 relin-

2345 1167 2536 1227 queret
2566 1159 2630 1215 iis
2651 1158 2740 1230 qui
2771 1160 2822 1215 in
2851 1160 3026 1215 medio
3050 1160 3353 1216 Judwornm
3378 1162 3621 1217 conclusi
3644 1169 3799 1217 erant
3819 1201 3841 1227 ,
3876 1169 3943 1215 ut

2339 1252 2631 1321 respirandi
2676 1254 2848 1310 locum
2876 1255 3064 1318 daret,
3118 1270 3291 1327 neque
3333 1256 3581 1311 timerent
3629 1256 3779 1325 quasi
3825 1253 3941 1324 ipsi

2337 1344 2492 1399 simul
2522 1346 2760 1416 perituri.
2791 1347 2941 1413 Quod
2973 1349 3018 1402 si
3052 1357 3191 1402 tanta
3235 1346 3465 1402 ﬁdelium
3511 1346 3716 1417 geritur
3740 1346 3937 1415 provi-

2337 1436 2535 1498 dentia,
2554 1445 2610 1491 ut
2631 1448 2845 1509 propter
2868 1440 2985 1492 illos
3006 1439 3091 1493 alii
3110 1448 3405 1504 serventur,
3432 1449 3591 1509 utque
3613 1437 3937 1492 Iudaeorum

2338 1527 2575 1598 reliquit}:
2603 1537 2820 1597 propter
2846 1529 3176 1583 Christianos
3204 1529 3515 1594 manserint,
3547 1538 3780 1597 quantus
3810 1526 3930 1581 illis

2339 1619 2599 1674 tribuetur
2626 1620 2797 1675 honor
2820 1635 3135 1674 cernuarum
3168 1620 3440 1691 tempore?
3468 1620 3600 1675 llinc
3620 1622 3782 1673 etiam
3804 1618 3938 1673 illos

2338 1710 2641 1765 consolatur
2666 1752 2680 1776 ,
2729 1726 2795 1765 ne
2824 1712 2873 1764 in
2921 1710 3147 1783 propriis
3188 1711 3290 1765 sibi
3336 1710 3585 1780 periculis
3619 1719 3891 1779 angantur
3915 1750 3933 1774 ,

2338 1801 2549 1872 quando
2576 1802 2757 1858 vident
2780 1802 2912 1857 alios
2941 1803 3125 1858 iisdem
3153 1817 3437 1872 oppressos
3466 1801 3640 1867 malis,
3669 1800 3939 1870 nulloque

2340 1909 2436 1949 suo
2474 1892 2649 1948 fructu
2672 1934 2686 1959 ,
2718 1894 2810 1948 sed
2837 1894 2917 1948 sui
2957 1894 3143 1963 Capitis
3166 1892 3507 1948 detrimento.
3536 1892 3722 1962 Neque
3747 1893 3935 1947 solum

2339 1986 2457 2041 illos
2482 1985 2865 2039 consolabatur
2889 2027 2903 2052 ,
2939 1985 3028 2040 sed
3074 1986 3234 2039 ctiam
3280 1985 3486 2040 occulte
3530 1993 3686 2053 atquc
3720 1984 3933 2038 sensim

2340 2092 2370 2132 a
2398 2077 2628 2141 Judaicis
2654 2078 2889 2133 moribus
2915 2077 3228 2134 abducebat.
3264 2077 3390 2132 Nam
3420 2077 3466 2131 si
3494 2077 3635 2129 nulla
3668 2076 3935 2144 deinceps

2338 2173 2409 2227 sit
2428 2171 2599 2226 futura
2624 2170 2863 2236 mutatio,
2886 2172 2929 2225 si
2953 2150 3203 2241 templum
3230 2186 3336 2225 non
3357 2179 3460 2225 stet
3478 2171 3727 2241 amplius,
3752 2170 3932 2238 legem

2306 2252 2459 2348 A‘es‘se
2502 2270 2831 2317 cessaturam
2873 2261 3045 2332 palam
3076 2270 3178 2317 est.
3216 2261 3411 2317 Verum
3446 2260 3548 2316 hoc
3587 2276 3694 2315 non
3738 2268 3933 2327 aperte

2331 2351 2487 2414 dicit.
2511 2351 2603 2409 sed
2630 2353 2697 2407 ab
2718 2352 2925 2407 illorum
2948 2352 3152 2408 excidio
3175 2351 3227 2406 id
3247 2350 3615 2407 subindicavit.
3646 2348 3934 2403 Manifesta

2330 2464 2459 2506 vero
2494 2439 2616 2514 inon
2646 2444 2811 2511 dixit,
2862 2460 2928 2499 ne
2973 2454 3095 2499 ante
3128 2454 3335 2514 tempus
3375 2450 3599 2497 terreret
3642 2456 3759 2497 eos.
3804 2439 3937 2495 ideo

2332 2557 2505 2614 neque
2531 2561 2560 2600 ο
2584 2531 2853 2614 ῂξὶὴοίρίο
2873 2538 2923 2591 ἱιι
2950 2537 3088 2590 hunc
3110 2535 3372 2607 przecipue
3392 2548 3693 2590 sermonem
3719 2531 3931 2595 incidit;

2332 2635 2429 2691 sed
2460 2616 2746 2707 postquam
2773 2644 2851 2684 va:
2876 2628 3077 2683 civitati
3108 2627 3183 2682 illi
3211 2627 3452 2693 dixerat,
3494 2627 3745 2695 ipsosque
3767 2621 3935 2677 indu-

2334 2736 2508 2793 xerat,
2544 2736 2600 2783 ut
2621 2714 2836 2799 lapilqu
2868 2720 2989 2774 illos
3014 2719 3117 2773 sibi
3146 2724 3529 2781 monstrarent,
3559 2730 3728 2785 seque
3754 2714 3933 2769 inter-

2330 2827 2612 2888 rogarent;
2645 2830 2701 2875 ut
2730 2804 2894 2891 (ιὴεὶ
2935 2809 3000 2865 ad
3032 2809 3503 2880 interrogationem
3544 2804 3887 2878 respondens
3911 2845 3932 2872 ,

2330 2909 2507 2965 omnia
2535 2909 2707 2967 {unum
2748 2897 3162 2983 prmtintiaret.
3209 2899 3290 2956 Tu
3334 2915 3465 2956 vero
3508 2898 3641 2953 mihi
3687 2897 3933 2968 Spiritus

2329 2999 2778 3072 dispensationem
2797 2989 3119 3072 conﬁderes
3140 2991 3331 3057 velim;
3356 2991 3485 3046 nihil
3507 2990 3695 3045 borum
3717 2989 3940 3060 scripsit

2329 3093 2582 3164 Joannes,
2606 3111 2675 3152 ne
2695 3083 3074 3164 videretur\ex
3101 3094 3297 3141 θνθιηιι
3327 3085 3444 3155 ipso
3474 3085 3589 3138 ῒιπθο
3615 3083 3934 3155 δοτίρεὶεεεε

2329 3202 2451 3242 nam
2493 3188 2559 3243 ad
2598 3190 2822 3245 multum
2859 3192 2927 3249 ab
2967 3176 3192 3250 emidio
3231 3176 3684 3248 Jerosolymitano
3724 3185 3939 3245 tempus

2328 3280 2486 3335 vitam
2510 3281 2776 3353 produxit.
2804 3284 2909 3340 Sed
2936 3286 2968 3341 ii
2989 3270 3248 3357 quﬂqnte
3270 3271 3400 3326 illud
3424 3270 3688 3327 excidium
3715 3270 3937 3335 mortui,

2328 3371 2461 3427 nihil
2482 3372 2688 3428 illorum
2710 3374 2967 3441 viderant,
2992 3377 3104 3435 haec
3123 3360 3475 3441 (Xescribunin
3498 3372 3555 3417 ιιι
3575 3360 3943 3433 l’mdicuonis

2330 3463 2410 3517 vis
2438 3463 2669 3534 undique
2697 3464 2916 3537 fulgeat.

2400 3552 2628 3611 Christus
2651 3558 2926 3611 secundum
2963 3576 3108 3616 suum
3136 3540 3432 3619 αάᾶεπηίπι
3474 3542 3729 3614 Ρτωάίείι·
3750 3570 3819 3583 -··
3843 3540 3940 3597 εδδ

2331 3644 2477 3700 Tunc
2498 3648 2541 3702 si
2574 3649 2687 3719 quis
2712 3648 2847 3703 vobis
2882 3649 3085 3720 dixerit,
3121 3633 3383 3720 Ecce‘hic
3423 3633 3661 3690 ωιτίπκι
3701 3643 3790 3688 σαι
3827 3633 3942 3696 hic.

2332 3737 2485 3791 nolite
2533 3738 2754 3792 credere.
2810 3738 2898 3794 24.
2952 3740 3174 3813 Surgent
3220 3721 3377 3813 enim
3434 3721 3839 3795 P‘wdHhm“
3901 3729 3949 3775 ⁸⁸

2330 3827 2821 3902 pseudo-praphette,
2845 3840 2892 3885 et
2912 3831 3097 3885 dabunt
3118 3835 3264 3905 signa
3285 3813 3462 3905 (Nque
3485 3813 3750 3884 ρνοάὶέιία,
3773 3813 3845 3865 δία
3872 3820 3950 3876 αις

2330 3922 2375 3975 εἰ
2402 3923 2512 3990 ﬁeri
2536 3924 2712 3994 possit,
2740 3926 2887 3978 etiam
2914 3923 3093 3980 electos
3112 3905 3403 3994 seducunt
3432 3906 3526 3963 25'
3562 3906 3703 3961 Ec“
3731 3905 3953 3977 Ρητάίεί

2335 4013 2491 4067 vobis.
2524 4011 2614 4068 ‘26.
2642 4014 2703 4068 Si
2732 4030 2848 4084 ergo
2875 4016 3093 4069 dixerint
3123 4017 3261 4071 vobis
3280 4058 3295 4085 ,
3329 3996 3488 4085 Ex“
3513 3996 3569 4049 in
3600 3996 3803 4049 άεδσίο
3841 4005 3917 4048 ⁸⁸⁸
3941 4035 3955 4057 ι

2333 4102 2489 4156 nolite
2518 4106 2693 4169 exire;
2738 4106 2866 4159 Ecce
2903 4108 2955 4159 in
2996 4108 3351 4176 penetralibus,
3389 4085 3573 4176 1‘0"“
3604 4086 3836 4140 αἐίίεηο
3864 4085 3957 4139 27'

2335 4192 2480 4247 Sicut
2507 4196 2637 4247 enim
2666 4197 2838 4267 fulgur
2865 4198 2963 4251 exit
2990 4175 3052 4251 ab
3081 4200 3291 4266 oriente,
3335 4211 3382 4254 et
3421 4175 3671 4267 τνρανα
3705 4192 3868 4248 ⁸⁸⁵41⁸8
3898 4175 3963 4228 ad

2334 4285 2668 4349 occidentem;
2688 4288 2760 4341 sic
2786 4288 2877 4341 erit
2901 4298 2947 4342 et
2970 4289 3214 4345 adventus
3243 4289 3367 4343 Filii
3401 4267 3689 4349 Ιιοὶηίίηίιη
3709 4267 3805 4321 εδδ
3834 4267 3961 4323 υθέ*

2335 4390 2545 4444 cumque
2562 4377 2694 4429 enim
2715 4376 2863 4445 fuerit
2884 4394 3085 4449 corpus,
3109 4380 3177 4433 ibi
3195 4358 3666 4451 congregabka
3688 4358 3963 4451 ἀσφάλε-

3058 3204 3086 3275 ἱ

3091 3284 3191 3320 \nn

3186 3481 3221 3519 ὶ

3225 3524 3288 3675 it

3443 4167 3545 4312 ti:

3583 4598 3633 4666 ι.

3581 4666 3663 4773 ἲ.

3655 4997 3728 5057 ιη

3697 5962 3737 6023 ἲ

2336 4464 2549 4534 lmpleta
2574 4466 2637 4520 de
2657 4466 2999 4540 Jerosoiymis
3021 4449 3338 4535 narratione,
3360 4449 3426 4527 ad
3454 4449 3646 4540 stMm
3666 4449 3966 4504 δάναηυω

2335 4567 2515 4627 Ροειθδ
2544 4560 2730 4629 Pergit,
2762 4560 3013 4631 signaque
3042 4561 3168 4629 ipsis
3192 4573 3392 4626 narrat.
3427 4542 3787 4631 amylum
3819 4542 3967 4613 ερεῖςι

2335 4649 2426 4705 sed
2471 4651 2628 4705 etiam
2682 4652 2833 4708 nobis
2876 4664 2929 4707 et
2969 4662 3088 4722 post
3134 4670 3233 4710 nos
3282 4655 3473 4711 futuris
3504 4632 3718 4722 utNia-
3779 4632 3968 4701 Ταηεν

2334 4742 2702 4809 quandonam?
2730 4743 2842 4808 llic,
2874 4754 2927 4797 ut
2949 4758 3089 4813 saepe
3110 4746 3242 4813 dixi,
3274 4748 3423 4814 illud,
3456 4741 3659 4814 Tunc}
3696 4741 3817 4781 "0"
3849 4742 3973 4797 ναῖ’

2334 4832 2543 4888 cedenti
2588 4836 2812 4905 tempori
2841 4877 2856 4901 ,
2888 4851 3003 4905 qua:
3050 4848 3343 4909 sequuntur
3388 4857 3487 4896 una
3537 4818 3726 4909 seire
3759 4820 3973 4875 mare”

2333 4925 2612 4996 signiﬁcat.
2640 4926 2736 4982 Ubi
2760 4928 2896 4982 enim
2919 4930 3157 4985 eamdem
3182 4934 3433 5002 temporis
3458 4912 3693 5002 serieiw
3727 4912 3975 4969 indica“

2334 5017 2517 5084 voluit,
2544 5021 2736 5083 intulit,
2769 5020 2952 5074 Statim
2980 5034 3088 5091 post
3106 5025 3470 5080 tribulationem
3488 5005 3728 5091 dierum
3759 5005 3973 5060 mm“

2336 5107 2741 5181 (Matthﬁlﬂti)
2754 5154 2761 5161 .
2774 5110 2867 5165 Hic
2880 5128 3005 5167 vero
3017 5129 3119 5168 nou
3140 5116 3230 5182 ita,
3244 5118 3334 5171 scd
3352 5100 3842 5187 illud.Tunc,\"°"
3859 5100 3973 5155 hi“

2334 5199 2511 5253 statim
2538 5204 2684 5270 sequi
2712 5202 2929 5267 indicat,
2961 5204 3053 5258 sed
3082 5222 3187 5275 quo
3220 5218 3456 5277 tempore
3486 5212 3573 5265 illa
3598 5190 3767 5281 (ιυεξ
3793 5190 3972 5246 ἀίοιυ·

2336 5306 2426 5344 rus
2456 5302 2569 5345 erat
2596 5295 2767 5347 futura
2798 5306 2997 5350 essent.
3032 5296 3119 5351 Sic
3150 5302 3306 5352 etiam
3332 5317 3449 5355 cum
3476 5301 3624 5369 dicit,
3657 5282 3765 5369 la
3785 5282 3970 5337 ad"

2335 5382 2437 5435 illis
2460 5383 2585 5435 venit
2607 5382 2830 5439 Joannes
2852 5384 3080 5457 Baptista
3103 5390 3121 5457 (
3144 5389 3327 5444 Matth.
3357 5392 3411 5447 5.
3445 5393 3469 5447 1
3494 5392 3512 5465 )
3533 5435 3549 5459 ,
3581 5407 3689 5449 non

2335 5473 2511 5527 statim
2538 5488 2765 5544 sequens
2791 5477 3005 5543 indicat,
3035 5479 3128 5534 sed
3152 5497 3212 5535 ea
3243 5497 3359 5551 qua:
3384 5490 3503 5552 post
3531 5473 3763 5552 multo!
3786 5480 3964 5521 ⁸³⁸⁷0⁸

2336 5574 2583 5619 eventura
2614 5579 2784 5633 erant,
2812 5578 2867 5621 et
2890 5578 3097 5639 tempus
3124 5588 3229 5641 quo
3252 5574 3384 5640 lucc,
3415 5591 3531 5645 qua:
3552 5569 3827 5645 dicturius
3850 5569 3958 5623 es"

2341 5656 2476 5710 facta
2524 5668 2666 5712 sunt.
2699 5659 2831 5715 Nam
2865 5671 3141 5731 postquam
3172 5664 3238 5718 de
3282 5676 3401 5721 ortu
3426 5669 3618 5725 Christi
3650 5651 3815 5731 di]lit
3840 5695 3856 5718 ι
3893 5653 3959 5706 δυ

2336 5762 2608 5815 magorum
2640 5750 2889 5815 adventu,
2915 5753 3052 5806 etde
3076 5766 3245 5809 morte
3271 5755 3513 5825 Herodis,
3534 5743 3739 5825 statim!
3760 5743 3951 5799 add“:

2341 5835 2404 5889 In
2435 5840 2609 5892 diebus
2635 5839 2737 5894 illis
2776 5844 2906 5893 venit
2933 5840 3158 5898 Joannes
3183 5844 3454 5913 Baptista;
3480 5857 3638 5920 atque
3679 5835 3945 5920 animum“

2344 5945 2602 5987 annorum
2628 5933 2835 6005 triginta
2864 5932 3117 5991 interfuit.
3148 5937 3249 5993 Sed
3276 5954 3390 5994 mos
3412 5924 3815 6014 estScriptziin‘se
3848 5924 3944 5983 ίηο

4004 5782 4130 6420 l
