4172 6504
220 363 340 419 697

229 481 316 534 uti
347 477 666 535 enarrandas
708 475 943 532 historias
985 471 1164 528 modo.
1191 472 1279 528 Sic
1323 470 1482 527 etiam
1531 469 1632 524 hoc
1672 467 1787 521 loco
1812 506 1827 533 ,

223 575 411 630 misso
442 570 760 627 intermedio
789 567 935 625 omni
969 575 1242 637 tempore,
1286 561 1427 633 quod
1460 561 1690 615 futurum
1719 565 1834 613 erat

222 665 511 720 excidium
545 663 683 717 inter
733 669 790 718 et
832 657 1090 731 principia
1134 651 1646 718 consummationis,
1693 648 1824 720 quid

237 756 409 824 paulo
450 763 574 808 ante
620 751 1134 807 consummationem
1173 747 1408 801 futurum
1449 753 1592 799 esset
1629 750 1830 797 narrat.

227 843 405 908 Tunc,
430 844 630 914 inquit,
653 844 695 896 si
718 842 828 912 quis
849 841 986 896 vobis
1001 838 1206 905 dixerit,
1226 837 1356 891 Ecce
1380 837 1462 890 hic
1481 844 1553 889 est
1574 833 1826 899 Christus,

222 945 325 988 aut
358 935 440 988 hic
465 976 478 998 ,
513 934 667 988 nolite
699 933 916 988 credere.
949 928 1169 986 Interim
1213 928 1332 984 illos
1361 943 1390 982 a
1419 927 1538 981 loco
1565 925 1831 980 cautiores

225 1029 384 1092 facit,
414 1025 634 1082 secundi
665 1025 744 1079 sui
774 1023 1034 1079 adventus
1064 1028 1221 1076 notas
1252 1018 1495 1089 proprias
1523 1029 1824 1081 recensens,

227 1134 454 1174 necnon
486 1117 831 1173 seductorum
880 1121 1114 1170 ostenta.
1147 1111 1260 1166 Non
1289 1111 1430 1166 enim
1463 1117 1520 1164 ut
1563 1109 1614 1163 in
1659 1109 1832 1179 primo

225 1223 336 1266 suo
353 1210 585 1265 adventu
604 1209 655 1262 in
670 1204 980 1262 Bethlehem
1002 1211 1402 1274 apparuerat,et
1426 1202 1480 1255 in
1503 1213 1666 1270 parvo
1686 1200 1830 1254 orbis

222 1301 460 1371 angulo,
493 1313 593 1354 nec
621 1298 730 1352 ullo
762 1296 1036 1352 hominum
1063 1293 1117 1349 id
1156 1309 1186 1347 a
1219 1291 1478 1363 principio
1507 1291 1726 1354 sciente,
1760 1291 1830 1344 ita

229 1403 295 1451 et
327 1401 455 1448 tunc
490 1391 660 1462 inquit
694 1409 707 1446 :
736 1389 828 1445 sed
863 1398 1046 1457 aperte
1080 1394 1135 1443 et
1159 1402 1278 1442 cum
1311 1385 1596 1454 splendore
1623 1426 1636 1451 ,
1672 1386 1742 1438 ita
1776 1393 1832 1438 ut

227 1498 327 1540 res
355 1482 540 1537 nuntio
568 1497 675 1536 non
703 1489 875 1551 egeat.
904 1479 1085 1550 Neque
1115 1492 1334 1548 parvum
1358 1475 1485 1531 illud
1513 1476 1723 1547 signum
1749 1483 1830 1534 eat

228 1575 413 1646 ipsum
435 1589 540 1630 non
562 1574 789 1629 latenter
807 1581 1090 1628 venturum
1111 1585 1253 1649 esse.
1274 1569 1651 1630 Animadverte
1671 1583 1832 1637 porro

229 1667 326 1722 hic
355 1666 485 1723 nihil
516 1666 721 1722 narrari
751 1665 818 1720 de
849 1665 990 1720 bello
1019 1665 1417 1735 (narrationem
1454 1663 1596 1718 enim
1627 1663 1695 1717 de
1729 1662 1827 1717 ad-

228 1767 402 1814 ventu
430 1773 530 1814 suo
569 1758 734 1829 probe
763 1757 830 1812 ab
861 1758 948 1812 illa
979 1755 1256 1824 distinguit
1278 1755 1297 1828 )
1319 1796 1333 1820 ,
1366 1755 1463 1812 sed
1505 1756 1614 1826 agit
1647 1755 1734 1810 hic
1761 1754 1830 1811 de

227 1851 303 1907 iis
324 1851 415 1923 qui
442 1850 700 1906 seducere
731 1850 1032 1906 tentabant.
1059 1848 1192 1904 Nam
1220 1849 1308 1918 qui
1341 1857 1582 1916 tempore
1608 1855 1820 1917 aposto-

229 1942 413 1998 lorum
439 1940 594 1997 luere
621 1940 935 2008 dcccptores
959 1982 974 2008 ,
1005 1941 1200 1995 multos
1227 1939 1560 1997 seduxerunt
1585 1938 1828 2010 (Venient

227 2033 404 2098 enim,
439 2032 628 2102 inquit,
657 2041 705 2086 et
734 2031 978 2086 seducent
1001 2031 1185 2084 multos
1208 2029 1227 2101 )
1254 2072 1269 2096 ,
1309 2031 1398 2102 qui
1427 2046 1554 2086 vero
1583 2040 1708 2086 ante
1736 2045 1822 2087 se-

227 2122 472 2179 cundum
490 2121 632 2178 illius
648 2121 953 2182 adventum.
977 2120 1083 2176 illis
1103 2119 1398 2176 deteriores
1419 2129 1602 2176 erunt:
1621 2119 1828 2175 Dabunt

228 2215 381 2270 enim
401 2253 418 2281 ,
450 2214 622 2284 inquit
640 2255 655 2276 .
681 2213 828 2284 signa
853 2222 899 2268 et
928 2213 1159 2285 prodigia
1179 2255 1192 2280 ,
1219 2215 1290 2268 ita
1320 2221 1400 2279 ttt,
1432 2214 1475 2266 si
1499 2213 1611 2279 fieri
1638 2213 1824 2282 possit,

227 2308 389 2363 etiam
415 2305 599 2362 electos
641 2306 908 2362 seducunt.
940 2305 1037 2361 Hic
1081 2320 1241 2378 porro
1277 2305 1343 2359 de
1382 2302 1714 2359 Antichristo
1744 2303 1825 2358 lo-

225 2398 416 2466 quitur
437 2437 453 2462 ,
484 2397 659 2468 deque
702 2397 1017 2468 quibusdam
1047 2395 1163 2467 ejus
1196 2395 1474 2450 ministris.
1507 2395 1581 2449 De
1620 2410 1724 2465 quo
1748 2393 1827 2449 sic

221 2489 434 2549 Paulus
459 2489 698 2560 loquitur
727 2506 741 2542 :
784 2503 902 2544 cum
931 2487 1072 2543 enim
1104 2497 1349 2542 vocasset
1381 2486 1528 2541 illum
1552 2486 1822 2541 hominem

231 2581 442 2650 peccati
469 2589 524 2634 et
567 2581 732 2633 lilium
773 2579 1109 2649 perditionis,
1142 2578 1317 2632 intulit
1344 2595 1356 2630 :
1389 2575 1550 2647 Cujus
1583 2576 1825 2630 adventus

228 2679 307 2724 est
329 2669 608 2724 secundum
652 2671 1001 2740 operationem
1027 2679 1219 2724 satana:
1236 2710 1251 2736 ,
1275 2670 1328 2722 in
1358 2669 1492 2723 omni
1517 2670 1700 2722 uirtute
1723 2709 1736 2734 ,
1778 2679 1824 2724 et

228 2761 393 2833 signis
412 2800 429 2828 ,
461 2770 511 2816 et
532 2762 781 2833 prodigiis
803 2763 1089 2827 mendacii,
1115 2762 1166 2815 in
1197 2762 1334 2816 omni
1371 2761 1662 2830 deceptione
1685 2761 1825 2829 inju-

226 2853 421 2921 stitiat,
451 2853 504 2907 in
540 2853 606 2907 iis
644 2852 732 2923 qui
769 2861 977 2923 pereunt
1016 2852 1112 2924 (l.
1155 2851 1330 2906 Thess.
1364 2854 1418 2905 Îž.
1450 2851 1548 2922 9).
1595 2851 1664 2907 Et
1703 2852 1823 2907 vide

226 2945 502 3016 quomodo
535 2943 659 3000 illos
683 2955 869 3000 cautos
900 2944 1104 3000 reddat.
1136 2943 1213 2999 Ne
1239 2946 1479 3012 exeatis,
1517 2946 1722 3015 inquit,
1768 2946 1820 3000 in

228 3034 503 3092 desertum
525 3075 541 3101 ,
575 3050 646 3091 ne
667 3034 875 3091 intretis
903 3036 953 3089 in
985 3036 1298 3104 penetralia.
1329 3042 1446 3092 Non
1482 3036 1634 3098 dixit,
1665 3037 1821 3094 Abite

229 3133 284 3182 et
297 3140 365 3182 ne
380 3125 602 3193 credite;
620 3125 736 3194 sed,
754 3125 832 3181 Ne
850 3126 1242 3198 ingrediamini,
1262 3142 1433 3197 neque
1449 3128 1817 3199 egrediamini.

229 3216 416 3288 Magna
445 3217 588 3273 enim
614 3216 759 3272 fraus
787 3218 886 3273 erit
908 3259 922 3284 ,
951 3232 1019 3273 eo
1044 3217 1185 3288 quod
1210 3227 1264 3272 et
1289 3220 1437 3288 signa
1481 3218 1545 3274 ad
1577 3218 1816 3275 fraudem

229 3307 446 3366 dentur.

301 3400 356 3455 5.
387 3398 521 3454 Cum
550 3398 772 3454 dixisset
799 3413 926 3470 ergo
955 3399 1222 3469 quomodo
1252 3399 1338 3454 ille
1364 3409 1618 3455 venturus
1647 3411 1814 3469 esset,

230 3493 284 3548 in
325 3491 445 3548 loco
464 3507 660 3562 nempe
682 3491 859 3562 aliquo
877 3534 891 3557 ,
927 3501 1052 3547 tunc
1079 3492 1147 3547 de
1176 3506 1234 3547 se
1262 3493 1532 3562 quomodo
1562 3502 1817 3550 venturus

226 3585 299 3642 sit
326 3583 473 3641 dicit.
506 3584 788 3654 Quomodo
822 3597 1001 3641 autem
1029 3594 1286 3640 venturus
1317 3587 1437 3641 est?
1465 3585 1612 3642 Sicut
1641 3589 1818 3660 fulgur

229 3677 331 3732 exit
355 3675 417 3732 ab
447 3678 655 3743 oriente,
682 3685 728 3730 et
746 3685 957 3747 apparet
982 3692 1139 3748 usque
1162 3678 1231 3730 ad
1258 3677 1600 3744 occidentem,
1629 3681 1702 3733 ita
1723 3680 1815 3734 erit

229 3779 277 3824 et
308 3771 548 3862 aqvmtus
577 3767 703 3823 Filii
741 3768 978 3823 hominis.
1025 3766 1122 3824 Ubi
1167 3769 1297 3822 enim
1318 3770 1468 3838 fuerit
1492 3787 1677 3842 corpus
1699 3812 1714 3840 ,
1745 3771 1816 3825 ibi

229 3859 663 3932 congregabantur
702 3870 745 3914 et
774 3860 978 3930 aquilis.
1024 3859 1303 3927 Quomodo
1344 3861 1518 3930 fulgur
1553 3863 1819 3932 apparet?

231 3948 344 4006 Non
385 3963 520 4020 opus
559 3948 720 4005 habet
752 3950 970 4016 nuntio,
1004 3964 1111 4004 non
1139 3964 1401 4020 prcccone,
1433 3951 1526 4006 sed
1553 3959 1607 4007 et
1630 3951 1694 4009 iis
1723 3954 1811 4024 qui

230 4042 369 4098 domi
400 4041 587 4098 sedent
617 4050 671 4096 et
701 4042 763 4097 iis
791 4055 909 4112 quae
925 4040 979 4094 in
999 4041 1245 4097 thalamis
1273 4051 1426 4108 sunt,
1459 4045 1511 4098 in
1541 4054 1812 4101 momento

230 4149 322 4205 per
347 4131 531 4189 orbem
564 4141 731 4187 totum
758 4131 1054 4202 apparebit.
1084 4132 1172 4187 Sic
1192 4133 1281 4188 ille
1309 4133 1568 4189 adventus
1595 4135 1718 4202 erit,
1742 4134 1811 4191 ob

229 4225 410 4296 glorias
433 4223 716 4294 fulgorem,
741 4223 899 4278 simul
926 4222 1120 4292 ubique
1146 4237 1429 4293 apparens.
1465 4224 1622 4279 Aliud
1651 4240 1810 4294 porro

229 4318 434 4388 signum
463 4315 592 4371 dicit
621 4332 634 4367 :
672 4313 769 4370 Ubi
793 4331 1004 4382 corpus,
1037 4313 1107 4368 ibi
1130 4323 1177 4367 et
1211 4315 1430 4384 aquilas;
1464 4315 1805 4386 angelorum,

232 4417 519 4479 martyrum
563 4416 616 4463 et
657 4414 960 4462 sanctorum
1020 4405 1258 4460 omnium
1302 4417 1473 4462 ctetus
1520 4407 1804 4478 signiï¬cat.

233 4499 428 4556 Deinde
447 4499 699 4555 terribilia
717 4499 967 4553 miracula
983 4497 1130 4552 dicit.
1155 4497 1406 4564 Qurenam
1432 4499 1554 4554 illa?
1574 4498 1664 4556 29.
1686 4500 1809 4556 Sta-

231 4592 314 4645 tim
354 4598 468 4662 post
505 4589 876 4644 tribulationem
903 4587 1094 4641 dierum
1125 4589 1328 4641 illorum
1355 4589 1433 4643 sol
1460 4588 1802 4644 obtenebrabi-

231 4693 332 4736 tur.
365 4679 799 4738 Tribulationem
825 4697 1059 4753 quarum
1097 4681 1309 4736 dierum
1341 4682 1470 4737 dicit
1497 4681 1553 4736 â¸2
1589 4680 1812 4740 Dierum

230 4774 544 4831 Antichristi
585 4783 639 4830 et
671 4773 1291 4844 pseudoprophetarum.
1331 4772 1634 4828 Tribulatio
1658 4789 1814 4830 nam-

226 4877 322 4934 que
350 4871 474 4917 tunc
494 4877 681 4934 magna
704 4863 806 4918 erit
824 4903 839 4929 ,
883 4877 1003 4917 cum
1033 4872 1109 4916 tot
1132 4862 1240 4943 sint
1267 4861 1586 4935 deceptores
1615 4865 1799 4921 l'uturi.

224 4953 323 5009 Sed
353 4968 459 5009 non
489 4954 553 5009 ad
581 4957 803 5010 multum
833 4955 1087 5025 temporis
1115 4954 1436 5010 extenditur.
1458 4955 1512 5011 Si
1537 4957 1680 5013 enim
1704 4959 1801 5014 Ju-

223 5047 424 5102 daicum
452 5045 646 5101 bellum
668 5055 883 5117 propter
903 5046 1102 5102 electos
1121 5045 1486 5102 abbreviatum
1508 5057 1610 5117 est,
1635 5051 1799 5107 multo

223 5137 384 5209 magis
421 5146 638 5208 prepter
663 5138 882 5194 eosdem
907 5138 1022 5194 haec
1052 5139 1275 5195 tentatio
1304 5142 1643 5209 reprimetur.
1674 5143 1799 5202 Ideo

221 5228 528 5299 simpliciter
557 5245 659 5284 non
684 5229 837 5294 dixit,
866 5240 984 5302 post
1013 5232 1435 5300 tribulationem,
1468 5235 1586 5304 sed,
1612 5237 1797 5292 Statim

222 5330 326 5388 post
355 5319 729 5374 tribulationem
757 5321 952 5375 dierum
984 5323 1186 5377 illorum
1230 5327 1307 5380 sol
1345 5327 1750 5382 obteuebrabitur
1775 5344 1795 5384 .'

221 5427 336 5468 nam
381 5411 494 5469 fere
534 5413 691 5468 simul
741 5414 919 5467 omnia
969 5416 1121 5468 liunt.
1183 5415 1692 5489 Pseudo-pmphette
1743 5433 1798 5480 et

222 5503 625 5577 pseudo-christi
655 5502 1007 5561 advenientes
1052 5506 1233 5561 turbas
1283 5507 1523 5572 dabunt,
1577 5521 1632 5567 et
1679 5513 1795 5584 ipse

219 5597 385 5654 statim
426 5596 619 5654 aderit.
680 5595 863 5668 Neque
906 5598 1048 5654 enim
1094 5612 1250 5668 parva
1295 5602 1626 5672 perturbatio
1671 5613 1795 5661 tunc

275 5789 287 5820 Â¹
317 5787 506 5842 llontlâ€˜..
537 5785 925 5842 Tribulationem
947 5787 1160 5853 dierum,
1184 5803 1442 5857 quamnam
1474 5789 1633 5844 dicit?
1655 5793 1806 5844 Enn.

1131 359 1195 414 IN
1236 354 1642 412 MATTILâ€˜EUM
1685 352 1913 409 llOlllL.
1960 353 2190 410 LXXVI.
2234 355 2305 412 al.
2352 353 2607 409 LXXVâ€.

3433 356 3538 413 698

1941 475 2110 520 totum
2134 468 2320 523 orbem
2359 466 2663 536 occupabit.
2702 465 2984 537 Quomodo
3026 477 3206 524 autem
3236 469 3539 539 adveniet?

1938 558 2047 613 llac
2088 558 2468 615 transformata
2512 567 2798 614 creatura:
2828 575 2948 614 nam
3001 559 3098 616 Sol
3145 561 3532 628 abst-arabitur,

1937 666 2040 704 non
2069 651 2302 720 deletus,
2337 651 2431 707 sed
2452 664 2738 722 super-atus
2761 667 2790 706 a
2816 652 3019 708 lumine
3050 653 3193 708 illius
3226 653 3491 708 adventus
3521 674 3532 708 :

1937 741 2002 796 Et
2028 743 2190 798 stella
2217 743 2418 798 cadent.
2449 743 2581 811 Quis
2605 745 2746 799 enim
2779 755 2962 815 postea
2991 745 3200 799 illarum
3231 761 3360 800 usus
3390 746 3533 800 lutu-

1937 849 2029 889 rus
2070 845 2181 902 est,
2215 836 2357 890 nulla
2411 837 2712 892 exsistente
2742 837 2936 893 nocte?
2966 835 3033 890 Et
3062 837 3273 893 virtutes
3289 839 3534 893 actorum

1934 925 2414 992 commovebuntur;
2439 935 2495 982 et
2518 925 2640 996 jure
2667 926 2884 997 quidem
2905 967 2919 994 ,
2946 928 3299 982 mutationem
3330 938 3532 983 tantam

1936 1015 2198 1072 videntes.
2241 1017 2373 1071 Nam
2400 1018 2444 1073 si
2476 1018 2688 1089 quando
2715 1019 2885 1074 stella:
2927 1016 3081 1073 factae
3129 1030 3250 1073 sunt
3274 1061 3293 1086 ,
3334 1022 3401 1075 ita
3433 1034 3532 1076 ex-

1937 1105 2261 1163 horruerunt
2310 1117 2364 1163 et
2407 1109 2613 1164 miratae
2657 1117 2782 1163 sunt
2809 1108 2976 1181 (nam
3012 1110 3229 1175 Quando
3254 1111 3389 1179 facta
3418 1123 3535 1165 sunt

1934 1207 2072 1252 astra
2096 1238 2110 1259 ,
2142 1198 2342 1267 inquit,
2374 1198 2708 1254 laudaveer
2737 1216 2816 1253 me
2842 1216 3030 1271 magna
3070 1216 3188 1254 voce
3226 1218 3396 1257 omnes
3441 1220 3535 1254 an-

1933 1291 2032 1362 geli
2078 1287 2199 1362 [Job
2224 1291 2314 1346 58.
2348 1289 2438 1364 7])
2465 1309 2478 1344 :
2503 1291 2672 1346 multo
2712 1293 2883 1362 magis
2924 1307 3044 1347 cum
3092 1292 3322 1347 viderint
3355 1297 3531 1348 omnia

1936 1389 2156 1448 mutata,
2188 1392 2242 1436 et
2268 1396 2559 1468 conseri-qs
2583 1398 2713 1438 suos
2741 1399 2932 1454 pmnns
2959 1383 3150 1440 dantes
3178 1427 3192 1450 ,
3225 1394 3394 1440 totum
3438 1405 3528 1440 nr.

1934 1474 2054 1528 hem
2095 1484 2218 1530 ante
2249 1475 2584 1530 tremendum
2620 1477 2851 1530 tribunal
2879 1476 3180 1532 adstantem
3208 1495 3223 1543 ;
3251 1493 3439 1533 omnes
3466 1479 3534 1532 ab

1933 1565 2102 1620 Adam
2145 1581 2315 1636 usque
2343 1565 2409 1620 ad
2442 1567 2728 1621 adventum
2775 1583 2968 1633 suum,
3014 1570 3256 1623 omnium
3305 1584 3529 1638 operum

1934 1659 2197 1715 rationem
2250 1657 2560 1724 reddentes,
2607 1659 2880 1730 quomodo
2934 1675 3038 1715 non
3091 1661 3445 1727 horrescant,
3480 1672 3535 1717 ct

1933 1749 2450 1805 commovebuntur?

2003 1841 2231 1895 Christus
2271 1856 2420 1896 suum
2461 1841 2738 1896 secundum
2776 1819 3331 1900 adventum'describit.
3366 1845 3534 1911 Quare

1932 1949 2060 1986 crux
2071 1930 2530 2001 apparebit.â€”50.
2550 1930 2690 1986 Tunc
2704 1931 3197 2003 apparebitsignum
3220 1931 3346 1986 Filii
3360 1937 3532 1991 Itami-

1931 2023 2011 2077 nis
2041 2024 2093 2077 in
2119 2023 2242 2077 ctelo
2281 2039 2301 2078 .Â°
2339 2023 2389 2079 id
2421 2032 2505 2079 est
2525 2065 2538 2089 ,
2573 2038 2702 2081 crux
2731 2025 2845 2080 sole
2872 2024 3237 2095 splendidior:
3269 2028 3531 2097 siquidem

1931 2115 2008 2169 sol
2041 2114 2425 2174 obienebratur
2451 2124 2503 2171 et
2531 2115 2896 2181 absconditur,
2919 2132 3050 2171 crux
3075 2127 3252 2172 autem
3275 2129 3530 2189 apparet:

1933 2221 2106 2276 neque
2135 2217 2446 2277 appareret,
2479 2209 2580 2263 nisi
2608 2207 2872 2262 solaribns
2905 2209 3062 2279 longe
3089 2210 3255 2265 radiis
3282 2212 3524 2281 Splendi~

1929 2295 2048 2352 dior
2088 2306 2249 2353 esset.
2299 2297 2408 2353 Cur
2453 2308 2631 2354 autem
2684 2298 2786 2354 hoc
2823 2298 3033 2369 signum
3060 2302 3318 2370 apparet?
3351 2302 3413 2357 Ut
3444 2301 3532 2357 Jn-

1929 2391 2172 2447 timorum
2219 2389 2544 2460 impudentia
2594 2391 2751 2462 plane
2797 2391 3139 2460 reprimatur.
3183 2392 3535 2450 Justilicatio-

1930 2500 2054 2540 nem
2078 2484 2273 2555 quippe
2299 2499 2547 2555 magnam
2568 2483 2771 2538 habens
2790 2483 3058 2550 Christus,
3081 2500 3276 2554 nempe
3293 2500 3530 2546 crucem.

1931 2575 1982 2629 in
2013 2574 2115 2631 hoc
2142 2574 2378 2628 tribunal
2404 2573 2623 2629 advenit
2660 2593 2670 2627 :
2705 2589 2880 2646 neque
2913 2584 3116 2629 tantum
3150 2575 3371 2631 vulnera
3394 2618 3408 2640 ,
3437 2577 3530 2631 sed

1930 2666 2335 2738 ignominiosam
2365 2673 2594 2720 mortem
2622 2665 2876 2720 ostendit.
2913 2665 3055 2720 Tunc
3086 2665 3329 2736 plangant
3349 2667 3530 2721 tribus.

1926 2759 2080 2814 Nulla
2109 2758 2396 2814 accusandi
2429 2758 2721 2814 necessitas
2745 2758 2868 2822 erit,
2895 2772 3017 2813 cum
3042 2759 3270 2814 viderint
3292 2773 3532 2820 crucem;

1930 2849 2180 2920 plangent
2201 2891 2217 2915 ,
2241 2849 2366 2920 quia
2394 2848 2484 2903 illo
2515 2857 2729 2904 mortuo
2749 2890 2764 2916 ,
2808 2849 2940 2904 nihil
2977 2848 3104 2905 inde
3142 2849 3372 2905 fructum
3404 2866 3531 2920 per-

1927 2951 2186 3011 ceperunt
2212 2959 2225 2996 :
2256 2940 2508 3012 quoniam
2537 2941 2918 2998 cruciï¬‚xerunt
2949 2957 3076 2999 eam
3106 2958 3266 3014 quem
3300 2941 3533 3000 adOrare

1925 3033 2227 3102 oportebat.
2270 3031 2461 3088 Videnâ€˜
2483 3048 2643 3103 quam
2677 3033 2989 3088 terribiliter
3031 3050 3191 3090 suum
3241 3034 3530 3090 advenlnm

1925 3122 2244 3179 describat?
2292 3123 2563 3193 quomodo
2611 3123 2998 3194 discipulorum
3053 3123 3265 3181 animos
3317 3127 3533 3198 erigat?

1925 3213 2132 3270 Idcirco
2174 3214 2343 3271 tristia
2377 3215 2550 3284 primo
2577 3216 2765 3286 ponit,
2797 3224 2852 3272 et
2888 3225 3012 3288 post
3039 3217 3154 3272 hmc
3185 3217 3324 3273 bona
3356 3229 3410 3274 et
3445 3219 3532 3290 ju-

1923 3306 2118 3372 cunda,
2176 3315 2232 3361 ut
2281 3308 2359 3362 sic
2407 3307 2531 3363 illos
2578 3308 2907 3365 consoletur.
2957 3308 3281 3366 Passionem.
3317 3327 3532 3383 quoque

1923 3413 2134 3454 rursum
2163 3407 2571 3466 commemorat,
2603 3413 2813 3455 necnon
2840 3400 3338 3470 resurrectionem,
3365 3411 3527 3474 atque

1921 3489 2285 3560 splendidiore
2312 3489 2473 3545 modo
2498 3505 2717 3547 crucem
2742 3501 3006 3548 memorat
3029 3535 3044 3560 ,
3075 3508 3145 3550 ne
3175 3494 3347 3566 pudor
3378 3496 3525 3566 ipsos

1920 3581 2005 3635 vcl
2047 3579 2203 3636 dolor
2232 3580 2475 3646 invadat,
2504 3596 2626 3638 cum
2647 3581 2758 3652 jam
2791 3584 2969 3638 veniat
3013 3584 3160 3640 illam
3217 3601 3314 3656 pro
3362 3588 3516 3656 signo

1922 3672 2209 3742 positurus.
2242 3671 2392 3740 Alius
2422 3686 2550 3728 vero
2579 3671 2743 3739 dicit,
2785 3673 3038 3729 Videbunt
3079 3675 3133 3729 in
3179 3692 3326 3747 quem
3359 3686 3525 3733 trans-

1918 3765 2137 3833 ï¬xerunt
2181 3762 2368 3832 (Zach.
2402 3764 2490 3820 12.
2525 3763 2637 3835 10).
2669 3764 2795 3821 Ideo
2823 3765 3074 3837 plangent
3100 3767 3305 3834 tribus,
3338 3770 3523 3824 viden-

1920 3867 1999 3912 tes
2043 3857 2293 3911 eumdem
2333 3859 2503 3927 ipsum
2548 3871 2688 3913 esse.
2736 3857 3025 3929 Postquam
3075 3868 3252 3915 autem
3303 3876 3519 3918 crucem

1917 3949 2380 4016 commemoravit,
2414 3948 2619 4020 adjicit,
2661 3948 2905 4004 Videbunt
2927 3949 3121 4005 Filium
3151 3950 3368 4006 hominis
3385 3954 3520 4006 veni-

1917 4050 2111 4110 entcm,
2140 4056 2246 4097 non
2280 4041 2330 4096 in
2358 4057 2549 4108 cruce,
2584 4044 2708 4108 sed,
2735 4042 2800 4099 In
2831 4044 3043 4099 nubibus
3076 4045 3190 4098 cadi
3227 4062 3341 4099 cum
3373 4059 3517 4116 pote-

1915 4146 2043 4192 state
2068 4146 2115 4192 et
2137 4137 2401 4207 majestate
2427 4153 2610 4208 magna
2637 4135 2818 4207 (Joan.
2855 4137 2942 4192 19.
2976 4137 3088 4212 57).
3122 4137 3200 4192 Ne
3230 4139 3351 4209 quia
3384 4155 3514 4194 cru-

1913 4242 2030 4283 cem
2073 4226 2304 4293 audisti,
2338 4228 2533 4298 inquit,
2567 4237 2725 4299 putes
2753 4227 2946 4284 adesse
2984 4228 3112 4299 quid
3161 4230 3344 4294 triste;
3393 4247 3517 4286 nam

1913 4333 2033 4373 cum
2076 4327 2340 4388 potestate
2387 4327 2443 4374 et
2486 4319 2765 4388 majestate
2808 4335 2998 4390 magna
3042 4321 3243 4375 veniet.
3282 4321 3508 4376 Crucem

1912 4418 2091 4465 autem
2120 4419 2328 4481 gestat,
2363 4418 2419 4465 ut
2446 4420 2719 4480 peccatum
2754 4412 2990 4480 ipsorum
3025 4411 3127 4468 hoc
3157 4413 3273 4483 ipso
3316 4423 3367 4469 et
3417 4432 3512 4485 per

1911 4517 1970 4558 se
1998 4503 2390 4558 condemnetur
2421 4519 2435 4558 :
2469 4512 2526 4557 ut
2555 4504 2598 4556 si
2633 4504 2750 4574 quis
2779 4503 2954 4573 lapide
2985 4519 3292 4574 percussus,
3335 4506 3510 4575 ipsum

1911 4595 2140 4666 lapidem
2168 4594 2510 4662 ostenderet,
2543 4594 2626 4650 vel
2676 4595 2989 4650 vestimenta
3038 4604 3334 4651 cruentata.
3366 4598 3430 4652 Et
3457 4599 3513 4654 in

1909 4687 2050 4743 nube
2096 4687 2293 4752 veniet,
2339 4688 2478 4743 sicut
2525 4696 2832 4757 assumptus
2858 4697 2974 4753 est;
3021 4688 3243 4760 haecque
3266 4690 3512 4747 videntes

1911 4780 2079 4836 tribus
2128 4780 2352 4835 ï¬‚ebunt.
2400 4780 2584 4852 Neque
2633 4780 2770 4836 intra
2817 4781 3000 4836 fletum
3028 4783 3290 4838 sistentur
3317 4785 3454 4838 mala
3493 4803 3504 4838 :

1907 4872 2000 4928 sed
2031 4872 2150 4927 ideo
2179 4871 2335 4928 ï¬‚etus
2365 4873 2501 4939 erit,
2543 4882 2599 4928 ut
2627 4873 2949 4929 sententiam
2982 4873 3158 4929 ferant
3201 4885 3256 4930 et
3297 4877 3507 4946 seipsos

1905 4963 2177 5019 damnent.
2209 4963 2360 5018 Tunc
2388 4971 2564 5020 autem
2597 4979 2804 5030 rursus,
2827 4963 2918 5018 3t.
2954 4963 3122 5019 Mittet
3148 4965 3356 5036 angelos
3387 4983 3507 5020 suos

1906 5071 2021 5108 cum
2042 5054 2161 5108 tuba
2187 5070 2405 5126 magna,
2449 5065 2494 5109 et
2530 5054 2907 5126 congregabunt
2957 5057 3138 5111 electos
3185 5073 3250 5112 ea:
3287 5067 3506 5126 quatuor

1905 5148 2083 5214 ventis,
2125 5164 2156 5201 a
2195 5148 2406 5202 summis
2451 5149 2691 5206 malorum
2717 5165 2876 5220 usque
2916 5150 2984 5204 ad
3027 5151 3269 5206 terminos
3305 5168 3498 5206 eorum.

1903 5242 2036 5296 Cum
2068 5240 2184 5295 base
2213 5239 2446 5296 audieris
2467 5281 2481 5303 ,
2509 5241 2680 5310 cogita
2712 5256 2900 5296 eorum
2928 5242 3017 5313 qui
3052 5244 3350 5299 manebunt
3375 5259 3502 5312 sup-

1904 5334 2140 5404 plicium.
2169 5332 2288 5388 Non
2308 5333 2448 5388 enim
2480 5343 2683 5388 tantum
2711 5333 2830 5389 illas
2857 5349 3043 5404 pinnas
3068 5335 3295 5399 dabunt,
3323 5335 3417 5392 sed
3448 5347 3502 5391 et

1904 5427 2040 5483 hanc
2070 5441 2302 5498 quoque.
2335 5426 2402 5480 Et
2427 5426 2568 5480 sicut
2595 5425 2810 5482 dicebat
2835 5441 2996 5498 supra
3023 5469 3037 5492 ,
3067 5427 3306 5485 dicturos
3335 5443 3457 5484 esse
3482 5471 3496 5493 ,

1901 5517 2201 5576 Benedictus
2228 5518 2312 5587 qui
2333 5520 2462 5572 venit
2491 5517 2544 5571 in
2568 5519 2768 5572 nomine
2789 5516 2998 5573 Domini
3017 5518 3234 5589 (Matth.
3257 5521 3347 5576 25.
3370 5521 3496 5591 39):

1901 5612 1979 5668 sic
2023 5613 2123 5668 hoc
2161 5612 2280 5667 loco
2323 5611 2480 5678 dicit,
2517 5609 2791 5685 Plangent.
2835 5611 2969 5682 Quia
2993 5615 3134 5670 enim
3159 5614 3227 5670 de
3247 5614 3499 5683 gravibus

1901 5705 2055 5763 bellis
2079 5705 2227 5772 imos
2253 5704 2559 5775 alloqnutus
2585 5712 2668 5760 est
2687 5745 2704 5772 ,
2737 5713 2793 5759 ut
2817 5705 3025 5761 discant
3044 5748 3058 5770 .
3091 5716 3210 5778 post
3233 5709 3389 5782 hujus
3413 5709 3495 5761 vi-

1904 5808 1973 5856 ta:
1997 5796 2165 5865 mala,
2191 5795 2368 5854 futura
2395 5796 2515 5856 illos
2536 5807 2807 5861 tormenta
2832 5814 3074 5871 manere,
3106 5816 3158 5862 ct
3184 5805 3503 5880 plangente-5
