4172 6498
700 349 802 404 699

707 459 947 524 inducit,
995 468 1049 516 et
1076 460 1141 514 ab
1165 458 1346 514 electis
1373 469 1675 530 segregatos
1695 501 1709 526 ,
1742 469 1795 514 et
1819 459 2076 530 gehennae
2109 457 2270 513 tradi-

708 564 787 606 tos
822 569 835 605 :
870 551 1093 622 hincque
1125 564 1331 604 rursum
1363 551 1649 620 discipulos
1677 552 1966 617 suseitans,
1995 551 2226 606 ostendit
2255 591 2268 614 ,

703 659 732 694 a
786 642 993 712 quantis
1038 638 1401 694 liberabuntur
1445 641 1637 706 malis,
1679 651 1734 696 et
1780 643 1990 711 quantis
2033 641 2270 696 fruentur

707 731 881 786 bouis.

771 823 823 876 ι.
875 820 941 875 Et
991 836 1086 876 cur
1143 836 1236 890 per
1286 821 1500 891 angelos
1552 833 1705 878 vocat
1749 823 1885 888 illos,
1917 823 1959 876 si
1988 823 2064 877 sic
2098 825 2266 891 palam

703 922 956 967 venturus
991 913 1102 966 sit?
1134 912 1199 968 Ut
1228 913 1325 966 illis
1359 912 1500 968 hunc
1526 930 1739 985 quoque
1767 914 2021 970 honorem
2055 914 2264 968 tribuat.

702 1004 896 1059 Paulus
937 1020 1064 1061 vero
1114 1007 1187 1059 ait
1217 1005 1361 1075 ipsos
1400 1008 1678 1075 rapiendos
1698 1023 1816 1062 esse
1844 1009 1894 1062 in
1923 1008 2169 1063 nubibus.
2204 1007 2269 1062 Et

703 1095 804 1150 hoc
847 1097 1004 1151 etiam
1050 1097 1215 1160 dicit,
1269 1112 1388 1150 cum
1437 1099 1503 1151 de
1558 1100 1943 1154 resurrectione
1993 1099 2264 1168 loquitur:

705 1184 823 1255 Ipse
847 1188 1006 1247 enim.
1036 1187 1224 1256 inquit,
1256 1185 1498 1241 Dominus
1518 1188 1777 1242 descendet
1797 1192 1858 1242 de
1877 1190 1998 1242 calo
2013 1189 2063 1242 in
2078 1190 2228 1258 jussu
2249 1229 2263 1253 ,

699 1280 751 1332 in
798 1295 912 1334 voce
947 1279 1236 1349 archangeli
1278 1280 1352 1345 (l.
1387 1277 1565 1334 Thess.
1602 1280 1654 1333 4.
1687 1279 1794 1350 15).
1826 1280 2004 1349 itaque
2029 1295 2147 1336 cum
2179 1296 2266 1335 re-

700 1373 1058 1437 surrexerint,
1087 1372 1259 1442 angeli
1289 1373 1433 1440 ipsos
1455 1373 1847 1441 congregabunt
1872 1415 1887 1438 ,
1919 1381 2267 1442 congregatos

697 1473 876 1520 autem
908 1464 1070 1518 nubes
1113 1465 1320 1534 rapient
1361 1474 1460 1519 :et
1508 1464 1622 1520 haec
1672 1467 1850 1521 omnia
1899 1467 1950 1520 in
1997 1475 2267 1521 momento

702 1552 851 1610 li'unt.
898 1555 1077 1626 Neque
1115 1557 1255 1610 enim
1301 1571 1511 1611 sursum
1547 1572 1765 1611 manens
1796 1567 1947 1612 vocat
1976 1557 2127 1621 illos,
2173 1559 2265 1613 sed

701 1650 812 1716 ipsc
841 1648 978 1701 venit
1013 1649 1062 1700 in
1096 1647 1238 1702 tuba.
1276 1647 1338 1701 Et
1363 1648 1489 1717 quid
1516 1647 1617 1702 sibi
1641 1650 1824 1702 volunt
1851 1648 1989 1703 tubte
2019 1656 2073 1702 ct
2103 1649 2218 1703 soni
2244 1650 2268 1702 ?

701 1741 780 1794 Ad
825 1739 1241 1804 suscitationem,
1270 1739 1333 1792 ad
1365 1740 1627 1800 la-titiam,
1653 1739 1715 1793 ad
1737 1740 2108 1794 declarandum
2152 1749 2266 1794 stu-

713 1845 913 1899 porem,
931 1829 1272 1898 doloremque
1297 1845 1482 1884 eorum
1501 1830 1983 1898 quirelinquentur.
2006 1830 2094 1884 Va:
2116 1831 2267 1884 nobis

700 1938 728 1975 a
751 1922 836 1976 die
863 1923 952 1976 illo
981 1922 1197 1976 terribili
1225 1940 1236 1972 :
1261 1938 1380 1976 cum
1409 1930 1680 1990 oporteret
1702 1937 1796 1976 nos
1814 1921 2041 1990 gaudere
2057 1923 2268 1990 quando

699 2015 822 2069 talia
854 2015 1119 2075 audimus,
1149 2015 1410 2077 dolemus,
1439 2023 1490 2067 et
1511 2014 1688 2066 animo
1714 2014 1923 2081 dejeCto
1951 2027 2132 2068 sumus
2157 2053 2172 2078 ,
2203 2029 2266 2068 ac

699 2119 926 2158 mmrore
956 2104 1286 2157 conlicimur.
1317 2103 1448 2156 Num
1480 2119 1578 2172 ego
1606 2103 1749 2156 solus
1778 2103 1891 2158 haec
1929 2104 2121 2173 patior,
2143 2119 2264 2158 vos-

699 2210 800 2264 que
829 2194 1068 2263 gaudetis
1091 2193 1203 2247 ha'c
1227 2193 1524 2258 audientes,
1550 2193 1675 2247 dum
1704 2207 1790 2248 nte
1819 2204 1871 2248 et
1910 2193 2100 2249 horror
2119 2194 2265 2248 inva-

696 2286 794 2351 dit,
817 2301 937 2338 cum
965 2285 1081 2338 haec
1105 2285 1374 2347 dicuntur,
1405 2293 1458 2338 ct
1487 2286 1719 2352 graviter
1746 2285 1919 2353 lugeo,
1948 2299 2121 2354 exque
2143 2285 2265 2339 inti-

697 2393 784 2432 mo
813 2376 972 2431 corde
999 2376 1286 2445 ingemisco
1308 2377 1329 2428 ?
1355 2376 1492 2430 Nihil
1523 2375 1635 2430 [nec
1659 2377 1724 2430 ad
1747 2391 1849 2442 me,
1881 2376 1974 2431 sed
2002 2392 2118 2446 quae
2142 2392 2263 2434 mox

695 2479 1017 2539 sequuntur,
1049 2484 1166 2538 qua:
1198 2469 1426 2539 virgines
1452 2478 1726 2537 spectant,
1765 2477 1818 2523 et
1857 2484 1974 2538 quae
2007 2470 2154 2524 illum
2175 2471 2264 2541 qui

694 2572 961 2628 acceptum
989 2560 1239 2614 talentum
1272 2560 1506 2624 defodit,
1547 2569 1740 2629 etquae
1768 2576 1977 2616 servum
2018 2578 2261 2632 nequam.

694 2653 816 2708 ideo
845 2654 1108 2722 lacrymor
1133 2695 1146 2716 ,
1179 2654 1421 2722 cogitans
1455 2668 1520 2708 ex
1565 2662 1755 2723 quanta
1793 2653 1958 2724 gloria
1999 2654 2263 2725 dciapsuri

693 2746 856 2799 simus
879 2786 893 2809 ,
925 2761 987 2798 cx
1017 2756 1332 2814 quantorum
1377 2759 1471 2813 spe
1501 2745 1759 2798 bonorum
1781 2787 1796 2810 ,
1829 2745 1983 2814 idque
2010 2757 2265 2814 perpetuo

693 2848 744 2891 et
765 2852 1007 2905 semper,
1062 2853 1126 2891 ne
1167 2851 1353 2905 parum
1396 2835 1553 2888 studii
1605 2835 1990 2904 impendamus.
2041 2837 2171 2891 Nam
2218 2837 2260 2891 si

694 2929 886 2980 multus
916 2937 1058 2982 esset
1088 2928 1256 2997 labor,
1293 2926 1338 2979 si
1362 2926 1539 2994 gravis
1567 2926 1676 2988 lex,
1705 2927 1780 2980 sic
1802 2943 2012 2996 quoque
2052 2936 2263 2997 oporte-

693 3025 771 3070 ret
803 3017 931 3071 nihil
975 3033 1077 3070 non
1111 2993 1288 3086 agere.
1323 3017 1568 3070 Attamen
1596 3017 1834 3085 plerique
1865 3017 2075 3072 desides
2102 3033 2264 3072 excu-

690 3117 945 3161 sationem
965 3107 1247 3177 quamdam
1269 3107 1462 3161 habere
1483 3107 1819 3172 viderentur;
1840 3108 2077 3177 frigidam
2091 3117 2260 3175 certe,

686 3199 783 3264 sed
827 3208 999 3252 tamen
1047 3199 1352 3253 viderentur
1380 3198 1615 3261 habere;
1647 3209 2028 3268 prteceptorum
2075 3215 2264 3268 nempe

691 3290 1074 3355 difﬁcultatem,
1100 3291 1239 3358 quod
1265 3305 1482 3360 magnus
1511 3292 1578 3345 sit
1604 3291 1772 3356 labor,
1798 3292 1936 3360 quod
1958 3292 2262 3346 diuturnum

693 3391 900 3451 tempus
925 3421 940 3447 ,
973 3391 1024 3434 ct
1055 3381 1386 3436 intolerabile
1409 3396 1544 3435 onus
1575 3400 1588 3435 :
1623 3397 1765 3435 nunc
1794 3391 1968 3437 autem
2002 3383 2132 3437 nihil
2162 3384 2264 3438 tale

691 3474 980 3530 obtendere
997 3487 1294 3542 possumus.
1310 3473 1449 3543 quod
1473 3482 1648 3528 tamen
1663 3473 1827 3544 magis
1850 3489 2004 3543 quam
2023 3475 2263 3545 gehenna

693 3581 789 3619 nos
831 3564 1075 3619 corrodet
1106 3565 1156 3618 in
1205 3573 1444 3633 tempore
1486 3564 1607 3629 illo,
1636 3579 1757 3617 cum
1797 3563 1866 3618 ob
1893 3565 2262 3619 brevissimum

696 3661 947 3728 temporis
973 3660 1222 3728 spatium,
1253 3667 1305 3712 et
1335 3658 1581 3712 sudorem
1616 3672 1852 3726 parvum,
1885 3673 2102 3728 regnum
2125 3659 2264 3712 ami-

693 3752 919 3806 serimus
949 3759 1001 3805 et
1023 3749 1304 3804 ineﬂ'abilia
1334 3749 1493 3803 bona.
1521 3749 1650 3802 lVam
1675 3758 1728 3803 et
1751 3758 1956 3819 tempus
1977 3750 2135 3804 breve
2159 3759 2260 3817 est,

695 3851 747 3896 et
777 3841 925 3896 labor
953 3841 1225 3906 modicus;
1259 3851 1310 3895 et
1337 3849 1509 3894 tamen
1543 3839 1855 3894 resolvimur
1875 3848 1928 3894 et
1951 3838 2262 3895 decidimus.

697 3932 752 3986 In
783 3941 920 3986 terra
945 3932 1186 3986 decertas
1207 3972 1222 3996 ,
1252 3940 1305 3985 et
1332 3931 1381 3985 in
1409 3930 1554 3984 caelis
1579 3946 1773 3985 corona
1801 3939 1915 3996 est;
1947 3930 2014 3984 ab
2037 3930 2266 3985 homini-

697 4026 794 4079 bus
838 4023 1118 4090 cruciaris,
1170 4033 1222 4077 et
1263 4038 1290 4074 a
1341 4023 1445 4076 Deo
1492 4023 1745 4076 honorem
1796 4022 2020 4090 accipis;
2063 4021 2268 4077 duobus

699 4117 871 4170 curris
897 4115 1084 4168 diebus
1105 4156 1118 4178 ,
1151 4123 1207 4168 et
1227 4114 1289 4166 ad
1315 4113 1506 4167 saecula
1537 4112 1733 4166 infinita
1759 4114 1934 4166 bravia
1961 4113 2186 4184 accipis;
2216 4114 2267 4168 in

699 4219 950 4276 corrupto
991 4221 1215 4274 corpore
1259 4207 1395 4258 lucta
1416 4246 1431 4270 ,
1461 4215 1513 4258 et
1555 4205 1606 4258 in
1636 4205 1940 4276 incorrupto
1971 4208 2160 4262 honor.
2194 4209 2270 4264 Ac

701 4311 893 4372 praeter
925 4300 1036 4354 hare
1069 4299 1196 4353 illud
1227 4300 1383 4353 etiam
1409 4300 1644 4367 cogitare
1671 4308 1898 4367 oportet,
1931 4300 2136 4354 etiamsi
2162 4316 2268 4355 non

702 4401 915 4464 propter
942 4390 1208 4444 Christum
1236 4389 1431 4458 aliquid
1466 4390 1569 4457 pati
1597 4389 1791 4443 doloris
1819 4389 2062 4457 velimus,
2087 4399 2142 4444 at
2163 4392 2268 4460 pati

700 4500 797 4543 nos
845 4483 1062 4538 omnino
1111 4497 1330 4536 necesse
1379 4482 1508 4536 fore.
1561 4480 1740 4551 Neque
1780 4482 1921 4536 enim
1964 4483 2008 4537 si
2053 4495 2272 4553 propter

700 4577 967 4632 Christum
993 4591 1095 4629 non
1121 4575 1380 4637 moriaris,
1415 4573 1532 4628 ideo
1565 4575 1873 4628 immortalis
1899 4575 2006 4629 eris
2046 4593 2059 4629 :
2100 4590 2271 4647 neque

701 4673 746 4727 si
775 4680 990 4741 propter
1016 4667 1280 4723 Christum
1311 4667 1518 4721 divitias
1540 4682 1641 4720 non
1669 4666 1923 4733 ell'undas,
1955 4668 2070 4722 illas
2099 4678 2269 4723 tecum

702 4767 932 4822 auferes.
968 4766 1009 4819 Α
1041 4773 1092 4818 te
1123 4765 1206 4818 illa
1235 4763 1412 4834 exigit,
1442 4779 1556 4834 quae
1584 4764 1739 4818 etiam
1761 4765 1872 4834 ipso
1899 4781 2001 4820 non
2030 4767 2274 4836 exigente

703 4860 924 4914 daturus
950 4873 1007 4913 es
1031 4900 1046 4923 ,
1075 4858 1193 4926 quia
1224 4857 1460 4910 mortalis
1498 4873 1593 4919 es;
1639 4857 1751 4912 haec
1795 4867 1846 4913 te
1894 4859 2119 4913 libenter
2163 4860 2274 4914 vult

701 4951 896 5015 facere,
956 4964 1074 5018 qum
1133 4947 1429 5001 necessario
1479 4947 1707 5002 facturus
1749 4963 1826 5004 es.
1858 4949 1971 5003 Hoc
2007 4950 2175 5004 solum
2219 4961 2275 5006 ut

705 5043 843 5098 adsit
884 5049 1058 5109 Optat,
1109 5049 1163 5092 ut
1193 5048 1408 5107 prepter
1452 5038 1622 5107 ipsum
1645 5038 1744 5094 hoc
1773 5041 1892 5104 fiat;
1923 5039 2064 5109 quod
2096 5051 2274 5098 autem

704 5135 818 5191 btec
849 5135 1018 5188 omnia
1050 5137 1356 5200 contingant
1381 5140 1432 5185 et
1460 5139 1746 5193 transeant.
1778 5147 1840 5186 ex
1866 5141 2065 5188 natura:
2095 5149 2276 5188 necesv

705 5231 860 5282 sitate
881 5226 956 5281 fit.
993 5225 1174 5280 Viden'
1203 5241 1358 5294 quam
1389 5225 1540 5279 facile
1571 5225 1876 5282 certamen?
1903 5227 2031 5292 Quae
2059 5228 2276 5282 omnino

707 5332 960 5387 passurus
985 5333 1043 5373 es
1063 5359 1077 5381 ,
1110 5317 1306 5388 inquit,
1338 5326 1553 5384 propter
1595 5331 1679 5370 me
1722 5325 1903 5386 patere
1932 5335 1944 5369 :
1977 5318 2075 5372 hoc
2101 5319 2275 5374 solum

706 5411 952 5475 addatur,
993 5420 1046 5464 et
1089 5411 1138 5464 id
1183 5425 1278 5480 pro
1316 5408 1506 5464 idonea
1533 5409 1870 5480 obsequentia
1904 5409 2092 5466 habeo.
2126 5412 2276 5481 Quod

708 5506 796 5561 alii
827 5512 1158 5558 mutuaturus
1181 5517 1364 5558 aurum
1395 5517 1454 5558 es
1478 5545 1493 5569 ,
1517 5501 1643 5556 mihi
1671 5511 1911 5558 mutuare
1936 5519 2056 5560 cum
2088 5505 2274 5572 majori

712 5599 912 5652 faenore
951 5611 1015 5650 ac
1039 5595 1321 5649 securitate
1350 5613 1364 5646 :
1395 5594 1534 5665 quod
1560 5610 1752 5664 corpus
1781 5595 1932 5649 alteri
1962 5595 2162 5650 militia:
2199 5596 2277 5650 vis

705 5686 1040 5752 adscribere,
1081 5702 1212 5744 mea:
1251 5686 1490 5741 adscribc
1520 5707 1532 5740 :
1565 5702 1684 5740 nam
1733 5685 1937 5742 labores
1980 5695 2099 5742 tuos
2125 5687 2276 5762 longo

699 5777 950 5835 excedam
988 5777 1245 5834 mercedis
1273 5777 1649 5844 magnitudine.
1680 5776 1757 5832 Tu
1783 5791 1906 5832 vero
1934 5777 1983 5832 in
2011 5777 2129 5833 aliis
2153 5791 2274 5834 eum

1375 347 1430 402 S.
1468 345 1740 403 JUANNIS
1777 343 2248 401 CHRYSUSTOMI
2288 343 2598 398 ARCIIIEP.
2639 341 3170 403 CONSTANTINOP.

3853 354 3955 410 700

2378 472 2588 526 semper
2617 459 2868 529 prtefers,
2900 460 2990 531 qui
3020 461 3170 531 plura
3216 461 3492 531 retribuit,
3537 463 3591 519 in
3634 474 3854 533 mutuo,
3902 471 3954 524 in

2377 550 2673 618 emptione.
2702 552 2752 605 in
2782 552 2965 606 militia
2999 571 3013 608 :
3044 550 3312 608 Christum
3342 555 3514 611 solum
3542 572 3646 613 non
3673 561 3912 616 admittis
3938 605 3952 621 ,

2376 641 2464 708 qui
2510 641 2628 710 plus
2674 652 2727 696 et
2775 644 3026 698 inlinities
3061 643 3178 714 plus
3222 647 3422 714 praebet
3458 663 3613 719 quam
3640 654 3843 706 carteri.
3890 654 3958 707 Et

2376 732 2515 801 quod
2553 733 2653 789 hoc
2680 734 2908 788 bellum?
2934 751 3051 806 quae
3078 737 3192 792 hinc
3223 737 3529 795 inimicitia?
3559 741 3830 798 Undenatn
3857 746 3954 801 de-

2377 839 2521 878 mum
2553 827 2761 880 veniam
2791 838 2844 880 et
2868 829 3264 885 escasationem
3297 829 3517 888 habebis
3537 876 3552 901 ,
3579 851 3702 891 cum
3735 839 3786 891 in
3816 839 3956 894 iisin

2374 915 2564 983 quibus
2595 914 2836 971 homines
2874 917 3172 974 hominibus
3202 924 3512 992 anteponis,
3543 943 3608 982 ne
3641 928 3806 983 Deum
3833 932 3954 1000 qui-

2373 1004 2492 1059 dem
2521 1007 2598 1060 vis
2630 1007 2928 1062 bozninibus
2955 1013 3314 1080 anteponere?
3337 1014 3446 1070 Cur
3466 1023 3620 1072 terra
3644 1019 3953 1076 thesaurum

2375 1096 2575 1150 tradis?
2607 1097 2662 1152 In
2690 1101 2928 1153 manibus
2958 1104 3092 1157 meis
3120 1119 3340 1173 repone,
3370 1107 3556 1178 inquit.
3588 1110 3784 1167 Annon
3810 1115 3957 1171 vide-

2374 1195 2459 1239 tur
2498 1187 2588 1242 tibi
2635 1189 2886 1244 Dominus
2933 1201 3087 1248 terra:
3114 1195 3280 1249 tutior
3315 1213 3434 1253 esse
3463 1214 3618 1269 quam
3649 1205 3835 1258 terra?
3861 1205 3953 1262 Illa

2371 1277 2666 1346 depositum
2711 1281 2919 1347 reddit,
2969 1300 3138 1352 neque
3181 1287 3352 1342 reddit
3401 1305 3657 1360 semper:
3688 1296 3780 1350 ille
3826 1312 3953 1353 vero

2371 1369 2526 1420 etiam
2577 1371 2873 1425 mercedem
2917 1388 3012 1442 pro
3046 1377 3281 1430 custodia
3310 1379 3376 1433 ab
3425 1394 3483 1435 se
3526 1381 3706 1438 habita
3754 1387 3949 1442 reddit.

2377 1458 2538 1513 Valde
2564 1461 2757 1530 quippe
2787 1479 2883 1517 nos
2907 1475 3066 1519 amat.
3101 1467 3222 1522 Ideo
3250 1470 3293 1522 si
3324 1483 3505 1526 mutuo
3527 1474 3656 1528 dare
3685 1479 3944 1544 volucris,

2374 1563 2582 1622 paratus
2609 1562 2690 1607 est
2715 1573 2726 1606 :
2758 1555 2800 1608 si
2829 1556 3094 1612 seminare
3113 1598 3128 1624 ,
3160 1559 3273 1629 ipse
3296 1577 3477 1617 semen
3496 1567 3724 1634 excipit;
3758 1571 3802 1624 si
3825 1572 3954 1628 :cdi-

2375 1644 2487 1696 ficia
2514 1645 2747 1699 excitare
2768 1686 2782 1709 ,
2813 1654 2862 1700 te
2887 1646 2950 1700 ad
2979 1661 3037 1702 se
3066 1650 3322 1716 pertrahit
3347 1653 3562 1720 dicens,
3591 1655 3647 1710 in
3677 1674 3800 1713 meo
3827 1661 3948 1715 fun-

2371 1737 2437 1789 do
2457 1736 2599 1791 :cdes
2627 1749 2896 1793 construe.
2920 1739 3054 1807 Quid
3084 1743 3254 1796 curris
3281 1743 3346 1798 ad
3374 1760 3652 1816 pauperes,
3679 1749 3746 1804 ad
3779 1753 3953 1806 homi-

2354 1843 2463 1880 -nes
2491 1825 2898 1883 mendicantes?
2959 1829 3126 1886 Curre
3152 1833 3216 1886 ad
3247 1834 3409 1909 Deum
3437 1878 3452 1901 ,
3481 1839 3569 1906 qui
3597 1855 3693 1909 pro
3723 1843 3950 1898 modicis

2371 1933 2556 1988 magna
2580 1918 2672 1971 tibi
2702 1903 3323 1978 datnrtisest’.Attameh
3366 1924 3397 1977 li
3419 1941 3478 1980 rc
3498 1903 3570 1982 ne
3597 1903 3783 1984 auditu
3825 1934 3945 2001 qni—

2367 2007 2488 2060 dem
2517 2009 2765 2074 ferimus;
2796 2009 2888 2064 sed
2919 2024 2983 2065 eo
3002 2008 3313 2068 festinanter
3337 2017 3622 2086 pergimus,
3647 2022 3732 2074 ubi
3758 2039 3946 2092 pugmt

2367 2101 2512 2154 sunt,
2539 2091 2698 2155 bella,
2729 2093 2849 2146 lites
2891 2094 3069 2148 omnis
3109 2097 3342 2164 generis,
3369 2098 3519 2165 rixae,
3548 2091 3946 2172 sycophantiae.

2438 2181 2490 2234 5.
2521 2179 2585 2233 lu
2614 2180 2820 2235 Christo
2851 2184 3028 2237 omnia
3050 2185 3198 2240 nobis
3225 2191 3940 2257 suppeditantur.—Annon

2369 2273 2528 2343 igitur
2551 2289 2647 2330 nos
2669 2274 2814 2343 jusle
2833 2287 3118 2331 aversatur
3143 2290 3194 2334 et
3216 2281 3518 2349 ulciscitur,
3546 2299 3667 2339 Cum
3691 2285 3744 2339 in
3768 2288 3947 2343 omni-

2367 2365 2466 2420 bus
2487 2366 2720 2435 seipsum
2749 2366 2904 2423 nobis
2927 2368 3137 2435 offerat,
3166 2388 3372 2442 nosque
3400 2375 3548 2430 illum
3588 2379 3948 2448 rejiciamus?

2371 2457 2421 2510 Id
2453 2467 2598 2512 certe
2626 2474 2788 2513 nemo
2815 2476 2920 2514 non
2955 2461 3203 2516 fateatur.
3239 2463 3295 2518 Si
3330 2467 3511 2533 enim,
3541 2469 3741 2539 inquit,
3775 2471 3945 2526 deco-

2367 2549 2474 2602 rari
2508 2550 2658 2615 velis,
2693 2553 2876 2622 accipe
2898 2551 3150 2607 decorem
3187 2570 3366 2610 meum
3395 2575 3408 2622 ;
3447 2559 3493 2613 si
3534 2561 3758 2625 armari,
3789 2575 3946 2618 arma

2367 2656 2518 2706 mea;
2549 2641 2594 2694 si
2630 2643 2835 2709 vestiri,
2869 2643 3248 2700 vestimentum
3278 2662 3455 2702 meum
3478 2666 3491 2714 ;
3518 2651 3565 2704 si
3596 2652 3764 2716 vesci,
3792 2667 3949 2708 men-

2364 2747 2478 2786 sam
2510 2749 2722 2800 meam;
2751 2736 2794 2788 si
2833 2737 2930 2789 iter
2965 2735 3163 2804 facere,
3196 2741 3336 2794 viam
3376 2757 3551 2796 meam
3578 2759 3593 2807 ;
3636 2745 3680 2797 si
3711 2746 3947 2802 haeredi-

2366 2834 2500 2890 tare,
2532 2825 2899 2881 hmreditatem
2937 2843 3110 2884 meam
3141 2848 3155 2897 ;
3185 2832 3227 2886 si
3260 2832 3314 2886 in
3343 2833 3570 2902 patriam
3602 2834 3835 2905 ingredi,
3866 2837 3948 2894 ci—

2365 2916 2608 2982 vitatem,
2641 2918 2798 2987 cujus
2827 2934 2926 2989 ego
2951 2937 3072 2976 sum
3101 2923 3295 2978 artifex
3327 2935 3381 2978 et
3403 2925 3652 2980 conditor
3675 2929 3694 2957 '
3725 2944 3741 2993 ;
3777 2930 3822 2984 si
3848 2930 3950 2986 do-

2364 3024 2508 3062 mum
2543 3010 2672 3065 velis
2701 3011 2986 3076 :editicare,
3027 3014 3229 3069 :editlca
3259 3017 3310 3069 in
3347 3018 3711 3074 tabernaculis
3746 3022 3888 3078 meis
3924 3041 3942 3078 :

2358 3115 2456 3170 ego
2495 3110 2638 3156 certe
2683 3117 2781 3170 pro
2831 3104 2898 3160 iis
2940 3120 3058 3174 qua:
3107 3105 3306 3162 dedero
3350 3110 3554 3164 nullam
3602 3127 3630 3165 a
3678 3121 3729 3166 te
3782 3129 3932 3167 mer-

2357 3195 2541 3249 cedem
2595 3198 2914 3267 requiram;
2966 3201 3078 3254 imo
3125 3201 3208 3256 vel
3253 3217 3317 3256 ex
3355 3217 3421 3258 eo
3469 3205 3588 3273 ipso
3628 3209 3936 3261 mercedem

2354 3286 2450 3341 tibi
2503 3287 2710 3352 debeo,
2757 3290 2802 3345 si
2852 3293 2987 3346 meis
3031 3294 3291 3350 omnibus
3345 3298 3420 3351 uti
3475 3297 3736 3352 volueris.
3791 3297 3938 3366 ρηῖά

2353 3380 2479 3440 huic
2519 3381 2827 3441 liberalitati
2875 3401 2972 3454 par
3009 3397 3092 3443 est
3117 3391 3144 3442 .7
3195 3390 3303 3458 Ego
3350 3399 3538 3456 pater,
3571 3405 3670 3460 ego
3715 3388 3895 3448 frater
3920 3427 3938 3455 ,

2365 3477 2465 3533 ego
2491 3477 2736 3546 sponsus,
2762 3479 2862 3535 ego
2894 3467 3105 3532 domus,
3137 3482 3236 3538 ego
3261 3469 3594 3540 alimentum,
3626 3489 3725 3544 ego
3763 3475 3949 3543 vestis,

2366 3569 2464 3624 ego
2493 3554 2662 3617 radix,
2695 3570 2793 3624 ego
2817 3554 3240 3624 fundamentum,
3272 3574 3370 3630 ego
3394 3561 3645 3632 quidquid
3669 3564 3944 3632 volueris;

2369 3647 2509 3701 nulla
2537 3663 2661 3715 ergo
2679 3663 2736 3703 re
2756 3663 2932 3719 egeas.
2956 3649 3066 3720 Ego
3086 3650 3246 3705 etiam
3270 3650 3361 3708 tibi
3383 3655 3640 3721 serviam;
3665 3658 3784 3713 veni
3805 3659 3951 3714 enim

2368 3738 2682 3802 ministrare,
2717 3753 2823 3794 non
2854 3740 3142 3796 ministrari
3184 3741 3398 3814 (Matth.
3429 3745 3517 3803 20.
3538 3747 3654 3812 28).
3680 3748 3792 3820 Ego
3812 3751 3952 3806 ami-

2368 3845 2483 3896 cus,
2514 3830 2832 3897 membrum,
2878 3840 3054 3900 caput,
3102 3831 3286 3902 frater,
3336 3851 3507 3898 soror.
3554 3849 3738 3905 mater,
3770 3843 3950 3896 omnia

2371 3935 2469 3991 ego
2497 3934 2612 3974 sum
2637 3939 2649 3974 :
2677 3921 2847 3975 solum
2893 3922 3020 3976 mibi
3048 3923 3253 3980 amicus
3281 3937 3414 3981 esto.
3446 3927 3554 3997 Ego
3583 3945 3786 4000 pauper
3828 3947 3956 4001 pro.

2370 4023 2488 4084 pter
2517 4019 2588 4078 te,
2609 4013 2880 4067 mendicus
2908 4024 3120 4083 propter
3148 4025 3219 4082 te,
3255 4017 3306 4071 in
3328 4033 3536 4073 crucem
3563 4029 3712 4076 actus
3735 4034 3957 4094 propter

2375 4114 2444 4168 te,
2478 4103 2528 4156 in
2560 4103 2804 4172 sepulcro
2835 4105 3035 4172 positus
3065 4117 3281 4176 pr0ptcr
3310 4120 3380 4172 te,
3414 4111 3464 4163 in
3483 4111 3628 4166 caelis
3651 4124 3872 4183 propter
3900 4127 3955 4172 te

2375 4194 2515 4248 Patri
2545 4193 2806 4264 supplico,
2837 4195 2889 4271 in
2913 4205 3051 4250 terra
3079 4206 3297 4268 propter
3323 4209 3374 4253 te
3395 4209 3574 4255 orator
3592 4202 3787 4258 adveni
3812 4207 3955 4275 apud

2373 4285 2601 4338 Patrem.
2633 4281 2819 4338 Omnia
2869 4286 2997 4340 mihi
3042 4293 3096 4340 tu
3125 4303 3205 4354 es,
3239 4288 3421 4357 frater,
3453 4291 3697 4361 coheres,
3725 4298 3955 4365 amicus,

2373 4379 2689 4434 membrum.
2714 4378 2849 4445 Quid
2879 4380 3102 4450 amplius
3128 4381 3434 4439 desideras?
3461 4401 3558 4440 cur
3584 4401 3704 4442 eum
3725 4390 3815 4458 qui
3835 4399 3958 4444 tan-

2374 4482 2482 4526 tum
2507 4480 2556 4526 te
2582 4481 2723 4525 amat
2749 4471 3046 4526 aversaris?
3074 4473 3198 4541 quid
3222 4475 3419 4530 mundo
3445 4475 3568 4533 huic
3594 4479 3839 4534 laboras?
3858 4495 3961 4539 cur

2373 4563 2516 4618 dolio
2540 4563 2590 4616 in
2615 4571 2828 4632 pertuso
2859 4561 3068 4617 hauris?
3088 4563 3201 4619 Hoc
3223 4566 3364 4620 enim
3390 4577 3471 4622 est
3495 4582 3592 4638 pro
3612 4572 3859 4638 pnesenti
3879 4573 3959 4628 vi-

2376 4665 2423 4708 ta
2470 4654 2730 4709 laborare.
2777 4652 2883 4708 Cur
2912 4654 3084 4724 ignem
3115 4655 3727 4714 verberas'7curaerem
3769 4676 3960 4730 percu-

2377 4747 2476 4800 tis?
2499 4760 2596 4799 cur
2615 4745 2806 4800 frustra
2834 4744 3035 4800 curris?
3059 4748 3244 4800 Annon
3267 4763 3353 4805 ars
3377 4763 3600 4818 qumque
3623 4750 3776 4806 linem
3799 4768 3959 4809 suum

2376 4837 2567 4893 habet?
2595 4837 2651 4892 ld
2681 4852 2808 4893 sane
2835 4837 3080 4892 omnibus
3108 4840 3474 4909 conSpicuum.
3505 4826 3736 4900 Ostende
3757 4847 3887 4899 mihi
3905 4859 3961 4902 et

2378 4940 2430 4985 tu
2461 4931 2730 4986 saecularis
2758 4929 2918 4984 studii
2948 4931 3126 4985 finem.
3155 4931 3260 4986 Sed
3290 4947 3396 4986 non
3427 4944 3579 5003 potes
3599 4954 3611 4988 :
3633 4951 3750 4990 nam
3794 4935 3961 4990 Yanio

2378 5033 2452 5076 tas
2479 5023 2774 5087 sanitatum,
2801 5031 2848 5074 et
2877 5022 3047 5075 omnia
3070 5023 3263 5076 vanitas
3290 5022 3484 5094 (Eccle.
3528 5027 3579 5079 1.
3611 5025 3684 5094 1).
3733 5027 3961 5084 Profici-

2378 5128 2588 5168 scamur
2615 5113 2680 5166 ad
2725 5115 2992 5184 sepulcra.
3025 5113 3249 5169 ostende
3288 5115 3416 5169 mihi
3462 5125 3689 5186 patrem,
3734 5120 3963 5177 ostende

2378 5220 2618 5260 uxorem.
2652 5204 2750 5260 Ubi
2792 5214 2872 5260 est
2898 5204 2987 5276 qui
3014 5205 3189 5260 aureis
3228 5207 3462 5262 vestibus
3490 5207 3840 5264 induebatur?
3867 5212 3962 5281 qui

2379 5296 2431 5351 in
2457 5311 2614 5351 curru
2640 5295 2895 5351 sedebat?
2915 5295 3006 5366 qui
3030 5295 3297 5352 exercitus
3319 5296 3567 5363 habebat,
3591 5298 3678 5368 qui
3700 5299 3966 5369 balteum,

2379 5388 2466 5457 qui
2494 5387 2802 5458 praecones?
2829 5387 2919 5458 qui
2952 5386 3087 5443 alios
3117 5387 3407 5454 occidebat,
3440 5389 3576 5445 alios
3603 5388 3656 5444 in
3684 5407 3964 5451 carcerem

2421 5502 2438 5538 ³
2471 5519 2688 5588 Savilius
2710 5518 2996 5591 inornargine
3012 5522 3343 5591 .bancyarlatn
3369 5524 3826 5591 lectionemstfert:
3847 5528 3954 5591 Cur

2365 5595 2455 5630 non
2482 5581 2649 5664 curris
2663 5583 2726 5630 ad
2754 5581 2912 5664 illum,
2938 5581 3022 5633 sed
3048 5582 3122 5664 ad.
3139 5582 3354 5664 hogtines
3378 5584 3544 5664 inope}
3560 5587 3652 5664 qui
3663 5600 3756 5664 pro
3771 5581 3952 5654 panis

2366 5643 3601 5772 ""‘ggi’i‘slé‘i‘,"fdilﬁl‘é‘imﬁﬁctilia???
3621 5651 3753 5767 ἷξεῗά

2427 5767 2448 5799 ³
2478 5769 2531 5817 γ.
2556 5767 2916 5830 Αάοιοιξιθὶθιᾶ,
2939 5770 2997 5819 ad
3017 5783 3066 5832 p.
3093 5767 3215 5826 739'.
