  <div class='ocr_page' id='page_1' title='image "/cluster/home/n/w/nwhite01/storage/ocr_20150623/58/uva.x004914844/246.png"; bbox 0 0 4172 6498; ppageno 0'>
   <div class='ocr_carea' id='block_1_1' title="bbox 297 410 397 468">
    <p class='ocr_par' dir='ltr' id='par_1_1' title="bbox 297 410 397 468">
     <span class='ocr_line' id='line_1_1' title="bbox 297 410 397 468; baseline 0.04 -4"><span class='ocrx_word' id='word_1_1' title='bbox 297 410 397 468; x_wconf 79' lang='grc'><strong>’101</strong></span> 
     </span>
    </p>
   </div>
   <div class='ocr_carea' id='block_1_2' title="bbox 295 521 1889 594">
    <p class='ocr_par' dir='ltr' id='par_1_2' title="bbox 295 521 1889 594">
     <span class='ocr_line' id='line_1_2' title="bbox 295 521 1889 594; baseline -0.001 -15"><span class='ocrx_word' id='word_1_2' title='bbox 295 521 650 592; x_wconf 74' lang='lat' dir='ltr'><strong>eoniiciebat?</strong></span> <span class='ocrx_word' id='word_1_3' title='bbox 679 522 768 594; x_wconf 85' lang='lat' dir='ltr'><strong>qui</strong></span> <span class='ocrx_word' id='word_1_4' title='bbox 798 521 1150 578; x_wconf 85' lang='lat' dir='ltr'><strong>interﬁcichat</strong></span> <span class='ocrx_word' id='word_1_5' title='bbox 1168 537 1304 593; x_wconf 90' lang='lat' dir='ltr'><strong>quos</strong></span> <span class='ocrx_word' id='word_1_6' title='bbox 1323 522 1502 589; x_wconf 89' lang='lat' dir='ltr'><strong>vellet,</strong></span> <span class='ocrx_word' id='word_1_7' title='bbox 1525 521 1889 592; x_wconf 85' lang='lat' dir='ltr'><strong>liberabatque</strong></span> 
     </span>
    </p>
   </div>
   <div class='ocr_carea' id='block_1_3' title="bbox 293 613 1890 684">
    <p class='ocr_par' dir='ltr' id='par_1_3' title="bbox 293 613 1890 684">
     <span class='ocr_line' id='line_1_3' title="bbox 293 613 1890 684; baseline -0.002 -15"><span class='ocrx_word' id='word_1_8' title='bbox 293 613 362 669; x_wconf 83' lang='lat' dir='ltr'><strong>ad</strong></span> <span class='ocrx_word' id='word_1_9' title='bbox 395 615 616 670; x_wconf 79' lang='lat' dir='ltr'><strong>nutum?</strong></span> <span class='ocrx_word' id='word_1_10' title='bbox 635 613 772 668; x_wconf 85' lang='lat' dir='ltr'><strong>Nihil</strong></span> <span class='ocrx_word' id='word_1_11' title='bbox 793 613 937 668; x_wconf 85' lang='lat' dir='ltr'><strong>aliud</strong></span> <span class='ocrx_word' id='word_1_12' title='bbox 969 613 1124 668; x_wconf 90' lang='lat' dir='ltr'><strong>video</strong></span> <span class='ocrx_word' id='word_1_13' title='bbox 1152 629 1309 684; x_wconf 89' lang='lat' dir='ltr'><strong>quam</strong></span> <span class='ocrx_word' id='word_1_14' title='bbox 1338 627 1479 679; x_wconf 86' lang='lat' dir='ltr'><strong>ossa,</strong></span> <span class='ocrx_word' id='word_1_15' title='bbox 1513 628 1745 678; x_wconf 91' lang='lat' dir='ltr'><strong>vermes,</strong></span> <span class='ocrx_word' id='word_1_16' title='bbox 1768 627 1890 667; x_wconf 63' lang='lat' dir='ltr'><strong>ara.</strong></span> 
     </span>
    </p>
   </div>
   <div class='ocr_carea' id='block_1_4' title="bbox 293 704 1888 774">
    <p class='ocr_par' dir='ltr' id='par_1_4' title="bbox 293 704 1888 774">
     <span class='ocr_line' id='line_1_4' title="bbox 293 704 1888 774; baseline 0 -14"><span class='ocrx_word' id='word_1_17' title='bbox 293 720 460 762; x_wconf 86' lang='lat' dir='ltr'><strong>neas:</strong></span> <span class='ocrx_word' id='word_1_18' title='bbox 493 707 670 762; x_wconf 83' lang='lat' dir='ltr'><strong>omnia</strong></span> <span class='ocrx_word' id='word_1_19' title='bbox 702 706 789 760; x_wconf 86' lang='lat' dir='ltr'><strong>illa</strong></span> <span class='ocrx_word' id='word_1_20' title='bbox 820 714 960 761; x_wconf 90' lang='lat' dir='ltr'><strong>terra</strong></span> <span class='ocrx_word' id='word_1_21' title='bbox 991 715 1134 771; x_wconf 84' lang='lat' dir='ltr'><strong>sunt,</strong></span> <span class='ocrx_word' id='word_1_22' title='bbox 1159 707 1336 761; x_wconf 88' lang='lat' dir='ltr'><strong>omnia</strong></span> <span class='ocrx_word' id='word_1_23' title='bbox 1364 704 1560 774; x_wconf 82' lang='lat' dir='ltr'><strong>fabula,</strong></span> <span class='ocrx_word' id='word_1_24' title='bbox 1590 705 1766 761; x_wconf 82' lang='lat' dir='ltr'><strong>omnia</strong></span> <span class='ocrx_word' id='word_1_25' title='bbox 1794 720 1888 760; x_wconf 79' lang='lat' dir='ltr'><strong>so-</strong></span> 
     </span>
    </p>
   </div>
   <div class='ocr_carea' id='block_1_5' title="bbox 293 795 1885 869">
    <p class='ocr_par' dir='ltr' id='par_1_5' title="bbox 293 795 1885 869">
     <span class='ocr_line' id='line_1_5' title="bbox 293 795 1885 869; baseline 0.001 -17"><span class='ocrx_word' id='word_1_26' title='bbox 293 795 517 862; x_wconf 89' lang='lat' dir='ltr'><strong>mnium,</strong></span> <span class='ocrx_word' id='word_1_27' title='bbox 546 797 753 860; x_wconf 89' lang='lat' dir='ltr'><strong>umbra,</strong></span> <span class='ocrx_word' id='word_1_28' title='bbox 777 813 925 853; x_wconf 87' lang='lat' dir='ltr'><strong>mera</strong></span> <span class='ocrx_word' id='word_1_29' title='bbox 953 799 1188 853; x_wconf 79' lang='lat' dir='ltr'><strong>narratio</strong></span> <span class='ocrx_word' id='word_1_30' title='bbox 1214 808 1268 853; x_wconf 92' lang='lat' dir='ltr'><strong>et</strong></span> <span class='ocrx_word' id='word_1_31' title='bbox 1296 799 1532 869; x_wconf 90' lang='lat' dir='ltr'><strong>pictura;</strong></span> <span class='ocrx_word' id='word_1_32' title='bbox 1554 799 1662 854; x_wconf 91' lang='lat' dir='ltr'><strong>imo</strong></span> <span class='ocrx_word' id='word_1_33' title='bbox 1682 814 1782 854; x_wconf 90' lang='lat' dir='ltr'><strong>nec</strong></span> <span class='ocrx_word' id='word_1_34' title='bbox 1805 799 1885 868; x_wconf 83' lang='lat' dir='ltr'><strong>pi-</strong></span> 
     </span>
    </p>
   </div>
   <div class='ocr_carea' id='block_1_6' title="bbox 289 888 1886 961">
    <p class='ocr_par' dir='ltr' id='par_1_6' title="bbox 289 888 1886 961">
     <span class='ocr_line' id='line_1_6' title="bbox 289 888 1886 961; baseline 0.003 -19"><span class='ocrx_word' id='word_1_35' title='bbox 289 895 463 943; x_wconf 91' lang='lat' dir='ltr'><strong>ctura.</strong></span> <span class='ocrx_word' id='word_1_36' title='bbox 497 888 762 944; x_wconf 82' lang='lat' dir='ltr'><strong>Picturam</strong></span> <span class='ocrx_word' id='word_1_37' title='bbox 788 890 930 944; x_wconf 91' lang='lat' dir='ltr'><strong>enim</strong></span> <span class='ocrx_word' id='word_1_38' title='bbox 955 891 1145 946; x_wconf 93' lang='lat' dir='ltr'><strong>saltem</strong></span> <span class='ocrx_word' id='word_1_39' title='bbox 1173 891 1225 946; x_wconf 91' lang='lat' dir='ltr'><strong>in</strong></span> <span class='ocrx_word' id='word_1_40' title='bbox 1254 891 1482 961; x_wconf 87' lang='lat' dir='ltr'><strong>imagine</strong></span> <span class='ocrx_word' id='word_1_41' title='bbox 1500 889 1770 955; x_wconf 85' lang='lat' dir='ltr'><strong>videmus;</strong></span> <span class='ocrx_word' id='word_1_42' title='bbox 1800 890 1886 947; x_wconf 88' lang='lat' dir='ltr'><strong>hic</strong></span> 
     </span>
    </p>
   </div>
   <div class='ocr_carea' id='block_1_7' title="bbox 290 982 1882 1055">
    <p class='ocr_par' dir='ltr' id='par_1_7' title="bbox 290 982 1882 1055">
     <span class='ocr_line' id='line_1_7' title="bbox 290 982 1882 1055; baseline 0.001 -20"><span class='ocrx_word' id='word_1_43' title='bbox 290 994 421 1036; x_wconf 80' lang='lat' dir='ltr'><strong>vero</strong></span> <span class='ocrx_word' id='word_1_44' title='bbox 465 996 533 1038; x_wconf 90' lang='lat' dir='ltr'><strong>nc</strong></span> <span class='ocrx_word' id='word_1_45' title='bbox 577 982 791 1052; x_wconf 87' lang='lat' dir='ltr'><strong>quidem</strong></span> <span class='ocrx_word' id='word_1_46' title='bbox 845 983 1149 1054; x_wconf 79' lang='lat' dir='ltr'><strong>imaginem.</strong></span> <span class='ocrx_word' id='word_1_47' title='bbox 1185 985 1356 1055; x_wconf 78' lang='lat' dir='ltr'><strong>Atque</strong></span> <span class='ocrx_word' id='word_1_48' title='bbox 1387 985 1586 1040; x_wconf 88' lang='lat' dir='ltr'><strong>utinam</strong></span> <span class='ocrx_word' id='word_1_49' title='bbox 1620 985 1706 1040; x_wconf 90' lang='lat' dir='ltr'><strong>hic</strong></span> <span class='ocrx_word' id='word_1_50' title='bbox 1744 985 1882 1039; x_wconf 88' lang='lat' dir='ltr'><strong>mala</strong></span> 
     </span>
    </p>
   </div>
   <div class='ocr_carea' id='block_1_8' title="bbox 290 1073 1885 1148">
    <p class='ocr_par' dir='ltr' id='par_1_8' title="bbox 290 1073 1885 1148">
     <span class='ocr_line' id='line_1_8' title="bbox 290 1073 1885 1148; baseline 0.003 -22"><span class='ocrx_word' id='word_1_51' title='bbox 290 1073 736 1128; x_wconf 74' lang='lat' dir='ltr'><strong>terminarentur!</strong></span> <span class='ocrx_word' id='word_1_52' title='bbox 763 1073 914 1128; x_wconf 84' lang='lat' dir='ltr'><strong>Nunc</strong></span> <span class='ocrx_word' id='word_1_53' title='bbox 939 1090 1066 1129; x_wconf 88' lang='lat' dir='ltr'><strong>vero</strong></span> <span class='ocrx_word' id='word_1_54' title='bbox 1087 1073 1277 1140; x_wconf 86' lang='lat' dir='ltr'><strong>honor.</strong></span> <span class='ocrx_word' id='word_1_55' title='bbox 1308 1075 1534 1142; x_wconf 61' lang='lat' dir='ltr'><strong>delicia,</strong></span> <span class='ocrx_word' id='word_1_56' title='bbox 1557 1075 1744 1148; x_wconf 90' lang='lat' dir='ltr'><strong>gloria,</strong></span> <span class='ocrx_word' id='word_1_57' title='bbox 1769 1093 1885 1131; x_wconf 92' lang='lat' dir='ltr'><strong>um-</strong></span> 
     </span>
    </p>
   </div>
   <div class='ocr_carea' id='block_1_9' title="bbox 289 1164 1878 1238">
    <p class='ocr_par' dir='ltr' id='par_1_9' title="bbox 289 1164 1878 1238">
     <span class='ocr_line' id='line_1_9' title="bbox 289 1164 1878 1238; baseline 0.002 -20"><span class='ocrx_word' id='word_1_58' title='bbox 289 1164 388 1219; x_wconf 90' lang='lat' dir='ltr'><strong>bra</strong></span> <span class='ocrx_word' id='word_1_59' title='bbox 420 1172 625 1220; x_wconf 87' lang='lat' dir='ltr'><strong>tantum</strong></span> <span class='ocrx_word' id='word_1_60' title='bbox 653 1175 707 1220; x_wconf 87' lang='lat' dir='ltr'><strong>et</strong></span> <span class='ocrx_word' id='word_1_61' title='bbox 737 1166 895 1221; x_wconf 89' lang='lat' dir='ltr'><strong>verba</strong></span> <span class='ocrx_word' id='word_1_62' title='bbox 925 1175 1079 1221; x_wconf 90' lang='lat' dir='ltr'><strong>sunt:</strong></span> <span class='ocrx_word' id='word_1_63' title='bbox 1109 1183 1229 1237; x_wconf 67' lang='lat' dir='ltr'><strong>quae</strong></span> <span class='ocrx_word' id='word_1_64' title='bbox 1269 1183 1397 1222; x_wconf 91' lang='lat' dir='ltr'><strong>vero</strong></span> <span class='ocrx_word' id='word_1_65' title='bbox 1436 1167 1527 1223; x_wconf 89' lang='lat' dir='ltr'><strong>illa</strong></span> <span class='ocrx_word' id='word_1_66' title='bbox 1561 1177 1878 1238; x_wconf 86' lang='lat' dir='ltr'><strong>sequuntur,</strong></span> 
     </span>
    </p>
   </div>
   <div class='ocr_carea' id='block_1_10' title="bbox 287 1253 1880 1323">
    <p class='ocr_par' dir='ltr' id='par_1_10' title="bbox 287 1253 1880 1323">
     <span class='ocr_line' id='line_1_10' title="bbox 287 1253 1880 1323; baseline 0.001 -13"><span class='ocrx_word' id='word_1_67' title='bbox 287 1270 396 1310; x_wconf 88' lang='lat' dir='ltr'><strong>non</strong></span> <span class='ocrx_word' id='word_1_68' title='bbox 428 1253 640 1322; x_wconf 91' lang='lat' dir='ltr'><strong>umbra,</strong></span> <span class='ocrx_word' id='word_1_69' title='bbox 672 1271 777 1310; x_wconf 88' lang='lat' dir='ltr'><strong>non</strong></span> <span class='ocrx_word' id='word_1_70' title='bbox 810 1256 969 1311; x_wconf 88' lang='lat' dir='ltr'><strong>verba</strong></span> <span class='ocrx_word' id='word_1_71' title='bbox 1000 1265 1153 1320; x_wconf 78' lang='lat' dir='ltr'><strong>sunt;</strong></span> <span class='ocrx_word' id='word_1_72' title='bbox 1198 1257 1291 1313; x_wconf 88' lang='lat' dir='ltr'><strong>sed</strong></span> <span class='ocrx_word' id='word_1_73' title='bbox 1332 1267 1569 1323; x_wconf 89' lang='lat' dir='ltr'><strong>manent,</strong></span> <span class='ocrx_word' id='word_1_74' title='bbox 1603 1266 1657 1313; x_wconf 90' lang='lat' dir='ltr'><strong>et</strong></span> <span class='ocrx_word' id='word_1_75' title='bbox 1697 1258 1880 1313; x_wconf 89' lang='lat' dir='ltr'><strong>nobis-</strong></span> 
     </span>
    </p>
   </div>
   <div class='ocr_carea' id='block_1_11' title="bbox 285 1345 1878 1420">
    <p class='ocr_par' dir='ltr' id='par_1_11' title="bbox 285 1345 1878 1420">
     <span class='ocr_line' id='line_1_11' title="bbox 285 1345 1878 1420; baseline 0.003 -21"><span class='ocrx_word' id='word_1_76' title='bbox 285 1358 409 1399; x_wconf 89' lang='lat' dir='ltr'><strong>cum</strong></span> <span class='ocrx_word' id='word_1_77' title='bbox 440 1345 530 1401; x_wconf 92' lang='lat' dir='ltr'><strong>illo</strong></span> <span class='ocrx_word' id='word_1_78' title='bbox 560 1346 882 1414; x_wconf 87' lang='lat' dir='ltr'><strong>transibunt,</strong></span> <span class='ocrx_word' id='word_1_79' title='bbox 911 1347 1262 1416; x_wconf 86' lang='lat' dir='ltr'><strong>omnibusque</strong></span> <span class='ocrx_word' id='word_1_80' title='bbox 1293 1357 1416 1404; x_wconf 87' lang='lat' dir='ltr'><strong>nota</strong></span> <span class='ocrx_word' id='word_1_81' title='bbox 1443 1359 1629 1416; x_wconf 90' lang='lat' dir='ltr'><strong>erunt;</strong></span> <span class='ocrx_word' id='word_1_82' title='bbox 1654 1350 1878 1420; x_wconf 63' lang='lat' dir='ltr'><strong>rapinae,</strong></span> 
     </span>
    </p>
   </div>
   <div class='ocr_carea' id='block_1_12' title="bbox 287 1435 1881 1510">
    <p class='ocr_par' dir='ltr' id='par_1_12' title="bbox 287 1435 1881 1510">
     <span class='ocr_line' id='line_1_12' title="bbox 287 1435 1881 1510; baseline 0.004 -20"><span class='ocrx_word' id='word_1_83' title='bbox 287 1437 532 1499; x_wconf 87' lang='lat' dir='ltr'><strong>avaritia,</strong></span> <span class='ocrx_word' id='word_1_84' title='bbox 561 1435 961 1505; x_wconf 80' lang='lat' dir='ltr'><strong>fornicationes,</strong></span> <span class='ocrx_word' id='word_1_85' title='bbox 985 1439 1264 1504; x_wconf 89' lang='lat' dir='ltr'><strong>adulteria,</strong></span> <span class='ocrx_word' id='word_1_86' title='bbox 1293 1449 1346 1496; x_wconf 93' lang='lat' dir='ltr'><strong>et</strong></span> <span class='ocrx_word' id='word_1_87' title='bbox 1369 1440 1514 1497; x_wconf 91' lang='lat' dir='ltr'><strong>mille</strong></span> <span class='ocrx_word' id='word_1_88' title='bbox 1534 1441 1670 1496; x_wconf 90' lang='lat' dir='ltr'><strong>mala</strong></span> <span class='ocrx_word' id='word_1_89' title='bbox 1698 1441 1881 1510; x_wconf 85' lang='lat' dir='ltr'><strong>hujus-</strong></span> 
     </span>
    </p>
   </div>
   <div class='ocr_carea' id='block_1_13' title="bbox 286 1530 1878 1603">
    <p class='ocr_par' dir='ltr' id='par_1_13' title="bbox 286 1530 1878 1603">
     <span class='ocr_line' id='line_1_13' title="bbox 286 1530 1878 1603; baseline 0.002 -19"><span class='ocrx_word' id='word_1_90' title='bbox 286 1530 457 1595; x_wconf 87' lang='lat' dir='ltr'><strong>modi,</strong></span> <span class='ocrx_word' id='word_1_91' title='bbox 489 1544 595 1585; x_wconf 91' lang='lat' dir='ltr'><strong>non</strong></span> <span class='ocrx_word' id='word_1_92' title='bbox 627 1530 678 1585; x_wconf 92' lang='lat' dir='ltr'><strong>in</strong></span> <span class='ocrx_word' id='word_1_93' title='bbox 708 1531 934 1600; x_wconf 80' lang='lat' dir='ltr'><strong>imagine</strong></span> <span class='ocrx_word' id='word_1_94' title='bbox 961 1541 1014 1586; x_wconf 89' lang='lat' dir='ltr'><strong>et</strong></span> <span class='ocrx_word' id='word_1_95' title='bbox 1040 1533 1090 1586; x_wconf 91' lang='lat' dir='ltr'><strong>in</strong></span> <span class='ocrx_word' id='word_1_96' title='bbox 1118 1532 1338 1603; x_wconf 82' lang='lat' dir='ltr'><strong>pulvere</strong></span> <span class='ocrx_word' id='word_1_97' title='bbox 1361 1541 1536 1597; x_wconf 88' lang='lat' dir='ltr'><strong>erunt,</strong></span> <span class='ocrx_word' id='word_1_98' title='bbox 1565 1532 1659 1586; x_wconf 82' lang='lat' dir='ltr'><strong>sed</strong></span> <span class='ocrx_word' id='word_1_99' title='bbox 1681 1533 1878 1603; x_wconf 85' lang='lat' dir='ltr'><strong>scripta</strong></span> 
     </span>
    </p>
   </div>
   <div class='ocr_carea' id='block_1_14' title="bbox 287 1619 1877 1692">
    <p class='ocr_par' dir='ltr' id='par_1_14' title="bbox 287 1619 1877 1692">
     <span class='ocr_line' id='line_1_14' title="bbox 287 1619 1877 1692; baseline 0.002 -17"><span class='ocrx_word' id='word_1_100' title='bbox 287 1619 342 1675; x_wconf 88' lang='lat' dir='ltr'><strong>in</strong></span> <span class='ocrx_word' id='word_1_101' title='bbox 372 1620 518 1674; x_wconf 58' lang='lat' dir='ltr'><strong>caelis</strong></span> <span class='ocrx_word' id='word_1_102' title='bbox 547 1628 692 1687; x_wconf 88' lang='lat' dir='ltr'><strong>sunt,</strong></span> <span class='ocrx_word' id='word_1_103' title='bbox 723 1634 817 1676; x_wconf 88' lang='lat' dir='ltr'><strong>seu</strong></span> <span class='ocrx_word' id='word_1_104' title='bbox 839 1621 1003 1684; x_wconf 91' lang='lat' dir='ltr'><strong>dicta,</strong></span> <span class='ocrx_word' id='word_1_105' title='bbox 1035 1636 1129 1676; x_wconf 88' lang='lat' dir='ltr'><strong>seu</strong></span> <span class='ocrx_word' id='word_1_106' title='bbox 1159 1636 1341 1692; x_wconf 81' lang='lat' dir='ltr'><strong>opera.</strong></span> <span class='ocrx_word' id='word_1_107' title='bbox 1367 1621 1574 1688; x_wconf 82' lang='lat' dir='ltr'><strong>Quibus</strong></span> <span class='ocrx_word' id='word_1_108' title='bbox 1594 1638 1725 1691; x_wconf 88' lang='lat' dir='ltr'><strong>ergo</strong></span> <span class='ocrx_word' id='word_1_109' title='bbox 1746 1637 1877 1678; x_wconf 89' lang='lat' dir='ltr'><strong>ocu-</strong></span> 
     </span>
    </p>
   </div>
   <div class='ocr_carea' id='block_1_15' title="bbox 286 1708 1878 1783">
    <p class='ocr_par' dir='ltr' id='par_1_15' title="bbox 286 1708 1878 1783">
     <span class='ocr_line' id='line_1_15' title="bbox 286 1708 1878 1783; baseline 0.004 -19"><span class='ocrx_word' id='word_1_110' title='bbox 286 1709 353 1764; x_wconf 86' lang='lat' dir='ltr'><strong>lis</strong></span> <span class='ocrx_word' id='word_1_111' title='bbox 382 1708 649 1765; x_wconf 83' lang='lat' dir='ltr'><strong>Christum</strong></span> <span class='ocrx_word' id='word_1_112' title='bbox 680 1710 1012 1766; x_wconf 80' lang='lat' dir='ltr'><strong>videbimus?</strong></span> <span class='ocrx_word' id='word_1_113' title='bbox 1037 1711 1168 1766; x_wconf 85' lang='lat' dir='ltr'><strong>Nam</strong></span> <span class='ocrx_word' id='word_1_114' title='bbox 1213 1714 1256 1767; x_wconf 88' lang='lat' dir='ltr'><strong>si</strong></span> <span class='ocrx_word' id='word_1_115' title='bbox 1302 1724 1504 1782; x_wconf 81' lang='lat' dir='ltr'><strong>patrem</strong></span> <span class='ocrx_word' id='word_1_116' title='bbox 1554 1729 1660 1768; x_wconf 88' lang='lat' dir='ltr'><strong>non</strong></span> <span class='ocrx_word' id='word_1_117' title='bbox 1702 1723 1878 1783; x_wconf 87' lang='lat' dir='ltr'><strong>potest</strong></span> 
     </span>
    </p>
   </div>
   <div class='ocr_carea' id='block_1_16' title="bbox 283 1800 1874 1876">
    <p class='ocr_par' dir='ltr' id='par_1_16' title="bbox 283 1800 1874 1876">
     <span class='ocr_line' id='line_1_16' title="bbox 283 1800 1874 1876; baseline 0.003 -21"><span class='ocrx_word' id='word_1_118' title='bbox 283 1802 407 1870; x_wconf 85' lang='lat' dir='ltr'><strong>quis</strong></span> <span class='ocrx_word' id='word_1_119' title='bbox 435 1801 678 1869; x_wconf 82' lang='lat' dir='ltr'><strong>aspicere</strong></span> <span class='ocrx_word' id='word_1_120' title='bbox 721 1800 821 1856; x_wconf 90' lang='lat' dir='ltr'><strong>sibi</strong></span> <span class='ocrx_word' id='word_1_121' title='bbox 848 1804 1095 1858; x_wconf 88' lang='lat' dir='ltr'><strong>conscius</strong></span> <span class='ocrx_word' id='word_1_122' title='bbox 1124 1803 1325 1873; x_wconf 84' lang='lat' dir='ltr'><strong>peccati</strong></span> <span class='ocrx_word' id='word_1_123' title='bbox 1354 1803 1404 1858; x_wconf 91' lang='lat' dir='ltr'><strong>in</strong></span> <span class='ocrx_word' id='word_1_124' title='bbox 1438 1804 1608 1868; x_wconf 88' lang='lat' dir='ltr'><strong>illum,</strong></span> <span class='ocrx_word' id='word_1_125' title='bbox 1637 1820 1761 1860; x_wconf 88' lang='lat' dir='ltr'><strong>eum</strong></span> <span class='ocrx_word' id='word_1_126' title='bbox 1784 1805 1874 1876; x_wconf 89' lang='lat' dir='ltr'><strong>qui</strong></span> 
     </span>
    </p>
   </div>
   <div class='ocr_carea' id='block_1_17' title="bbox 283 1893 1873 1966">
    <p class='ocr_par' dir='ltr' id='par_1_17' title="bbox 283 1893 1873 1966">
     <span class='ocr_line' id='line_1_17' title="bbox 283 1893 1873 1966; baseline 0.006 -23"><span class='ocrx_word' id='word_1_127' title='bbox 283 1901 434 1962; x_wconf 86' lang='lat' dir='ltr'><strong>patre</strong></span> <span class='ocrx_word' id='word_1_128' title='bbox 464 1893 620 1963; x_wconf 89' lang='lat' dir='ltr'><strong>longe</strong></span> <span class='ocrx_word' id='word_1_129' title='bbox 647 1895 977 1948; x_wconf 86' lang='lat' dir='ltr'><strong>mansuetior</strong></span> <span class='ocrx_word' id='word_1_130' title='bbox 1005 1904 1106 1956; x_wconf 87' lang='lat' dir='ltr'><strong>est,</strong></span> <span class='ocrx_word' id='word_1_131' title='bbox 1139 1895 1408 1966; x_wconf 86' lang='lat' dir='ltr'><strong>quomodo</strong></span> <span class='ocrx_word' id='word_1_132' title='bbox 1437 1905 1564 1952; x_wconf 92' lang='lat' dir='ltr'><strong>tunc</strong></span> <span class='ocrx_word' id='word_1_133' title='bbox 1584 1895 1873 1966; x_wconf 79' lang='lat' dir='ltr'><strong>respicere,</strong></span> 
     </span>
    </p>
   </div>
   <div class='ocr_carea' id='block_1_18' title="bbox 281 1982 1875 2054">
    <p class='ocr_par' dir='ltr' id='par_1_18' title="bbox 281 1982 1875 2054">
     <span class='ocr_line' id='line_1_18' title="bbox 281 1982 1875 2054; baseline 0.004 -18"><span class='ocrx_word' id='word_1_134' title='bbox 281 1982 550 2052; x_wconf 88' lang='lat' dir='ltr'><strong>quomodo</strong></span> <span class='ocrx_word' id='word_1_135' title='bbox 578 1983 717 2038; x_wconf 89' lang='lat' dir='ltr'><strong>ferre</strong></span> <span class='ocrx_word' id='word_1_136' title='bbox 745 1984 1072 2054; x_wconf 74' lang='lat' dir='ltr'><strong>poterimus?</strong></span> <span class='ocrx_word' id='word_1_137' title='bbox 1096 1984 1228 2040; x_wconf 92' lang='lat' dir='ltr'><strong>Nam</strong></span> <span class='ocrx_word' id='word_1_138' title='bbox 1260 1986 1510 2041; x_wconf 89' lang='lat' dir='ltr'><strong>tribunali</strong></span> <span class='ocrx_word' id='word_1_139' title='bbox 1555 1985 1754 2041; x_wconf 68' lang='lat' dir='ltr'><strong>Christi</strong></span> <span class='ocrx_word' id='word_1_140' title='bbox 1778 1986 1875 2042; x_wconf 86' lang='lat' dir='ltr'><strong>ad-</strong></span> 
     </span>
    </p>
   </div>
   <div class='ocr_carea' id='block_1_19' title="bbox 281 2073 1875 2147">
    <p class='ocr_par' dir='ltr' id='par_1_19' title="bbox 281 2073 1875 2147">
     <span class='ocr_line' id='line_1_19' title="bbox 281 2073 1875 2147; baseline 0.004 -21"><span class='ocrx_word' id='word_1_141' title='bbox 281 2073 562 2138; x_wconf 73' lang='lat' dir='ltr'><strong>staliimus,</strong></span> <span class='ocrx_word' id='word_1_142' title='bbox 584 2077 931 2144; x_wconf 90' lang='lat' dir='ltr'><strong>omniumque</strong></span> <span class='ocrx_word' id='word_1_143' title='bbox 947 2085 1251 2130; x_wconf 87' lang='lat' dir='ltr'><strong>accuratum</strong></span> <span class='ocrx_word' id='word_1_144' title='bbox 1274 2075 1373 2130; x_wconf 92' lang='lat' dir='ltr'><strong>erit</strong></span> <span class='ocrx_word' id='word_1_145' title='bbox 1403 2091 1647 2132; x_wconf 83' lang='lat' dir='ltr'><strong>examen.</strong></span> <span class='ocrx_word' id='word_1_146' title='bbox 1683 2076 1738 2131; x_wconf 90' lang='lat' dir='ltr'><strong>Si</strong></span> <span class='ocrx_word' id='word_1_147' title='bbox 1757 2077 1875 2147; x_wconf 91' lang='lat' dir='ltr'><strong>quis</strong></span> 
     </span>
    </p>
   </div>
   <div class='ocr_carea' id='block_1_20' title="bbox 280 2162 1871 2238">
    <p class='ocr_par' dir='ltr' id='par_1_20' title="bbox 280 2162 1871 2238">
     <span class='ocr_line' id='line_1_20' title="bbox 280 2162 1871 2238; baseline 0.005 -23"><span class='ocrx_word' id='word_1_148' title='bbox 280 2177 409 2217; x_wconf 88' lang='lat' dir='ltr'><strong>vero</strong></span> <span class='ocrx_word' id='word_1_149' title='bbox 437 2162 674 2219; x_wconf 89' lang='lat' dir='ltr'><strong>futurum</strong></span> <span class='ocrx_word' id='word_1_150' title='bbox 696 2165 953 2235; x_wconf 82' lang='lat' dir='ltr'><strong>judicium</strong></span> <span class='ocrx_word' id='word_1_151' title='bbox 982 2182 1086 2220; x_wconf 88' lang='lat' dir='ltr'><strong>non</strong></span> <span class='ocrx_word' id='word_1_152' title='bbox 1118 2168 1309 2234; x_wconf 88' lang='lat' dir='ltr'><strong>credit,</strong></span> <span class='ocrx_word' id='word_1_153' title='bbox 1341 2169 1593 2238; x_wconf 65' lang='lat' dir='ltr'><strong>respiciat</strong></span> <span class='ocrx_word' id='word_1_154' title='bbox 1633 2168 1721 2222; x_wconf 92' lang='lat' dir='ltr'><strong>illa</strong></span> <span class='ocrx_word' id='word_1_155' title='bbox 1752 2184 1871 2238; x_wconf 75' lang='lat' dir='ltr'><strong>qua:</strong></span> 
     </span>
    </p>
   </div>
   <div class='ocr_carea' id='block_1_21' title="bbox 1159 406 2675 471">
    <p class='ocr_par' dir='ltr' id='par_1_21' title="bbox 1159 406 2675 471">
     <span class='ocr_line' id='line_1_21' title="bbox 1159 406 2675 471; baseline 0.001 -5"><span class='ocrx_word' id='word_1_156' title='bbox 1159 410 1224 466; x_wconf 92' lang='lat' dir='ltr'><strong>IN</strong></span> <span class='ocrx_word' id='word_1_157' title='bbox 1261 408 1668 467; x_wconf 60' lang='lat' dir='ltr'><strong>HATTIIEUM</strong></span> <span class='ocrx_word' id='word_1_158' title='bbox 1711 406 1939 464; x_wconf 77' lang='lat' dir='ltr'><strong>HOMIL.</strong></span> <span class='ocrx_word' id='word_1_159' title='bbox 1983 407 2242 466; x_wconf 75' lang='lat' dir='ltr'><strong>LXXVII.</strong></span> <span class='ocrx_word' id='word_1_160' title='bbox 2281 411 2353 468; x_wconf 88' lang='lat' dir='ltr'><strong>al.</strong></span> <span class='ocrx_word' id='word_1_161' title='bbox 2397 412 2675 471; x_wconf 77' lang='lat' dir='ltr'><strong>LXXVIII.</strong></span> 
     </span>
    </p>
   </div>
   <div class='ocr_carea' id='block_1_22' title="bbox 3488 433 3595 490">
    <p class='ocr_par' dir='ltr' id='par_1_22' title="bbox 3488 433 3595 490">
     <span class='ocr_line' id='line_1_22' title="bbox 3488 433 3595 490; baseline 0 0"><span class='ocrx_word' id='word_1_162' title='bbox 3488 433 3595 490; x_wconf 60' lang='lat'><strong>70&#39;)</strong></span> 
     </span>
    </p>
   </div>
   <div class='ocr_carea' id='block_1_23' title="bbox 1993 522 3592 614">
    <p class='ocr_par' dir='ltr' id='par_1_23' title="bbox 1993 522 3592 614">
     <span class='ocr_line' id='line_1_23' title="bbox 1993 522 3592 614; baseline 0.017 -37"><span class='ocrx_word' id='word_1_163' title='bbox 1993 522 2081 578; x_wconf 92' lang='lat' dir='ltr'><strong>hic</strong></span> <span class='ocrx_word' id='word_1_164' title='bbox 2106 536 2384 594; x_wconf 88' lang='lat' dir='ltr'><strong>geruntur,</strong></span> <span class='ocrx_word' id='word_1_165' title='bbox 2414 527 2592 585; x_wconf 83' lang='lat' dir='ltr'><strong>videat</strong></span> <span class='ocrx_word' id='word_1_166' title='bbox 2620 545 2716 588; x_wconf 85' lang='lat' dir='ltr'><strong>eos</strong></span> <span class='ocrx_word' id='word_1_167' title='bbox 2738 533 2830 603; x_wconf 92' lang='lat' dir='ltr'><strong>qui</strong></span> <span class='ocrx_word' id='word_1_168' title='bbox 2859 533 2913 592; x_wconf 89' lang='lat' dir='ltr'><strong>in</strong></span> <span class='ocrx_word' id='word_1_169' title='bbox 2938 550 3177 608; x_wconf 84' lang='lat' dir='ltr'><strong>carcere,</strong></span> <span class='ocrx_word' id='word_1_170' title='bbox 3208 541 3300 614; x_wconf 88' lang='lat' dir='ltr'><strong>qui</strong></span> <span class='ocrx_word' id='word_1_171' title='bbox 3324 541 3379 601; x_wconf 87' lang='lat' dir='ltr'><strong>in</strong></span> <span class='ocrx_word' id='word_1_172' title='bbox 3401 549 3592 614; x_wconf 59' lang='lat' dir='ltr'><strong>metal:</strong></span> 
     </span>
    </p>
   </div>
   <div class='ocr_carea' id='block_1_24' title="bbox 1991 611 3590 711">
    <p class='ocr_par' dir='ltr' id='par_1_24' title="bbox 1991 611 3590 711">
     <span class='ocr_line' id='line_1_24' title="bbox 1991 611 3590 711; baseline 0.018 -41"><span class='ocrx_word' id='word_1_173' title='bbox 1991 613 2080 683; x_wconf 87' lang='lat' dir='ltr'><strong>Iis,</strong></span> <span class='ocrx_word' id='word_1_174' title='bbox 2111 618 2201 688; x_wconf 91' lang='lat' dir='ltr'><strong>qui</strong></span> <span class='ocrx_word' id='word_1_175' title='bbox 2231 619 2283 672; x_wconf 92' lang='lat' dir='ltr'><strong>in</strong></span> <span class='ocrx_word' id='word_1_176' title='bbox 2311 631 2572 690; x_wconf 88' lang='lat' dir='ltr'><strong>stercore,</strong></span> <span class='ocrx_word' id='word_1_177' title='bbox 2621 628 2870 685; x_wconf 59' lang='lat' dir='ltr'><strong>recoiciat</strong></span> <span class='ocrx_word' id='word_1_178' title='bbox 2921 611 3307 706; x_wconf 64' lang='lat' dir='ltr'><strong>demoniacos,</strong></span> <span class='ocrx_word' id='word_1_179' title='bbox 3348 611 3590 711; x_wconf 68' lang='lat' dir='ltr'><strong>insanos:</strong></span> 
     </span>
    </p>
   </div>
   <div class='ocr_carea' id='block_1_25' title="bbox 1990 709 3590 806">
    <p class='ocr_par' dir='ltr' id='par_1_25' title="bbox 1990 709 3590 806">
     <span class='ocr_line' id='line_1_25' title="bbox 1990 709 3590 806; baseline 0.02 -47"><span class='ocrx_word' id='word_1_180' title='bbox 1990 709 2373 766; x_wconf 82' lang='lat' dir='ltr'><strong>incurabilibus</strong></span> <span class='ocrx_word' id='word_1_181' title='bbox 2400 716 2600 771; x_wconf 89' lang='lat' dir='ltr'><strong>morbis</strong></span> <span class='ocrx_word' id='word_1_182' title='bbox 2629 718 2954 791; x_wconf 80' lang='lat' dir='ltr'><strong>laborantes,</strong></span> <span class='ocrx_word' id='word_1_183' title='bbox 3001 744 3121 782; x_wconf 86' lang='lat' dir='ltr'><strong>cum</strong></span> <span class='ocrx_word' id='word_1_184' title='bbox 3171 740 3423 803; x_wconf 82' lang='lat' dir='ltr'><strong>perpetua</strong></span> <span class='ocrx_word' id='word_1_185' title='bbox 3456 709 3590 806; x_wconf 40' lang='lat' dir='ltr'><strong>pau;</strong></span> 
     </span>
    </p>
   </div>
   <div class='ocr_carea' id='block_1_26' title="bbox 1996 806 3590 886">
    <p class='ocr_par' dir='ltr' id='par_1_26' title="bbox 1996 806 3590 886">
     <span class='ocr_line' id='line_1_26' title="bbox 1996 806 3590 886; baseline 0.019 -38"><span class='ocrx_word' id='word_1_186' title='bbox 1996 806 2208 866; x_wconf 69' lang='lat' dir='ltr'><strong>portate</strong></span> <span class='ocrx_word' id='word_1_187' title='bbox 2227 812 2557 875; x_wconf 73' lang='lat' dir='ltr'><strong>pugnantes,</strong></span> <span class='ocrx_word' id='word_1_188' title='bbox 2583 806 2761 863; x_wconf 82' lang='lat' dir='ltr'><strong>inedia</strong></span> <span class='ocrx_word' id='word_1_189' title='bbox 2782 821 3029 880; x_wconf 77' lang='lat' dir='ltr'><strong>vexatos,</strong></span> <span class='ocrx_word' id='word_1_190' title='bbox 3059 817 3264 886; x_wconf 86' lang='lat' dir='ltr'><strong>ingenti</strong></span> <span class='ocrx_word' id='word_1_191' title='bbox 3291 821 3440 877; x_wconf 91' lang='lat' dir='ltr'><strong>luctu</strong></span> <span class='ocrx_word' id='word_1_192' title='bbox 3462 839 3590 878; x_wconf 83' lang='lat' dir='ltr'><strong>sau-</strong></span> 
     </span>
    </p>
   </div>
   <div class='ocr_carea' id='block_1_27' title="bbox 1995 887 3586 980">
    <p class='ocr_par' dir='ltr' id='par_1_27' title="bbox 1995 887 3586 980">
     <span class='ocr_line' id='line_1_27' title="bbox 1995 887 3586 980; baseline 0.019 -39"><span class='ocrx_word' id='word_1_193' title='bbox 1995 887 2190 980; x_wconf 68' lang='lat' dir='ltr'><strong>ciatos,</strong></span> <span class='ocrx_word' id='word_1_194' title='bbox 2213 894 2479 980; x_wconf 85' lang='lat' dir='ltr'><strong>captivos.</strong></span> <span class='ocrx_word' id='word_1_195' title='bbox 2505 895 2694 969; x_wconf 88' lang='lat' dir='ltr'><strong>Neque</strong></span> <span class='ocrx_word' id='word_1_196' title='bbox 2715 902 2862 957; x_wconf 91' lang='lat' dir='ltr'><strong>enim</strong></span> <span class='ocrx_word' id='word_1_197' title='bbox 2884 905 2960 959; x_wconf 89' lang='lat' dir='ltr'><strong>illi</strong></span> <span class='ocrx_word' id='word_1_198' title='bbox 2979 906 3095 962; x_wconf 75' lang='lat' dir='ltr'><strong>haec</strong></span> <span class='ocrx_word' id='word_1_199' title='bbox 3120 919 3454 980; x_wconf 86' lang='lat' dir='ltr'><strong>paterentur,</strong></span> <span class='ocrx_word' id='word_1_200' title='bbox 3481 917 3586 971; x_wconf 86' lang='lat' dir='ltr'><strong>nisi</strong></span> 
     </span>
    </p>
   </div>
   <div class='ocr_carea' id='block_1_28' title="bbox 1986 975 3584 1079">
    <p class='ocr_par' dir='ltr' id='par_1_28' title="bbox 1986 975 3584 1079">
     <span class='ocr_line' id='line_1_28' title="bbox 1986 975 3584 1079; baseline 0.023 -51"><span class='ocrx_word' id='word_1_201' title='bbox 1986 975 2122 1031; x_wconf 85' lang='lat' dir='ltr'><strong>alios</strong></span> <span class='ocrx_word' id='word_1_202' title='bbox 2146 979 2236 1048; x_wconf 94' lang='lat' dir='ltr'><strong>qui</strong></span> <span class='ocrx_word' id='word_1_203' title='bbox 2263 981 2449 1038; x_wconf 85' lang='lat' dir='ltr'><strong>eadem</strong></span> <span class='ocrx_word' id='word_1_204' title='bbox 2478 1000 2785 1055; x_wconf 73' lang='lat' dir='ltr'><strong>peccavere,</strong></span> <span class='ocrx_word' id='word_1_205' title='bbox 2818 993 2948 1049; x_wconf 91' lang='lat' dir='ltr'><strong>ultio</strong></span> <span class='ocrx_word' id='word_1_206' title='bbox 2967 1004 3022 1051; x_wconf 88' lang='lat' dir='ltr'><strong>et</strong></span> <span class='ocrx_word' id='word_1_207' title='bbox 3040 975 3359 1069; x_wconf 83' lang='lat' dir='ltr'><strong>supplicium</strong></span> <span class='ocrx_word' id='word_1_208' title='bbox 3389 975 3584 1079; x_wconf 73' lang='lat' dir='ltr'><strong>exspe-</strong></span> 
     </span>
    </p>
   </div>
   <div class='ocr_carea' id='block_1_29' title="bbox 1987 1071 3584 1162">
    <p class='ocr_par' dir='ltr' id='par_1_29' title="bbox 1987 1071 3584 1162">
     <span class='ocr_line' id='line_1_29' title="bbox 1987 1071 3584 1162; baseline 0.023 -39"><span class='ocrx_word' id='word_1_209' title='bbox 1987 1079 2176 1124; x_wconf 82' lang='lat' dir='ltr'><strong>ctaret.</strong></span> <span class='ocrx_word' id='word_1_210' title='bbox 2206 1071 2260 1126; x_wconf 88' lang='lat' dir='ltr'><strong>Si</strong></span> <span class='ocrx_word' id='word_1_211' title='bbox 2293 1090 2420 1130; x_wconf 89' lang='lat' dir='ltr'><strong>vero</strong></span> <span class='ocrx_word' id='word_1_212' title='bbox 2463 1082 2642 1135; x_wconf 69' lang='lat' dir='ltr'><strong>ueteri</strong></span> <span class='ocrx_word' id='word_1_213' title='bbox 2673 1082 2807 1138; x_wconf 84' lang='lat' dir='ltr'><strong>nihil</strong></span> <span class='ocrx_word' id='word_1_214' title='bbox 2840 1086 2926 1144; x_wconf 89' lang='lat' dir='ltr'><strong>hic</strong></span> <span class='ocrx_word' id='word_1_215' title='bbox 2957 1093 3097 1158; x_wconf 81' lang='lat' dir='ltr'><strong>passi</strong></span> <span class='ocrx_word' id='word_1_216' title='bbox 3142 1105 3287 1162; x_wconf 87' lang='lat' dir='ltr'><strong>sunt,</strong></span> <span class='ocrx_word' id='word_1_217' title='bbox 3339 1098 3441 1157; x_wconf 92' lang='lat' dir='ltr'><strong>hoc</strong></span> <span class='ocrx_word' id='word_1_218' title='bbox 3487 1071 3584 1160; x_wconf 76' lang='lat' dir='ltr'><strong>tibi</strong></span> 
     </span>
    </p>
   </div>
   <div class='ocr_carea' id='block_1_30' title="bbox 1986 1163 3584 1266">
    <p class='ocr_par' dir='ltr' id='par_1_30' title="bbox 1986 1163 3584 1266">
     <span class='ocr_line' id='line_1_30' title="bbox 1986 1163 3584 1266; baseline 0.024 -50"><span class='ocrx_word' id='word_1_219' title='bbox 1986 1163 2194 1266; x_wconf 82' lang='lat' dir='ltr'><strong>signum</strong></span> <span class='ocrx_word' id='word_1_220' title='bbox 2217 1181 2340 1266; x_wconf 79' lang='lat' dir='ltr'><strong>esse</strong></span> <span class='ocrx_word' id='word_1_221' title='bbox 2365 1169 2545 1237; x_wconf 88' lang='lat' dir='ltr'><strong>debet,</strong></span> <span class='ocrx_word' id='word_1_222' title='bbox 2573 1174 2771 1245; x_wconf 90' lang='lat' dir='ltr'><strong>aliquid</strong></span> <span class='ocrx_word' id='word_1_223' title='bbox 2795 1179 2936 1236; x_wconf 85' lang='lat' dir='ltr'><strong>aliud</strong></span> <span class='ocrx_word' id='word_1_224' title='bbox 2963 1199 3246 1255; x_wconf 87' lang='lat' dir='ltr'><strong>superesse</strong></span> <span class='ocrx_word' id='word_1_225' title='bbox 3269 1205 3386 1260; x_wconf 92' lang='lat' dir='ltr'><strong>post</strong></span> <span class='ocrx_word' id='word_1_226' title='bbox 3407 1197 3584 1266; x_wconf 83' lang='lat' dir='ltr'><strong>profc-</strong></span> 
     </span>
    </p>
   </div>
   <div class='ocr_carea' id='block_1_31' title="bbox 1984 1256 3584 1345">
    <p class='ocr_par' dir='ltr' id='par_1_31' title="bbox 1984 1256 3584 1345">
     <span class='ocr_line' id='line_1_31' title="bbox 1984 1256 3584 1345; baseline 0.023 -35"><span class='ocrx_word' id='word_1_227' title='bbox 1984 1256 2216 1313; x_wconf 91' lang='lat' dir='ltr'><strong>ctionem</strong></span> <span class='ocrx_word' id='word_1_228' title='bbox 2239 1275 2304 1314; x_wconf 89' lang='lat' dir='ltr'><strong>ex</strong></span> <span class='ocrx_word' id='word_1_229' title='bbox 2327 1259 2427 1318; x_wconf 89' lang='lat' dir='ltr'><strong>hac</strong></span> <span class='ocrx_word' id='word_1_230' title='bbox 2452 1265 2578 1319; x_wconf 88' lang='lat' dir='ltr'><strong>vita.</strong></span> <span class='ocrx_word' id='word_1_231' title='bbox 2610 1267 2792 1340; x_wconf 86' lang='lat' dir='ltr'><strong>Neque</strong></span> <span class='ocrx_word' id='word_1_232' title='bbox 2813 1273 2953 1328; x_wconf 91' lang='lat' dir='ltr'><strong>enim</strong></span> <span class='ocrx_word' id='word_1_233' title='bbox 2982 1277 3090 1345; x_wconf 91' lang='lat' dir='ltr'><strong>ille,</strong></span> <span class='ocrx_word' id='word_1_234' title='bbox 3122 1295 3245 1336; x_wconf 90' lang='lat' dir='ltr'><strong>cum</strong></span> <span class='ocrx_word' id='word_1_235' title='bbox 3269 1256 3340 1338; x_wconf 77' lang='lat' dir='ltr'><strong>sit</strong></span> <span class='ocrx_word' id='word_1_236' title='bbox 3367 1256 3584 1345; x_wconf 78' lang='lat' dir='ltr'><strong>univer-</strong></span> 
     </span>
    </p>
   </div>
   <div class='ocr_carea' id='block_1_32' title="bbox 1985 1350 3581 1447">
    <p class='ocr_par' dir='ltr' id='par_1_32' title="bbox 1985 1350 3581 1447">
     <span class='ocr_line' id='line_1_32' title="bbox 1985 1350 3581 1447; baseline 0.026 -48"><span class='ocrx_word' id='word_1_237' title='bbox 1985 1361 2168 1402; x_wconf 83' lang='lat' dir='ltr'><strong>sarum</strong></span> <span class='ocrx_word' id='word_1_238' title='bbox 2196 1350 2357 1418; x_wconf 90' lang='lat' dir='ltr'><strong>Deus,</strong></span> <span class='ocrx_word' id='word_1_239' title='bbox 2381 1354 2515 1411; x_wconf 89' lang='lat' dir='ltr'><strong>alios</strong></span> <span class='ocrx_word' id='word_1_240' title='bbox 2544 1358 2684 1413; x_wconf 86' lang='lat' dir='ltr'><strong>ultus</strong></span> <span class='ocrx_word' id='word_1_241' title='bbox 2709 1373 2878 1431; x_wconf 82' lang='lat' dir='ltr'><strong>esset;</strong></span> <span class='ocrx_word' id='word_1_242' title='bbox 2909 1368 3043 1424; x_wconf 83' lang='lat' dir='ltr'><strong>alios</strong></span> <span class='ocrx_word' id='word_1_243' title='bbox 3073 1387 3221 1440; x_wconf 73' lang='lat' dir='ltr'><strong>vero,</strong></span> <span class='ocrx_word' id='word_1_244' title='bbox 3262 1378 3352 1447; x_wconf 74' lang='lat' dir='ltr'><strong>qui</strong></span> <span class='ocrx_word' id='word_1_245' title='bbox 3393 1381 3581 1440; x_wconf 84' lang='lat' dir='ltr'><strong>eadem</strong></span> 
     </span>
    </p>
   </div>
   <div class='ocr_carea' id='block_1_33' title="bbox 1984 1438 3581 1537">
    <p class='ocr_par' dir='ltr' id='par_1_33' title="bbox 1984 1438 3581 1537">
     <span class='ocr_line' id='line_1_33' title="bbox 1984 1438 3581 1537; baseline 0.026 -47"><span class='ocrx_word' id='word_1_246' title='bbox 1984 1438 2080 1537; x_wconf 33' lang='lat' dir='ltr'><strong>vel.</strong></span> <span class='ocrx_word' id='word_1_247' title='bbox 2096 1440 2255 1537; x_wconf 83' lang='lat' dir='ltr'><strong>etiam</strong></span> <span class='ocrx_word' id='word_1_248' title='bbox 2299 1446 2545 1513; x_wconf 74' lang='lat' dir='ltr'><strong>graviora</strong></span> <span class='ocrx_word' id='word_1_249' title='bbox 2574 1464 2790 1520; x_wconf 89' lang='lat' dir='ltr'><strong>peccata</strong></span> <span class='ocrx_word' id='word_1_250' title='bbox 2830 1457 3176 1531; x_wconf 87' lang='lat' dir='ltr'><strong>admiserant,</strong></span> <span class='ocrx_word' id='word_1_251' title='bbox 3208 1438 3435 1537; x_wconf 49' lang='lat' dir='ltr'><strong>inn-pune</strong></span> <span class='ocrx_word' id='word_1_252' title='bbox 3459 1438 3581 1532; x_wconf 70' lang='lat' dir='ltr'><strong>esse</strong></span> 
     </span>
    </p>
   </div>
   <div class='ocr_carea' id='block_1_34' title="bbox 1984 1529 3582 1639">
    <p class='ocr_par' dir='ltr' id='par_1_34' title="bbox 1984 1529 3582 1639">
     <span class='ocr_line' id='line_1_34' title="bbox 1984 1529 3582 1639; baseline 0.025 -55"><span class='ocrx_word' id='word_1_253' title='bbox 1984 1529 2306 1639; x_wconf 70' lang='lat' dir='ltr'><strong>reliquisset,</strong></span> <span class='ocrx_word' id='word_1_254' title='bbox 2336 1538 2436 1639; x_wconf 60' lang='lat' dir='ltr'><strong>nisi</strong></span> <span class='ocrx_word' id='word_1_255' title='bbox 2467 1543 2736 1639; x_wconf 80' lang='lat' dir='ltr'><strong>quoddam</strong></span> <span class='ocrx_word' id='word_1_256' title='bbox 2766 1549 2895 1619; x_wconf 86' lang='lat' dir='ltr'><strong>ipsis</strong></span> <span class='ocrx_word' id='word_1_257' title='bbox 2920 1529 3238 1625; x_wconf 86' lang='lat' dir='ltr'><strong>supplicium</strong></span> <span class='ocrx_word' id='word_1_258' title='bbox 3269 1529 3344 1618; x_wconf 83' lang='lat' dir='ltr'><strong>ibi</strong></span> <span class='ocrx_word' id='word_1_259' title='bbox 3379 1529 3582 1639; x_wconf 58' lang='lat' dir='ltr'><strong>irroga;</strong></span> 
     </span>
    </p>
   </div>
   <div class='ocr_carea' id='block_1_35' title="bbox 1986 1628 3580 1724">
    <p class='ocr_par' dir='ltr' id='par_1_35' title="bbox 1986 1628 3580 1724">
     <span class='ocr_line' id='line_1_35' title="bbox 1986 1628 3580 1724; baseline 0.028 -51"><span class='ocrx_word' id='word_1_260' title='bbox 1986 1629 2137 1724; x_wconf 74' lang='lat' dir='ltr'><strong>turus</strong></span> <span class='ocrx_word' id='word_1_261' title='bbox 2160 1637 2328 1724; x_wconf 75' lang='lat' dir='ltr'><strong>esset.</strong></span> <span class='ocrx_word' id='word_1_262' title='bbox 2361 1628 2440 1685; x_wconf 86' lang='lat' dir='ltr'><strong>Ex</strong></span> <span class='ocrx_word' id='word_1_263' title='bbox 2476 1632 2560 1689; x_wconf 91' lang='lat' dir='ltr'><strong>his</strong></span> <span class='ocrx_word' id='word_1_264' title='bbox 2588 1635 2747 1707; x_wconf 78' lang='lat' dir='ltr'><strong>igitur</strong></span> <span class='ocrx_word' id='word_1_265' title='bbox 2769 1642 3069 1701; x_wconf 88' lang='lat' dir='ltr'><strong>rationibus</strong></span> <span class='ocrx_word' id='word_1_266' title='bbox 3107 1659 3162 1704; x_wconf 87' lang='lat' dir='ltr'><strong>et</strong></span> <span class='ocrx_word' id='word_1_267' title='bbox 3189 1655 3451 1724; x_wconf 76' lang='lat' dir='ltr'><strong>exemplis</strong></span> <span class='ocrx_word' id='word_1_268' title='bbox 3481 1628 3580 1718; x_wconf 70' lang='lat' dir='ltr'><strong>nos</strong></span> 
     </span>
    </p>
   </div>
   <div class='ocr_carea' id='block_1_36' title="bbox 1983 1713 3577 1820">
    <p class='ocr_par' dir='ltr' id='par_1_36' title="bbox 1983 1713 3577 1820">
     <span class='ocr_line' id='line_1_36' title="bbox 1983 1713 3577 1820; baseline 0.025 -53"><span class='ocrx_word' id='word_1_269' title='bbox 1983 1713 2128 1820; x_wconf 70' lang='lat' dir='ltr'><strong>ipsos</strong></span> <span class='ocrx_word' id='word_1_270' title='bbox 2158 1716 2503 1820; x_wconf 33' lang='lat' dir='ltr'><strong>h‘untiliemus</strong></span> <span class='ocrx_word' id='word_1_271' title='bbox 2536 1739 2651 1820; x_wconf 53' lang='lat' dir='ltr'><strong>aet</strong></span> <span class='ocrx_word' id='word_1_272' title='bbox 2695 1733 2784 1802; x_wconf 86' lang='lat' dir='ltr'><strong>qui</strong></span> <span class='ocrx_word' id='word_1_273' title='bbox 2833 1735 3093 1820; x_wconf 81' lang='lat' dir='ltr'><strong>judicium</strong></span> <span class='ocrx_word' id='word_1_274' title='bbox 3125 1758 3231 1798; x_wconf 92' lang='lat' dir='ltr'><strong>non</strong></span> <span class='ocrx_word' id='word_1_275' title='bbox 3263 1713 3577 1820; x_wconf 64' lang='lat' dir='ltr'><strong>credebant,</strong></span> 
     </span>
    </p>
   </div>
   <div class='ocr_carea' id='block_1_37' title="bbox 1981 1805 3579 1911">
    <p class='ocr_par' dir='ltr' id='par_1_37' title="bbox 1981 1805 3579 1911">
     <span class='ocr_line' id='line_1_37' title="bbox 1981 1805 3579 1911; baseline 0.026 -53"><span class='ocrx_word' id='word_1_276' title='bbox 1981 1805 2208 1883; x_wconf 84' lang='lat' dir='ltr'><strong>credant</strong></span> <span class='ocrx_word' id='word_1_277' title='bbox 2229 1808 2366 1911; x_wconf 62' lang='lat' dir='ltr'><strong>jatn,</strong></span> <span class='ocrx_word' id='word_1_278' title='bbox 2396 1823 2450 1868; x_wconf 92' lang='lat' dir='ltr'><strong>et</strong></span> <span class='ocrx_word' id='word_1_279' title='bbox 2479 1816 2732 1911; x_wconf 79' lang='lat' dir='ltr'><strong>meliores</strong></span> <span class='ocrx_word' id='word_1_280' title='bbox 2758 1813 3083 1897; x_wconf 64' lang='lat' dir='ltr'><strong>efﬁciantur,</strong></span> <span class='ocrx_word' id='word_1_281' title='bbox 3113 1842 3170 1887; x_wconf 92' lang='lat' dir='ltr'><strong>ut</strong></span> <span class='ocrx_word' id='word_1_282' title='bbox 3198 1850 3319 1891; x_wconf 91' lang='lat' dir='ltr'><strong>cum</strong></span> <span class='ocrx_word' id='word_1_283' title='bbox 3362 1805 3579 1911; x_wconf 75' lang='lat' dir='ltr'><strong>dignam</strong></span> 
     </span>
    </p>
   </div>
   <div class='ocr_carea' id='block_1_38' title="bbox 1987 1894 3580 1980">
    <p class='ocr_par' dir='ltr' id='par_1_38' title="bbox 1987 1894 3580 1980">
     <span class='ocr_line' id='line_1_38' title="bbox 1987 1894 3580 1980; baseline 0.024 -38"><span class='ocrx_word' id='word_1_284' title='bbox 1987 1903 2157 1961; x_wconf 86' lang='lat' dir='ltr'><strong>regno</strong></span> <span class='ocrx_word' id='word_1_285' title='bbox 2200 1894 2467 1954; x_wconf 67' lang='lat' dir='ltr'><strong>caelorum</strong></span> <span class='ocrx_word' id='word_1_286' title='bbox 2513 1901 2682 1960; x_wconf 88' lang='lat' dir='ltr'><strong>vitam</strong></span> <span class='ocrx_word' id='word_1_287' title='bbox 2729 1894 3088 1980; x_wconf 79' lang='lat' dir='ltr'><strong>duxerimus,</strong></span> <span class='ocrx_word' id='word_1_288' title='bbox 3147 1917 3330 1976; x_wconf 89' lang='lat' dir='ltr'><strong>futura</strong></span> <span class='ocrx_word' id='word_1_289' title='bbox 3379 1894 3580 1980; x_wconf 57' lang='lat' dir='ltr'><strong>olim};</strong></span> 
     </span>
    </p>
   </div>
   <div class='ocr_carea' id='block_1_39' title="bbox 1983 1988 3578 2079">
    <p class='ocr_par' dir='ltr' id='par_1_39' title="bbox 1983 1988 3578 2079">
     <span class='ocr_line' id='line_1_39' title="bbox 1983 1988 3578 2079; baseline 0.025 -44"><span class='ocrx_word' id='word_1_290' title='bbox 1983 1998 2221 2079; x_wconf 62' lang='lat' dir='ltr'><strong>quatitur</strong></span> <span class='ocrx_word' id='word_1_291' title='bbox 2265 1988 2430 2058; x_wconf 86' lang='lat' dir='ltr'><strong>bona,</strong></span> <span class='ocrx_word' id='word_1_292' title='bbox 2485 1999 2660 2066; x_wconf 91' lang='lat' dir='ltr'><strong>gratia</strong></span> <span class='ocrx_word' id='word_1_293' title='bbox 2720 2013 2776 2058; x_wconf 91' lang='lat' dir='ltr'><strong>et</strong></span> <span class='ocrx_word' id='word_1_294' title='bbox 2823 2005 3161 2079; x_wconf 89' lang='lat' dir='ltr'><strong>benignitate</strong></span> <span class='ocrx_word' id='word_1_295' title='bbox 3217 2013 3434 2071; x_wconf 88' lang='lat' dir='ltr'><strong>Domini</strong></span> <span class='ocrx_word' id='word_1_296' title='bbox 3475 2035 3578 2075; x_wconf 91' lang='lat' dir='ltr'><strong>no-</strong></span> 
     </span>
    </p>
   </div>
   <div class='ocr_carea' id='block_1_40' title="bbox 1975 2075 3574 2221">
    <p class='ocr_par' dir='ltr' id='par_1_40' title="bbox 1975 2075 3574 2221">
     <span class='ocr_line' id='line_1_40' title="bbox 1975 2075 3574 2221; baseline 0.025 -95"><span class='ocrx_word' id='word_1_297' title='bbox 1975 2077 2078 2221; x_wconf 63' lang='lat' dir='ltr'><strong>:tri</strong></span> <span class='ocrx_word' id='word_1_298' title='bbox 2106 2075 2234 2134; x_wconf 76' lang='lat' dir='ltr'><strong>Iesu</strong></span> <span class='ocrx_word' id='word_1_299' title='bbox 2268 2080 2512 2153; x_wconf 88' lang='lat' dir='ltr'><strong>Christi,</strong></span> <span class='ocrx_word' id='word_1_300' title='bbox 2561 2091 2649 2144; x_wconf 92' lang='lat' dir='ltr'><strong>cui</strong></span> <span class='ocrx_word' id='word_1_301' title='bbox 2686 2093 2859 2164; x_wconf 87' lang='lat' dir='ltr'><strong>gloria</strong></span> <span class='ocrx_word' id='word_1_302' title='bbox 2902 2075 3186 2159; x_wconf 41' lang='lat' dir='ltr'><strong>in&#39;sacula</strong></span> <span class='ocrx_word' id='word_1_303' title='bbox 3222 2110 3574 2166; x_wconf 69' lang='lat' dir='ltr'><strong>saeculorum.</strong></span> 
     </span>
     <span class='ocr_line' id='line_1_41' title="bbox 2029 2183 2171 2221; baseline 0.007 -1"><span class='ocrx_word' id='word_1_304' title='bbox 2029 2183 2171 2221; x_wconf 90' lang='lat' dir='ltr'><strong>men.</strong></span> 
     </span>
    </p>
   </div>
   <div class='ocr_carea' id='block_1_41' title="bbox 2029 2183 2171 2226">
    <p class='ocr_par' dir='ltr' id='par_1_41' title="bbox 2029 2183 2171 2226">
     <span class='ocr_line' id='line_1_42' title="bbox 2029 2183 2171 2226; baseline 0.028 -4"><span class='ocrx_word' id='word_1_305' title='bbox 2029 2183 2171 2226; x_wconf 89' lang='lat' dir='ltr'><strong>men.</strong></span> 
     </span>
    </p>
   </div>
   <div class='ocr_carea' id='block_1_42' title="bbox 1356 2376 2604 2482">
    <p class='ocr_par' dir='ltr' id='par_1_42' title="bbox 1356 2376 2604 2482">
     <span class='ocr_line' id='line_1_43' title="bbox 1356 2376 2604 2482; baseline 0.016 -45"><span class='ocrx_word' id='word_1_306' title='bbox 1356 2376 1704 2439; x_wconf 85' lang='lat' dir='ltr'><strong>HOMILIA</strong></span> <span class='ocrx_word' id='word_1_307' title='bbox 1748 2377 2071 2441; x_wconf 78' lang='lat' dir='ltr'><strong>LXXVII.</strong></span> <span class='ocrx_word' id='word_1_308' title='bbox 2117 2385 2205 2446; x_wconf 80' lang='lat' dir='ltr'><strong>al.</strong></span> <span class='ocrx_word' id='word_1_309' title='bbox 2251 2387 2604 2482; x_wconf 80' lang='lat' dir='ltr'><strong>LXXVIII.</strong></span> 
     </span>
    </p>
   </div>
   <div class='ocr_carea' id='block_1_43' title="bbox 275 2515 1870 2590">
    <p class='ocr_par' dir='ltr' id='par_1_43' title="bbox 275 2515 1870 2590">
     <span class='ocr_line' id='line_1_44' title="bbox 275 2515 1870 2590; baseline 0 -20"><span class='ocrx_word' id='word_1_310' title='bbox 275 2515 402 2571; x_wconf 67' lang='lat' dir='ltr'><strong>Car.</strong></span> <span class='ocrx_word' id='word_1_311' title='bbox 445 2516 534 2572; x_wconf 70' lang='grc'><strong>24.</strong></span> <span class='ocrx_word' id='word_1_312' title='bbox 590 2534 641 2572; x_wconf 89' lang='lat' dir='ltr'><strong>v.</strong></span> <span class='ocrx_word' id='word_1_313' title='bbox 697 2518 786 2572; x_wconf 78' lang='grc'><strong>52.</strong></span> <span class='ocrx_word' id='word_1_314' title='bbox 826 2518 902 2572; x_wconf 78' lang='lat' dir='ltr'><strong>Ab</strong></span> <span class='ocrx_word' id='word_1_315' title='bbox 953 2520 1131 2574; x_wconf 84' lang='lat' dir='ltr'><strong>arbore</strong></span> <span class='ocrx_word' id='word_1_316' title='bbox 1162 2528 1330 2574; x_wconf 79' lang='lat' dir='ltr'><strong>autem</strong></span> <span class='ocrx_word' id='word_1_317' title='bbox 1368 2521 1452 2590; x_wconf 81' lang='lat' dir='ltr'><strong>ﬁci</strong></span> <span class='ocrx_word' id='word_1_318' title='bbox 1487 2521 1665 2574; x_wconf 77' lang='lat' dir='ltr'><strong>discite</strong></span> <span class='ocrx_word' id='word_1_319' title='bbox 1710 2533 1870 2590; x_wconf 85' lang='lat' dir='ltr'><strong>para-</strong></span> 
     </span>
    </p>
   </div>
   <div class='ocr_carea' id='block_1_44' title="bbox 348 2608 1866 2683">
    <p class='ocr_par' dir='ltr' id='par_1_44' title="bbox 348 2608 1866 2683">
     <span class='ocr_line' id='line_1_45' title="bbox 348 2608 1866 2683; baseline 0.001 -21"><span class='ocrx_word' id='word_1_320' title='bbox 348 2608 514 2663; x_wconf 78' lang='lat' dir='ltr'><strong>bolam</strong></span> <span class='ocrx_word' id='word_1_321' title='bbox 527 2625 548 2674; x_wconf 81' lang='lat'><strong>,°</strong></span> <span class='ocrx_word' id='word_1_322' title='bbox 573 2626 687 2664; x_wconf 81' lang='lat' dir='ltr'><strong>cum</strong></span> <span class='ocrx_word' id='word_1_323' title='bbox 701 2615 817 2682; x_wconf 63' lang='lat' dir='ltr'><strong>jam</strong></span> <span class='ocrx_word' id='word_1_324' title='bbox 837 2628 1008 2665; x_wconf 83' lang='lat' dir='ltr'><strong>ramus</strong></span> <span class='ocrx_word' id='word_1_325' title='bbox 1027 2612 1137 2683; x_wconf 85' lang='lat' dir='ltr'><strong>ejus</strong></span> <span class='ocrx_word' id='word_1_326' title='bbox 1158 2623 1296 2667; x_wconf 86' lang='lat' dir='ltr'><strong>tener</strong></span> <span class='ocrx_word' id='word_1_327' title='bbox 1315 2614 1484 2683; x_wconf 78' lang='lat' dir='ltr'><strong>fuerit,</strong></span> <span class='ocrx_word' id='word_1_328' title='bbox 1511 2621 1557 2668; x_wconf 87' lang='lat' dir='ltr'><strong>et</strong></span> <span class='ocrx_word' id='word_1_329' title='bbox 1572 2613 1699 2681; x_wconf 82' lang='lat' dir='ltr'><strong>folia</strong></span> <span class='ocrx_word' id='word_1_330' title='bbox 1724 2622 1866 2678; x_wconf 87' lang='lat' dir='ltr'><strong>nata,</strong></span> 
     </span>
    </p>
   </div>
   <div class='ocr_carea' id='block_1_45' title="bbox 345 2701 1870 2774">
    <p class='ocr_par' dir='ltr' id='par_1_45' title="bbox 345 2701 1870 2774">
     <span class='ocr_line' id='line_1_46' title="bbox 345 2701 1870 2774; baseline 0.003 -19"><span class='ocrx_word' id='word_1_331' title='bbox 345 2701 484 2755; x_wconf 80' lang='lat' dir='ltr'><strong>scitis</strong></span> <span class='ocrx_word' id='word_1_332' title='bbox 510 2702 629 2766; x_wconf 75' lang='lat' dir='ltr'><strong>quia</strong></span> <span class='ocrx_word' id='word_1_333' title='bbox 655 2719 815 2774; x_wconf 80' lang='lat' dir='ltr'><strong>prope</strong></span> <span class='ocrx_word' id='word_1_334' title='bbox 838 2712 916 2758; x_wconf 89' lang='lat' dir='ltr'><strong>est</strong></span> <span class='ocrx_word' id='word_1_335' title='bbox 939 2714 1123 2768; x_wconf 72' lang='lat' dir='ltr'><strong>astas;</strong></span> <span class='ocrx_word' id='word_1_336' title='bbox 1158 2704 1246 2760; x_wconf 76' lang='lat'><strong>33.</strong></span> <span class='ocrx_word' id='word_1_337' title='bbox 1285 2705 1357 2758; x_wconf 86' lang='lat' dir='ltr'><strong>ita</strong></span> <span class='ocrx_word' id='word_1_338' title='bbox 1381 2715 1428 2765; x_wconf 81' lang='lat' dir='ltr'><strong>et</strong></span> <span class='ocrx_word' id='word_1_339' title='bbox 1455 2720 1559 2770; x_wconf 72' lang='lat' dir='ltr'><strong>vos,</strong></span> <span class='ocrx_word' id='word_1_340' title='bbox 1589 2721 1705 2759; x_wconf 80' lang='lat' dir='ltr'><strong>cum</strong></span> <span class='ocrx_word' id='word_1_341' title='bbox 1731 2706 1870 2759; x_wconf 76' lang='lat' dir='ltr'><strong>ride-</strong></span> 
     </span>
    </p>
   </div>
   <div class='ocr_carea' id='block_1_46' title="bbox 344 2793 1700 2867">
    <p class='ocr_par' dir='ltr' id='par_1_46' title="bbox 344 2793 1700 2867">
     <span class='ocr_line' id='line_1_47' title="bbox 344 2793 1700 2867; baseline 0.004 -22"><span class='ocrx_word' id='word_1_342' title='bbox 344 2793 456 2846; x_wconf 87' lang='lat' dir='ltr'><strong>ritis</strong></span> <span class='ocrx_word' id='word_1_343' title='bbox 476 2793 584 2846; x_wconf 61' lang='lat' dir='ltr'><strong>Ita&#39;e</strong></span> <span class='ocrx_word' id='word_1_344' title='bbox 605 2794 798 2860; x_wconf 79' lang='lat' dir='ltr'><strong>ontnia,</strong></span> <span class='ocrx_word' id='word_1_345' title='bbox 827 2796 1003 2849; x_wconf 82' lang='lat' dir='ltr'><strong>scitote</strong></span> <span class='ocrx_word' id='word_1_346' title='bbox 1025 2795 1143 2866; x_wconf 84' lang='lat' dir='ltr'><strong>quia</strong></span> <span class='ocrx_word' id='word_1_347' title='bbox 1165 2812 1324 2865; x_wconf 81' lang='lat' dir='ltr'><strong>prope</strong></span> <span class='ocrx_word' id='word_1_348' title='bbox 1343 2805 1414 2849; x_wconf 83' lang='lat' dir='ltr'><strong>est</strong></span> <span class='ocrx_word' id='word_1_349' title='bbox 1435 2796 1488 2850; x_wconf 87' lang='lat' dir='ltr'><strong>in</strong></span> <span class='ocrx_word' id='word_1_350' title='bbox 1498 2797 1700 2867; x_wconf 83' lang='lat' dir='ltr'><strong>januis.</strong></span> 
     </span>
    </p>
   </div>
   <div class='ocr_carea' id='block_1_47' title="bbox 347 2882 1868 2956">
    <p class='ocr_par' dir='ltr' id='par_1_47' title="bbox 347 2882 1868 2956">
     <span class='ocr_line' id='line_1_48' title="bbox 347 2882 1868 2956; baseline 0.003 -19"><span class='ocrx_word' id='word_1_351' title='bbox 347 2883 400 2938; x_wconf 81' lang='lat' dir='ltr'><strong>I.</strong></span> <span class='ocrx_word' id='word_1_352' title='bbox 439 2882 572 2952; x_wconf 89' lang='lat' dir='ltr'><strong>Quia</strong></span> <span class='ocrx_word' id='word_1_353' title='bbox 601 2883 757 2952; x_wconf 80' lang='lat' dir='ltr'><strong>dixit,</strong></span> <span class='ocrx_word' id='word_1_354' title='bbox 781 2885 968 2941; x_wconf 83' lang='lat' dir='ltr'><strong>Statim</strong></span> <span class='ocrx_word' id='word_1_355' title='bbox 997 2895 1107 2956; x_wconf 84' lang='lat' dir='ltr'><strong>post</strong></span> <span class='ocrx_word' id='word_1_356' title='bbox 1127 2887 1499 2943; x_wconf 81' lang='lat' dir='ltr'><strong>tribulationem</strong></span> <span class='ocrx_word' id='word_1_357' title='bbox 1524 2889 1721 2943; x_wconf 83' lang='lat' dir='ltr'><strong>dierum</strong></span> <span class='ocrx_word' id='word_1_358' title='bbox 1752 2889 1868 2942; x_wconf 84' lang='lat' dir='ltr'><strong>illo-</strong></span> 
     </span>
    </p>
   </div>
   <div class='ocr_carea' id='block_1_48' title="bbox 272 2975 1864 3050">
    <p class='ocr_par' dir='ltr' id='par_1_48' title="bbox 272 2975 1864 3050">
     <span class='ocr_line' id='line_1_49' title="bbox 272 2975 1864 3050; baseline 0.003 -22"><span class='ocrx_word' id='word_1_359' title='bbox 272 2989 409 3038; x_wconf 72' lang='lat' dir='ltr'><strong>rum,</strong></span> <span class='ocrx_word' id='word_1_360' title='bbox 439 2975 538 3046; x_wconf 83' lang='lat' dir='ltr'><strong>ipsi</strong></span> <span class='ocrx_word' id='word_1_361' title='bbox 565 2990 695 3032; x_wconf 88' lang='lat' dir='ltr'><strong>vero</strong></span> <span class='ocrx_word' id='word_1_362' title='bbox 733 2976 1048 3047; x_wconf 59' lang='lat' dir='ltr'><strong>quarebant</strong></span> <span class='ocrx_word' id='word_1_363' title='bbox 1083 2988 1204 3048; x_wconf 83' lang='lat' dir='ltr'><strong>post</strong></span> <span class='ocrx_word' id='word_1_364' title='bbox 1241 2987 1496 3049; x_wconf 86' lang='lat' dir='ltr'><strong>quantum</strong></span> <span class='ocrx_word' id='word_1_365' title='bbox 1525 2980 1782 3050; x_wconf 86' lang='lat' dir='ltr'><strong>temporis</strong></span> <span class='ocrx_word' id='word_1_366' title='bbox 1813 2980 1864 3034; x_wconf 90' lang='lat' dir='ltr'><strong>id</strong></span> 
     </span>
    </p>
   </div>
   <div class='ocr_carea' id='block_1_49' title="bbox 271 3069 1864 3142">
    <p class='ocr_par' dir='ltr' id='par_1_49' title="bbox 271 3069 1864 3142">
     <span class='ocr_line' id='line_1_50' title="bbox 271 3069 1864 3142; baseline 0.001 -16"><span class='ocrx_word' id='word_1_367' title='bbox 271 3069 508 3126; x_wconf 91' lang='lat' dir='ltr'><strong>futurum</strong></span> <span class='ocrx_word' id='word_1_368' title='bbox 536 3079 700 3135; x_wconf 86' lang='lat' dir='ltr'><strong>esset,</strong></span> <span class='ocrx_word' id='word_1_369' title='bbox 725 3069 974 3142; x_wconf 86' lang='lat' dir='ltr'><strong>diemque</strong></span> <span class='ocrx_word' id='word_1_370' title='bbox 994 3072 1133 3127; x_wconf 87' lang='lat' dir='ltr'><strong>scire</strong></span> <span class='ocrx_word' id='word_1_371' title='bbox 1165 3070 1473 3142; x_wconf 89' lang='lat' dir='ltr'><strong>cupiebant,</strong></span> <span class='ocrx_word' id='word_1_372' title='bbox 1503 3072 1625 3128; x_wconf 85' lang='lat' dir='ltr'><strong>ideo</strong></span> <span class='ocrx_word' id='word_1_373' title='bbox 1653 3071 1742 3128; x_wconf 88' lang='lat' dir='ltr'><strong>ille</strong></span> <span class='ocrx_word' id='word_1_374' title='bbox 1767 3087 1864 3127; x_wconf 86' lang='lat' dir='ltr'><strong>ex-</strong></span> 
     </span>
    </p>
   </div>
   <div class='ocr_carea' id='block_1_50' title="bbox 268 3152 1866 3237">
    <p class='ocr_par' dir='ltr' id='par_1_50' title="bbox 268 3152 1866 3237">
     <span class='ocr_line' id='line_1_51' title="bbox 268 3152 1866 3237; baseline 0.004 -21"><span class='ocrx_word' id='word_1_375' title='bbox 268 3160 507 3231; x_wconf 86' lang='lat' dir='ltr'><strong>emplum</strong></span> <span class='ocrx_word' id='word_1_376' title='bbox 530 3160 660 3217; x_wconf 89' lang='lat' dir='ltr'><strong>ﬁcus</strong></span> <span class='ocrx_word' id='word_1_377' title='bbox 679 3152 854 3230; x_wconf 82' lang='lat' dir='ltr'><strong>aﬂ&#39;ert,</strong></span> <span class='ocrx_word' id='word_1_378' title='bbox 873 3163 1164 3219; x_wconf 88' lang='lat' dir='ltr'><strong>ostendens</strong></span> <span class='ocrx_word' id='word_1_379' title='bbox 1193 3179 1299 3219; x_wconf 90' lang='lat' dir='ltr'><strong>non</strong></span> <span class='ocrx_word' id='word_1_380' title='bbox 1328 3180 1577 3237; x_wconf 89' lang='lat' dir='ltr'><strong>magnum</strong></span> <span class='ocrx_word' id='word_1_381' title='bbox 1607 3166 1866 3222; x_wconf 73' lang='lat' dir='ltr'><strong>interesse</strong></span> 
     </span>
    </p>
   </div>
   <div class='ocr_carea' id='block_1_51' title="bbox 273 3251 1865 3326">
    <p class='ocr_par' dir='ltr' id='par_1_51' title="bbox 273 3251 1865 3326">
     <span class='ocr_line' id='line_1_52' title="bbox 273 3251 1865 3326; baseline 0.004 -21"><span class='ocrx_word' id='word_1_382' title='bbox 273 3252 533 3322; x_wconf 85' lang='lat' dir='ltr'><strong>temporis</strong></span> <span class='ocrx_word' id='word_1_383' title='bbox 575 3251 829 3324; x_wconf 86' lang='lat' dir='ltr'><strong>spatium,</strong></span> <span class='ocrx_word' id='word_1_384' title='bbox 877 3269 978 3311; x_wconf 91' lang='lat' dir='ltr'><strong>nec</strong></span> <span class='ocrx_word' id='word_1_385' title='bbox 1014 3253 1106 3310; x_wconf 89' lang='lat' dir='ltr'><strong>diu</strong></span> <span class='ocrx_word' id='word_1_386' title='bbox 1148 3265 1330 3325; x_wconf 88' lang='lat' dir='ltr'><strong>postea</strong></span> <span class='ocrx_word' id='word_1_387' title='bbox 1371 3256 1546 3326; x_wconf 86' lang='lat' dir='ltr'><strong>ipsum</strong></span> <span class='ocrx_word' id='word_1_388' title='bbox 1579 3266 1865 3313; x_wconf 90' lang='lat' dir='ltr'><strong>venturum</strong></span> 
     </span>
    </p>
   </div>
   <div class='ocr_carea' id='block_1_52' title="bbox 267 3343 1867 3419">
    <p class='ocr_par' dir='ltr' id='par_1_52' title="bbox 267 3343 1867 3419">
     <span class='ocr_line' id='line_1_53' title="bbox 267 3343 1867 3419; baseline 0.004 -21"><span class='ocrx_word' id='word_1_389' title='bbox 267 3358 426 3399; x_wconf 83' lang='lat' dir='ltr'><strong>esse:</strong></span> <span class='ocrx_word' id='word_1_390' title='bbox 454 3343 506 3399; x_wconf 89' lang='lat' dir='ltr'><strong>id</strong></span> <span class='ocrx_word' id='word_1_391' title='bbox 534 3344 676 3416; x_wconf 91' lang='lat' dir='ltr'><strong>quod</strong></span> <span class='ocrx_word' id='word_1_392' title='bbox 706 3360 812 3401; x_wconf 90' lang='lat' dir='ltr'><strong>non</strong></span> <span class='ocrx_word' id='word_1_393' title='bbox 844 3346 1005 3401; x_wconf 90' lang='lat' dir='ltr'><strong>modo</strong></span> <span class='ocrx_word' id='word_1_394' title='bbox 1037 3362 1132 3417; x_wconf 86' lang='lat' dir='ltr'><strong>per</strong></span> <span class='ocrx_word' id='word_1_395' title='bbox 1159 3346 1493 3419; x_wconf 89' lang='lat' dir='ltr'><strong>parabolam,</strong></span> <span class='ocrx_word' id='word_1_396' title='bbox 1542 3348 1637 3404; x_wconf 89' lang='lat' dir='ltr'><strong>sed</strong></span> <span class='ocrx_word' id='word_1_397' title='bbox 1677 3357 1732 3404; x_wconf 94' lang='lat' dir='ltr'><strong>et</strong></span> <span class='ocrx_word' id='word_1_398' title='bbox 1770 3365 1867 3419; x_wconf 90' lang='lat' dir='ltr'><strong>per</strong></span> 
     </span>
    </p>
   </div>
   <div class='ocr_carea' id='block_1_53' title="bbox 265 3431 1865 3508">
    <p class='ocr_par' dir='ltr' id='par_1_53' title="bbox 265 3431 1865 3508">
     <span class='ocr_line' id='line_1_54' title="bbox 265 3431 1865 3508; baseline 0.003 -19"><span class='ocrx_word' id='word_1_399' title='bbox 265 3432 373 3489; x_wconf 89' lang='lat' dir='ltr'><strong>alia</strong></span> <span class='ocrx_word' id='word_1_400' title='bbox 403 3431 543 3508; x_wconf 68' lang='lat' dir='ltr'><strong>dicta</strong></span> <span class='ocrx_word' id='word_1_401' title='bbox 587 3444 772 3504; x_wconf 88' lang='lat' dir='ltr'><strong>postea</strong></span> <span class='ocrx_word' id='word_1_402' title='bbox 803 3434 1084 3507; x_wconf 84' lang='lat' dir='ltr'><strong>signiﬁcat,</strong></span> <span class='ocrx_word' id='word_1_403' title='bbox 1117 3446 1174 3492; x_wconf 92' lang='lat' dir='ltr'><strong>ut</strong></span> <span class='ocrx_word' id='word_1_404' title='bbox 1205 3452 1326 3494; x_wconf 93' lang='lat' dir='ltr'><strong>cum</strong></span> <span class='ocrx_word' id='word_1_405' title='bbox 1374 3437 1480 3493; x_wconf 88' lang='lat' dir='ltr'><strong>ait:</strong></span> <span class='ocrx_word' id='word_1_406' title='bbox 1511 3437 1702 3494; x_wconf 86' lang='lat' dir='ltr'><strong>Scitote</strong></span> <span class='ocrx_word' id='word_1_407' title='bbox 1746 3440 1865 3503; x_wconf 85' lang='lat' dir='ltr'><strong>quia</strong></span> 
     </span>
    </p>
   </div>
   <div class='ocr_carea' id='block_1_54' title="bbox 267 3525 1866 3602">
    <p class='ocr_par' dir='ltr' id='par_1_54' title="bbox 267 3525 1866 3602">
     <span class='ocr_line' id='line_1_55' title="bbox 267 3525 1866 3602; baseline 0.004 -24"><span class='ocrx_word' id='word_1_408' title='bbox 267 3540 429 3596; x_wconf 81' lang='lat' dir='ltr'><strong>prope</strong></span> <span class='ocrx_word' id='word_1_409' title='bbox 449 3534 523 3580; x_wconf 85' lang='lat' dir='ltr'><strong>est</strong></span> <span class='ocrx_word' id='word_1_410' title='bbox 545 3525 598 3582; x_wconf 84' lang='lat' dir='ltr'><strong>in</strong></span> <span class='ocrx_word' id='word_1_411' title='bbox 635 3526 840 3597; x_wconf 83' lang='lat' dir='ltr'><strong>januis.‘</strong></span> <span class='ocrx_word' id='word_1_412' title='bbox 882 3525 1018 3582; x_wconf 81' lang='lat' dir='ltr'><strong>Hinc</strong></span> <span class='ocrx_word' id='word_1_413' title='bbox 1047 3527 1207 3583; x_wconf 89' lang='lat' dir='ltr'><strong>etiam</strong></span> <span class='ocrx_word' id='word_1_414' title='bbox 1237 3527 1395 3583; x_wconf 90' lang='lat' dir='ltr'><strong>aliam</strong></span> <span class='ocrx_word' id='word_1_415' title='bbox 1428 3529 1667 3600; x_wconf 58' lang='lat' dir='ltr'><strong>pradicit</strong></span> <span class='ocrx_word' id='word_1_416' title='bbox 1693 3530 1866 3602; x_wconf 85' lang='lat' dir='ltr'><strong>spiri—</strong></span> 
     </span>
    </p>
   </div>
   <div class='ocr_carea' id='block_1_55' title="bbox 268 3615 1864 3691">
    <p class='ocr_par' dir='ltr' id='par_1_55' title="bbox 268 3615 1864 3691">
     <span class='ocr_line' id='line_1_56' title="bbox 268 3615 1864 3691; baseline 0.003 -19"><span class='ocrx_word' id='word_1_417' title='bbox 268 3615 469 3672; x_wconf 88' lang='lat' dir='ltr'><strong>tnalem</strong></span> <span class='ocrx_word' id='word_1_418' title='bbox 497 3626 757 3685; x_wconf 65' lang='lat' dir='ltr'><strong>aestatem,</strong></span> <span class='ocrx_word' id='word_1_419' title='bbox 802 3628 856 3673; x_wconf 88' lang='lat' dir='ltr'><strong>et</strong></span> <span class='ocrx_word' id='word_1_420' title='bbox 898 3619 1330 3690; x_wconf 87' lang='lat' dir='ltr'><strong>tranquillitatem</strong></span> <span class='ocrx_word' id='word_1_421' title='bbox 1375 3631 1492 3691; x_wconf 88' lang='lat' dir='ltr'><strong>post</strong></span> <span class='ocrx_word' id='word_1_422' title='bbox 1538 3620 1698 3690; x_wconf 89' lang='lat' dir='ltr'><strong>hujus</strong></span> <span class='ocrx_word' id='word_1_423' title='bbox 1742 3622 1864 3677; x_wconf 74' lang='lat' dir='ltr'><strong>vita:</strong></span> 
     </span>
    </p>
   </div>
   <div class='ocr_carea' id='block_1_56' title="bbox 265 3706 1864 3782">
    <p class='ocr_par' dir='ltr' id='par_1_56' title="bbox 265 3706 1864 3782">
     <span class='ocr_line' id='line_1_57' title="bbox 265 3706 1864 3782; baseline 0.003 -21"><span class='ocrx_word' id='word_1_424' title='bbox 265 3706 462 3764; x_wconf 70' lang='lat' dir='ltr'><strong>auctus</strong></span> <span class='ocrx_word' id='word_1_425' title='bbox 488 3708 577 3764; x_wconf 92' lang='lat' dir='ltr'><strong>illa</strong></span> <span class='ocrx_word' id='word_1_426' title='bbox 603 3709 689 3764; x_wconf 90' lang='lat' dir='ltr'><strong>die</strong></span> <span class='ocrx_word' id='word_1_427' title='bbox 704 3707 864 3780; x_wconf 88' lang='lat' dir='ltr'><strong>justis</strong></span> <span class='ocrx_word' id='word_1_428' title='bbox 880 3709 1136 3778; x_wconf 85' lang='lat' dir='ltr'><strong>futuram;</strong></span> <span class='ocrx_word' id='word_1_429' title='bbox 1158 3713 1524 3782; x_wconf 73' lang='lat' dir='ltr'><strong>peccatoribus</strong></span> <span class='ocrx_word' id='word_1_430' title='bbox 1540 3723 1722 3768; x_wconf 90' lang='lat' dir='ltr'><strong>contra</strong></span> <span class='ocrx_word' id='word_1_431' title='bbox 1746 3722 1864 3782; x_wconf 77' lang='lat' dir='ltr'><strong>post</strong></span> 
     </span>
    </p>
   </div>
   <div class='ocr_carea' id='block_1_57' title="bbox 265 3799 1865 3871">
    <p class='ocr_par' dir='ltr' id='par_1_57' title="bbox 265 3799 1865 3871">
     <span class='ocr_line' id='line_1_58' title="bbox 265 3799 1865 3871; baseline 0.004 -19"><span class='ocrx_word' id='word_1_432' title='bbox 265 3807 512 3855; x_wconf 62' lang='lat' dir='ltr'><strong>aestatem</strong></span> <span class='ocrx_word' id='word_1_433' title='bbox 541 3799 773 3856; x_wconf 89' lang='lat' dir='ltr'><strong>hiemem</strong></span> <span class='ocrx_word' id='word_1_434' title='bbox 805 3799 1056 3857; x_wconf 88' lang='lat' dir='ltr'><strong>indicavit</strong></span> <span class='ocrx_word' id='word_1_435' title='bbox 1079 3811 1282 3871; x_wconf 87' lang='lat' dir='ltr'><strong>postea,</strong></span> <span class='ocrx_word' id='word_1_436' title='bbox 1311 3819 1432 3859; x_wconf 93' lang='lat' dir='ltr'><strong>cum</strong></span> <span class='ocrx_word' id='word_1_437' title='bbox 1456 3802 1610 3870; x_wconf 88' lang='lat' dir='ltr'><strong>dixit,</strong></span> <span class='ocrx_word' id='word_1_438' title='bbox 1647 3804 1749 3857; x_wconf 87' lang='lat' dir='ltr'><strong>illis</strong></span> <span class='ocrx_word' id='word_1_439' title='bbox 1769 3803 1865 3858; x_wconf 88' lang='lat' dir='ltr'><strong>de-</strong></span> 
     </span>
    </p>
   </div>
   <div class='ocr_carea' id='block_1_58' title="bbox 267 3887 1858 3966">
    <p class='ocr_par' dir='ltr' id='par_1_58' title="bbox 267 3887 1858 3966">
     <span class='ocr_line' id='line_1_59' title="bbox 267 3887 1858 3966; baseline 0.004 -22"><span class='ocrx_word' id='word_1_440' title='bbox 267 3887 595 3956; x_wconf 87' lang='lat' dir='ltr'><strong>lieiantihus,</strong></span> <span class='ocrx_word' id='word_1_441' title='bbox 625 3891 766 3948; x_wconf 90' lang='lat' dir='ltr'><strong>diem</strong></span> <span class='ocrx_word' id='word_1_442' title='bbox 794 3907 916 3949; x_wconf 88' lang='lat' dir='ltr'><strong>esse</strong></span> <span class='ocrx_word' id='word_1_443' title='bbox 941 3903 1241 3950; x_wconf 80' lang='lat' dir='ltr'><strong>venturam.</strong></span> <span class='ocrx_word' id='word_1_444' title='bbox 1274 3893 1461 3966; x_wconf 83' lang='lat' dir='ltr'><strong>Neque</strong></span> <span class='ocrx_word' id='word_1_445' title='bbox 1502 3894 1624 3951; x_wconf 87' lang='lat' dir='ltr'><strong>ideo</strong></span> <span class='ocrx_word' id='word_1_446' title='bbox 1655 3904 1858 3951; x_wconf 85' lang='lat' dir='ltr'><strong>tantum</strong></span> 
     </span>
    </p>
   </div>
   <div class='ocr_carea' id='block_1_59' title="bbox 267 3981 1860 4061">
    <p class='ocr_par' dir='ltr' id='par_1_59' title="bbox 267 3981 1860 4061">
     <span class='ocr_line' id='line_1_60' title="bbox 267 3981 1860 4061; baseline 0.005 -25"><span class='ocrx_word' id='word_1_447' title='bbox 267 3981 406 4038; x_wconf 79' lang='lat' dir='ltr'><strong>ficus</strong></span> <span class='ocrx_word' id='word_1_448' title='bbox 432 3983 738 4054; x_wconf 88' lang='lat' dir='ltr'><strong>exemplum</strong></span> <span class='ocrx_word' id='word_1_449' title='bbox 768 3987 964 4056; x_wconf 89' lang='lat' dir='ltr'><strong>posuit,</strong></span> <span class='ocrx_word' id='word_1_450' title='bbox 1007 3997 1063 4042; x_wconf 93' lang='lat' dir='ltr'><strong>ut</strong></span> <span class='ocrx_word' id='word_1_451' title='bbox 1107 3988 1334 4058; x_wconf 87' lang='lat' dir='ltr'><strong>spatium</strong></span> <span class='ocrx_word' id='word_1_452' title='bbox 1367 3990 1626 4059; x_wconf 90' lang='lat' dir='ltr'><strong>temporis</strong></span> <span class='ocrx_word' id='word_1_453' title='bbox 1654 3991 1860 4061; x_wconf 85' lang='lat' dir='ltr'><strong>signiti-</strong></span> 
     </span>
    </p>
   </div>
   <div class='ocr_carea' id='block_1_60' title="bbox 265 4076 1860 4147">
    <p class='ocr_par' dir='ltr' id='par_1_60' title="bbox 265 4076 1860 4147">
     <span class='ocr_line' id='line_1_61' title="bbox 265 4076 1860 4147; baseline 0.006 -18"><span class='ocrx_word' id='word_1_454' title='bbox 265 4083 448 4140; x_wconf 85' lang='lat' dir='ltr'><strong>caret;</strong></span> <span class='ocrx_word' id='word_1_455' title='bbox 477 4076 732 4145; x_wconf 87' lang='lat' dir='ltr'><strong>potuisset</strong></span> <span class='ocrx_word' id='word_1_456' title='bbox 757 4077 900 4134; x_wconf 84' lang='lat' dir='ltr'><strong>enim</strong></span> <span class='ocrx_word' id='word_1_457' title='bbox 952 4079 1058 4134; x_wconf 90' lang='lat' dir='ltr'><strong>alio</strong></span> <span class='ocrx_word' id='word_1_458' title='bbox 1083 4080 1242 4136; x_wconf 79' lang='lat' dir='ltr'><strong>modo</strong></span> <span class='ocrx_word' id='word_1_459' title='bbox 1271 4080 1400 4137; x_wconf 86' lang='lat' dir='ltr'><strong>illud</strong></span> <span class='ocrx_word' id='word_1_460' title='bbox 1430 4080 1738 4147; x_wconf 87' lang='lat' dir='ltr'><strong>declarare;</strong></span> <span class='ocrx_word' id='word_1_461' title='bbox 1766 4083 1860 4138; x_wconf 86' lang='lat' dir='ltr'><strong>sed</strong></span> 
     </span>
    </p>
   </div>
   <div class='ocr_carea' id='block_1_61' title="bbox 267 4167 1858 4229">
    <p class='ocr_par' dir='ltr' id='par_1_61' title="bbox 267 4167 1858 4229">
     <span class='ocr_line' id='line_1_62' title="bbox 267 4167 1858 4229; baseline 0.004 -7"><span class='ocrx_word' id='word_1_462' title='bbox 267 4174 334 4222; x_wconf 86' lang='lat' dir='ltr'><strong>ut</strong></span> <span class='ocrx_word' id='word_1_463' title='bbox 358 4167 479 4224; x_wconf 87' lang='lat' dir='ltr'><strong>inde</strong></span> <span class='ocrx_word' id='word_1_464' title='bbox 506 4182 620 4224; x_wconf 83' lang='lat' dir='ltr'><strong>rem</strong></span> <span class='ocrx_word' id='word_1_465' title='bbox 649 4169 869 4226; x_wconf 91' lang='lat' dir='ltr'><strong>omnino</strong></span> <span class='ocrx_word' id='word_1_466' title='bbox 894 4169 1120 4226; x_wconf 90' lang='lat' dir='ltr'><strong>futuram</strong></span> <span class='ocrx_word' id='word_1_467' title='bbox 1159 4172 1523 4228; x_wconf 86' lang='lat' dir='ltr'><strong>conﬁrmaret.</strong></span> <span class='ocrx_word' id='word_1_468' title='bbox 1549 4172 1698 4229; x_wconf 90' lang='lat' dir='ltr'><strong>Sicut</strong></span> <span class='ocrx_word' id='word_1_469' title='bbox 1717 4173 1858 4229; x_wconf 91' lang='lat' dir='ltr'><strong>enim</strong></span> 
     </span>
    </p>
   </div>
   <div class='ocr_carea' id='block_1_62' title="bbox 263 4262 1863 4327">
    <p class='ocr_par' dir='ltr' id='par_1_62' title="bbox 263 4262 1863 4327">
     <span class='ocr_line' id='line_1_63' title="bbox 263 4262 1863 4327; baseline 0.003 -10"><span class='ocrx_word' id='word_1_470' title='bbox 263 4275 493 4317; x_wconf 75' lang='lat' dir='ltr'><strong>necesse</strong></span> <span class='ocrx_word' id='word_1_471' title='bbox 519 4271 602 4316; x_wconf 84' lang='lat' dir='ltr'><strong>est</strong></span> <span class='ocrx_word' id='word_1_472' title='bbox 628 4262 729 4318; x_wconf 90' lang='lat' dir='ltr'><strong>hoc</strong></span> <span class='ocrx_word' id='word_1_473' title='bbox 751 4264 990 4327; x_wconf 88' lang='lat' dir='ltr'><strong>evenire.</strong></span> <span class='ocrx_word' id='word_1_474' title='bbox 1014 4265 1084 4318; x_wconf 92' lang='lat' dir='ltr'><strong>ita</strong></span> <span class='ocrx_word' id='word_1_475' title='bbox 1111 4275 1164 4320; x_wconf 91' lang='lat' dir='ltr'><strong>et</strong></span> <span class='ocrx_word' id='word_1_476' title='bbox 1179 4265 1329 4320; x_wconf 88' lang='lat' dir='ltr'><strong>illud.</strong></span> <span class='ocrx_word' id='word_1_477' title='bbox 1353 4265 1484 4320; x_wconf 86' lang='lat' dir='ltr'><strong>Nam</strong></span> <span class='ocrx_word' id='word_1_478' title='bbox 1506 4267 1592 4321; x_wconf 90' lang='lat' dir='ltr'><strong>ubi</strong></span> <span class='ocrx_word' id='word_1_479' title='bbox 1617 4283 1728 4323; x_wconf 88' lang='lat' dir='ltr'><strong>rem</strong></span> <span class='ocrx_word' id='word_1_480' title='bbox 1747 4283 1863 4322; x_wconf 89' lang='lat' dir='ltr'><strong>om-</strong></span> 
     </span>
    </p>
   </div>
   <div class='ocr_carea' id='block_1_63' title="bbox 265 4352 1860 4425">
    <p class='ocr_par' dir='ltr' id='par_1_63' title="bbox 265 4352 1860 4425">
     <span class='ocr_line' id='line_1_64' title="bbox 265 4352 1860 4425; baseline 0.003 -16"><span class='ocrx_word' id='word_1_481' title='bbox 265 4352 400 4409; x_wconf 88' lang='lat' dir='ltr'><strong>nino</strong></span> <span class='ocrx_word' id='word_1_482' title='bbox 419 4352 653 4410; x_wconf 86' lang='lat' dir='ltr'><strong>futuram</strong></span> <span class='ocrx_word' id='word_1_483' title='bbox 683 4355 795 4411; x_wconf 91' lang='lat' dir='ltr'><strong>vult</strong></span> <span class='ocrx_word' id='word_1_484' title='bbox 816 4357 1206 4425; x_wconf 83' lang='lat' dir='ltr'><strong>demonstrare,</strong></span> <span class='ocrx_word' id='word_1_485' title='bbox 1229 4359 1495 4415; x_wconf 88' lang='lat' dir='ltr'><strong>naturales</strong></span> <span class='ocrx_word' id='word_1_486' title='bbox 1512 4360 1860 4415; x_wconf 85' lang='lat' dir='ltr'><strong>necessitates</strong></span> 
     </span>
    </p>
   </div>
   <div class='ocr_carea' id='block_1_64' title="bbox 265 4443 1857 4522">
    <p class='ocr_par' dir='ltr' id='par_1_64' title="bbox 265 4443 1857 4522">
     <span class='ocr_line' id='line_1_65' title="bbox 265 4443 1857 4522; baseline 0.004 -23"><span class='ocrx_word' id='word_1_487' title='bbox 265 4446 324 4499; x_wconf 87' lang='lat' dir='ltr'><strong>in</strong></span> <span class='ocrx_word' id='word_1_488' title='bbox 356 4443 589 4500; x_wconf 89' lang='lat' dir='ltr'><strong>medium</strong></span> <span class='ocrx_word' id='word_1_489' title='bbox 614 4446 791 4515; x_wconf 85' lang='lat' dir='ltr'><strong>aII&#39;ert,</strong></span> <span class='ocrx_word' id='word_1_490' title='bbox 824 4458 928 4503; x_wconf 89' lang='lat' dir='ltr'><strong>tam</strong></span> <span class='ocrx_word' id='word_1_491' title='bbox 962 4450 1271 4520; x_wconf 84' lang='lat' dir='ltr'><strong>ipse,quam</strong></span> <span class='ocrx_word' id='word_1_492' title='bbox 1299 4450 1711 4522; x_wconf 81' lang='lat' dir='ltr'><strong>ipsiusimitator</strong></span> <span class='ocrx_word' id='word_1_493' title='bbox 1730 4453 1857 4506; x_wconf 84' lang='lat' dir='ltr'><strong>bea-</strong></span> 
     </span>
    </p>
   </div>
   <div class='ocr_carea' id='block_1_65' title="bbox 264 4535 1860 4613">
    <p class='ocr_par' dir='ltr' id='par_1_65' title="bbox 264 4535 1860 4613">
     <span class='ocr_line' id='line_1_66' title="bbox 264 4535 1860 4613; baseline 0.004 -23"><span class='ocrx_word' id='word_1_494' title='bbox 264 4547 354 4590; x_wconf 90' lang='lat' dir='ltr'><strong>tus</strong></span> <span class='ocrx_word' id='word_1_495' title='bbox 383 4535 598 4593; x_wconf 84' lang='lat' dir='ltr'><strong>Paulus.</strong></span> <span class='ocrx_word' id='word_1_496' title='bbox 621 4537 823 4594; x_wconf 89' lang='lat' dir='ltr'><strong>Idcirco</strong></span> <span class='ocrx_word' id='word_1_497' title='bbox 845 4539 916 4596; x_wconf 89' lang='lat' dir='ltr'><strong>de</strong></span> <span class='ocrx_word' id='word_1_498' title='bbox 937 4543 1328 4598; x_wconf 85' lang='lat' dir='ltr'><strong>resurrectione</strong></span> <span class='ocrx_word' id='word_1_499' title='bbox 1354 4543 1576 4613; x_wconf 90' lang='lat' dir='ltr'><strong>loquens</strong></span> <span class='ocrx_word' id='word_1_500' title='bbox 1602 4545 1712 4598; x_wconf 90' lang='lat' dir='ltr'><strong>ait:</strong></span> <span class='ocrx_word' id='word_1_501' title='bbox 1738 4543 1860 4598; x_wconf 88' lang='lat' dir='ltr'><strong>Nisi</strong></span> 
     </span>
    </p>
   </div>
   <div class='ocr_carea' id='block_1_66' title="bbox 253 4629 1860 4706">
    <p class='ocr_par' dir='ltr' id='par_1_66' title="bbox 253 4629 1860 4706">
     <span class='ocr_line' id='line_1_67' title="bbox 253 4629 1860 4706; baseline 0.006 -27"><span class='ocrx_word' id='word_1_502' title='bbox 253 4643 482 4697; x_wconf 77' lang='lat' dir='ltr'><strong>granum</strong></span> <span class='ocrx_word' id='word_1_503' title='bbox 502 4629 741 4698; x_wconf 77' lang='lat' dir='ltr'><strong>frumenti</strong></span> <span class='ocrx_word' id='word_1_504' title='bbox 759 4631 943 4686; x_wconf 81' lang='lat' dir='ltr'><strong>cadens</strong></span> <span class='ocrx_word' id='word_1_505' title='bbox 961 4631 1014 4685; x_wconf 89' lang='lat' dir='ltr'><strong>in</strong></span> <span class='ocrx_word' id='word_1_506' title='bbox 1030 4642 1213 4687; x_wconf 86' lang='lat' dir='ltr'><strong>terram</strong></span> <span class='ocrx_word' id='word_1_507' title='bbox 1231 4644 1482 4688; x_wconf 87' lang='lat' dir='ltr'><strong>mortuum</strong></span> <span class='ocrx_word' id='word_1_508' title='bbox 1501 4635 1675 4705; x_wconf 79' lang='lat' dir='ltr'><strong>fuerit,</strong></span> <span class='ocrx_word' id='word_1_509' title='bbox 1695 4636 1860 4706; x_wconf 83' lang='lat' dir='ltr'><strong>ipsum</strong></span> 
     </span>
    </p>
   </div>
   <div class='ocr_carea' id='block_1_67' title="bbox 257 4720 1858 4798">
    <p class='ocr_par' dir='ltr' id='par_1_67' title="bbox 257 4720 1858 4798">
     <span class='ocr_line' id='line_1_68' title="bbox 257 4720 1858 4798; baseline 0.003 -22"><span class='ocrx_word' id='word_1_510' title='bbox 257 4720 434 4776; x_wconf 76' lang='lat' dir='ltr'><strong>solum</strong></span> <span class='ocrx_word' id='word_1_511' title='bbox 454 4733 659 4776; x_wconf 81' lang='lat' dir='ltr'><strong>manet:</strong></span> <span class='ocrx_word' id='word_1_512' title='bbox 685 4723 730 4778; x_wconf 84' lang='lat' dir='ltr'><strong>si</strong></span> <span class='ocrx_word' id='word_1_513' title='bbox 753 4734 920 4778; x_wconf 82' lang='lat' dir='ltr'><strong>autem</strong></span> <span class='ocrx_word' id='word_1_514' title='bbox 945 4734 1194 4779; x_wconf 86' lang='lat' dir='ltr'><strong>mortuum</strong></span> <span class='ocrx_word' id='word_1_515' title='bbox 1212 4727 1384 4798; x_wconf 80' lang='lat' dir='ltr'><strong>fuerit,</strong></span> <span class='ocrx_word' id='word_1_516' title='bbox 1405 4727 1616 4782; x_wconf 86' lang='lat' dir='ltr'><strong>multum</strong></span> <span class='ocrx_word' id='word_1_517' title='bbox 1637 4728 1858 4798; x_wconf 80' lang='lat' dir='ltr'><strong>fructum</strong></span> 
     </span>
    </p>
   </div>
   <div class='ocr_carea' id='block_1_68' title="bbox 259 4811 1860 4888">
    <p class='ocr_par' dir='ltr' id='par_1_68' title="bbox 259 4811 1860 4888">
     <span class='ocr_line' id='line_1_69' title="bbox 259 4811 1860 4888; baseline 0.007 -21"><span class='ocrx_word' id='word_1_518' title='bbox 259 4811 418 4880; x_wconf 60' lang='grc' dir='ltr'><em>σθαι</em></span> <span class='ocrx_word' id='word_1_519' title='bbox 447 4811 622 4885; x_wconf 80' lang='lat' dir='ltr'><strong>(Joan.</strong></span> <span class='ocrx_word' id='word_1_520' title='bbox 651 4813 718 4869; x_wconf 77' lang='grc'><strong>12</strong></span> <span class='ocrx_word' id='word_1_521' title='bbox 759 4814 851 4871; x_wconf 72' lang='grc'><strong>24.</strong></span> <span class='ocrx_word' id='word_1_522' title='bbox 874 4816 990 4888; x_wconf 83' lang='grc'><strong>25).</strong></span> <span class='ocrx_word' id='word_1_523' title='bbox 1020 4817 1154 4872; x_wconf 89' lang='lat' dir='ltr'><strong>Hine</strong></span> <span class='ocrx_word' id='word_1_524' title='bbox 1190 4817 1413 4874; x_wconf 88' lang='lat' dir='ltr'><strong>edoctus</strong></span> <span class='ocrx_word' id='word_1_525' title='bbox 1445 4817 1634 4884; x_wconf 73' lang='lat' dir='ltr'><strong>beatus</strong></span> <span class='ocrx_word' id='word_1_526' title='bbox 1665 4820 1860 4878; x_wconf 86' lang='lat' dir='ltr'><strong>Paulus</strong></span> 
     </span>
    </p>
   </div>
   <div class='ocr_carea' id='block_1_69' title="bbox 258 4905 1861 4980">
    <p class='ocr_par' dir='ltr' id='par_1_69' title="bbox 258 4905 1861 4980">
     <span class='ocr_line' id='line_1_70' title="bbox 258 4905 1861 4980; baseline 0.004 -18"><span class='ocrx_word' id='word_1_527' title='bbox 258 4905 459 4962; x_wconf 81' lang='lat' dir='ltr'><strong>eodem</strong></span> <span class='ocrx_word' id='word_1_528' title='bbox 487 4907 652 4960; x_wconf 90' lang='lat' dir='ltr'><strong>utitur</strong></span> <span class='ocrx_word' id='word_1_529' title='bbox 674 4908 944 4979; x_wconf 86' lang='lat' dir='ltr'><strong>exemplo,</strong></span> <span class='ocrx_word' id='word_1_530' title='bbox 971 4908 1185 4980; x_wconf 90' lang='lat' dir='ltr'><strong>quando</strong></span> <span class='ocrx_word' id='word_1_531' title='bbox 1210 4909 1502 4966; x_wconf 89' lang='lat' dir='ltr'><strong>Corinthiis</strong></span> <span class='ocrx_word' id='word_1_532' title='bbox 1525 4911 1594 4967; x_wconf 90' lang='lat' dir='ltr'><strong>de</strong></span> <span class='ocrx_word' id='word_1_533' title='bbox 1619 4927 1861 4969; x_wconf 86' lang='lat' dir='ltr'><strong>resurre-</strong></span> 
     </span>
    </p>
   </div>
   <div class='ocr_carea' id='block_1_70' title="bbox 257 4997 1858 5074">
    <p class='ocr_par' dir='ltr' id='par_1_70' title="bbox 257 4997 1858 5074">
     <span class='ocr_line' id='line_1_71' title="bbox 257 4997 1858 5074; baseline 0.001 -17"><span class='ocrx_word' id='word_1_534' title='bbox 257 4999 448 5057; x_wconf 82' lang='lat' dir='ltr'><strong>ctione</strong></span> <span class='ocrx_word' id='word_1_535' title='bbox 478 4997 743 5071; x_wconf 87' lang='lat' dir='ltr'><strong>loquitur:</strong></span> <span class='ocrx_word' id='word_1_536' title='bbox 773 5016 895 5056; x_wconf 87' lang='lat' dir='ltr'><strong>nam</strong></span> <span class='ocrx_word' id='word_1_537' title='bbox 929 5003 1037 5057; x_wconf 89' lang='lat' dir='ltr'><strong>ait:</strong></span> <span class='ocrx_word' id='word_1_538' title='bbox 1064 5001 1249 5067; x_wconf 85' lang='lat' dir='ltr'><strong>Stulte,</strong></span> <span class='ocrx_word' id='word_1_539' title='bbox 1273 5003 1409 5074; x_wconf 83' lang='lat' dir='ltr'><strong>quod</strong></span> <span class='ocrx_word' id='word_1_540' title='bbox 1428 5005 1644 5059; x_wconf 81' lang='lat' dir='ltr'><strong>seminus</strong></span> <span class='ocrx_word' id='word_1_541' title='bbox 1662 5022 1761 5059; x_wconf 84' lang='lat' dir='ltr'><strong>non</strong></span> <span class='ocrx_word' id='word_1_542' title='bbox 1783 5006 1858 5060; x_wconf 59' lang='lat' dir='ltr'><strong>vi-</strong></span> 
     </span>
    </p>
   </div>
   <div class='ocr_carea' id='block_1_71' title="bbox 260 5093 1860 5169">
    <p class='ocr_par' dir='ltr' id='par_1_71' title="bbox 260 5093 1860 5169">
     <span class='ocr_line' id='line_1_72' title="bbox 260 5093 1860 5169; baseline 0.005 -20"><span class='ocrx_word' id='word_1_543' title='bbox 260 5093 524 5163; x_wconf 68' lang='lat' dir='ltr'><strong>rs&#39;ﬁeatur,</strong></span> <span class='ocrx_word' id='word_1_544' title='bbox 555 5095 656 5148; x_wconf 86' lang='lat' dir='ltr'><strong>nisi</strong></span> <span class='ocrx_word' id='word_1_545' title='bbox 674 5105 931 5149; x_wconf 76' lang='lat' dir='ltr'><strong>mortuum</strong></span> <span class='ocrx_word' id='word_1_546' title='bbox 958 5096 1110 5165; x_wconf 80' lang='lat' dir='ltr'><strong>fuerit</strong></span> <span class='ocrx_word' id='word_1_547' title='bbox 1144 5097 1220 5169; x_wconf 94' lang='lat' dir='ltr'><strong>(I.</strong></span> <span class='ocrx_word' id='word_1_548' title='bbox 1252 5096 1369 5152; x_wconf 86' lang='lat' dir='ltr'><strong>Cor.</strong></span> <span class='ocrx_word' id='word_1_549' title='bbox 1400 5099 1485 5155; x_wconf 83' lang='lat' dir='ltr'><strong>I5.</strong></span> <span class='ocrx_word' id='word_1_550' title='bbox 1515 5099 1627 5169; x_wconf 77' lang='lat'><strong>36).</strong></span> <span class='ocrx_word' id='word_1_551' title='bbox 1660 5099 1860 5156; x_wconf 86' lang='lat' dir='ltr'><strong>Deinde</strong></span> 
     </span>
    </p>
   </div>
   <div class='ocr_carea' id='block_1_72' title="bbox 261 5180 1859 5256">
    <p class='ocr_par' dir='ltr' id='par_1_72' title="bbox 261 5180 1859 5256">
     <span class='ocr_line' id='line_1_73' title="bbox 261 5180 1859 5256; baseline 0.008 -22"><span class='ocrx_word' id='word_1_552' title='bbox 261 5193 340 5235; x_wconf 87' lang='lat' dir='ltr'><strong>ne</strong></span> <span class='ocrx_word' id='word_1_553' title='bbox 372 5180 485 5236; x_wconf 89' lang='lat' dir='ltr'><strong>cito</strong></span> <span class='ocrx_word' id='word_1_554' title='bbox 516 5194 703 5252; x_wconf 85' lang='lat' dir='ltr'><strong>postea</strong></span> <span class='ocrx_word' id='word_1_555' title='bbox 737 5182 1141 5256; x_wconf 87' lang='lat' dir='ltr'><strong>interrogarent</strong></span> <span class='ocrx_word' id='word_1_556' title='bbox 1163 5185 1386 5256; x_wconf 87' lang='lat' dir='ltr'><strong>quando</strong></span> <span class='ocrx_word' id='word_1_557' title='bbox 1416 5187 1468 5242; x_wconf 92' lang='lat' dir='ltr'><strong>id</strong></span> <span class='ocrx_word' id='word_1_558' title='bbox 1504 5186 1747 5243; x_wconf 88' lang='lat' dir='ltr'><strong>futurutn</strong></span> <span class='ocrx_word' id='word_1_559' title='bbox 1770 5204 1859 5246; x_wconf 89' lang='lat' dir='ltr'><strong>es-</strong></span> 
     </span>
    </p>
   </div>
   <div class='ocr_carea' id='block_1_73' title="bbox 264 5273 1857 5349">
    <p class='ocr_par' dir='ltr' id='par_1_73' title="bbox 264 5273 1857 5349">
     <span class='ocr_line' id='line_1_74' title="bbox 264 5273 1857 5349; baseline 0.007 -22"><span class='ocrx_word' id='word_1_560' title='bbox 264 5279 402 5339; x_wconf 79' lang='lat' dir='ltr'><strong>set,</strong></span> <span class='ocrx_word' id='word_1_561' title='bbox 453 5273 507 5328; x_wconf 92' lang='lat' dir='ltr'><strong>in</strong></span> <span class='ocrx_word' id='word_1_562' title='bbox 570 5276 894 5331; x_wconf 88' lang='lat' dir='ltr'><strong>memoriam</strong></span> <span class='ocrx_word' id='word_1_563' title='bbox 949 5275 1086 5346; x_wconf 84' lang='lat' dir='ltr'><strong>ipsis</strong></span> <span class='ocrx_word' id='word_1_564' title='bbox 1135 5278 1395 5349; x_wconf 71' lang='lat' dir='ltr'><strong>praedicta</strong></span> <span class='ocrx_word' id='word_1_565' title='bbox 1450 5289 1717 5348; x_wconf 85' lang='lat' dir='ltr'><strong>revocat,</strong></span> <span class='ocrx_word' id='word_1_566' title='bbox 1770 5283 1857 5338; x_wconf 86' lang='lat' dir='ltr'><strong>di-</strong></span> 
     </span>
    </p>
   </div>
   <div class='ocr_carea' id='block_1_74' title="bbox 259 5362 1860 5446">
    <p class='ocr_par' dir='ltr' id='par_1_74' title="bbox 259 5362 1860 5446">
     <span class='ocr_line' id='line_1_75' title="bbox 259 5362 1860 5446; baseline 0.01 -32"><span class='ocrx_word' id='word_1_567' title='bbox 259 5375 432 5420; x_wconf 82' lang='lat' dir='ltr'><strong>cens:</strong></span> <span class='ocrx_word' id='word_1_568' title='bbox 462 5362 550 5418; x_wconf 72' lang='grc'><strong>56.</strong></span> <span class='ocrx_word' id='word_1_569' title='bbox 583 5363 745 5419; x_wconf 78' lang='lat' dir='ltr'><strong>Amen</strong></span> <span class='ocrx_word' id='word_1_570' title='bbox 789 5363 904 5420; x_wconf 81' lang='lat' dir='ltr'><strong>dico</strong></span> <span class='ocrx_word' id='word_1_571' title='bbox 941 5367 1099 5431; x_wconf 71' lang='lat' dir='ltr'><strong>vobis,</strong></span> <span class='ocrx_word' id='word_1_572' title='bbox 1146 5383 1250 5424; x_wconf 89' lang='lat' dir='ltr'><strong>non</strong></span> <span class='ocrx_word' id='word_1_573' title='bbox 1295 5372 1567 5442; x_wconf 70' lang='lat' dir='ltr'><strong>prateribit</strong></span> <span class='ocrx_word' id='word_1_574' title='bbox 1603 5375 1860 5446; x_wconf 82' lang='lat' dir='ltr'><strong>generatio</strong></span> 
     </span>
    </p>
   </div>
   <div class='ocr_carea' id='block_1_75' title="bbox 258 5452 1860 5538">
    <p class='ocr_par' dir='ltr' id='par_1_75' title="bbox 258 5452 1860 5538">
     <span class='ocr_line' id='line_1_76' title="bbox 258 5452 1860 5538; baseline 0.011 -31"><span class='ocrx_word' id='word_1_575' title='bbox 258 5453 396 5518; x_wconf 68' lang='lat' dir='ltr'><strong>hac,</strong></span> <span class='ocrx_word' id='word_1_576' title='bbox 427 5452 585 5508; x_wconf 78' lang='lat' dir='ltr'><strong>donec</strong></span> <span class='ocrx_word' id='word_1_577' title='bbox 600 5456 770 5509; x_wconf 79' lang='lat' dir='ltr'><strong>omnia</strong></span> <span class='ocrx_word' id='word_1_578' title='bbox 785 5455 894 5511; x_wconf 73' lang='lat' dir='ltr'><strong>hac</strong></span> <span class='ocrx_word' id='word_1_579' title='bbox 907 5457 1053 5526; x_wconf 80' lang='lat' dir='ltr'><strong>fiant.</strong></span> <span class='ocrx_word' id='word_1_580' title='bbox 1075 5457 1201 5515; x_wconf 70' lang='lat' dir='ltr'><strong>Hec</strong></span> <span class='ocrx_word' id='word_1_581' title='bbox 1220 5462 1410 5528; x_wconf 85' lang='lat' dir='ltr'><strong>omnia,</strong></span> <span class='ocrx_word' id='word_1_582' title='bbox 1430 5479 1696 5534; x_wconf 61' lang='lat' dir='ltr'><strong>quanam,</strong></span> <span class='ocrx_word' id='word_1_583' title='bbox 1713 5483 1860 5538; x_wconf 78' lang='lat' dir='ltr'><strong>qua:-</strong></span> 
     </span>
    </p>
   </div>
   <div class='ocr_carea' id='block_1_76' title="bbox 261 5542 1858 5630">
    <p class='ocr_par' dir='ltr' id='par_1_76' title="bbox 261 5542 1858 5630">
     <span class='ocr_line' id='line_1_77' title="bbox 261 5542 1858 5630; baseline 0.008 -28"><span class='ocrx_word' id='word_1_584' title='bbox 261 5543 366 5602; x_wconf 76' lang='lat' dir='ltr'><strong>sol</strong></span> <span class='ocrx_word' id='word_1_585' title='bbox 389 5542 519 5612; x_wconf 64' lang='lat' dir='ltr'><strong>Qum</strong></span> <span class='ocrx_word' id='word_1_586' title='bbox 556 5545 946 5618; x_wconf 83' lang='lat' dir='ltr'><strong>Jerosolymam</strong></span> <span class='ocrx_word' id='word_1_587' title='bbox 986 5552 1318 5621; x_wconf 63' lang='lat' dir='ltr'><strong>spextabant.</strong></span> <span class='ocrx_word' id='word_1_588' title='bbox 1349 5552 1508 5621; x_wconf 90' lang='lat' dir='ltr'><strong>bella,</strong></span> <span class='ocrx_word' id='word_1_589' title='bbox 1543 5555 1731 5621; x_wconf 88' lang='lat' dir='ltr'><strong>fames,</strong></span> <span class='ocrx_word' id='word_1_590' title='bbox 1761 5572 1858 5630; x_wconf 81' lang='lat' dir='ltr'><strong>pe-</strong></span> 
     </span>
    </p>
   </div>
   <div class='ocr_carea' id='block_1_77' title="bbox 262 5636 1856 5719">
    <p class='ocr_par' dir='ltr' id='par_1_77' title="bbox 262 5636 1856 5719">
     <span class='ocr_line' id='line_1_78' title="bbox 262 5636 1856 5719; baseline 0.007 -24"><span class='ocrx_word' id='word_1_591' title='bbox 262 5636 384 5703; x_wconf 86' lang='lat' dir='ltr'><strong>stis,</strong></span> <span class='ocrx_word' id='word_1_592' title='bbox 419 5645 578 5693; x_wconf 84' lang='lat' dir='ltr'><strong>terra:</strong></span> <span class='ocrx_word' id='word_1_593' title='bbox 607 5646 808 5706; x_wconf 90' lang='lat' dir='ltr'><strong>motus,</strong></span> <span class='ocrx_word' id='word_1_594' title='bbox 861 5641 1302 5711; x_wconf 52' lang='lat' dir='ltr'><strong>pseudochristi,</strong></span> <span class='ocrx_word' id='word_1_595' title='bbox 1330 5645 1856 5719; x_wconf 65' lang='lat' dir='ltr'><strong>pseudo-prophetae,</strong></span> 
     </span>
    </p>
   </div>
   <div class='ocr_carea' id='block_1_78' title="bbox 260 5729 1858 5813">
    <p class='ocr_par' dir='ltr' id='par_1_78' title="bbox 260 5729 1858 5813">
     <span class='ocr_line' id='line_1_79' title="bbox 260 5729 1858 5813; baseline 0.006 -24"><span class='ocrx_word' id='word_1_596' title='bbox 260 5729 610 5803; x_wconf 83' lang='lat' dir='ltr'><strong>Evangelium</strong></span> <span class='ocrx_word' id='word_1_597' title='bbox 633 5731 831 5804; x_wconf 88' lang='lat' dir='ltr'><strong>ubique</strong></span> <span class='ocrx_word' id='word_1_598' title='bbox 847 5732 1274 5806; x_wconf 82' lang='lat' dir='ltr'><strong>disseminatum,</strong></span> <span class='ocrx_word' id='word_1_599' title='bbox 1303 5737 1614 5808; x_wconf 84' lang='lat' dir='ltr'><strong>seditiones,</strong></span> <span class='ocrx_word' id='word_1_600' title='bbox 1643 5751 1858 5813; x_wconf 82' lang='lat' dir='ltr'><strong>pertur-</strong></span> 
     </span>
    </p>
   </div>
   <div class='ocr_carea' id='block_1_79' title="bbox 261 5825 1850 5907">
    <p class='ocr_par' dir='ltr' id='par_1_79' title="bbox 261 5825 1850 5907">
     <span class='ocr_line' id='line_1_80' title="bbox 261 5825 1850 5907; baseline 0.007 -23"><span class='ocrx_word' id='word_1_601' title='bbox 261 5825 530 5889; x_wconf 84' lang='lat' dir='ltr'><strong>bationes,</strong></span> <span class='ocrx_word' id='word_1_602' title='bbox 579 5834 882 5899; x_wconf 63' lang='lat' dir='ltr'><strong>ceteraque</strong></span> <span class='ocrx_word' id='word_1_603' title='bbox 917 5829 1120 5899; x_wconf 82' lang='lat' dir='ltr'><strong>ornnia,</strong></span> <span class='ocrx_word' id='word_1_604' title='bbox 1149 5846 1268 5902; x_wconf 72' lang='lat' dir='ltr'><strong>qua:</strong></span> <span class='ocrx_word' id='word_1_605' title='bbox 1305 5831 1540 5891; x_wconf 81' lang='lat' dir='ltr'><strong>diximus</strong></span> <span class='ocrx_word' id='word_1_606' title='bbox 1587 5848 1757 5907; x_wconf 83' lang='lat' dir='ltr'><strong>usque</strong></span> <span class='ocrx_word' id='word_1_607' title='bbox 1784 5838 1850 5895; x_wconf 85' lang='lat' dir='ltr'><strong>ad</strong></span> 
     </span>
    </p>
   </div>
   <div class='ocr_carea' id='block_1_80' title="bbox 1977 2528 3582 2627">
    <p class='ocr_par' dir='ltr' id='par_1_80' title="bbox 1977 2528 3582 2627">
     <span class='ocr_line' id='line_1_81' title="bbox 1977 2528 3582 2627; baseline 0.027 -46"><span class='ocrx_word' id='word_1_608' title='bbox 1977 2528 2408 2627; x_wconf 70' lang='lat' dir='ltr'><strong>ejusadventum</strong></span> <span class='ocrx_word' id='word_1_609' title='bbox 2443 2540 2641 2599; x_wconf 89' lang='lat' dir='ltr'><strong>futura.</strong></span> <span class='ocrx_word' id='word_1_610' title='bbox 2674 2546 2956 2615; x_wconf 85' lang='lat' dir='ltr'><strong>Quomodo</strong></span> <span class='ocrx_word' id='word_1_611' title='bbox 2991 2555 3153 2626; x_wconf 88' lang='lat' dir='ltr'><strong>igitur</strong></span> <span class='ocrx_word' id='word_1_612' title='bbox 3176 2561 3271 2627; x_wconf 88' lang='lat' dir='ltr'><strong>ait,</strong></span> <span class='ocrx_word' id='word_1_613' title='bbox 3311 2562 3582 2624; x_wconf 79' lang='lat' dir='ltr'><strong>Generatio</strong></span> 
     </span>
    </p>
   </div>
   <div class='ocr_carea' id='block_1_81' title="bbox 1976 2621 3579 2727">
    <p class='ocr_par' dir='ltr' id='par_1_81' title="bbox 1976 2621 3579 2727">
     <span class='ocr_line' id='line_1_82' title="bbox 1976 2621 3579 2727; baseline 0.028 -54"><span class='ocrx_word' id='word_1_614' title='bbox 1976 2621 2123 2726; x_wconf 58' lang='lat' dir='ltr'><strong>liae?</strong></span> <span class='ocrx_word' id='word_1_615' title='bbox 2142 2624 2257 2727; x_wconf 73' lang='lat' dir='ltr'><strong>Non</strong></span> <span class='ocrx_word' id='word_1_616' title='bbox 2286 2629 2353 2686; x_wconf 90' lang='lat' dir='ltr'><strong>de</strong></span> <span class='ocrx_word' id='word_1_617' title='bbox 2380 2639 2506 2690; x_wconf 89' lang='lat' dir='ltr'><strong>tunc</strong></span> <span class='ocrx_word' id='word_1_618' title='bbox 2528 2638 2826 2698; x_wconf 87' lang='lat' dir='ltr'><strong>viventibus</strong></span> <span class='ocrx_word' id='word_1_619' title='bbox 2847 2621 3100 2716; x_wconf 71' lang='lat' dir='ltr'><strong>loquitur,</strong></span> <span class='ocrx_word' id='word_1_620' title='bbox 3131 2653 3227 2708; x_wconf 90' lang='lat' dir='ltr'><strong>sed</strong></span> <span class='ocrx_word' id='word_1_621' title='bbox 3253 2621 3320 2712; x_wconf 84' lang='lat' dir='ltr'><strong>de</strong></span> <span class='ocrx_word' id='word_1_622' title='bbox 3350 2621 3579 2727; x_wconf 55' lang='lat' dir='ltr'><strong>genera;</strong></span> 
     </span>
    </p>
   </div>
   <div class='ocr_carea' id='block_1_82' title="bbox 1975 2715 3576 2808">
    <p class='ocr_par' dir='ltr' id='par_1_82' title="bbox 1975 2715 3576 2808">
     <span class='ocr_line' id='line_1_83' title="bbox 1975 2715 3576 2808; baseline 0.026 -40"><span class='ocrx_word' id='word_1_623' title='bbox 1975 2715 2121 2772; x_wconf 89' lang='lat' dir='ltr'><strong>tione</strong></span> <span class='ocrx_word' id='word_1_624' title='bbox 2149 2719 2417 2790; x_wconf 86' lang='lat' dir='ltr'><strong>ﬁdelium;</strong></span> <span class='ocrx_word' id='word_1_625' title='bbox 2449 2729 2588 2786; x_wconf 82' lang='lat' dir='ltr'><strong>solet</strong></span> <span class='ocrx_word' id='word_1_626' title='bbox 2615 2733 2757 2789; x_wconf 90' lang='lat' dir='ltr'><strong>enim</strong></span> <span class='ocrx_word' id='word_1_627' title='bbox 2788 2715 3194 2808; x_wconf 81' lang='lat' dir='ltr'><strong>generationem</strong></span> <span class='ocrx_word' id='word_1_628' title='bbox 3235 2715 3406 2804; x_wconf 51' lang='lat' dir='ltr'><strong>nonva</strong></span> <span class='ocrx_word' id='word_1_629' title='bbox 3437 2760 3576 2808; x_wconf 86' lang='lat' dir='ltr'><strong>tem-</strong></span> 
     </span>
    </p>
   </div>
   <div class='ocr_carea' id='block_1_83' title="bbox 1975 2811 3579 2901">
    <p class='ocr_par' dir='ltr' id='par_1_83' title="bbox 1975 2811 3579 2901">
     <span class='ocr_line' id='line_1_84' title="bbox 1975 2811 3579 2901; baseline 0.027 -43"><span class='ocrx_word' id='word_1_630' title='bbox 1975 2821 2106 2876; x_wconf 88' lang='lat' dir='ltr'><strong>pore</strong></span> <span class='ocrx_word' id='word_1_631' title='bbox 2131 2811 2326 2882; x_wconf 89' lang='lat' dir='ltr'><strong>solum,</strong></span> <span class='ocrx_word' id='word_1_632' title='bbox 2350 2816 2444 2872; x_wconf 86' lang='lat' dir='ltr'><strong>sed</strong></span> <span class='ocrx_word' id='word_1_633' title='bbox 2475 2821 2637 2878; x_wconf 87' lang='lat' dir='ltr'><strong>etiam</strong></span> <span class='ocrx_word' id='word_1_634' title='bbox 2667 2840 2697 2879; x_wconf 91' lang='lat' dir='ltr'><strong>a</strong></span> <span class='ocrx_word' id='word_1_635' title='bbox 2734 2828 3011 2900; x_wconf 89' lang='lat' dir='ltr'><strong>religionis</strong></span> <span class='ocrx_word' id='word_1_636' title='bbox 3033 2845 3087 2890; x_wconf 92' lang='lat' dir='ltr'><strong>et</strong></span> <span class='ocrx_word' id='word_1_637' title='bbox 3111 2836 3233 2892; x_wconf 72' lang='lat' dir='ltr'><strong>vita:</strong></span> <span class='ocrx_word' id='word_1_638' title='bbox 3257 2842 3579 2901; x_wconf 79' lang='lat' dir='ltr'><strong>ratiooean-</strong></span> 
     </span>
    </p>
   </div>
   <div class='ocr_carea' id='block_1_84' title="bbox 1976 2907 3580 3000">
    <p class='ocr_par' dir='ltr' id='par_1_84' title="bbox 1976 2907 3580 3000">
     <span class='ocr_line' id='line_1_85' title="bbox 1976 2907 3580 3000; baseline 0.026 -50"><span class='ocrx_word' id='word_1_639' title='bbox 1976 2909 2164 3000; x_wconf 64' lang='lat' dir='ltr'><strong>notare</strong></span> <span class='ocrx_word' id='word_1_640' title='bbox 2184 2920 2198 2969; x_wconf 94' lang='lat'><strong>;</strong></span> <span class='ocrx_word' id='word_1_641' title='bbox 2221 2913 2275 2958; x_wconf 89' lang='lat' dir='ltr'><strong>ut</strong></span> <span class='ocrx_word' id='word_1_642' title='bbox 2298 2911 2513 2974; x_wconf 87' lang='lat' dir='ltr'><strong>quando</strong></span> <span class='ocrx_word' id='word_1_643' title='bbox 2539 2907 2700 2970; x_wconf 87' lang='lat' dir='ltr'><strong>dicit:</strong></span> <span class='ocrx_word' id='word_1_644' title='bbox 2729 2916 2856 2974; x_wconf 66' lang='lat' dir='ltr'><strong>Haec</strong></span> <span class='ocrx_word' id='word_1_645' title='bbox 2874 2932 2947 2977; x_wconf 88' lang='lat' dir='ltr'><strong>est</strong></span> <span class='ocrx_word' id='word_1_646' title='bbox 2961 2930 3221 2995; x_wconf 83' lang='lat' dir='ltr'><strong>generatio</strong></span> <span class='ocrx_word' id='word_1_647' title='bbox 3245 2938 3580 3000; x_wconf 61' lang='lat' dir='ltr'><strong>querentium</strong></span> 
     </span>
    </p>
   </div>
   <div class='ocr_carea' id='block_1_85' title="bbox 1974 2993 3576 3094">
    <p class='ocr_par' dir='ltr' id='par_1_85' title="bbox 1974 2993 3576 3094">
     <span class='ocr_line' id='line_1_86' title="bbox 1974 2993 3576 3094; baseline 0.024 -48"><span class='ocrx_word' id='word_1_648' title='bbox 1974 2993 2251 3094; x_wconf 66' lang='lat' dir='ltr'><strong>Dominum</strong></span> <span class='ocrx_word' id='word_1_649' title='bbox 2287 2997 2460 3069; x_wconf 77' lang='lat' dir='ltr'><strong>(Paul.</strong></span> <span class='ocrx_word' id='word_1_650' title='bbox 2492 3002 2584 3059; x_wconf 78' lang='grc'><strong>25.</strong></span> <span class='ocrx_word' id='word_1_651' title='bbox 2628 3007 2684 3077; x_wconf 88' lang='grc'><strong>6)</strong></span> <span class='ocrx_word' id='word_1_652' title='bbox 2725 3013 2914 3081; x_wconf 89' lang='lat' dir='ltr'><strong>:quod</strong></span> <span class='ocrx_word' id='word_1_653' title='bbox 2964 2993 3093 3088; x_wconf 82' lang='lat' dir='ltr'><strong>ergo</strong></span> <span class='ocrx_word' id='word_1_654' title='bbox 3134 2993 3294 3091; x_wconf 83' lang='lat' dir='ltr'><strong>supra</strong></span> <span class='ocrx_word' id='word_1_655' title='bbox 3342 3025 3576 3094; x_wconf 88' lang='lat' dir='ltr'><strong>dicebat,</strong></span> 
     </span>
    </p>
   </div>
   <div class='ocr_carea' id='block_1_86' title="bbox 1976 3085 3580 3179">
    <p class='ocr_par' dir='ltr' id='par_1_86' title="bbox 1976 3085 3580 3179">
     <span class='ocr_line' id='line_1_87' title="bbox 1976 3085 3580 3179; baseline 0.024 -41"><span class='ocrx_word' id='word_1_656' title='bbox 1976 3085 2187 3161; x_wconf 81' lang='lat' dir='ltr'><strong>Oportet</strong></span> <span class='ocrx_word' id='word_1_657' title='bbox 2230 3093 2363 3146; x_wconf 85' lang='lat' dir='ltr'><strong>enim</strong></span> <span class='ocrx_word' id='word_1_658' title='bbox 2404 3097 2577 3151; x_wconf 83' lang='lat' dir='ltr'><strong>omnia</strong></span> <span class='ocrx_word' id='word_1_659' title='bbox 2613 3099 2760 3167; x_wconf 75' lang='lat' dir='ltr'><strong>ﬁeri;</strong></span> <span class='ocrx_word' id='word_1_660' title='bbox 2802 3118 2868 3160; x_wconf 84' lang='lat' dir='ltr'><strong>ac</strong></span> <span class='ocrx_word' id='word_1_661' title='bbox 2911 3085 3146 3179; x_wconf 80' lang='lat' dir='ltr'><strong>rursum,</strong></span> <span class='ocrx_word' id='word_1_662' title='bbox 3203 3085 3580 3175; x_wconf 71' lang='lat' dir='ltr'><strong>I’rwdicabitur</strong></span> 
     </span>
    </p>
   </div>
   <div class='ocr_carea' id='block_1_87' title="bbox 1969 3179 3580 3274">
    <p class='ocr_par' dir='ltr' id='par_1_87' title="bbox 1969 3179 3580 3274">
     <span class='ocr_line' id='line_1_88' title="bbox 1969 3179 3580 3274; baseline 0.022 -40"><span class='ocrx_word' id='word_1_663' title='bbox 1969 3179 2306 3251; x_wconf 82' lang='lat' dir='ltr'><strong>Evangelium</strong></span> <span class='ocrx_word' id='word_1_664' title='bbox 2323 3205 2342 3241; x_wconf 88' lang='lat'><strong>:</strong></span> <span class='ocrx_word' id='word_1_665' title='bbox 2362 3187 2448 3244; x_wconf 92' lang='lat' dir='ltr'><strong>hic</strong></span> <span class='ocrx_word' id='word_1_666' title='bbox 2470 3204 2685 3261; x_wconf 87' lang='lat' dir='ltr'><strong>quoque</strong></span> <span class='ocrx_word' id='word_1_667' title='bbox 2712 3192 2982 3267; x_wconf 88' lang='lat' dir='ltr'><strong>signiﬁcat</strong></span> <span class='ocrx_word' id='word_1_668' title='bbox 3008 3203 3217 3274; x_wconf 87' lang='lat' dir='ltr'><strong>dicens,</strong></span> <span class='ocrx_word' id='word_1_669' title='bbox 3249 3207 3374 3265; x_wconf 64' lang='lat' dir='ltr'><strong>llaec</strong></span> <span class='ocrx_word' id='word_1_670' title='bbox 3402 3215 3580 3269; x_wconf 85' lang='lat' dir='ltr'><strong>omni-</strong></span> 
     </span>
    </p>
   </div>
   <div class='ocr_carea' id='block_1_88' title="bbox 1977 3274 3574 3365">
    <p class='ocr_par' dir='ltr' id='par_1_88' title="bbox 1977 3274 3574 3365">
     <span class='ocr_line' id='line_1_89' title="bbox 1977 3274 3574 3365; baseline 0.024 -42"><span class='ocrx_word' id='word_1_671' title='bbox 1977 3288 2047 3324; x_wconf 92' lang='lat' dir='ltr'><strong>no</strong></span> <span class='ocrx_word' id='word_1_672' title='bbox 2073 3274 2326 3330; x_wconf 87' lang='lat' dir='ltr'><strong>evenient</strong></span> <span class='ocrx_word' id='word_1_673' title='bbox 2375 3281 2577 3348; x_wconf 88' lang='lat' dir='ltr'><strong>omnia,</strong></span> <span class='ocrx_word' id='word_1_674' title='bbox 2622 3295 2678 3340; x_wconf 92' lang='lat' dir='ltr'><strong>et</strong></span> <span class='ocrx_word' id='word_1_675' title='bbox 2721 3292 2999 3358; x_wconf 87' lang='lat' dir='ltr'><strong>generatio</strong></span> <span class='ocrx_word' id='word_1_676' title='bbox 3043 3294 3281 3355; x_wconf 89' lang='lat' dir='ltr'><strong>ﬁdelium</strong></span> <span class='ocrx_word' id='word_1_677' title='bbox 3307 3342 3321 3364; x_wconf 90' lang='lat'><strong>,</strong></span> <span class='ocrx_word' id='word_1_678' title='bbox 3365 3319 3396 3359; x_wconf 91' lang='lat' dir='ltr'><strong>a</strong></span> <span class='ocrx_word' id='word_1_679' title='bbox 3425 3306 3574 3365; x_wconf 91' lang='lat' dir='ltr'><strong>nullo</strong></span> 
     </span>
    </p>
   </div>
   <div class='ocr_carea' id='block_1_89' title="bbox 1973 3365 3576 3454">
    <p class='ocr_par' dir='ltr' id='par_1_89' title="bbox 1973 3365 3576 3454">
     <span class='ocr_line' id='line_1_90' title="bbox 1973 3365 3576 3454; baseline 0.022 -36"><span class='ocrx_word' id='word_1_680' title='bbox 1973 3365 2351 3434; x_wconf 78' lang='lat' dir='ltr'><strong>pncdictorum</strong></span> <span class='ocrx_word' id='word_1_681' title='bbox 2380 3370 2602 3430; x_wconf 86' lang='lat' dir='ltr'><strong>discissa</strong></span> <span class='ocrx_word' id='word_1_682' title='bbox 2627 3418 2643 3439; x_wconf 88' lang='lat'><strong>,</strong></span> <span class='ocrx_word' id='word_1_683' title='bbox 2673 3384 3045 3451; x_wconf 87' lang='lat' dir='ltr'><strong>permanebit;</strong></span> <span class='ocrx_word' id='word_1_684' title='bbox 3093 3389 3202 3444; x_wconf 89' lang='lat' dir='ltr'><strong>imo</strong></span> <span class='ocrx_word' id='word_1_685' title='bbox 3230 3393 3393 3451; x_wconf 90' lang='lat' dir='ltr'><strong>etiam</strong></span> <span class='ocrx_word' id='word_1_686' title='bbox 3419 3396 3576 3454; x_wconf 83' lang='lat' dir='ltr'><strong>Jeru-</strong></span> 
     </span>
    </p>
   </div>
   <div class='ocr_carea' id='block_1_90' title="bbox 1972 3458 3576 3556">
    <p class='ocr_par' dir='ltr' id='par_1_90' title="bbox 1972 3458 3576 3556">
     <span class='ocr_line' id='line_1_91' title="bbox 1972 3458 3576 3556; baseline 0.02 -45"><span class='ocrx_word' id='word_1_687' title='bbox 1972 3458 2177 3556; x_wconf 68' lang='lat' dir='ltr'><strong>stilytna</strong></span> <span class='ocrx_word' id='word_1_688' title='bbox 2225 3463 2458 3531; x_wconf 88' lang='lat' dir='ltr'><strong>peribit,</strong></span> <span class='ocrx_word' id='word_1_689' title='bbox 2514 3476 2568 3522; x_wconf 88' lang='lat' dir='ltr'><strong>et</strong></span> <span class='ocrx_word' id='word_1_690' title='bbox 2615 3468 2927 3530; x_wconf 71' lang='lat' dir='ltr'><strong>Judmorum</strong></span> <span class='ocrx_word' id='word_1_691' title='bbox 2958 3494 3146 3551; x_wconf 87' lang='lat' dir='ltr'><strong>magna</strong></span> <span class='ocrx_word' id='word_1_692' title='bbox 3195 3500 3322 3555; x_wconf 87' lang='lat' dir='ltr'><strong>pars</strong></span> <span class='ocrx_word' id='word_1_693' title='bbox 3369 3491 3576 3556; x_wconf 72' lang='lat' dir='ltr'><strong>delabi.</strong></span> 
     </span>
    </p>
   </div>
   <div class='ocr_carea' id='block_1_91' title="bbox 1971 3549 3572 3654">
    <p class='ocr_par' dir='ltr' id='par_1_91' title="bbox 1971 3549 3572 3654">
     <span class='ocr_line' id='line_1_92' title="bbox 1971 3549 3572 3654; baseline 0.026 -54"><span class='ocrx_word' id='word_1_694' title='bbox 1971 3557 2075 3607; x_wconf 87' lang='lat' dir='ltr'><strong>tur.</strong></span> <span class='ocrx_word' id='word_1_695' title='bbox 2106 3549 2253 3607; x_wconf 79' lang='lat' dir='ltr'><strong>lianc</strong></span> <span class='ocrx_word' id='word_1_696' title='bbox 2276 3569 2404 3611; x_wconf 86' lang='lat' dir='ltr'><strong>vero</strong></span> <span class='ocrx_word' id='word_1_697' title='bbox 2425 3557 2557 3614; x_wconf 90' lang='lat' dir='ltr'><strong>nihil</strong></span> <span class='ocrx_word' id='word_1_698' title='bbox 2583 3565 2878 3632; x_wconf 77' lang='lat' dir='ltr'><strong>superabit,</strong></span> <span class='ocrx_word' id='word_1_699' title='bbox 2905 3586 3011 3625; x_wconf 88' lang='lat' dir='ltr'><strong>non</strong></span> <span class='ocrx_word' id='word_1_700' title='bbox 3037 3549 3227 3646; x_wconf 72' lang='lat' dir='ltr'><strong>fames,</strong></span> <span class='ocrx_word' id='word_1_701' title='bbox 3254 3595 3360 3634; x_wconf 92' lang='lat' dir='ltr'><strong>non</strong></span> <span class='ocrx_word' id='word_1_702' title='bbox 3386 3553 3572 3654; x_wconf 86' lang='lat' dir='ltr'><strong>pestis,</strong></span> 
     </span>
    </p>
   </div>
   <div class='ocr_carea' id='block_1_92' title="bbox 1969 3653 3572 3742">
    <p class='ocr_par' dir='ltr' id='par_1_92' title="bbox 1969 3653 3572 3742">
     <span class='ocr_line' id='line_1_93' title="bbox 1969 3653 3572 3742; baseline 0.024 -47"><span class='ocrx_word' id='word_1_703' title='bbox 1969 3657 2075 3697; x_wconf 93' lang='lat' dir='ltr'><strong>non</strong></span> <span class='ocrx_word' id='word_1_704' title='bbox 2106 3653 2264 3701; x_wconf 63' lang='lat' dir='ltr'><strong>terra</strong></span> <span class='ocrx_word' id='word_1_705' title='bbox 2289 3658 2466 3705; x_wconf 90' lang='lat' dir='ltr'><strong>motus</strong></span> <span class='ocrx_word' id='word_1_706' title='bbox 2491 3693 2505 3717; x_wconf 96' lang='lat'><strong>,</strong></span> <span class='ocrx_word' id='word_1_707' title='bbox 2539 3669 2644 3710; x_wconf 90' lang='lat' dir='ltr'><strong>non</strong></span> <span class='ocrx_word' id='word_1_708' title='bbox 2673 3656 2936 3717; x_wconf 85' lang='lat' dir='ltr'><strong>bellorum</strong></span> <span class='ocrx_word' id='word_1_709' title='bbox 2977 3669 3429 3742; x_wconf 88' lang='lat' dir='ltr'><strong>perturbationes,</strong></span> <span class='ocrx_word' id='word_1_710' title='bbox 3465 3653 3572 3734; x_wconf 86' lang='lat' dir='ltr'><strong>non</strong></span> 
     </span>
    </p>
   </div>
   <div class='ocr_carea' id='block_1_93' title="bbox 1968 3921 3574 4009">
    <p class='ocr_par' dir='ltr' id='par_1_93' title="bbox 1968 3921 3574 4009">
     <span class='ocr_line' id='line_1_94' title="bbox 1968 3921 3574 4009; baseline 0.022 -35"><span class='ocrx_word' id='word_1_711' title='bbox 1968 3937 2074 3977; x_wconf 89' lang='lat' dir='ltr'><strong>non</strong></span> <span class='ocrx_word' id='word_1_712' title='bbox 2103 3921 2218 3980; x_wconf 80' lang='lat' dir='ltr'><strong>falsi</strong></span> <span class='ocrx_word' id='word_1_713' title='bbox 2260 3924 2455 3984; x_wconf 87' lang='lat' dir='ltr'><strong>fratres</strong></span> <span class='ocrx_word' id='word_1_714' title='bbox 2479 3945 2495 3996; x_wconf 91' lang='lat'><strong>;</strong></span> <span class='ocrx_word' id='word_1_715' title='bbox 2524 3947 2632 3987; x_wconf 92' lang='lat' dir='ltr'><strong>non</strong></span> <span class='ocrx_word' id='word_1_716' title='bbox 2659 3933 2780 3991; x_wconf 75' lang='lat' dir='ltr'><strong>alia:</strong></span> <span class='ocrx_word' id='word_1_717' title='bbox 2810 3937 3016 3997; x_wconf 85' lang='lat' dir='ltr'><strong>similes</strong></span> <span class='ocrx_word' id='word_1_718' title='bbox 3043 3948 3386 4005; x_wconf 88' lang='lat' dir='ltr'><strong>tentationes.</strong></span> <span class='ocrx_word' id='word_1_719' title='bbox 3420 3921 3574 4009; x_wconf 52' lang='lat' dir='ltr'><strong>Dein:</strong></span> 
     </span>
    </p>
   </div>
   <div class='ocr_carea' id='block_1_94' title="bbox 1967 4014 3572 4102">
    <p class='ocr_par' dir='ltr' id='par_1_94' title="bbox 1967 4014 3572 4102">
     <span class='ocr_line' id='line_1_95' title="bbox 1967 4014 3572 4102; baseline 0.021 -34"><span class='ocrx_word' id='word_1_720' title='bbox 1967 4014 2208 4086; x_wconf 87' lang='lat' dir='ltr'><strong>deipsos</strong></span> <span class='ocrx_word' id='word_1_721' title='bbox 2236 4020 2407 4091; x_wconf 87' lang='lat' dir='ltr'><strong>magis</strong></span> <span class='ocrx_word' id='word_1_722' title='bbox 2431 4022 2498 4078; x_wconf 92' lang='lat' dir='ltr'><strong>ad</strong></span> <span class='ocrx_word' id='word_1_723' title='bbox 2530 4024 2688 4082; x_wconf 88' lang='lat' dir='ltr'><strong>ﬁdem</strong></span> <span class='ocrx_word' id='word_1_724' title='bbox 2717 4029 2992 4089; x_wconf 86' lang='lat' dir='ltr'><strong>adducens</strong></span> <span class='ocrx_word' id='word_1_725' title='bbox 3020 4037 3094 4092; x_wconf 91' lang='lat' dir='ltr'><strong>ait</strong></span> <span class='ocrx_word' id='word_1_726' title='bbox 3127 4057 3140 4092; x_wconf 89' lang='lat'><strong>:</strong></span> <span class='ocrx_word' id='word_1_727' title='bbox 3172 4040 3265 4096; x_wconf 78' lang='lat'><strong>35.</strong></span> <span class='ocrx_word' id='word_1_728' title='bbox 3297 4042 3491 4100; x_wconf 70' lang='lat' dir='ltr'><strong>Catum</strong></span> <span class='ocrx_word' id='word_1_729' title='bbox 3523 4058 3572 4102; x_wconf 86' lang='lat' dir='ltr'><strong>et</strong></span> 
     </span>
    </p>
   </div>
   <div class='ocr_carea' id='block_1_95' title="bbox 1968 4112 3566 4206">
    <p class='ocr_par' dir='ltr' id='par_1_95' title="bbox 1968 4112 3566 4206">
     <span class='ocr_line' id='line_1_96' title="bbox 1968 4112 3566 4206; baseline 0.021 -47"><span class='ocrx_word' id='word_1_730' title='bbox 1968 4116 2103 4161; x_wconf 82' lang='lat' dir='ltr'><strong>terra</strong></span> <span class='ocrx_word' id='word_1_731' title='bbox 2147 4112 2469 4182; x_wconf 80' lang='lat' dir='ltr'><strong>transibunt,</strong></span> <span class='ocrx_word' id='word_1_732' title='bbox 2519 4117 2670 4174; x_wconf 74' lang='lat' dir='ltr'><strong>verba</strong></span> <span class='ocrx_word' id='word_1_733' title='bbox 2717 4133 2887 4179; x_wconf 78' lang='lat' dir='ltr'><strong>autem</strong></span> <span class='ocrx_word' id='word_1_734' title='bbox 2936 4143 3050 4182; x_wconf 87' lang='lat' dir='ltr'><strong>mea</strong></span> <span class='ocrx_word' id='word_1_735' title='bbox 3100 4147 3201 4186; x_wconf 85' lang='lat' dir='ltr'><strong>non</strong></span> <span class='ocrx_word' id='word_1_736' title='bbox 3252 4135 3566 4206; x_wconf 77' lang='lat' dir='ltr'><strong>transibunt,</strong></span> 
     </span>
    </p>
   </div>
   <div class='ocr_carea' id='block_1_96' title="bbox 1969 4200 3571 4287">
    <p class='ocr_par' dir='ltr' id='par_1_96' title="bbox 1969 4200 3571 4287">
     <span class='ocr_line' id='line_1_97' title="bbox 1969 4200 3571 4287; baseline 0.021 -33"><span class='ocrx_word' id='word_1_737' title='bbox 1969 4200 2070 4256; x_wconf 90' lang='lat' dir='ltr'><strong>hoc</strong></span> <span class='ocrx_word' id='word_1_738' title='bbox 2096 4212 2198 4269; x_wconf 87' lang='lat' dir='ltr'><strong>est,</strong></span> <span class='ocrx_word' id='word_1_739' title='bbox 2238 4204 2470 4262; x_wconf 82' lang='lat' dir='ltr'><strong>Facilius</strong></span> <span class='ocrx_word' id='word_1_740' title='bbox 2496 4221 2660 4267; x_wconf 89' lang='lat' dir='ltr'><strong>estut</strong></span> <span class='ocrx_word' id='word_1_741' title='bbox 2691 4213 2807 4270; x_wconf 70' lang='lat' dir='ltr'><strong>hate</strong></span> <span class='ocrx_word' id='word_1_742' title='bbox 2833 4216 2903 4272; x_wconf 88' lang='lat' dir='ltr'><strong>ita</strong></span> <span class='ocrx_word' id='word_1_743' title='bbox 2935 4219 3084 4276; x_wconf 86' lang='lat' dir='ltr'><strong>ﬁrma</strong></span> <span class='ocrx_word' id='word_1_744' title='bbox 3129 4233 3185 4278; x_wconf 91' lang='lat' dir='ltr'><strong>et</strong></span> <span class='ocrx_word' id='word_1_745' title='bbox 3225 4225 3442 4283; x_wconf 90' lang='lat' dir='ltr'><strong>immota</strong></span> <span class='ocrx_word' id='word_1_746' title='bbox 3475 4200 3571 4287; x_wconf 54' lang='lat' dir='ltr'><strong>de;</strong></span> 
     </span>
    </p>
   </div>
   <div class='ocr_carea' id='block_1_97' title="bbox 1966 4293 3569 4386">
    <p class='ocr_par' dir='ltr' id='par_1_97' title="bbox 1966 4293 3569 4386">
     <span class='ocr_line' id='line_1_98' title="bbox 1966 4293 3569 4386; baseline 0.019 -39"><span class='ocrx_word' id='word_1_747' title='bbox 1966 4293 2178 4351; x_wconf 88' lang='lat' dir='ltr'><strong>leantur</strong></span> <span class='ocrx_word' id='word_1_748' title='bbox 2201 4337 2216 4362; x_wconf 91' lang='lat'><strong>,</strong></span> <span class='ocrx_word' id='word_1_749' title='bbox 2249 4314 2408 4368; x_wconf 90' lang='lat' dir='ltr'><strong>quam</strong></span> <span class='ocrx_word' id='word_1_750' title='bbox 2438 4310 2494 4356; x_wconf 91' lang='lat' dir='ltr'><strong>ut</strong></span> <span class='ocrx_word' id='word_1_751' title='bbox 2543 4318 2609 4358; x_wconf 91' lang='lat' dir='ltr'><strong>ex</strong></span> <span class='ocrx_word' id='word_1_752' title='bbox 2640 4307 2818 4365; x_wconf 88' lang='lat' dir='ltr'><strong>verbis</strong></span> <span class='ocrx_word' id='word_1_753' title='bbox 2861 4311 2999 4366; x_wconf 90' lang='lat' dir='ltr'><strong>meis</strong></span> <span class='ocrx_word' id='word_1_754' title='bbox 3029 4315 3305 4386; x_wconf 77' lang='lat' dir='ltr'><strong>quidpiam</strong></span> <span class='ocrx_word' id='word_1_755' title='bbox 3337 4321 3569 4378; x_wconf 80' lang='lat' dir='ltr'><strong>excidat.</strong></span> 
     </span>
    </p>
   </div>
   <div class='ocr_carea' id='block_1_98' title="bbox 1966 4386 3576 4478">
    <p class='ocr_par' dir='ltr' id='par_1_98' title="bbox 1966 4386 3576 4478">
     <span class='ocr_line' id='line_1_99' title="bbox 1966 4386 3576 4478; baseline 0.02 -40"><span class='ocrx_word' id='word_1_756' title='bbox 1966 4386 2064 4453; x_wconf 94' lang='lat' dir='ltr'><strong>Qui</strong></span> <span class='ocrx_word' id='word_1_757' title='bbox 2095 4403 2223 4443; x_wconf 89' lang='lat' dir='ltr'><strong>vero</strong></span> <span class='ocrx_word' id='word_1_758' title='bbox 2267 4392 2618 4458; x_wconf 91' lang='lat' dir='ltr'><strong>contradicit.</strong></span> <span class='ocrx_word' id='word_1_759' title='bbox 2650 4400 2828 4454; x_wconf 91' lang='lat' dir='ltr'><strong>omnia</strong></span> <span class='ocrx_word' id='word_1_760' title='bbox 2872 4416 3121 4461; x_wconf 85' lang='lat' dir='ltr'><strong>accurate</strong></span> <span class='ocrx_word' id='word_1_761' title='bbox 3166 4411 3470 4478; x_wconf 82' lang='lat' dir='ltr'><strong>examinet;</strong></span> <span class='ocrx_word' id='word_1_762' title='bbox 3518 4426 3576 4470; x_wconf 90' lang='lat' dir='ltr'><strong>et</strong></span> 
     </span>
    </p>
   </div>
   <div class='ocr_carea' id='block_1_99' title="bbox 1965 4487 3568 4582">
    <p class='ocr_par' dir='ltr' id='par_1_99' title="bbox 1965 4487 3568 4582">
     <span class='ocr_line' id='line_1_100' title="bbox 1965 4487 3568 4582; baseline 0.017 -45"><span class='ocrx_word' id='word_1_763' title='bbox 1965 4499 2087 4538; x_wconf 91' lang='lat' dir='ltr'><strong>cum</strong></span> <span class='ocrx_word' id='word_1_764' title='bbox 2115 4501 2236 4541; x_wconf 86' lang='lat' dir='ltr'><strong>vera</strong></span> <span class='ocrx_word' id='word_1_765' title='bbox 2263 4502 2385 4543; x_wconf 88' lang='lat' dir='ltr'><strong>esse</strong></span> <span class='ocrx_word' id='word_1_766' title='bbox 2416 4489 2678 4547; x_wconf 86' lang='lat' dir='ltr'><strong>invenerit</strong></span> <span class='ocrx_word' id='word_1_767' title='bbox 2710 4494 2729 4566; x_wconf 92' lang='lat'>(</span> <span class='ocrx_word' id='word_1_768' title='bbox 2752 4495 2986 4554; x_wconf 89' lang='lat' dir='ltr'><strong>inveniet</strong></span> <span class='ocrx_word' id='word_1_769' title='bbox 3016 4503 3162 4556; x_wconf 90' lang='lat' dir='ltr'><strong>enim</strong></span> <span class='ocrx_word' id='word_1_770' title='bbox 3191 4504 3330 4562; x_wconf 88' lang='lat' dir='ltr'><strong>haud</strong></span> <span class='ocrx_word' id='word_1_771' title='bbox 3349 4487 3568 4582; x_wconf 7' lang='lat' dir='ltr'><strong>(dubie),</strong></span> 
     </span>
    </p>
   </div>
   <div class='ocr_carea' id='block_1_100' title="bbox 1966 4581 3571 4672">
    <p class='ocr_par' dir='ltr' id='par_1_100' title="bbox 1966 4581 3571 4672">
     <span class='ocr_line' id='line_1_101' title="bbox 1966 4581 3571 4672; baseline 0.019 -41"><span class='ocrx_word' id='word_1_772' title='bbox 1966 4591 2032 4631; x_wconf 90' lang='lat' dir='ltr'><strong>ex</strong></span> <span class='ocrx_word' id='word_1_773' title='bbox 2079 4581 2476 4644; x_wconf 73' lang='lat' dir='ltr'><strong>prmteritorum</strong></span> <span class='ocrx_word' id='word_1_774' title='bbox 2522 4596 2718 4642; x_wconf 86' lang='lat' dir='ltr'><strong>eventu</strong></span> <span class='ocrx_word' id='word_1_775' title='bbox 2769 4589 2965 4647; x_wconf 88' lang='lat' dir='ltr'><strong>futuris</strong></span> <span class='ocrx_word' id='word_1_776' title='bbox 3009 4596 3196 4652; x_wconf 90' lang='lat' dir='ltr'><strong>credat</strong></span> <span class='ocrx_word' id='word_1_777' title='bbox 3238 4581 3571 4672; x_wconf 86' lang='lat' dir='ltr'><strong>:omniaque</strong></span> 
     </span>
    </p>
   </div>
   <div class='ocr_carea' id='block_1_101' title="bbox 1966 4677 3568 4756">
    <p class='ocr_par' dir='ltr' id='par_1_101' title="bbox 1966 4677 3568 4756">
     <span class='ocr_line' id='line_1_102' title="bbox 1966 4677 3568 4756; baseline 0.021 -33"><span class='ocrx_word' id='word_1_778' title='bbox 1966 4681 2217 4728; x_wconf 85' lang='lat' dir='ltr'><strong>accurate</strong></span> <span class='ocrx_word' id='word_1_779' title='bbox 2243 4677 2547 4742; x_wconf 85' lang='lat' dir='ltr'><strong>examinet,</strong></span> <span class='ocrx_word' id='word_1_780' title='bbox 2580 4679 2887 4754; x_wconf 88' lang='lat' dir='ltr'><strong>videbitque</strong></span> <span class='ocrx_word' id='word_1_781' title='bbox 2915 4702 3096 4744; x_wconf 90' lang='lat' dir='ltr'><strong>rerum</strong></span> <span class='ocrx_word' id='word_1_782' title='bbox 3125 4692 3328 4748; x_wconf 91' lang='lat' dir='ltr'><strong>exitum</strong></span> <span class='ocrx_word' id='word_1_783' title='bbox 3352 4699 3568 4756; x_wconf 90' lang='lat' dir='ltr'><strong>veritati</strong></span> 
     </span>
    </p>
   </div>
   <div class='ocr_carea' id='block_1_102' title="bbox 1967 4765 3575 4848">
    <p class='ocr_par' dir='ltr' id='par_1_102' title="bbox 1967 4765 3575 4848">
     <span class='ocr_line' id='line_1_103' title="bbox 1967 4765 3575 4848; baseline 0.019 -30"><span class='ocrx_word' id='word_1_784' title='bbox 1967 4765 2265 4836; x_wconf 82' lang='lat' dir='ltr'><strong>prophetiae</strong></span> <span class='ocrx_word' id='word_1_785' title='bbox 2307 4769 2466 4827; x_wconf 85' lang='lat' dir='ltr'><strong>ﬁdem</strong></span> <span class='ocrx_word' id='word_1_786' title='bbox 2508 4771 2814 4832; x_wconf 88' lang='lat' dir='ltr'><strong>facientem.</strong></span> <span class='ocrx_word' id='word_1_787' title='bbox 2846 4779 3123 4839; x_wconf 85' lang='lat' dir='ltr'><strong>Elemeuta</strong></span> <span class='ocrx_word' id='word_1_788' title='bbox 3164 4798 3343 4842; x_wconf 82' lang='lat' dir='ltr'><strong>autem</strong></span> <span class='ocrx_word' id='word_1_789' title='bbox 3376 4790 3431 4845; x_wconf 90' lang='lat' dir='ltr'><strong>in</strong></span> <span class='ocrx_word' id='word_1_790' title='bbox 3460 4808 3575 4848; x_wconf 89' lang='lat' dir='ltr'><strong>me-</strong></span> 
     </span>
    </p>
   </div>
   <div class='ocr_carea' id='block_1_103' title="bbox 1966 4858 3569 4955">
    <p class='ocr_par' dir='ltr' id='par_1_103' title="bbox 1966 4858 3569 4955">
     <span class='ocr_line' id='line_1_104' title="bbox 1966 4858 3569 4955; baseline 0.019 -43"><span class='ocrx_word' id='word_1_791' title='bbox 1966 4858 2057 4914; x_wconf 92' lang='lat' dir='ltr'><strong>dio</strong></span> <span class='ocrx_word' id='word_1_792' title='bbox 2087 4861 2301 4930; x_wconf 79' lang='lat' dir='ltr'><strong>posuit,</strong></span> <span class='ocrx_word' id='word_1_793' title='bbox 2355 4873 2466 4919; x_wconf 92' lang='lat' dir='ltr'><strong>tum</strong></span> <span class='ocrx_word' id='word_1_794' title='bbox 2496 4875 2556 4922; x_wconf 91' lang='lat' dir='ltr'><strong>ut</strong></span> <span class='ocrx_word' id='word_1_795' title='bbox 2601 4869 2937 4940; x_wconf 88' lang='lat' dir='ltr'><strong>signiﬁcaret</strong></span> <span class='ocrx_word' id='word_1_796' title='bbox 2987 4877 3122 4933; x_wconf 69' lang='lat' dir='ltr'><strong>caelo</strong></span> <span class='ocrx_word' id='word_1_797' title='bbox 3166 4889 3218 4935; x_wconf 90' lang='lat' dir='ltr'><strong>et</strong></span> <span class='ocrx_word' id='word_1_798' title='bbox 3252 4891 3392 4938; x_wconf 90' lang='lat' dir='ltr'><strong>terra</strong></span> <span class='ocrx_word' id='word_1_799' title='bbox 3428 4898 3569 4955; x_wconf 71' lang='lat' dir='ltr'><strong>pra:—</strong></span> 
     </span>
    </p>
   </div>
   <div class='ocr_carea' id='block_1_104' title="bbox 1965 4953 3574 5034">
    <p class='ocr_par' dir='ltr' id='par_1_104' title="bbox 1965 4953 3574 5034">
     <span class='ocr_line' id='line_1_105' title="bbox 1965 4953 3574 5034; baseline 0.019 -30"><span class='ocrx_word' id='word_1_800' title='bbox 1965 4953 2283 5009; x_wconf 89' lang='lat' dir='ltr'><strong>stantiorem</strong></span> <span class='ocrx_word' id='word_1_801' title='bbox 2317 4955 2614 5014; x_wconf 81' lang='lat' dir='ltr'><strong>Eeelesiam</strong></span> <span class='ocrx_word' id='word_1_802' title='bbox 2645 4975 2800 5029; x_wconf 88' lang='lat' dir='ltr'><strong>esse;</strong></span> <span class='ocrx_word' id='word_1_803' title='bbox 2827 4975 2936 5020; x_wconf 88' lang='lat' dir='ltr'><strong>tum</strong></span> <span class='ocrx_word' id='word_1_804' title='bbox 2971 4976 3028 5023; x_wconf 88' lang='lat' dir='ltr'><strong>ttt</strong></span> <span class='ocrx_word' id='word_1_805' title='bbox 3051 4985 3110 5026; x_wconf 89' lang='lat' dir='ltr'><strong>se</strong></span> <span class='ocrx_word' id='word_1_806' title='bbox 3141 4974 3377 5030; x_wconf 87' lang='lat' dir='ltr'><strong>universi</strong></span> <span class='ocrx_word' id='word_1_807' title='bbox 3405 4953 3574 5034; x_wconf 86' lang='lat' dir='ltr'><strong>Crea-</strong></span> 
     </span>
    </p>
   </div>
   <div class='ocr_carea' id='block_1_105' title="bbox 1967 5049 3572 5129">
    <p class='ocr_par' dir='ltr' id='par_1_105' title="bbox 1967 5049 3572 5129">
     <span class='ocr_line' id='line_1_106' title="bbox 1967 5049 3572 5129; baseline 0.019 -30"><span class='ocrx_word' id='word_1_808' title='bbox 1967 5056 2135 5101; x_wconf 89' lang='lat' dir='ltr'><strong>torem</strong></span> <span class='ocrx_word' id='word_1_809' title='bbox 2189 5049 2520 5106; x_wconf 85' lang='lat' dir='ltr'><strong>ostenderet.</strong></span> <span class='ocrx_word' id='word_1_810' title='bbox 2580 5053 2714 5122; x_wconf 89' lang='lat' dir='ltr'><strong>Quia</strong></span> <span class='ocrx_word' id='word_1_811' title='bbox 2780 5058 2924 5114; x_wconf 89' lang='lat' dir='ltr'><strong>enim</strong></span> <span class='ocrx_word' id='word_1_812' title='bbox 2980 5060 3048 5118; x_wconf 90' lang='lat' dir='ltr'><strong>de</strong></span> <span class='ocrx_word' id='word_1_813' title='bbox 3102 5070 3572 5129; x_wconf 86' lang='lat' dir='ltr'><strong>consummatione</strong></span> 
     </span>
    </p>
   </div>
   <div class='ocr_carea' id='block_1_106' title="bbox 1964 5137 3568 5221">
    <p class='ocr_par' dir='ltr' id='par_1_106' title="bbox 1964 5137 3568 5221">
     <span class='ocr_line' id='line_1_107' title="bbox 1964 5137 3568 5221; baseline 0.018 -30"><span class='ocrx_word' id='word_1_814' title='bbox 1964 5137 2256 5208; x_wconf 88' lang='lat' dir='ltr'><strong>disseruit,</strong></span> <span class='ocrx_word' id='word_1_815' title='bbox 2281 5156 2401 5213; x_wconf 81' lang='lat' dir='ltr'><strong>qua:</strong></span> <span class='ocrx_word' id='word_1_816' title='bbox 2424 5158 2510 5200; x_wconf 90' lang='lat' dir='ltr'><strong>res</strong></span> <span class='ocrx_word' id='word_1_817' title='bbox 2541 5159 2570 5199; x_wconf 90' lang='lat' dir='ltr'><strong>a</strong></span> <span class='ocrx_word' id='word_1_818' title='bbox 2595 5148 2778 5204; x_wconf 90' lang='lat' dir='ltr'><strong>multis</strong></span> <span class='ocrx_word' id='word_1_819' title='bbox 2806 5165 2911 5206; x_wconf 91' lang='lat' dir='ltr'><strong>non</strong></span> <span class='ocrx_word' id='word_1_820' title='bbox 2939 5153 3196 5221; x_wconf 87' lang='lat' dir='ltr'><strong>creditur,</strong></span> <span class='ocrx_word' id='word_1_821' title='bbox 3225 5157 3345 5214; x_wconf 90' lang='lat' dir='ltr'><strong>ideo</strong></span> <span class='ocrx_word' id='word_1_822' title='bbox 3373 5163 3568 5219; x_wconf 63' lang='lat' dir='ltr'><strong>ctclum</strong></span> 
     </span>
    </p>
   </div>
   <div class='ocr_carea' id='block_1_107' title="bbox 1963 5235 3542 5312">
    <p class='ocr_par' dir='ltr' id='par_1_107' title="bbox 1963 5235 3542 5312">
     <span class='ocr_line' id='line_1_108' title="bbox 1963 5235 3542 5312; baseline 0.016 -26"><span class='ocrx_word' id='word_1_823' title='bbox 1963 5239 2018 5287; x_wconf 90' lang='lat' dir='ltr'><strong>et</strong></span> <span class='ocrx_word' id='word_1_824' title='bbox 2042 5240 2240 5289; x_wconf 89' lang='lat' dir='ltr'><strong>terram</strong></span> <span class='ocrx_word' id='word_1_825' title='bbox 2264 5235 2315 5289; x_wconf 91' lang='lat' dir='ltr'><strong>in</strong></span> <span class='ocrx_word' id='word_1_826' title='bbox 2339 5236 2573 5293; x_wconf 89' lang='lat' dir='ltr'><strong>medium</strong></span> <span class='ocrx_word' id='word_1_827' title='bbox 2600 5239 2844 5310; x_wconf 89' lang='lat' dir='ltr'><strong>adduxit,</strong></span> <span class='ocrx_word' id='word_1_828' title='bbox 2870 5244 3193 5306; x_wconf 82' lang='lat' dir='ltr'><strong>ineffabilem</strong></span> <span class='ocrx_word' id='word_1_829' title='bbox 3217 5267 3368 5309; x_wconf 90' lang='lat' dir='ltr'><strong>suam</strong></span> <span class='ocrx_word' id='word_1_830' title='bbox 3387 5265 3542 5312; x_wconf 86' lang='lat' dir='ltr'><strong>osten</strong></span> 
     </span>
    </p>
   </div>
   <div class='ocr_carea' id='block_1_108' title="bbox 1963 5325 3568 5410">
    <p class='ocr_par' dir='ltr' id='par_1_108' title="bbox 1963 5325 3568 5410">
     <span class='ocr_line' id='line_1_109' title="bbox 1963 5325 3568 5410; baseline 0.017 -31"><span class='ocrx_word' id='word_1_831' title='bbox 1963 5325 2098 5381; x_wconf 91' lang='lat' dir='ltr'><strong>dens</strong></span> <span class='ocrx_word' id='word_1_832' title='bbox 2119 5329 2438 5398; x_wconf 86' lang='lat' dir='ltr'><strong>potentiam,</strong></span> <span class='ocrx_word' id='word_1_833' title='bbox 2470 5341 2526 5387; x_wconf 92' lang='lat' dir='ltr'><strong>et</strong></span> <span class='ocrx_word' id='word_1_834' title='bbox 2549 5349 2738 5405; x_wconf 89' lang='lat' dir='ltr'><strong>magna</strong></span> <span class='ocrx_word' id='word_1_835' title='bbox 2760 5351 2882 5392; x_wconf 89' lang='lat' dir='ltr'><strong>cum</strong></span> <span class='ocrx_word' id='word_1_836' title='bbox 2911 5351 3177 5410; x_wconf 86' lang='lat' dir='ltr'><strong>potestate</strong></span> <span class='ocrx_word' id='word_1_837' title='bbox 3197 5360 3257 5402; x_wconf 88' lang='lat' dir='ltr'><strong>se</strong></span> <span class='ocrx_word' id='word_1_838' title='bbox 3280 5345 3568 5406; x_wconf 89' lang='lat' dir='ltr'><strong>Dominum</strong></span> 
     </span>
    </p>
   </div>
   <div class='ocr_carea' id='block_1_109' title="bbox 1964 5417 3568 5498">
    <p class='ocr_par' dir='ltr' id='par_1_109' title="bbox 1964 5417 3568 5498">
     <span class='ocr_line' id='line_1_110' title="bbox 1964 5417 3568 5498; baseline 0.014 -25"><span class='ocrx_word' id='word_1_839' title='bbox 1964 5417 2199 5475; x_wconf 88' lang='lat' dir='ltr'><strong>universi</strong></span> <span class='ocrx_word' id='word_1_840' title='bbox 2228 5420 2509 5478; x_wconf 89' lang='lat' dir='ltr'><strong>declarans</strong></span> <span class='ocrx_word' id='word_1_841' title='bbox 2535 5442 2549 5478; x_wconf 93' lang='lat'><strong>:</strong></span> <span class='ocrx_word' id='word_1_842' title='bbox 2581 5423 2815 5498; x_wconf 88' lang='lat' dir='ltr'><strong>hincque</strong></span> <span class='ocrx_word' id='word_1_843' title='bbox 2841 5431 2924 5485; x_wconf 88' lang='lat' dir='ltr'><strong>vel</strong></span> <span class='ocrx_word' id='word_1_844' title='bbox 2950 5431 3242 5492; x_wconf 87' lang='lat' dir='ltr'><strong>admodum</strong></span> <span class='ocrx_word' id='word_1_845' title='bbox 3271 5437 3568 5496; x_wconf 86' lang='lat' dir='ltr'><strong>dubitanti-</strong></span> 
     </span>
    </p>
   </div>
   <div class='ocr_carea' id='block_1_110' title="bbox 1963 5511 3569 5589">
    <p class='ocr_par' dir='ltr' id='par_1_110' title="bbox 1963 5511 3569 5589">
     <span class='ocr_line' id='line_1_111' title="bbox 1963 5511 3569 5589; baseline 0.014 -22"><span class='ocrx_word' id='word_1_846' title='bbox 1963 5511 2064 5567; x_wconf 85' lang='lat' dir='ltr'><strong>bus</strong></span> <span class='ocrx_word' id='word_1_847' title='bbox 2091 5511 2234 5568; x_wconf 90' lang='lat' dir='ltr'><strong>dicta</strong></span> <span class='ocrx_word' id='word_1_848' title='bbox 2271 5529 2366 5570; x_wconf 88' lang='lat' dir='ltr'><strong>sua</strong></span> <span class='ocrx_word' id='word_1_849' title='bbox 2397 5513 2502 5573; x_wconf 89' lang='lat' dir='ltr'><strong>ﬁde</strong></span> <span class='ocrx_word' id='word_1_850' title='bbox 2522 5515 2680 5589; x_wconf 87' lang='lat' dir='ltr'><strong>digna</strong></span> <span class='ocrx_word' id='word_1_851' title='bbox 2734 5520 2989 5578; x_wconf 89' lang='lat' dir='ltr'><strong>reddens.</strong></span> <span class='ocrx_word' id='word_1_852' title='bbox 3029 5524 3118 5582; x_wconf 75' lang='lat'><strong>36.</strong></span> <span class='ocrx_word' id='word_1_853' title='bbox 3166 5525 3248 5583; x_wconf 88' lang='lat' dir='ltr'><strong>De</strong></span> <span class='ocrx_word' id='word_1_854' title='bbox 3291 5531 3374 5585; x_wconf 81' lang='lat' dir='ltr'><strong>die</strong></span> <span class='ocrx_word' id='word_1_855' title='bbox 3400 5541 3569 5589; x_wconf 79' lang='lat' dir='ltr'><strong>autent</strong></span> 
     </span>
    </p>
   </div>
   <div class='ocr_carea' id='block_1_111' title="bbox 1963 5603 3567 5696">
    <p class='ocr_par' dir='ltr' id='par_1_111' title="bbox 1963 5603 3567 5696">
     <span class='ocr_line' id='line_1_112' title="bbox 1963 5603 3567 5696; baseline 0.016 -39"><span class='ocrx_word' id='word_1_856' title='bbox 1963 5603 2056 5696; x_wconf 58' lang='lat' dir='ltr'><strong>illa</strong></span> <span class='ocrx_word' id='word_1_857' title='bbox 2079 5613 2126 5659; x_wconf 89' lang='lat' dir='ltr'><strong>et</strong></span> <span class='ocrx_word' id='word_1_858' title='bbox 2153 5604 2280 5659; x_wconf 75' lang='lat' dir='ltr'><strong>hora</strong></span> <span class='ocrx_word' id='word_1_859' title='bbox 2305 5606 2477 5664; x_wconf 75' lang='lat' dir='ltr'><strong>nullus</strong></span> <span class='ocrx_word' id='word_1_860' title='bbox 2499 5610 2640 5665; x_wconf 69' lang='lat' dir='ltr'><strong>norit</strong></span> <span class='ocrx_word' id='word_1_861' title='bbox 2659 5651 2674 5677; x_wconf 96' lang='lat'><strong>,</strong></span> <span class='ocrx_word' id='word_1_862' title='bbox 2719 5629 2881 5686; x_wconf 74' lang='lat' dir='ltr'><strong>neque</strong></span> <span class='ocrx_word' id='word_1_863' title='bbox 2903 5618 3078 5689; x_wconf 78' lang='lat' dir='ltr'><strong>angeli</strong></span> <span class='ocrx_word' id='word_1_864' title='bbox 3109 5621 3372 5691; x_wconf 68' lang='lat' dir='ltr'><strong>caelorum,</strong></span> <span class='ocrx_word' id='word_1_865' title='bbox 3405 5641 3567 5696; x_wconf 79' lang='lat' dir='ltr'><strong>neque</strong></span> 
     </span>
    </p>
   </div>
   <div class='ocr_carea' id='block_1_112' title="bbox 1965 5693 3558 5788">
    <p class='ocr_par' dir='ltr' id='par_1_112' title="bbox 1965 5693 3558 5788">
     <span class='ocr_line' id='line_1_113' title="bbox 1965 5693 3558 5788; baseline 0.016 -38"><span class='ocrx_word' id='word_1_866' title='bbox 1965 5693 2180 5751; x_wconf 56' lang='lat' dir='ltr'><strong>Filius)</strong></span> <span class='ocrx_word' id='word_1_867' title='bbox 2197 5739 2214 5766; x_wconf 95' lang='lat'><strong>,</strong></span> <span class='ocrx_word' id='word_1_868' title='bbox 2246 5698 2344 5754; x_wconf 84' lang='lat' dir='ltr'><strong>nisi</strong></span> <span class='ocrx_word' id='word_1_869' title='bbox 2367 5698 2512 5756; x_wconf 74' lang='lat' dir='ltr'><strong>solus</strong></span> <span class='ocrx_word' id='word_1_870' title='bbox 2535 5699 2710 5759; x_wconf 79' lang='lat' dir='ltr'><strong>Pater.</strong></span> <span class='ocrx_word' id='word_1_871' title='bbox 2739 5705 2893 5775; x_wconf 90' lang='lat' dir='ltr'><strong>Quod</strong></span> <span class='ocrx_word' id='word_1_872' title='bbox 2922 5723 3054 5781; x_wconf 89' lang='lat' dir='ltr'><strong>ergo</strong></span> <span class='ocrx_word' id='word_1_873' title='bbox 3072 5710 3244 5782; x_wconf 89' lang='lat' dir='ltr'><strong>dixit,</strong></span> <span class='ocrx_word' id='word_1_874' title='bbox 3279 5713 3452 5788; x_wconf 77' lang='lat' dir='ltr'><strong>Neque</strong></span> 
     </span>
    </p>
   </div>
   <div class='ocr_carea' id='block_1_113' title="bbox 2030 5846 3103 5923">
    <p class='ocr_par' dir='ltr' id='par_1_113' title="bbox 2030 5846 3103 5923">
     <span class='ocr_line' id='line_1_114' title="bbox 2030 5846 3103 5923; baseline 0.01 -25"><span class='ocrx_word' id='word_1_875' title='bbox 2030 5847 2046 5882; x_wconf 64' lang='grc' dir='ltr'><strong>ε</strong></span> <span class='ocrx_word' id='word_1_876' title='bbox 2072 5846 2272 5909; x_wconf 76' lang='lat' dir='ltr'><strong>quidam</strong></span> <span class='ocrx_word' id='word_1_877' title='bbox 2293 5848 2502 5914; x_wconf 81' lang='lat' dir='ltr'><strong>habent,</strong></span> <span class='ocrx_word' id='word_1_878' title='bbox 2523 5865 2675 5923; x_wconf 75' lang='lat' dir='ltr'><strong>neque</strong></span> <span class='ocrx_word' id='word_1_879' title='bbox 2700 5853 2854 5908; x_wconf 67' lang='lat' dir='ltr'><strong>Pilius</strong></span> <span class='ocrx_word' id='word_1_880' title='bbox 2877 5854 3103 5911; x_wconf 77' lang='lat' dir='ltr'><strong>hominis.</strong></span> 
     </span>
    </p>
   </div>
  </div>
