4172 6476
659 352 764 407 703

661 469 788 538 geli,
819 468 1056 538 reprimit
1081 481 1204 529 eos,
1250 479 1316 519 ne
1355 463 1562 517 discere
1604 466 1844 530 quierant
1869 452 1919 510 id
1949 458 2090 525 quod
2130 467 2226 506 an-

663 562 758 626 geli
793 561 1063 617 nesciunt:
1097 572 1214 610 cum
1247 564 1422 608 autem
1453 553 1586 606 dicit
1607 593 1623 617 ,
1665 548 1841 618 Neque
1871 546 2067 611 Filius,
2101 558 2225 613 pro-

667 647 811 702 hibet
844 661 947 701 non
977 645 1136 700 modo
1185 662 1249 698 ne
1275 645 1480 697 discant
1506 684 1520 709 ,
1571 641 1661 695 sed
1686 641 1842 693 etiam
1873 654 1939 692 ne
1966 642 2224 706 quaerant.

665 736 813 802 Quod
841 738 978 790 enim
1010 737 1100 790 illo
1139 737 1316 789 animo
1341 735 1390 789 id
1422 735 1650 798 dixerit,
1680 732 1818 791 vide,
1847 729 1967 799 quia
2001 736 2116 797 post
2146 742 2232 782 re-

666 827 1047 881 surrectionem
1099 827 1217 879 illos
1263 827 1580 879 curiosiores
1621 837 1739 877 esse
1769 821 1937 885 vidit,
1965 818 2231 889 quomodo

663 918 989 985 represserit.
1044 917 1193 972 Nunc
1234 918 1373 971 enim
1421 916 1580 969 multa
1637 915 2020 981 iunumeraque
2078 911 2229 980 signa

663 1007 827 1071 dixit;
863 1019 986 1063 tunc
1030 1024 1154 1062 vero
1194 1007 1501 1075 simpliciter
1524 1049 1536 1067 ,
1571 1004 1686 1058 Non
1718 1013 1787 1056 est
1829 1011 2042 1056 vestrum
2090 1015 2233 1054 nosse

665 1108 889 1168 tempora
917 1100 990 1152 vel
1016 1109 1260 1152 momenta
1284 1100 1302 1167 (
1325 1100 1430 1150 Act.
1465 1099 1514 1150 1.
1545 1095 1620 1168 7).
1654 1094 1848 1149 Deinde
1876 1110 1940 1147 ne
1971 1093 2227 1156 dicereut,

663 1189 796 1256 Quia
827 1191 1143 1251 dubitamus,
1178 1190 1490 1259 negligimur
1515 1230 1528 1250 ,
1559 1203 1727 1255 neque
1758 1185 1856 1239 hac
1882 1200 1939 1239 re
1968 1183 2111 1250 digni
2143 1197 2231 1236 su-

664 1294 780 1332 mus
801 1278 824 1330 i
846 1281 952 1342 ait,
988 1279 1112 1345 Qua:
1140 1279 1292 1332 Pater
1316 1279 1479 1349 posuit
1523 1278 1575 1330 in
1613 1294 1704 1331 sna
1733 1284 1993 1345 potestate.
2029 1273 2229 1341 Magum

664 1369 856 1436 quippe
879 1368 975 1436 ipsi
1002 1383 1143 1420 cura:
1186 1370 1278 1420 fuit
1305 1369 1421 1420 illos
1449 1366 1738 1428 honorare,
1783 1363 2018 1432 nihilque
2046 1363 2229 1415 occul-

666 1466 780 1510 tare
809 1458 954 1526 ipsis.
983 1457 1210 1528 Ideoque
1257 1457 1397 1510 Patri
1441 1455 1565 1509 illud
1595 1454 1794 1517 tribuit,
1829 1453 1950 1507 hinc
1979 1469 2087 1506 rem
2115 1462 2226 1507 tre-

663 1548 903 1600 mendam
928 1547 1229 1610 osteudens,
1257 1546 1644 1615 prohibensque
1673 1562 1738 1600 ne
1770 1545 1854 1598 illa
1882 1544 1947 1598 de
1977 1560 2033 1598 re
2061 1545 2229 1598 inter-

663 1647 930 1708 rogarent.
963 1638 1070 1692 Nisi
1097 1642 1238 1692 enim
1269 1638 1394 1691 illud
1425 1638 1490 1690 ita
1519 1641 1586 1690 sit
1606 1678 1618 1700 ,
1668 1647 1719 1690 el
1749 1637 1791 1690 si
1825 1651 1948 1690 vere
1975 1635 2139 1690 Filius
2175 1635 2228 1689 id

664 1729 906 1796 ignorat,
937 1730 1268 1798 quandonam
1303 1729 1350 1781 id
1385 1728 1552 1782 sciet?
1581 1744 1646 1780 an
1692 1728 2009 1780 uobiscum?
2041 1727 2230 1795 Ecquis

667 1817 765 1870 hoc
794 1817 1027 1871 dixerit?
1059 1819 1263 1873 Patrem
1292 1819 1433 1873 clare
1460 1821 1634 1882 novit,
1657 1827 1707 1872 et
1735 1829 1839 1870 tam
1871 1818 2042 1881 clare,
2073 1832 2227 1884 quam

667 1907 823 1962 Pater
852 1911 995 1962 novit
1022 1909 1233 1972 Filium,
1255 1922 1306 1962 et
1334 1909 1472 1963 diem
1501 1911 1640 1962 illam
1678 1909 1974 1977 ignorabit?
2001 1908 2226 1962 Praeter-

662 2014 722 2052 ea
754 1997 972 2066 Spiritus
1017 1999 1274 2068 investigat
1302 2001 1449 2051 etiam
1480 1999 1733 2069 profunda
1762 1998 1857 2051 Dei
1886 1999 1904 2066 (
1931 1998 1979 2050 1.
2010 1995 2126 2050 Cor.
2172 1996 2226 2049 ‘2.

669 2088 807 2159 10);
843 2089 932 2144 ille
976 2105 1101 2144 vero
1144 2105 1209 2144 ne
1242 2100 1448 2157 tempus
1493 2089 1703 2156 quidem
1753 2088 1936 2157 judicii
1988 2087 2228 2142 noverit?

662 2178 768 2233 Sed
817 2180 916 2233 scit
957 2187 1010 2234 et
1044 2179 1309 2249 quomodo
1348 2179 1586 2247 judicare
1632 2187 1877 2246 Oporteat
1916 2178 1930 2209 ¹
1963 2187 2014 2232 et
2036 2191 2225 2231 arcana

665 2268 1022 2338 singulorum;
1053 2269 1191 2338 quod
1219 2279 1392 2322 autem
1437 2269 1590 2338 longe
1623 2267 1842 2322 inferius
1869 2278 1979 2332 est,
2011 2267 2061 2322 id
2088 2268 2228 2338 igno-

662 2370 872 2436 raturas
915 2360 1065 2414 erat?
1111 2359 1420 2427 Quomodo,
1455 2360 1496 2414 si
1546 2359 1728 2413 Omnia
1759 2376 1846 2429 per
1896 2361 2057 2429 ipsum
2094 2361 2228 2427 facta

661 2460 776 2504 sunt
797 2492 811 2516 ,
841 2461 888 2504 et
917 2452 1024 2505 sine
1050 2451 1159 2518 ipso
1185 2453 1374 2520 factum
1399 2461 1472 2504 est
1516 2452 1646 2503 nihil
1676 2450 1853 2521 (Joan.
1899 2451 1948 2505 1.
1979 2452 2055 2520 5),
2086 2451 2226 2505 diem

662 2541 805 2594 illam
840 2542 1142 2611 ignoravit?
1171 2540 1297 2594 Nam
1322 2541 1410 2610 qui
1442 2541 1632 2595 sarcula
1677 2541 1801 2596 fecit
1822 2582 1837 2606 ,
1866 2557 1993 2596 sane
2019 2541 2144 2596 fecit
2175 2550 2229 2597 et

661 2641 930 2701 tempora;
982 2632 1026 2686 si
1075 2641 1308 2701 tempora
1335 2673 1349 2698 ,
1383 2634 1547 2687 etiam
1596 2631 1736 2686 diem
1767 2650 1780 2686 :
1811 2632 2075 2703 quomodo
2101 2647 2226 2702 ergo

658 2738 818 2792 quam
868 2723 989 2776 fecit
1019 2723 1261 2792 ignorat?

727 2811 779 2866 2.
813 2812 877 2866 Et
900 2827 994 2866 vos
1037 2813 1247 2881 quidem
1284 2812 1397 2881 ejus
1433 2828 1639 2883 quoque
1684 2813 2027 2868 substantiam
2059 2829 2218 2869 nosse

661 2902 833 2956 dicitis
855 2899 950 2972 (α),
981 2911 1033 2956 et
1060 2901 1244 2955 Filium
1272 2917 1440 2970 neque
1464 2901 1604 2956 diem
1637 2903 1772 2957 scire
1800 2904 1974 2966 vultis,
2008 2902 2218 2970 Filium,

657 2993 746 3062 qui
791 3007 999 3062 semper
1022 3002 1103 3047 est
1147 2992 1197 3046 in
1228 2992 1342 3046 sinu
1376 2992 1577 3055 Patris,
1610 3009 1924 3063 quamquam
1953 2995 2120 3062 major
2144 3005 2224 3050 est

658 3082 751 3135 illa
774 3083 1062 3136 substantia
1089 3098 1244 3151 quam
1275 3082 1388 3136 dies
1409 3123 1422 3144 ,
1453 3083 1559 3136 imo
1587 3081 1835 3138 intinities
1865 3085 2049 3153 major.
2078 3083 2220 3151 Quo-

660 3174 816 3227 modo
843 3174 998 3242 igitur
1019 3173 1141 3226 dum
1171 3173 1220 3228 id
1249 3173 1387 3243 quod
1414 3174 1582 3240 majus
1603 3183 1683 3228 est
1715 3175 1860 3229 vobis
1889 3176 2131 3240 tribuitis,
2157 3193 2223 3232 ne

657 3263 708 3317 id
747 3262 959 3332 quidem
996 3262 1135 3332 quod
1180 3265 1351 3317 minus
1393 3273 1475 3319 est
1520 3263 1652 3318 Filio
1679 3265 1968 3321 conceditis
1992 3308 2005 3328 ,
2034 3266 2099 3320 In
2128 3284 2224 3336 quo

654 3365 769 3409 sunt
793 3354 1068 3409 absconditi
1108 3372 1274 3410 omnes
1307 3357 1525 3409 thesauri
1561 3358 1820 3426 sapientiw
1845 3368 1891 3412 et
1930 3361 2224 3430 cognitionis

656 3447 792 3517 (Col.
819 3447 871 3500 3.
906 3450 957 3514 ὅ)
975 3448 998 3499 t
1019 3447 1120 3502 Sed
1150 3463 1320 3517 neque
1348 3462 1442 3502 vos
1469 3449 1615 3503 scitis
1636 3465 1750 3520 quae
1776 3451 1844 3506 sit
1872 3451 1960 3506 Dei
1982 3453 2227 3507 subsunt-

657 3540 724 3592 tia
744 3581 758 3601 ,
789 3540 992 3594 etiamsi
1022 3540 1212 3594 millies
1248 3539 1298 3593 id
1339 3540 1519 3594 insane
1541 3539 1834 3607 afﬁrmetis,
1869 3559 2036 3615 neque
2063 3545 2224 3601 Filius

656 3631 796 3685 diem
825 3632 1049 3702 ignorat,
1077 3631 1169 3685 sed
1199 3632 1362 3701 probe
1392 3631 1537 3686 novit
1564 3632 1725 3687 illam.
1752 3633 1875 3689 ldeo
1900 3650 2018 3690 cum
2047 3639 2221 3691 omnia

654 3723 891 3788 dixisset,
923 3732 978 3780 ct
1000 3731 1270 3790 tempora,
1299 3733 1351 3778 et
1376 3733 1662 3789 momenta,
1696 3735 1749 3780 et
1776 3727 1838 3781 ad
1873 3728 2011 3796 ipsas
2034 3729 2223 3797 januas

654 3815 890 3869 duxisset
923 3813 1078 3884 (nam
1107 3814 1179 3868 ait
1205 3852 1221 3880 ,
1252 3812 1419 3883 Prope
1439 3824 1511 3867 est
1534 3815 1585 3868 in
1599 3814 1807 3888 januis)
1828 3859 1842 3883 ,
1872 3817 2010 3872 diem
2038 3820 2216 3874 tacuit.

654 3903 782 3958 Nam
811 3905 851 3958 si
877 3905 1016 3958 diem
1047 3914 1098 3958 et
1125 3902 1308 3957 horam
1337 3919 1566 3971 qumras,
1601 3920 1704 3958 non
1739 3905 1922 3962 audies
1945 3923 1974 3962 a
2006 3925 2111 3970 me,
2144 3910 2223 3964 in-

653 3997 804 4065 quit;
837 3995 914 4048 sin
949 4003 1181 4062 tempora
1209 4003 1262 4048 et
1300 3994 1441 4047 initia
1467 4035 1482 4060 ,
1517 3995 1645 4049 nihil
1669 3997 1856 4052 celabo
1879 4040 1893 4060 .
1927 4000 2017 4054 sed
2045 4002 2221 4055 omnia

656 4089 746 4141 tibi
792 4094 1034 4141 accurate
1071 4086 1264 4140 dicam.
1302 4087 1451 4151 Quod
1504 4089 1644 4143 enim
1686 4106 1790 4145 non
1836 4093 2070 4162 ignorem
2111 4095 2220 4164 jam

655 4177 834 4232 multis
858 4177 1084 4243 ostendi,
1112 4178 1276 4243 spatia
1307 4186 1600 4245 temporum
1631 4188 1682 4233 ct
1702 4196 1820 4250 qua:
1849 4193 2071 4238 ventura
2099 4197 2221 4242 sunt

653 4266 827 4319 onmia
859 4267 964 4320 dixi
991 4307 1004 4329 ,
1029 4268 1292 4336 etiamque
1330 4278 1582 4335 quantum
1625 4270 1694 4324 sit
1733 4273 1995 4329 interstitii
2025 4277 2092 4329 ab
2122 4277 2223 4334 hoc

653 4369 890 4424 tempore
915 4371 1078 4426 usque
1097 4356 1161 4410 ad
1185 4357 1323 4411 diem
1349 4358 1512 4413 illam.
1535 4360 1644 4415 Hoc
1661 4363 1800 4416 enim
1825 4365 2067 4431 parabola
2093 4369 2220 4424 licus

651 4447 953 4510 declaravit,
983 4454 1036 4500 et
1067 4463 1230 4515 usque
1257 4448 1320 4501 ad
1354 4450 1463 4516 ipsa
1493 4449 1670 4505 limina
1695 4462 1746 4507 te
1773 4454 1986 4520 adduxi;
2016 4451 2152 4526 quod
2177 4460 2220 4514 si

646 4537 832 4605 januas
861 4552 962 4590 non
989 4535 1082 4591 tibi
1105 4540 1306 4605 aperui,
1327 4539 1426 4593 hoc
1446 4555 1653 4610 quoque
1679 4543 1746 4596 ad
1775 4545 2052 4600 utilitatem
2077 4558 2218 4603 tuam
2256 4593 2258 4595 μ

656 4627 809 4682 facio.
833 4627 902 4683 Ut
925 4644 1050 4682 vero
1072 4629 1283 4683 aliunde
1307 4629 1500 4692 discas.
1528 4646 1631 4685 non
1659 4648 1721 4687 ex
1757 4635 2046 4703 ignorantia
2079 4640 2218 4695 illius

645 4735 768 4774 esse
798 4719 936 4788 quod
964 4719 1135 4786 sileat,
1158 4720 1274 4775 vide
1299 4722 1566 4790 quomodo
1591 4737 1710 4777 cum
1737 4726 2050 4795 supradictis
2076 4730 2216 4786 aliud

647 4824 858 4877 quoque
886 4809 1088 4878 signum
1116 4809 1344 4876 adjiciat.
1369 4812 1456 4867 58.
1491 4813 1632 4867 Sicut
1659 4825 1826 4869 autem
1864 4829 2003 4872 eram
2032 4821 2083 4874 in
2112 4822 2218 4876 die-

647 4897 735 4951 bus
776 4896 888 4951 Noe
933 4899 1242 4953 comedentes
1296 4910 1344 4954 et
1395 4900 1609 4957 bibentes
1632 4946 1646 4967 ,
1683 4906 1919 4962 nubentes
1955 4919 2003 4962 et
2039 4915 2219 4982 ηυριηί

645 4988 896 5042 tradentes
913 5027 926 5050 ,
958 5005 1112 5058 usque
1138 4989 1206 5042 ad
1234 4989 1362 5043 diem
1386 5029 1404 5056 ,
1423 5007 1521 5061 qua
1548 4994 1796 5065 ingressus
1816 5008 1888 5053 est
1916 4998 2030 5054 Noe
2053 5002 2104 5056 in
2133 5021 2216 5056 ar-

644 5095 754 5132 cam
772 5117 792 5145 ,
813 5079 900 5133 59.
935 5088 977 5133 et
1003 5096 1103 5134 non
1131 5092 1465 5151 cognoverunt
1484 5124 1499 5147 ,
1526 5083 1682 5139 donec
1702 5089 1830 5141 venit
1861 5091 2100 5145 diluvium
2120 5135 2133 5156 ,
2165 5104 2214 5149 et

641 5169 844 5222 abstulit
871 5185 1038 5224 omnes
1060 5185 1078 5223 :
1099 5171 1170 5224 sic
1206 5172 1298 5225 erit
1339 5179 1384 5226 et
1419 5173 1656 5229 adventus
1685 5176 1812 5232 Filii
1848 5181 2083 5238 hominis.
2120 5185 2212 5242 His

640 5272 801 5326 porro
824 5261 1110 5317 declaravit
1132 5279 1190 5318 se
1211 5273 1428 5334 repente
1443 5274 1497 5320 et
1522 5282 1625 5322 non
1643 5282 1997 5340 exspectatum
2019 5291 2209 5333 ventu-

639 5367 760 5409 rum
787 5365 903 5407 esse
924 5394 940 5420 ,
971 5352 1094 5408 dum
1123 5356 1271 5410 multi
1307 5355 1357 5411 in
1382 5355 1588 5412 deliciis
1617 5371 1792 5416 erunt.
1821 5362 1970 5429 Quod
1999 5378 2051 5423 et
2077 5369 2211 5425 Pau-

707 5531 724 5600 ξ
750 5537 892 5600 unus,
918 5537 963 5600 et
984 5532 1215 5594 quomodo
1237 5532 1508 5600 diiudicare
1531 5543 1758 5600 oporteat.

701 5591 1136 5670 925559393949»
1161 5591 1300 5670 ειιρῖ
1338 5595 1448 5646 “ibi
1487 5591 1690 5670 ιξθέβίωρ
1727 5608 1892 5670 eos"?
1929 5604 2202 5670 Αοοωωοε,

641 5638 1892 5767 ςυῖᾇῈὲῦοᾘῐέἷῷἒτῖιὶαἷυῶἐέἑιῖδῖιέὶιῖίκῶνῦἓῖξ
1911 5638 2206 5728 εἰῖέἴὺῗιὲ

641 5726 776 5776 ψειεν
817 5731 824 5740 ’
844 5730 890 5766 tn
906 5729 1085 5766 novera

1447 347 1500 403 S.
1541 341 1814 401 JOANNIS
1849 333 2319 396 CHRYSOSTOMI
2359 336 2672 394 ARCHIEP.
2713 339 3240 398 CONSTANTINOP.

3818 340 3917 398 704

2337 450 2415 507 lus
2453 453 2530 508 sic
2571 453 2893 524 descripsit:
2923 454 3045 510 Cum
3084 471 3254 524 pacem
3285 455 3458 508 dicunt
3482 463 3529 508 et
3557 455 3906 520 securitatem,

2339 559 2455 602 tunc
2484 549 2768 620 repentinus
2787 551 2938 604 instat
2965 553 3188 604 interitus
3210 553 3286 620 (1.
3315 547 3489 605 Thess.
3514 550 3563 605 5.
3596 549 3685 618 3t)
3713 566 3726 614 ;
3755 566 3913 618 quam

2336 639 2753 707 inexspectatum
2781 640 3053 696 declarans
3078 640 3288 696 dicebat
3312 660 3325 695 :
3351 641 3491 694 Sicut
3522 640 3670 693 dolor
3696 641 3746 692 in
3775 651 3915 692 utero

2337 731 2554 784 habenti.
2583 732 2860 799 Quomodo
2890 748 3014 803 ergo
3041 734 3169 787 dicit
3191 773 3207 796 ,
3241 733 3360 786 Post
3388 733 3761 786 tribulationem
3804 733 3912 785 die-

2335 839 2448 875 rum
2475 823 2673 876 l'llorum
2706 823 2916 893 (Matth.
2940 825 3030 880 24.
3051 825 3184 894 ‘29)?
3215 825 3340 878 Nam
3376 827 3418 878 si
3447 825 3670 890 deliciae,
3703 835 3758 878 et
3789 841 3907 894 pax.

2335 922 2388 965 et
2413 915 2685 977 securitas,
2716 925 2770 967 ut
2798 915 2924 968 dicit
2954 915 3166 980 Paulus,
3194 917 3459 984 quomodo
3490 916 3635 976 dicit,
3670 915 3796 970 Post
3822 918 3900 968 tri-
3941 907 3950 912 ’

2335 996 2635 1050 bulationem
2666 999 2858 1052 dierum
2883 999 3121 1053 illorum?
3148 999 3200 1055 Si
3233 1001 3435 1053 delicia:
3459 1041 3473 1065 ,
3502 1002 3770 1069 quomodo
3818 1004 3913 1054 tri-

2333 1085 2571 1139 bulatiu?
2604 1088 2813 1142 Deliciae
2839 1101 2892 1142 et
2920 1105 3016 1158 pax
3047 1101 3166 1144 sunt
3195 1092 3257 1144 iis
3286 1091 3372 1159 qui
3417 1092 3562 1144 nullo
3598 1107 3759 1146 sensu
3789 1102 3915 1146 sunt

2334 1176 2527 1230 allecti.
2557 1177 2840 1248 Propterea
2874 1195 2977 1234 non
3003 1180 3133 1234 dixit
3159 1222 3171 1243 ,
3203 1183 3424 1249 Quando
3469 1198 3568 1252 pax
3609 1183 3712 1236 erit
3735 1223 3751 1247 ,
3780 1183 3870 1238 sed
3892 1226 3908 1251 ,

2339 1267 2550 1333 Quando
2591 1285 2762 1337 pacem
2787 1279 2832 1324 et
2856 1282 3170 1326 securitatem
3202 1275 3386 1337 dicent,
3415 1274 3760 1329 stoliditatem
3795 1277 3909 1331 illo-

2334 1374 2448 1411 rum
2479 1359 2798 1425 ostendcns;
2824 1362 2958 1415 sicut
2991 1363 3063 1416 illi
3094 1363 3144 1416 in
3176 1375 3411 1434 tempore
3430 1363 3562 1424 Noe.
3597 1366 3684 1434 qui
3715 1368 3767 1420 in
3796 1376 3912 1420 tan-

2335 1448 2401 1502 tis
2428 1448 2597 1513 malis,
2630 1449 2832 1504 deliciis
2858 1466 3072 1521 operam
3106 1453 3298 1507 dabant
3328 1475 3340 1509 :
3365 1464 3415 1507 at
3443 1470 3547 1508 non
3576 1457 3701 1509 item
3730 1455 3858 1521 justi
3887 1497 3903 1524 ,

2333 1540 2422 1609 qui
2465 1540 2515 1594 in
2558 1543 2811 1595 arumnis
2840 1551 2896 1596 et
2925 1558 3153 1599 m03rore
3179 1545 3545 1598 versabantur.
3579 1546 3715 1602 llinc
3747 1548 3904 1616 signi-

2333 1632 2538 1696 licatur,
2565 1632 2880 1689 adveniente
2913 1636 3255 1701 Auticbristo,
3286 1638 3495 1706 iniquos
3526 1648 3576 1691 et
3602 1653 3697 1693 eos
3726 1640 3814 1708 qui
3841 1640 3906 1694 de

2333 1722 2503 1777 salute
2530 1738 2624 1777 sua
2652 1725 3026 1794 desperabunt,
3059 1727 3295 1797 turpibus
3324 1729 3678 1798 voluptatibus
3711 1747 3768 1783 se
3794 1746 3908 1784 am-

2336 1811 2468 1880 plius
2495 1812 2764 1868 dedituros
2794 1831 2936 1870 esse.
2965 1807 3111 1871 Tunc
3143 1818 3419 1887 ingluvies.
3447 1820 3864 1873 comessationes
3886 1863 3901 1886 ,

2332 1905 2643 1960 ebrietates.
2694 1908 3025 1977 Quapropter
3077 1911 3320 1978 exetttplo
3368 1912 3530 1964 utitur
3569 1913 3901 1982 congruenti.

2331 1991 2460 2047 Nam
2486 1996 2930 2064 quemadmodum
2949 2013 3070 2052 cum
3092 2014 3210 2054 arca
3239 1999 3403 2065 ﬁeret,
3441 2017 3543 2055 non
3577 2003 3900 2068 credebant,

2333 2085 2539 2154 inquit,
2573 2085 2668 2142 sed
2713 2087 2837 2142 licet
2883 2104 3004 2143 arca
3054 2089 3104 2144 in
3135 2091 3309 2146 medio
3351 2094 3515 2161 posita
3549 2091 3722 2148 futura
3767 2097 3900 2150 mala

2333 2180 2704 2246 pnnnuntiarct
2729 2222 2742 2243 ,
2781 2181 2853 2234 illi
2882 2181 3120 2237 videntes
3157 2198 3271 2238 eam
3303 2226 3317 2250 ,
3362 2187 3429 2240 ita
3477 2186 3861 2242 deliciabantur
3884 2231 3900 2255 ,

2330 2269 2477 2338 quasi
2511 2269 2640 2324 nihil
2673 2273 2793 2326 mali
2823 2272 3053 2327 futurum
3082 2286 3222 2329 esset
3248 2295 3260 2328 :
3286 2277 3363 2331 sic
3391 2286 3443 2333 et
3469 2294 3609 2333 nunc
3635 2281 3902 2334 Antichri-

2330 2369 2444 2416 stus
2469 2364 2771 2432 apparebit,
2801 2377 2918 2435 post
2944 2383 3099 2436 quem
3125 2371 3540 2432 consummatio.
3571 2381 3626 2426 et
3653 2389 3821 2442 poenae
3849 2377 3898 2431 in

2330 2458 2785 2511 consummatione
2841 2458 3066 2525 futurae,
3118 2461 3372 2531 supplicia
3417 2463 3768 2521 intoleranda.
3823 2466 3899 2522 Illi

2331 2562 2456 2600 vero
2475 2589 2488 2611 ,
2513 2550 2599 2618 qui
2640 2552 2888 2619 nequitite
2928 2553 3183 2609 ebrietate
3219 2556 3357 2624 capti
3388 2568 3581 2619 erunt,
3608 2573 3676 2612 ne
3699 2571 3898 2613 metum

2329 2639 2541 2707 quidem
2584 2640 2877 2696 futurorum
2926 2645 3174 2699 sentient.
3203 2647 3326 2700 Ideo
3368 2647 3442 2702 ait
3478 2648 3704 2704 Paulus:
3740 2649 3901 2704 Veluti

2328 2728 2472 2781 dolor
2495 2730 2546 2783 in
2574 2740 2713 2785 utero
2740 2734 2940 2786 habenti
2962 2733 3007 2806 (l
3023 2773 3036 2789 .
3061 2733 3236 2790 Thess.
3253 2737 3305 2792 5.
3324 2737 3404 2808 ὅ),
3423 2739 3498 2792 sic
3517 2739 3620 2794 illis
3643 2740 3897 2795 terribilia

2327 2830 2380 2874 et
2406 2822 2734 2878 intoleranda
2762 2825 3005 2881 aderunt.
3033 2827 3139 2882 Cur
3161 2839 3336 2885 autem
3365 2828 3716 2886 Sodomorum
3761 2835 3897 2887 mala

2327 2927 2432 2966 non
2458 2912 2627 2967 dixit?
2652 2913 2962 2972 Uuiversnle
2991 2919 3200 2974 volebat
3229 2923 3530 2992 exemplum
3561 2937 3860 2993 proponere
3881 2968 3895 2988 .

2325 3004 2465 3072 quod
2513 3017 2790 3077 postquam
2838 3010 3144 3078 prauiictum
3189 3009 3361 3068 fuerat
3403 3029 3508 3070 non
3558 3016 3896 3073 credebatur.

2327 3093 2528 3150 Idcirco
2549 3097 2670 3166 quia
2699 3100 2934 3170 plerique
2955 3102 3130 3155 futura
3159 3118 3262 3158 non
3291 3103 3531 3173 credunt,
3566 3122 3627 3160 ex
3665 3109 3900 3176 praeteri-

2328 3186 2393 3241 tis
2431 3187 2542 3255 ipsa
2583 3188 2894 3256 confirmat,
2919 3194 3257 3264 animumque
3298 3197 3528 3265 ipsorum
3575 3211 3897 3257 commovet.

2328 3275 2404 3330 Ad
2445 3279 2557 3333 inec
2592 3279 2716 3334 illud
2744 3283 2900 3337 etiam
2944 3285 3239 3341 ostenditur
3267 3306 3280 3342 :
3308 3287 3476 3358 ipsum
3506 3304 3698 3360 nempe
3725 3293 3896 3361 priora

2326 3385 2536 3439 quoque
2589 3371 2780 3429 fecisse
2804 3376 2842 3427 ⁸.
2873 3376 2996 3431 Post
3034 3376 3148 3433 haec
3193 3379 3334 3435 aliud
3372 3381 3577 3452 signum
3623 3384 3894 3450 ostendit,

2325 3460 2512 3526 quibus
2541 3462 2784 3518 omnibus
2814 3465 2977 3535 signis
3014 3468 3262 3537 probatur
3288 3471 3456 3540 ipsum
3488 3488 3590 3528 non
3624 3475 3897 3546 ignorasse

2326 3549 2464 3604 diem
2484 3552 2642 3606 illam.
2660 3554 2809 3622 Quod
2831 3568 3002 3613 autem
3020 3571 3102 3615 est
3121 3561 3362 3633 signum?
3377 3565 3465 3620 40.
3488 3565 3626 3622 Tunc
3642 3568 3743 3623 duo
3759 3579 3899 3624 erunt

2324 3641 2377 3694 in
2404 3659 2525 3712 agro
2546 3685 2558 3707 ,
2589 3661 2719 3700 unus
2745 3662 3055 3717 assumatur,
3080 3661 3125 3706 et
3149 3653 3277 3707 alter
3303 3657 3606 3726 relinquetur
3627 3675 3646 3712 :
3665 3660 3755 3714 ﬂ.
3788 3663 3898 3717 dna

2325 3737 2563 3789 ntolentes
2603 3737 2653 3792 in
2687 3739 2851 3806 mola,
2887 3759 2986 3796 una
3014 3756 3324 3813 assumetur,
3353 3757 3398 3802 et
3438 3767 3542 3803 una
3568 3752 3894 3822 relinquetur.

2324 3827 2412 3881 42.
2456 3828 2665 3900 Vigilate
2689 3849 2823 3903 ergo,
2846 3836 2965 3903 quia
2989 3838 3186 3892 nescitis
3206 3855 3304 3906 qua
3325 3840 3448 3895 hora
3477 3841 3723 3900 Dominus
3744 3858 3900 3902 vester

2325 3930 2555 3976 venturus
2584 3926 2664 3976 sit.
2707 3925 2829 3980 Haec
2865 3929 3038 3982 omnia
3068 3943 3382 3999 argumento
3415 3944 3537 3989 sunt
3581 3937 3753 4004 ipsum
3793 3956 3898 3996 non

2326 4013 2571 4080 ignorare
2595 4058 2608 4078 ,
2649 4016 3041 4092 discipulosque
3083 4024 3150 4078 ab
3188 4025 3563 4097 interrogando
3601 4029 3896 4089 deterrere.

2327 4103 2447 4159 ideo
2477 4107 2606 4161 dixit
2646 4120 2698 4164 et
2736 4111 2849 4166 dies
2876 4113 3006 4179 Noe,
3039 4126 3112 4181 et,
3139 4114 3257 4170 Duo
3287 4118 3339 4173 in
3373 4136 3495 4190 agro
3515 4123 3557 4187 ³,
3585 4125 3896 4193 ostendens,

2327 4194 2493 4264 ipsum
2517 4199 2591 4251 sic
2617 4200 3053 4271 inexspectatum,
3083 4207 3184 4261 illis
3207 4207 3337 4262 nihil
3359 4211 3684 4278 curantibus,
3710 4226 3899 4270 ventu-

2325 4303 2438 4341 rum
2469 4306 2622 4355 esse;
2661 4304 2742 4358 et,
2788 4294 2915 4349 Date
2956 4299 3223 4366 molentes,
3255 4301 3303 4354 id
3335 4302 3472 4371 quod
3501 4305 3658 4358 etiam
3697 4308 3896 4380 nullam

2324 4382 2728 4440 sollicitudinem
2761 4387 2988 4443 exhibet.
3019 4391 3097 4444 Ad
3128 4391 3258 4454 hare.
3283 4394 3422 4462 quod
3451 4403 3504 4449 et
3531 4397 3689 4457 servi.
3720 4411 3777 4455 et
3802 4400 3897 4454 de~

2325 4475 2472 4538 mini,
2507 4485 2557 4529 et
2582 4488 2915 4532 assumantur
2943 4491 2995 4536 et
3025 4482 3423 4553 relinquantur;
3452 4489 3538 4556 qui
3568 4487 3618 4541 in
3646 4490 3776 4553 otio,
3805 4493 3896 4560 qui

2326 4563 2375 4616 iu
2405 4564 2604 4630 labore,
2631 4583 2694 4622 ex
2723 4568 2819 4624 hac
2847 4579 2899 4624 et
2926 4587 2990 4626 ex
3018 4573 3121 4628 alia
3151 4573 3401 4643 dignitate
3432 4595 3443 4631 :
3471 4578 3606 4632 sicut
3635 4579 3686 4634 in
3718 4580 3896 4638 Veteri

2322 4669 2531 4724 quoque
2569 4655 2836 4726 Scriptura
2864 4660 3075 4726 dicitur,
3109 4664 3152 4716 Α
3189 4665 3389 4718 sedente
3413 4668 3462 4719 in
3493 4668 3618 4722 solio
3648 4686 3800 4740 usque
3828 4675 3896 4726 ad

2320 4747 2566 4814 captivam
2592 4765 2704 4817 qua
2732 4751 2784 4803 in
2817 4753 2950 4806 mola
2983 4763 3052 4808 est
3081 4754 3289 4824 (Exod.
3330 4757 3416 4813 11.
3458 4758 3491 4813 5
3513 4757 3569 4829 ).⁴
3589 4760 3719 4829 Quia
3751 4765 3899 4820 enim

2320 4837 2468 4925 dixit,
2501 4839 2689 4896 divites
2712 4843 2928 4900 dimeile
2955 4848 3131 4902 salvos
3159 4847 3294 4916 ﬁeri,
3316 4852 3566 4917 ostendit,
3599 4869 3770 4925 neque
3797 4855 3900 4913 bos

2320 4919 2502 4982 omnes
2528 4933 2785 4999 perituros
2813 4950 2951 5002 esse,
2981 4952 3151 5008 neque
3176 4954 3434 5010 pauperes
3459 4957 3644 4999 omnes
3668 4946 3899 5004 salutem

2318 5034 2768 5091 consequuturos,
2814 5027 2905 5081 sed
2953 5045 3020 5085 ex
3066 5033 3303 5102 utrisque
3346 5032 3600 5104 quosdam
3649 5040 3900 5106 servari,

2317 5111 2570 5178 quosdam
2613 5114 2804 5182 perire.
2843 5117 3058 5174 Videtur
3090 5131 3266 5176 autem
3312 5123 3440 5178 mibi
3475 5125 3771 5195 signiﬁcare
3801 5130 3900 5184 ad-

2317 5212 2527 5258 ventum
2558 5205 2606 5258 in
2630 5217 2782 5262 nocte
2805 5207 3032 5264 futurum
3055 5226 3193 5267 esse.
3221 5213 3351 5269 lllud
3372 5214 3513 5272 enim
3539 5219 3695 5272 etiam
3719 5217 3900 5278 Lucas

2316 5293 2463 5364 (Cap.
2496 5296 2578 5351 l7.
2611 5299 2714 5369 51)
2752 5298 2900 5353 dicit.
2932 5299 3116 5357 Viden‘
3152 5305 3418 5374 quomodo
3441 5306 3616 5362 omnia
3638 5322 3900 5367 accurate

2315 5389 2501 5444 novit?
2539 5391 2765 5459 Deinde,
2799 5410 2865 5450 ne
2894 5396 3299 5469 interrogarent,
3325 5399 3637 5470 subiunxit:
3676 5400 3902 5474 Vigilat:

2375 5609 2394 5678 ξ
2421 5609 2589 5678 Mcrel._
2609 5611 2752 5671 addit,
2779 5619 2823 5663 et
2839 5625 2947 5676 oua!
2963 5615 3126 5678 futura
3147 5622 3272 5669 sunt.

2376 5671 2560 5750 [ἓξ.ξίιέ
2577 5674 2627 5750 in
2667 5681 2824 5747 textu,
3071 5676 3204 5740 lecto,
3232 5684 3284 5731 et
3299 5681 3370 5734 sic
3391 5685 3710 5750 Mplurind
3729 5684 3888 5739 Morel

2317 5739 2368 5784 et
2385 5733 2522 5783 savii.
2548 5737 2597 5785 in
2621 5733 2856 5800 margine,
2881 5737 2978 5789 duo
2997 5738 3050 5791 in
3068 5733 3203 5804 agro;
