4172 6512
356 475 462 530 705

357 607 496 663 ergo,
521 590 640 660 quia
660 588 859 643 nescitis
883 600 981 656 qua
1007 588 1130 636 hora
1149 579 1393 634 Dominus
1409 586 1564 632 uester
1591 583 1829 628 uenturus
1853 569 1939 663 sit.

357 657 474 739 Non
503 657 659 745 dixit,
686 677 898 738 Nescio.
932 674 1049 741 sed,
1085 670 1323 726 Nescitis.
1351 667 1483 722 Cum
1523 665 1665 720 enim
1697 663 1840 731 ipsos
1879 657 1942 714 ad

357 771 503 826 illam
533 784 670 841 pene
699 767 882 822 horam
911 764 1218 820 deduxisset
1247 769 1323 816 eL
1337 755 1698 832 constituisset
1717 792 1730 814 ,
1763 761 1945 803 rursus

355 861 425 916 ab
453 859 828 931 interrogando
856 865 1062 920 avocat,
1091 851 1232 923 quod
1259 851 1387 906 velit
1414 849 1558 917 ipsos
1586 857 1798 913 semper
1824 854 1944 896 esse

355 954 632 1009 sollicitos.
676 952 964 1020 PrOpterea
993 945 1142 1009 dicit,
1183 942 1414 1014 Vigilate,
1443 938 1731 994 ostendens
1761 951 1819 991 se
1845 934 1944 990 hac

355 1043 426 1098 de
449 1057 611 1097 causa
639 1042 820 1097 dicere
845 1038 1100 1095 noluisse.
1129 1036 1217 1091 45.
1244 1032 1383 1087 Illud
1405 1041 1570 1084 autem
1597 1031 1790 1095 scitote,
1815 1045 1943 1098 quo-

354 1137 493 1189 niam
519 1137 563 1189 si
591 1136 738 1190 sciret
763 1130 1128 1203 paterfamilias
1146 1144 1244 1196 qua
1269 1126 1393 1179 liora
1421 1127 1504 1196 fur
1531 1132 1770 1176 uenturus
1793 1130 1940 1186 esset,

354 1227 588 1295 vigilaret
614 1227 802 1292 utique,
826 1232 871 1278 et
893 1239 992 1276 non
1013 1222 1194 1275 sineret
1217 1216 1416 1288 perfodi
1435 1216 1469 1268 d
1487 1229 1641 1268 imum
1663 1228 1827 1266 suam.
1851 1212 1941 1265 44.

356 1316 487 1371 Ideo
524 1326 571 1370 et
612 1331 696 1370 ros
737 1324 892 1368 estote
922 1312 1122 1383 parati,
1152 1309 1270 1379 quia
1295 1323 1394 1376 qua
1423 1307 1548 1358 Itura
1581 1320 1681 1358 non
1714 1303 1902 1372 putatis
1926 1343 1943 1368 ,

356 1407 527 1462 Filius
557 1408 771 1462 hominis
808 1407 988 1460 ueniet.
1022 1405 1305 1472 Propterea
1340 1399 1465 1456 dicit
1489 1439 1503 1464 ,
1535 1397 1647 1466 Qua
1678 1397 1804 1452 hora
1835 1412 1943 1450 non

356 1499 678 1567 exspectatis
704 1498 877 1552 veniet
903 1537 916 1557 .
948 1504 1006 1549 ut
1034 1494 1291 1548 sollicitos
1316 1489 1502 1547 reddat
1529 1499 1584 1544 et
1612 1489 1820 1543 virtutis
1848 1504 1942 1543 co-

357 1587 528 1642 lendae
558 1588 844 1643 studiosos.
875 1585 1006 1640 lIIud
1033 1594 1207 1639 autem
1235 1583 1334 1637 sibi
1365 1581 1496 1646 vult,
1523 1579 1576 1636 Si
1607 1580 1804 1634 scirent
1834 1579 1945 1648 ple-

356 1678 510 1749 rique
541 1678 782 1733 homines
810 1677 1146 1748 quandonam
1175 1676 1281 1730 sint
1307 1674 1584 1742 morituri,
1613 1673 1940 1744 diligentiam

355 1783 506 1824 suam
532 1770 672 1824 circa
704 1768 846 1822 illam
867 1769 1057 1824 horam
1083 1767 1100 1797 ¹
1129 1766 1472 1823 exhiberent.

427 1861 479 1916 3.
516 1859 616 1913 Cur
635 1857 868 1914 Christus
889 1858 1001 1912 vita
1020 1857 1262 1926 cujusque
1281 1856 1432 1924 ﬁnem
1454 1853 1697 1907 incertum
1719 1853 1940 1924 reliquit.

354 1980 423 1991 —
453 1949 530 2005 Ne
558 1950 718 2019 igitur
744 1948 812 2004 de
840 1949 927 2004 illa
956 1948 1067 2002 sola
1106 1946 1317 2004 solliciti
1353 1953 1531 1999 essent
1551 1985 1566 2010 ,
1598 1959 1768 2014 neque
1792 1958 1941 1998 com-

353 2056 570 2096 munem
595 2041 735 2094 illam
757 2039 920 2104 diem,
947 2053 1118 2108 neque
1143 2036 1402 2106 cujusque
1423 2034 1607 2088 horam
1629 2033 1938 2098 declaravit,

354 2145 410 2189 ut
438 2149 652 2202 semper
678 2133 822 2187 illam
851 2141 1244 2200 exspectarent,
1272 2141 1590 2198 semperque
1615 2126 1804 2181 eodem
1830 2136 1944 2181 stu-

349 2225 442 2279 dio
483 2235 823 2289 tenerentur;
866 2222 986 2276 ideo
1025 2223 1282 2289 cujusque
1319 2219 1440 2272 vitae
1481 2217 1639 2271 linem
1679 2216 1938 2272 incertum

350 2314 585 2384 reliquit.
618 2313 814 2367 Deinde
839 2321 1023 2382 aperte
1048 2327 1105 2364 se
1130 2309 1406 2363 Dominum
1436 2315 1605 2368 vocat.
1632 2321 1803 2375 neque
1823 2323 1942 2360 uru-

349 2422 508 2477 quam
541 2406 609 2460 ita
639 2407 782 2460 clare
809 2405 1038 2459 dixerat.
1068 2402 1164 2456 llic
1193 2409 1370 2455 autem
1400 2399 1608 2454 videtur
1637 2399 1765 2453 mihi
1795 2398 1938 2454 desi—

348 2499 446 2554 des
469 2512 708 2568 carpere,
738 2497 827 2567 qui
857 2510 961 2550 non
990 2504 1188 2548 tantam
1225 2491 1480 2547 adhibent
1510 2490 1700 2544 anima:
1731 2490 1940 2545 tuende

348 2604 552 2651 curam.
576 2598 827 2658 quantam
852 2588 992 2642 circa
1025 2585 1276 2654 pecunias
1301 2590 1600 2636 monstrant
1621 2582 1652 2634 ii
1679 2583 1765 2652 qui
1792 2580 1940 2636 intres

349 2689 614 2736 metuunt.
644 2678 774 2732 Nam
804 2678 854 2730 hi
885 2678 927 2730 si
961 2676 1079 2730 illos
1106 2681 1454 2743 exspectent,
1493 2673 1746 2743 vigilant,
1778 2673 1936 2727 nihil-

348 2786 455 2842 que
475 2787 537 2826 ex
562 2769 850 2826 reconditis
870 2769 1049 2822 sinunt
1072 2765 1267 2821 auferri
1295 2783 1308 2820 :
1330 2780 1426 2819 vos
1446 2773 1645 2831 autem,
1668 2765 1764 2819 etsi
1790 2777 1939 2820 certo

346 2863 532 2917 sciatis
557 2872 837 2916 venturum
868 2860 1015 2914 illum
1042 2873 1182 2924 esse,
1209 2873 1316 2912 non
1347 2857 1592 2927 vigilatis,
1623 2857 1810 2926 inquit,
1840 2872 1939 2913 nec

346 2955 519 3024 parati
565 2953 729 3016 estis,
772 2967 839 3005 ne
887 2950 1003 3005 sine
1039 2948 1428 3020 prmparatione
1473 2949 1594 3001 hinc
1628 2947 1936 3005 discrdatis.

345 3048 683 3116 Quapropter
700 3059 821 3099 cum
842 3043 1078 3114 pernicie
1097 3041 1472 3096 dormientium
1493 3039 1608 3095 dies
1630 3041 1716 3096 ille
1739 3041 1933 3095 veniet.

345 3136 806 3204 Quemadmodum
838 3136 978 3190 enim
1008 3135 1095 3189 ille
1123 3134 1166 3188 si
1195 3134 1357 3189 sciret
1383 3131 1503 3186 lurti
1536 3140 1743 3202 tempus
1762 3175 1777 3199 ,
1807 3133 1934 3188 illud

345 3228 536 3281 vitaret
564 3244 576 3280 :
606 3227 683 3281 sic
712 3235 765 3280 et
791 3240 918 3293 vos,
947 3225 989 3281 si
1021 3225 1188 3296 parati
1219 3224 1408 3278 essetis
1428 3265 1441 3287 ,
1471 3223 1790 3294 elingerctis.
1831 3225 1934 3279 De-

344 3318 469 3374 inde
489 3319 609 3388 quia
634 3318 816 3388 judicii
845 3317 1170 3370 mentionem
1197 3316 1339 3376 fecit,
1366 3314 1429 3367 ad
1454 3314 1698 3370 doctores
1718 3315 1932 3370 demum

342 3423 646 3462 sermonem
669 3409 949 3472 convertit,
971 3423 1034 3460 ac
1056 3407 1122 3460 de
1146 3405 1419 3474 suppliciis
1443 3415 1494 3459 et
1519 3407 1752 3474 pra-nuis
1776 3406 1932 3460 verba

343 3500 490 3565 facit,
516 3511 570 3554 et
597 3514 716 3555 cum
750 3501 919 3570 primo
946 3500 1114 3553 bonos
1141 3505 1506 3559 memorasset,
1539 3497 1589 3549 iu
1623 3507 1933 3565 peccatores

339 3590 558 3653 desinit,
586 3605 649 3644 ac
675 3592 919 3644 timorem
953 3591 1212 3644 incutiens
1234 3591 1253 3620 ¹
1286 3590 1443 3642 linem
1477 3588 1683 3642 dicendi
1713 3588 1857 3641 facit.

427 3681 595 3736 Verbis
622 3681 808 3736 Christi
836 3681 1024 3746 Deique
1050 3683 1101 3734 in
1131 3681 1353 3733 medium
1378 3680 1628 3743 adductis,
1657 3697 1769 3749 qua:
1789 3682 1932 3750 igno-

340 3773 561 3826 rantiam
603 3790 814 3844 arguere
863 3773 1129 3835 uidentur;
1173 3773 1453 3841 explicatur
1490 3788 1644 3840 quare
1684 3773 1756 3825 sic
1796 3772 1931 3827 Deus

339 3865 611 3918 identidem
634 3865 698 3918 sit
723 3865 938 3922 locutus.
967 3892 1034 3903 --
1061 3863 1257 3917 Idcirco
1290 3864 1458 3931 primo
1484 3861 1613 3915 dicit
1645 3880 1657 3914 :
1687 3863 1775 3917 45.
1805 3863 1930 3930 Quis

339 3973 458 4024 ergo
485 3966 554 4009 est
585 3955 748 4022 fidelis
777 3971 947 4008 servus
977 3962 1019 4006 et
1061 3953 1311 4022 prudens,
1343 3968 1487 4020 quem
1525 3954 1780 4005 constituit
1829 3953 1931 4007 Do-

342 4049 506 4102 minus
536 4049 643 4118 ejus
670 4064 822 4116 super
858 4047 1105 4116 familiam
1141 4061 1288 4099 suam
1313 4085 1328 4110 ,
1356 4054 1409 4097 ut
1435 4046 1516 4098 det
1550 4043 1655 4098 illis
1684 4045 1849 4098 cibum
1874 4044 1928 4098 in

340 4152 562 4210 tempore
580 4143 607 4194 ?
634 4141 721 4194 46.
753 4139 941 4192 Beatus
971 4155 1142 4192 seruus
1171 4137 1284 4200 ille,
1313 4153 1458 4206 quem
1548 4148 1668 4186 cunt
1732 4135 1924 4188 venerit

348 4232 601 4284 Dominus
625 4277 638 4297 ,
699 4231 938 4285 invenerit
965 4231 1034 4284 sic
1062 4230 1348 4298 facientem.
1383 4228 1472 4282 47.
1505 4226 1662 4282 Amen
1701 4229 1814 4282 dico
1839 4245 1926 4282 uo-

339 4323 414 4374 bis
433 4363 447 4380 .
478 4339 626 4390 super
665 4325 831 4375 omnia
861 4324 988 4375 bona
1023 4339 1116 4374 sua
1156 4321 1421 4374 constituet
1455 4337 1586 4373 eunt.
1617 4319 1810 4388 Qtttcso
1840 4331 1924 4389 te,

340 4429 463 4466 Imm
509 4415 609 4467 hoc
649 4414 941 4481 ignorantis
980 4413 1102 4467 est?
1133 4411 1188 4467 Si
1226 4413 1367 4467 enim
1397 4412 1518 4482 quia
1546 4412 1716 4478 dixit,
1753 4411 1929 4483 Neque

339 4504 507 4559 Filius
537 4507 670 4558 novit
697 4547 709 4567 ,
742 4506 910 4574 ipsum
956 4521 1202 4575 'gnorare
1233 4505 1368 4560 dicis
1401 4523 1415 4560 :
1443 4506 1567 4575 quia
1599 4505 1731 4559 dixit
1757 4548 1770 4570 ,
1802 4506 1926 4572 Quis

338 4607 411 4650 est
436 4615 572 4667 ergo,
601 4598 726 4668 quid
749 4599 982 4653 dixeris?
1004 4615 1069 4652 an
1098 4599 1245 4652 illum
1276 4599 1520 4667 ignorare
1547 4599 1728 4653 dices?
1753 4600 1922 4654 Absit.

338 4689 417 4744 Ne
454 4690 666 4754 quidem
706 4705 770 4744 ex
813 4700 991 4744 mente
1035 4690 1202 4756 captis
1242 4689 1503 4758 quispiam
1545 4689 1646 4744 hoc
1683 4689 1876 4743 dixerit
1909 4708 1922 4745 :

338 4781 545 4833 etiamsi
589 4780 656 4834 ibi
697 4795 910 4835 oausam
955 4779 1192 4848 proferre
1223 4779 1524 4847 possimus,
1559 4777 1645 4833 hic
1671 4795 1798 4833 vero
1825 4784 1923 4834 mi-

341 4871 504 4924 nime.
538 4870 671 4938 Quid
704 4880 879 4924 autem
909 4885 1027 4924 cum
1061 4871 1214 4933 dicit,
1245 4869 1428 4934 Petre,
1459 4885 1600 4922 antas
1628 4887 1707 4922 me
1736 4869 1924 4940 (locu.

337 4963 428 5016 21.
468 4964 595 5031 l5)?
623 4981 746 5017 num
776 4963 902 5017 illud
929 4977 1138 5032 quoque
1169 4961 1488 5031 ignorabat?
1513 4971 1604 5016 aut
1629 4978 1752 5017 cum
1777 4963 1926 5029 dicit,

343 5058 441 5110 (ibi
483 5058 715 5127 posuistis
759 5073 869 5110 eum
909 5054 1082 5124 (Ibid.
1130 5056 1209 5109 ll.
1240 5055 1307 5108 34
1331 5054 1394 5123 )?
1439 5054 1548 5108 lino
1577 5065 1631 5108 ct
1670 5056 1825 5109 l’ater
1853 5056 1930 5110 sic

339 5149 483 5218 loqui
512 5148 950 5215 deprehenditur.
989 5147 1118 5200 Nam
1160 5158 1209 5200 et
1252 5147 1365 5215 ipse
1393 5149 1468 5200 ait
1501 5165 1511 5200 :
1542 5149 1701 5199 Adam
1725 5188 1737 5209 ,
1770 5148 1853 5200 ubi
1880 5166 1929 5202 es

337 5239 490 5310 (Gen.
523 5241 574 5293 5.
604 5239 704 5307 9)?
736 5249 786 5292 et
806 5280 820 5300 ,
856 5238 1057 5291 Clamor
1099 5240 1439 5292 Sodomorum
1471 5240 1832 5307 multiplicatus
1859 5249 1930 5294 est

335 5333 476 5400 apud
505 5347 600 5383 me.
633 5330 949 5383 Descendens
971 5331 1123 5400 igitur
1143 5329 1336 5391 videbo,
1367 5330 1409 5382 si
1436 5331 1710 5383 secundum
1742 5331 1929 5381 clamc-

334 5441 443 5479 rem
484 5440 678 5487 eorum,
709 5424 794 5488 qui
824 5424 952 5474 venit
980 5423 1046 5473 ad
1075 5438 1169 5483 me,
1203 5422 1431 5489 faciunt;
1462 5424 1502 5474 si
1531 5431 1696 5473 autent
1725 5438 1845 5484 non,
1873 5431 1927 5474 ut

335 5531 636 5582 cognoscam
663 5513 824 5584 (Ibid.
852 5514 936 5568 18.
963 5513 1050 5567 ΞΟ.
1078 5512 1189 5580 ‘21).
1222 5513 1284 5565 Et
1309 5514 1428 5565 alibi
1458 5514 1530 5565 ait
1559 5531 1570 5566 :
1598 5513 1656 5565 Si
1684 5512 1814 5580 forte
1838 5529 1929 5564 utt-

337 5609 517 5672 diunt,
546 5608 589 5659 si
620 5607 748 5674 forte
776 5607 1056 5675 intelligant
1079 5605 1285 5672 (Era’clt.
1317 5605 1369 5657 2.
1402 5606 1475 5674 5).
1510 5607 1572 5658 [ﬁt
1603 5606 1651 5658 in
1691 5606 1928 5674 Evange-

341 5700 412 5752 ἔω
435 5739 448 5763 ,
486 5699 636 5752 Forte
663 5697 1017 5751 reverebuntur
1055 5697 1244 5750 Filium
1287 5715 1447 5751 meum
1481 5697 1643 5768 (Luc.
1675 5697 1761 5753 ΞΟ.
1802 5702 1924 5771 15).

405 5869 414 5894 ¹
449 5865 540 5912 Alii
583 5867 756 5912 habt-nt
787 5863 934 5916 diem,
958 5876 1063 5923 pro,
1085 5861 1271 5909 lim-am.

404 5930 421 5957 ⁵
447 5927 561 5984 .t'ui,
597 5937 637 5977 et
664 5927 857 5976 ultltlttlt
887 5928 1148 5977 consulens.

1271 462 1334 518 IN
1373 455 1784 518 MATTILEUM
1827 452 2054 509 ΙΙΟΜΙΙ..
2100 451 2355 507 LXXVII.
2396 451 2466 507 al.
2509 443 2785 502 LXXVIII.

3544 445 3650 503 706

2053 565 2183 634 Qua:
2211 565 2388 620 omnia
2420 564 2734 633 ignorantiae
2759 562 2918 618 verba
2944 569 3116 617 erant.
3141 559 3338 617 Verum
3365 574 3470 614 ncn
3498 558 3648 630 igno-

2049 671 2174 709 rans
2207 655 2320 710 lta‘c
2349 654 2594 718 dicebat,
2626 654 2721 710 sed
2749 664 2808 708 ut
2840 654 2903 708 iis
2929 668 3047 723 quze
3072 666 3208 720 opus
3239 660 3391 707 erant
3427 649 3644 723 prospi-

2048 758 2196 802 ceret
2227 765 2238 800 :
2269 747 2321 801 in
2352 747 2576 809 Adamo,
2607 757 2664 801 ut
2696 758 2813 814 post
2843 755 3116 815 peccatum
3146 744 3294 799 illum
3320 743 3386 798 ad
3416 757 3645 799 excusa-

2049 839 2248 892 tionem
2283 837 2592 898 induccret;
2626 838 2677 891 in
2717 837 3009 892 Sodomitis
3029 878 3044 903 ,
3079 845 3136 892 ut
3165 849 3262 890 nos
3291 835 3508 891 doceret
3537 851 3646 890 non

2050 931 2195 1000 prius
2226 933 2546 984 sententiam
2575 946 2699 985 esse
2731 929 3027 995 ferendam,
3057 944 3216 999 quam
3245 928 3388 998 ipsas
3415 943 3499 983 res
3529 943 3638 996 per-

2049 1022 2416 1091 spiceremus;
2450 1021 2502 1075 in
2549 1020 2808 1090 propheta
2837 1029 3016 1074 autem
3053 1018 3122 1073 ita
3165 1018 3420 1089 loquitur,
3449 1033 3514 1072 ne
3545 1033 3636 1087 pu.

2049 1119 2161 1164 tent
2185 1111 2415 1180 imperiti
2440 1126 2468 1164 a
2495 1111 2838 1180 praedictione
2862 1109 3234 1164 necessitatem
3258 1106 3542 1174 quamdam
3567 1109 3648 1162 in-

2051 1203 2174 1279 ferri
2208 1219 2313 1258 non
2341 1203 2622 1258 obediendi
2649 1220 2662 1267 ;
2695 1204 2746 1257 in
2785 1201 3034 1272 parabola
3059 1208 3240 1258 antem
3263 1200 3560 1270 Evangelii,
3591 1210 3647 1255 ut

2050 1297 2300 1351 ostendat
2329 1297 2632 1366 Oportuisse
2675 1297 2793 1350 illos
2833 1295 3026 1349 Filium
3057 1308 3212 1348 suum
3254 1292 3490 1347 revereri
3517 1309 3531 1356 ;
3564 1292 3648 1347 hic

2051 1402 2212 1452 vero,
2249 1403 2316 1442 ne
2356 1387 2617 1441 curiosius
2657 1387 2956 1457 inquirant,
3009 1393 3062 1439 et
3109 1394 3166 1440 ut
3207 1383 3454 1439 ostendat
3501 1383 3647 1438 illam

2048 1478 2406 1548 cognitionem
2448 1477 2736 1532 admodutn
2783 1491 2904 1531 esse
2948 1491 3122 1530 raram
3153 1482 3211 1531 et
3243 1475 3552 1545 pretiosam.
3587 1473 3650 1528 Et

2047 1568 2170 1624 vide
2204 1579 2454 1640 quantam
2485 1569 2837 1639 ignorantiam
2881 1569 2984 1624 hoc
3024 1567 3242 1623 verbum
3275 1567 3532 1623 indicaret
3558 1608 3572 1629 ,
3607 1567 3650 1620 si

2049 1659 2195 1713 illum
2243 1660 2512 1730 ignoraret
2555 1676 2713 1732 quem
2755 1661 3050 1714 constituit.
3084 1659 3214 1714 Nam
3258 1659 3401 1714 illum
3435 1659 3647 1714 beatum

2049 1753 2300 1818 pra-dicat
2333 1770 2345 1804 :
2380 1751 2567 1807 Beatus
2597 1753 2761 1819 enim,
2797 1753 2985 1821 inquit,
3015 1769 3187 1806 seruus
3211 1753 3334 1817 ille;
3360 1753 3540 1822 neque
3567 1751 3648 1806 di-

2043 1844 2139 1903 cit.
2168 1845 2286 1913 quis
2314 1845 2399 1899 ille
2422 1846 2490 1900 sit
2521 1863 2532 1898 :
2566 1862 2686 1900 nam
2719 1846 2813 1912 ait,
2847 1844 2973 1911 Quis
3001 1847 3132 1899 enim
3157 1854 3249 1904 est.
3280 1862 3427 1914 quem
3456 1845 3648 1898 consti-

2048 1947 2150 1990 tuet
2192 1937 2428 1992 dominus
2467 1939 2629 1992 suus?
2653 1950 2740 2005 et,
2774 1937 2959 1991 Beatus
2998 1938 3425 2007 quemjuvenerit
3453 1938 3524 1992 sic
3561 1941 3647 2008 fa-

2047 2028 2274 2081 cientem.
2332 2029 2454 2082 liazc
2496 2039 2671 2084 autem
2720 2044 2826 2084 non
2866 2029 2932 2082 de
2972 2030 3211 2098 pecuniis
3257 2038 3458 2084 tantum
3503 2030 3644 2086 dictu

2047 2129 2200 2186 sum,
2232 2120 2324 2175 sed
2354 2121 2512 2175 etiam
2539 2121 2606 2175 de
2633 2119 2802 2177 verbo
2831 2130 2884 2175 et
2913 2121 2979 2175 de
3009 2122 3239 2186 virtute,
3272 2120 3339 2176 de
3368 2121 3558 2176 donis‘
3588 2131 3644 2177 et

2044 2210 2442 2278 dispensatione
2472 2213 2663 2281 cuique
2695 2213 3004 2266 commissa.
3040 2212 3162 2267 Iliae
3192 2211 3440 2281 parabole
3473 2213 3643 2284 magi-

2045 2301 2296 2356 su'atibus
2323 2317 2535 2373 quoque
2558 2305 2757 2373 optime
2783 2313 3071 2371 Competat.
3103 2302 3339 2373 Quisque
3361 2305 3502 2358 enim
3531 2320 3645 2359 om-

2047 2393 2152 2455 nia,
2180 2408 2299 2462 qua:
2329 2409 2423 2447 sua
2454 2403 2598 2460 sunt,
2627 2393 2692 2447 ad
2716 2408 3058 2448 communem
3088 2394 3368 2448 utilitatem
3395 2393 3644 2450 conferre

2043 2482 2221 2537 debet.
2248 2482 2372 2539 Sive
2393 2480 2709 2553 sapientiam
2738 2483 2956 2550 habeas,
2986 2484 3099 2538 sive
3131 2485 3507 2556 principatum,
3531 2485 3646 2542 sive

2042 2575 2256 2631 divitias
2275 2618 2290 2643 ,
2320 2577 2432 2632 sive
2457 2576 2665 2648 quidvis
2695 2577 2838 2632 aliud
2861 2619 2874 2642 ,
2909 2592 2976 2631 ne
3001 2577 3067 2632 ad
3097 2560 3479 2633 detrimentum
3510 2593 3646 2634 con-

2042 2681 2343 2736 servorum,
2373 2685 2506 2724 neve
2535 2669 2600 2724 ad
2629 2671 2920 2740 perniciem
2948 2669 3020 2724 sit
3048 2679 3212 2723 tuam.
3245 2669 3366 2724 Ideo
3393 2670 3552 2725 ambo
3576 2671 3644 2727 ab

2045 2760 2134 2814 illo
2165 2761 2422 2831 requirit,
2453 2771 2506 2814 et
2538 2761 2871 2830 prudentiam
2901 2771 2956 2816 et
2988 2761 3167 2816 Iidem.
3200 2761 3333 2816 Nam
3367 2774 3644 2832 peccatum

2042 2851 2110 2904 ab
2131 2853 2362 2907 amentia
2386 2852 2644 2921 originem
2677 2851 2842 2905 ducit.
2873 2851 3109 2906 Fidelem
3140 2853 3288 2906 illum
3317 2863 3492 2911 vocat.
3519 2854 3643 2922 quia

2042 2958 2106 2996 ex
2137 2943 2294 2997 rebus
2321 2943 2521 2998 domini
2552 2943 2680 2997 nihil
2709 2943 2789 2996 vel
2823 2943 2872 2996 in
2904 2958 3016 2996 rem
3047 2957 3200 2996 suam
3231 2944 3530 3010 convertit,
3559 2945 3642 3000 vel

2043 3049 2320 3103 perperam
2349 3035 2600 3105 expendit
2625 3051 2639 3100 ;
2673 3034 2984 3104 prudentem
3013 3049 3140 3088 vero
3159 3076 3172 3097 ,
3202 3034 3323 3103 quia
3355 3035 3455 3089 sibi
3487 3050 3639 3091 com-

2042 3127 2200 3180 missa
2233 3137 2288 3180 ut
2318 3141 2414 3198 par
2438 3135 2555 3180 erat
2579 3125 2994 3180 administravit.
3029 3125 3266 3196 Utraque
3289 3127 3432 3181 enim
3459 3143 3515 3182 re
3543 3143 3642 3182 no-

2038 3217 2121 3270 bis
2158 3232 2296 3287 Opus
2331 3227 2449 3282 est,
2480 3231 2548 3272 ne
2586 3218 2792 3272 scilicet
2821 3233 2940 3286 qua:
2969 3217 3169 3271 domini
3210 3227 3335 3271 sunt
3366 3217 3521 3274 nobis
3548 3234 3637 3275 ra-

2039 3309 2286 3378 piamus,
2315 3318 2369 3363 et
2414 3317 2470 3362 ut
2510 3319 2810 3378 opportune
2856 3308 2945 3362 illa
2986 3307 3378 3378 dispensemus.
3419 3307 3551 3365 Nam
3590 3310 3638 3365 si

2038 3403 2264 3458 alterum
2307 3402 2480 3468 absit,
2512 3402 2738 3457 alterum
2769 3402 3050 3458 claudicat.
3094 3401 3148 3458 Si
3195 3401 3368 3458 lidelis
3407 3404 3505 3469 sit,
3541 3419 3642 3460 nec

2038 3497 2244 3550 furetur
2263 3537 2277 3563 ,
2306 3495 2398 3550 sed
2427 3497 2699 3565 superﬂue
2725 3495 2789 3549 ad
2819 3495 2950 3549 nihil
2993 3494 3122 3549 utile
3154 3495 3424 3564 expendat
3451 3494 3589 3550 bona
3615 3537 3632 3561 ,

2039 3604 2288 3658 magnum
2313 3599 2393 3643 εει
2421 3597 2697 3658 peccatum
2725 3603 2738 3651 ;
2772 3588 2816 3641 si
2847 3587 2980 3640 sciat
3007 3595 3151 3641 recte
3173 3585 3509 3655 dispensare,
3539 3586 3634 3640 scd

2035 3680 2257 3744 luretur,
2294 3695 2478 3736 rursus
2509 3694 2612 3733 non
2658 3680 2770 3734 leve
2809 3677 3014 3732 crimen
3053 3686 3155 3732 est.
3196 3675 3320 3732 Haec
3356 3676 3638 3731 audiamus

2036 3773 2124 3842 qui
2156 3773 2428 3841 pecuniosi
2461 3789 2664 3825 sumus.
2693 3771 2807 3826 Non
2835 3771 2978 3826 enim
3001 3770 3253 3825 doctores
3277 3779 3477 3824 tantum
3505 3771 3638 3825 allo-

2035 3866 2235 3935 quitur,
2265 3864 2358 3918 sed
2387 3865 2548 3920 etiam
2581 3863 2799 3917 divites.
2831 3861 3083 3932 Utrisque
3112 3861 3255 3915 enim
3286 3861 3483 3916 divitia:
3508 3876 3638 3916 con-

2036 3956 2254 4010 creditm
2285 3965 2448 4020 sunt;
2482 3953 2793 4009 doctoribus
2825 3955 2926 4006 illas
2952 3969 3070 4021 quzc
3111 3953 3277 4022 magis
3318 3955 3638 4008 necessaria:

2035 4055 2192 4111 sunt;
2224 4045 2373 4099 vobis
2403 4061 2481 4098 ea:
2508 4061 2626 4116 qtae
2660 4045 2880 4099 minoris
2906 4054 3029 4098 sunt
3061 4045 3237 4113 pretii.
3271 4042 3357 4108 Si,
3385 4044 3510 4097 dntn
3541 4043 3638 4098 do-

2032 4148 2211 4193 ctores
2242 4139 2440 4206 majora
2473 4139 2819 4209 dispergunt,
2852 4153 2946 4192 vos
2975 4154 3040 4191 nc
3073 4139 3123 4191 in
3154 4137 3388 4191 minimis
3415 4137 3632 4206 quidem

2034 4233 2208 4287 velitis
2239 4233 2610 4288 liberalitatem
2644 4233 2898 4287 exhibere
2923 4247 2938 4296 ;
2968 4231 3076 4285 imo
3101 4246 3205 4284 non
3236 4231 3630 4292 liberalitatem,

2035 4323 2128 4376 sed
2168 4335 2375 4393 gratum
2423 4324 2660 4376 animum
2698 4324 2855 4392 (nam
2886 4322 3057 4375 aliena
3089 4321 3263 4388 datis)
3289 4363 3303 4382 ,
3333 4338 3450 4390 qua:
3482 4321 3638 4376 vobis

2033 4415 2134 4470 erit
2173 4414 2457 4470 defensio?
2494 4415 2597 4470 Sed
2649 4415 2860 4469 interim
2884 4456 2898 4479 ,
2935 4424 3058 4467 ante
3098 4414 3415 4483 supplicium
3449 4428 3634 4468 corum

2032 4509 2120 4577 qui
2152 4507 2289 4562 male
2321 4517 2630 4577 operantur,
2664 4507 2778 4575 ejus
2814 4505 2902 4575 qui
2947 4504 3112 4573 probe
3151 4520 3208 4557 se
3239 4505 3403 4574 gessit
3435 4519 3636 4558 merce-

2033 4604 2153 4657 dem
2177 4603 2455 4656 audiamus
2480 4621 2492 4656 :
2518 4602 2672 4653 Amen
2701 4601 2812 4652 dico
2834 4599 2992 4662 vobis,
3017 4615 3168 4667 super
3192 4598 3362 4650 omnia
3393 4598 3521 4649 bona
3543 4614 3636 4650 sua

2033 4695 2300 4747 constituet
2329 4710 2464 4747 eum.
2497 4692 2630 4759 Quid
2664 4692 2782 4744 huic
2811 4690 2998 4744 hcttori
3030 4705 3123 4759 par
3149 4704 3267 4741 esse
3295 4688 3493 4758 possit?
3515 4705 3635 4758 qua:

2032 4786 2205 4840 oratio
2250 4785 2385 4838 hanc
2424 4784 2776 4853 dignitatem,
2808 4783 2945 4837 hanc
2992 4782 3373 4835 beatitudinem
3418 4783 3633 4851 assequi

2035 4878 2222 4946 possit,
2257 4876 2470 4945 quando
2497 4875 2748 4929 mulorum
2778 4875 2914 4940 Rex,
2945 4875 3095 4942 cujus
3135 4884 3257 4926 sunt
3299 4875 3502 4938 omnia,
3534 4873 3633 4927 ho-

2035 4970 2232 5023 minem
2277 4983 2437 5038 super
2481 4970 2657 5021 omnia
2711 4969 2844 5021 lmna
2893 4981 2988 5019 sua
3029 4964 3365 5019 constituet?
3401 4963 3636 5036 Ideoque

2039 5057 2362 5120 prudentem
2394 5055 2570 5123 ipsum
2598 5066 2777 5120 vocat,
2813 5058 2937 5124 quia
2977 5055 3129 5107 novit
3165 5071 3360 5124 magna
3394 5070 3489 5121 pro
3511 5075 3636 5127 par-

2039 5151 2120 5205 vis
2149 5167 2252 5203 nor.
2282 5151 2590 5214 dimittere;
2617 5149 2708 5204 sed
2741 5165 2864 5203 cum
2896 5149 2984 5204 hic
3014 5160 3382 5218 temperanter
3407 5155 3634 5222 egisset,

2039 5245 2210 5299 cwlos
2239 5256 2615 5313 consequutus
2646 5246 2750 5298 est?

2103 5335 2156 5389 4.
2188 5331 2386 5387 Deinde
2407 5373 2422 5399 ,
2455 5332 2504 5386 id
2532 5332 2671 5401 quod
2705 5346 2918 5400 semper
2948 5329 3071 5383 facit
3093 5370 3108 5396 ,
3143 5346 3248 5384 non
3290 5347 3352 5386 ex
3397 5334 3632 5400 reposito

2031 5426 2186 5480 bonis
2217 5424 2461 5494 prtemio,
2487 5425 2579 5476 sed
2611 5440 2674 5476 ex
2709 5423 3127 5476 comminatione
3172 5437 3343 5491 paena:
3377 5424 3634 5494 improbis

2033 5529 2228 5587 parata:
2268 5517 2560 5570 auditorem
2610 5515 2828 5583 corrigit
2862 5533 2874 5566 :
2908 5513 3134 5581 ideoque
3179 5516 3452 5582 subjunxit
3490 5533 3502 5567 :
3539 5517 3632 5570 48.

2034 5612 2092 5665 Si
2121 5623 2284 5663 autem
2309 5612 2488 5663 dixerit
2514 5626 2726 5677 nequam
2754 5624 2923 5660 seruus
2946 5607 3030 5659 ille
3052 5608 3101 5659 in
3124 5613 3275 5659 corde
3296 5624 3408 5671 suo,
3433 5606 3633 5661 Tardat

2031 5705 2264 5755 dominus
2294 5720 2430 5754 naeus
2456 5703 2649 5761 venire,
2680 5699 2765 5753 49.
2795 5708 2840 5750 et
2871 5698 3110 5768 inceperit
3142 5699 3398 5752 verberare
3428 5716 3631 5753 conser-

2031 5812 2113 5848 vos
2139 5815 2272 5852 suos,
2305 5797 2572 5848 comederit
2600 5804 2765 5844 autent
2802 5805 2846 5845 et
2874 5794 3051 5845 biberit
3082 5810 3193 5846 cum
3221 5794 3371 5847 ebriis
3394 5811 3412 5846 :
3433 5796 3520 5847 50.
3547 5811 3632 5847 ve-

2026 5889 2264 6001 “;S'Haec,
2290 5891 2347 5941 de
2372 5890 2527 5950 donis,
2552 5904 2600 5939 ιιι
2645 5906 2742 5941 uno
2789 5891 2960 5942 codice
2996 5895 3196 5945 desunt.
3231 5895 3292 5944 Υ.
3319 5893 3463 5945 Field
3480 5897 3544 5945 ad
3567 5911 3618 5960 ρ.
