  <div class='ocr_page' id='page_1' title='image "/cluster/home/n/w/nwhite01/storage/ocr_20150623/58/uva.x004914844/251.png"; bbox 0 0 4172 6486; ppageno 0'>
   <div class='ocr_carea' id='block_1_1' title="bbox 575 490 675 548">
    <p class='ocr_par' dir='ltr' id='par_1_1' title="bbox 575 490 675 548">
     <span class='ocr_line' id='line_1_1' title="bbox 575 490 675 548; baseline -0.06 0"><span class='ocrx_word' id='word_1_1' title='bbox 575 490 675 548; x_wconf 79' lang='lat'><strong>707</strong></span> 
     </span>
    </p>
   </div>
   <div class='ocr_carea' id='block_1_2' title="bbox 575 581 2132 659">
    <p class='ocr_par' dir='ltr' id='par_1_2' title="bbox 575 581 2132 659">
     <span class='ocr_line' id='line_1_2' title="bbox 575 581 2132 659; baseline -0.012 -8"><span class='ocrx_word' id='word_1_2' title='bbox 575 600 676 651; x_wconf 87' lang='lat' dir='ltr'><strong>niet</strong></span> <span class='ocrx_word' id='word_1_3' title='bbox 705 596 930 650; x_wconf 81' lang='lat' dir='ltr'><strong>donu‘mts</strong></span> <span class='ocrx_word' id='word_1_4' title='bbox 955 593 1079 649; x_wconf 70' lang='lat' dir='ltr'><strong>servi</strong></span> <span class='ocrx_word' id='word_1_5' title='bbox 1107 592 1243 647; x_wconf 78' lang='lat' dir='ltr'><strong>illius</strong></span> <span class='ocrx_word' id='word_1_6' title='bbox 1265 592 1314 646; x_wconf 86' lang='lat' dir='ltr'><strong>in</strong></span> <span class='ocrx_word' id='word_1_7' title='bbox 1346 591 1425 646; x_wconf 87' lang='lat' dir='ltr'><strong>die</strong></span> <span class='ocrx_word' id='word_1_8' title='bbox 1447 605 1544 659; x_wconf 84' lang='lat' dir='ltr'><strong>qua</strong></span> <span class='ocrx_word' id='word_1_9' title='bbox 1572 604 1670 643; x_wconf 83' lang='lat' dir='ltr'><strong>non</strong></span> <span class='ocrx_word' id='word_1_10' title='bbox 1696 593 1942 653; x_wconf 74' lang='lat' dir='ltr'><strong>exspectat</strong></span> <span class='ocrx_word' id='word_1_11' title='bbox 1962 624 1976 646; x_wconf 97' lang='lat'><strong>,</strong></span> <span class='ocrx_word' id='word_1_12' title='bbox 2008 591 2055 635; x_wconf 87' lang='lat' dir='ltr'><strong>et</strong></span> <span class='ocrx_word' id='word_1_13' title='bbox 2081 581 2132 633; x_wconf 82' lang='lat' dir='ltr'><strong>in</strong></span> 
     </span>
    </p>
   </div>
   <div class='ocr_carea' id='block_1_3' title="bbox 577 675 2138 758">
    <p class='ocr_par' dir='ltr' id='par_1_3' title="bbox 577 675 2138 758">
     <span class='ocr_line' id='line_1_3' title="bbox 577 675 2138 758; baseline -0.01 -16"><span class='ocrx_word' id='word_1_14' title='bbox 577 693 698 742; x_wconf 77' lang='lat' dir='ltr'><strong>liora</strong></span> <span class='ocrx_word' id='word_1_15' title='bbox 725 704 823 758; x_wconf 76' lang='lat' dir='ltr'><strong>qua</strong></span> <span class='ocrx_word' id='word_1_16' title='bbox 851 703 947 740; x_wconf 84' lang='lat' dir='ltr'><strong>non</strong></span> <span class='ocrx_word' id='word_1_17' title='bbox 973 687 1138 752; x_wconf 75' lang='lat' dir='ltr'><strong>norit,</strong></span> <span class='ocrx_word' id='word_1_18' title='bbox 1168 685 1254 741; x_wconf 75' lang='lat' dir='ltr'><strong>5i.</strong></span> <span class='ocrx_word' id='word_1_19' title='bbox 1285 694 1330 740; x_wconf 88' lang='lat' dir='ltr'><strong>et</strong></span> <span class='ocrx_word' id='word_1_20' title='bbox 1358 685 1542 737; x_wconf 84' lang='lat' dir='ltr'><strong>dividet</strong></span> <span class='ocrx_word' id='word_1_21' title='bbox 1570 698 1680 735; x_wconf 85' lang='lat' dir='ltr'><strong>eum</strong></span> <span class='ocrx_word' id='word_1_22' title='bbox 1700 722 1714 746; x_wconf 92' lang='lat'><strong>,</strong></span> <span class='ocrx_word' id='word_1_23' title='bbox 1745 691 1787 733; x_wconf 85' lang='lat' dir='ltr'><strong>et</strong></span> <span class='ocrx_word' id='word_1_24' title='bbox 1817 689 2002 748; x_wconf 80' lang='lat' dir='ltr'><strong>partem</strong></span> <span class='ocrx_word' id='word_1_25' title='bbox 2032 675 2138 744; x_wconf 82' lang='lat' dir='ltr'><strong>ejus</strong></span> 
     </span>
    </p>
   </div>
   <div class='ocr_carea' id='block_1_4' title="bbox 575 770 2135 849">
    <p class='ocr_par' dir='ltr' id='par_1_4' title="bbox 575 770 2135 849">
     <span class='ocr_line' id='line_1_4' title="bbox 575 770 2135 849; baseline -0.008 -16"><span class='ocrx_word' id='word_1_26' title='bbox 575 797 685 834; x_wconf 82' lang='lat' dir='ltr'><strong>cum</strong></span> <span class='ocrx_word' id='word_1_27' title='bbox 711 780 981 849; x_wconf 80' lang='lat' dir='ltr'><strong>hypocritis</strong></span> <span class='ocrx_word' id='word_1_28' title='bbox 1011 788 1175 843; x_wconf 84' lang='lat' dir='ltr'><strong>ponet.</strong></span> <span class='ocrx_word' id='word_1_29' title='bbox 1206 776 1284 832; x_wconf 82' lang='lat' dir='ltr'><strong>Ibi</strong></span> <span class='ocrx_word' id='word_1_30' title='bbox 1308 778 1400 831; x_wconf 75' lang='lat' dir='ltr'><strong>erit</strong></span> <span class='ocrx_word' id='word_1_31' title='bbox 1429 777 1576 846; x_wconf 79' lang='lat' dir='ltr'><strong>ﬂetus</strong></span> <span class='ocrx_word' id='word_1_32' title='bbox 1604 786 1648 826; x_wconf 83' lang='lat' dir='ltr'><strong>et</strong></span> <span class='ocrx_word' id='word_1_33' title='bbox 1686 773 1869 828; x_wconf 85' lang='lat' dir='ltr'><strong>stridor</strong></span> <span class='ocrx_word' id='word_1_34' title='bbox 1896 770 2135 823; x_wconf 84' lang='lat' dir='ltr'><strong>dentium.</strong></span> 
     </span>
    </p>
   </div>
   <div class='ocr_carea' id='block_1_5' title="bbox 572 862 2133 942">
    <p class='ocr_par' dir='ltr' id='par_1_5' title="bbox 572 862 2133 942">
     <span class='ocr_line' id='line_1_5' title="bbox 572 862 2133 942; baseline -0.007 -17"><span class='ocrx_word' id='word_1_35' title='bbox 572 873 626 925; x_wconf 91' lang='lat' dir='ltr'><strong>Si</strong></span> <span class='ocrx_word' id='word_1_36' title='bbox 657 873 774 942; x_wconf 98' lang='lat' dir='ltr'><strong>quis</strong></span> <span class='ocrx_word' id='word_1_37' title='bbox 803 887 928 926; x_wconf 86' lang='lat' dir='ltr'><strong>vero</strong></span> <span class='ocrx_word' id='word_1_38' title='bbox 957 871 1151 927; x_wconf 81' lang='lat' dir='ltr'><strong>dixerit</strong></span> <span class='ocrx_word' id='word_1_39' title='bbox 1183 888 1197 925; x_wconf 88' lang='lat'><strong>:</strong></span> <span class='ocrx_word' id='word_1_40' title='bbox 1225 869 1411 924; x_wconf 80' lang='lat' dir='ltr'><strong>Viden‘</strong></span> <span class='ocrx_word' id='word_1_41' title='bbox 1441 885 1555 938; x_wconf 73' lang='lat' dir='ltr'><strong>qua:</strong></span> <span class='ocrx_word' id='word_1_42' title='bbox 1596 867 1842 936; x_wconf 73' lang='lat' dir='ltr'><strong>cogitatio</strong></span> <span class='ocrx_word' id='word_1_43' title='bbox 1879 862 2133 924; x_wconf 87' lang='lat' dir='ltr'><strong>subierit,</strong></span> 
     </span>
    </p>
   </div>
   <div class='ocr_carea' id='block_1_6' title="bbox 571 954 2139 1030">
    <p class='ocr_par' dir='ltr' id='par_1_6' title="bbox 571 954 2139 1030">
     <span class='ocr_line' id='line_1_6' title="bbox 571 954 2139 1030; baseline -0.006 -15"><span class='ocrx_word' id='word_1_44' title='bbox 571 963 709 1030; x_wconf 91' lang='lat' dir='ltr'><strong>quod</strong></span> <span class='ocrx_word' id='word_1_45' title='bbox 749 961 861 1016; x_wconf 86' lang='lat' dir='ltr'><strong>dies</strong></span> <span class='ocrx_word' id='word_1_46' title='bbox 892 963 973 1017; x_wconf 92' lang='lat' dir='ltr'><strong>ilta</strong></span> <span class='ocrx_word' id='word_1_47' title='bbox 1017 978 1120 1016; x_wconf 88' lang='lat' dir='ltr'><strong>non</strong></span> <span class='ocrx_word' id='word_1_48' title='bbox 1159 972 1279 1016; x_wconf 91' lang='lat' dir='ltr'><strong>nota</strong></span> <span class='ocrx_word' id='word_1_49' title='bbox 1310 960 1488 1014; x_wconf 84' lang='lat' dir='ltr'><strong>esset?</strong></span> <span class='ocrx_word' id='word_1_50' title='bbox 1522 957 1704 1010; x_wconf 75' lang='lat' dir='ltr'><strong>Tentat</strong></span> <span class='ocrx_word' id='word_1_51' title='bbox 1735 957 1874 1010; x_wconf 87' lang='lat' dir='ltr'><strong>enim</strong></span> <span class='ocrx_word' id='word_1_52' title='bbox 1905 954 2139 1005; x_wconf 83' lang='lat' dir='ltr'><strong>dominus</strong></span> 
     </span>
    </p>
   </div>
   <div class='ocr_carea' id='block_1_7' title="bbox 572 1044 2135 1120">
    <p class='ocr_par' dir='ltr' id='par_1_7' title="bbox 572 1044 2135 1120">
     <span class='ocr_line' id='line_1_7' title="bbox 572 1044 2135 1120; baseline -0.006 -16"><span class='ocrx_word' id='word_1_53' title='bbox 572 1067 744 1114; x_wconf 80' lang='lat' dir='ltr'><strong>meus,</strong></span> <span class='ocrx_word' id='word_1_54' title='bbox 789 1051 956 1120; x_wconf 89' lang='lat' dir='ltr'><strong>inquit</strong></span> <span class='ocrx_word' id='word_1_55' title='bbox 987 1071 998 1103; x_wconf 87' lang='lat'><strong>:</strong></span> <span class='ocrx_word' id='word_1_56' title='bbox 1032 1051 1464 1119; x_wconf 78' lang='lat' dir='ltr'><strong>reSpondebimus</strong></span> <span class='ocrx_word' id='word_1_57' title='bbox 1499 1067 1511 1102; x_wconf 90' lang='lat'><strong>:</strong></span> <span class='ocrx_word' id='word_1_58' title='bbox 1541 1048 1654 1102; x_wconf 89' lang='lat' dir='ltr'><strong>Non</strong></span> <span class='ocrx_word' id='word_1_59' title='bbox 1695 1047 1832 1115; x_wconf 88' lang='lat' dir='ltr'><strong>quod</strong></span> <span class='ocrx_word' id='word_1_60' title='bbox 1876 1044 1989 1098; x_wconf 90' lang='lat' dir='ltr'><strong>dies</strong></span> <span class='ocrx_word' id='word_1_61' title='bbox 2031 1057 2135 1096; x_wconf 88' lang='lat' dir='ltr'><strong>non</strong></span> 
     </span>
    </p>
   </div>
   <div class='ocr_carea' id='block_1_8' title="bbox 572 1135 2131 1210">
    <p class='ocr_par' dir='ltr' id='par_1_8' title="bbox 572 1135 2131 1210">
     <span class='ocr_line' id='line_1_8' title="bbox 572 1135 2131 1210; baseline -0.005 -16"><span class='ocrx_word' id='word_1_62' title='bbox 572 1151 693 1196; x_wconf 89' lang='lat' dir='ltr'><strong>uota</strong></span> <span class='ocrx_word' id='word_1_63' title='bbox 719 1152 880 1206; x_wconf 85' lang='lat' dir='ltr'><strong>esset,</strong></span> <span class='ocrx_word' id='word_1_64' title='bbox 902 1142 992 1195; x_wconf 90' lang='lat' dir='ltr'><strong>sed</strong></span> <span class='ocrx_word' id='word_1_65' title='bbox 1015 1141 1152 1210; x_wconf 86' lang='lat' dir='ltr'><strong>quod</strong></span> <span class='ocrx_word' id='word_1_66' title='bbox 1179 1141 1445 1210; x_wconf 87' lang='lat' dir='ltr'><strong>improbus</strong></span> <span class='ocrx_word' id='word_1_67' title='bbox 1465 1140 1534 1194; x_wconf 87' lang='lat' dir='ltr'><strong>sit</strong></span> <span class='ocrx_word' id='word_1_68' title='bbox 1558 1153 1760 1202; x_wconf 82' lang='lat' dir='ltr'><strong>servus,</strong></span> <span class='ocrx_word' id='word_1_69' title='bbox 1787 1136 1834 1190; x_wconf 92' lang='lat' dir='ltr'><strong>id</strong></span> <span class='ocrx_word' id='word_1_70' title='bbox 1857 1135 2131 1190; x_wconf 87' lang='lat' dir='ltr'><strong>accidisse.</strong></span> 
     </span>
    </p>
   </div>
   <div class='ocr_carea' id='block_1_9' title="bbox 571 1226 2134 1302">
    <p class='ocr_par' dir='ltr' id='par_1_9' title="bbox 571 1226 2134 1302">
     <span class='ocr_line' id='line_1_9' title="bbox 571 1226 2134 1302; baseline -0.004 -15"><span class='ocrx_word' id='word_1_71' title='bbox 571 1232 699 1287; x_wconf 88' lang='lat' dir='ltr'><strong>Nam</strong></span> <span class='ocrx_word' id='word_1_72' title='bbox 725 1247 818 1287; x_wconf 89' lang='lat' dir='ltr'><strong>cur</strong></span> <span class='ocrx_word' id='word_1_73' title='bbox 846 1232 1149 1302; x_wconf 77' lang='lat' dir='ltr'><strong>prudentem</strong></span> <span class='ocrx_word' id='word_1_74' title='bbox 1180 1240 1232 1285; x_wconf 92' lang='lat' dir='ltr'><strong>ct</strong></span> <span class='ocrx_word' id='word_1_75' title='bbox 1260 1231 1467 1286; x_wconf 87' lang='lat' dir='ltr'><strong>fidelem</strong></span> <span class='ocrx_word' id='word_1_76' title='bbox 1497 1247 1589 1299; x_wconf 88' lang='lat' dir='ltr'><strong>par</strong></span> <span class='ocrx_word' id='word_1_77' title='bbox 1611 1229 1855 1299; x_wconf 88' lang='lat' dir='ltr'><strong>cogitatio</strong></span> <span class='ocrx_word' id='word_1_78' title='bbox 1885 1242 1985 1281; x_wconf 90' lang='lat' dir='ltr'><strong>non</strong></span> <span class='ocrx_word' id='word_1_79' title='bbox 2012 1226 2134 1280; x_wconf 83' lang='lat' dir='ltr'><strong>sub-</strong></span> 
     </span>
    </p>
   </div>
   <div class='ocr_carea' id='block_1_10' title="bbox 572 1319 2136 1393">
    <p class='ocr_par' dir='ltr' id='par_1_10' title="bbox 572 1319 2136 1393">
     <span class='ocr_line' id='line_1_10' title="bbox 572 1319 2136 1393; baseline -0.002 -18"><span class='ocrx_word' id='word_1_80' title='bbox 572 1323 671 1376; x_wconf 76' lang='lat' dir='ltr'><strong>iit?</strong></span> <span class='ocrx_word' id='word_1_81' title='bbox 697 1323 821 1386; x_wconf 90' lang='lat' dir='ltr'><strong>Cur,</strong></span> <span class='ocrx_word' id='word_1_82' title='bbox 855 1325 1033 1387; x_wconf 86' lang='lat' dir='ltr'><strong>miser,</strong></span> <span class='ocrx_word' id='word_1_83' title='bbox 1062 1323 1182 1393; x_wconf 89' lang='lat' dir='ltr'><strong>quia</strong></span> <span class='ocrx_word' id='word_1_84' title='bbox 1222 1323 1391 1376; x_wconf 92' lang='lat' dir='ltr'><strong>tardat</strong></span> <span class='ocrx_word' id='word_1_85' title='bbox 1419 1322 1697 1387; x_wconf 77' lang='lat' dir='ltr'><strong>dOIIlanS,</strong></span> <span class='ocrx_word' id='word_1_86' title='bbox 1729 1319 1950 1390; x_wconf 79' lang='lat' dir='ltr'><strong>sperasti</strong></span> <span class='ocrx_word' id='word_1_87' title='bbox 1991 1319 2136 1373; x_wconf 90' lang='lat' dir='ltr'><strong>illum</strong></span> 
     </span>
    </p>
   </div>
   <div class='ocr_carea' id='block_1_11' title="bbox 573 1410 2139 1484">
    <p class='ocr_par' dir='ltr' id='par_1_11' title="bbox 573 1410 2139 1484">
     <span class='ocr_line' id='line_1_11' title="bbox 573 1410 2139 1484; baseline -0.004 -17"><span class='ocrx_word' id='word_1_88' title='bbox 573 1431 853 1484; x_wconf 81' lang='lat' dir='ltr'><strong>numquam</strong></span> <span class='ocrx_word' id='word_1_89' title='bbox 882 1415 1201 1468; x_wconf 74' lang='lat' dir='ltr'><strong>venturum?</strong></span> <span class='ocrx_word' id='word_1_90' title='bbox 1227 1429 1321 1468; x_wconf 85' lang='lat' dir='ltr'><strong>cur</strong></span> <span class='ocrx_word' id='word_1_91' title='bbox 1347 1430 1448 1467; x_wconf 90' lang='lat' dir='ltr'><strong>non</strong></span> <span class='ocrx_word' id='word_1_92' title='bbox 1477 1413 1728 1467; x_wconf 60' lang='lat' dir='ltr'><strong>sollicitus</strong></span> <span class='ocrx_word' id='word_1_93' title='bbox 1759 1410 1852 1466; x_wconf 84' lang='lat' dir='ltr'><strong>es?</strong></span> <span class='ocrx_word' id='word_1_94' title='bbox 1882 1411 2012 1464; x_wconf 86' lang='lat' dir='ltr'><strong>Hinc</strong></span> <span class='ocrx_word' id='word_1_95' title='bbox 2045 1410 2139 1480; x_wconf 85' lang='lat' dir='ltr'><strong>igi-</strong></span> 
     </span>
    </p>
   </div>
   <div class='ocr_carea' id='block_1_12' title="bbox 572 1504 2140 1573">
    <p class='ocr_par' dir='ltr' id='par_1_12' title="bbox 572 1504 2140 1573">
     <span class='ocr_line' id='line_1_12' title="bbox 572 1504 2140 1573; baseline -0.004 -13"><span class='ocrx_word' id='word_1_96' title='bbox 572 1517 655 1560; x_wconf 91' lang='lat' dir='ltr'><strong>tur</strong></span> <span class='ocrx_word' id='word_1_97' title='bbox 677 1507 946 1570; x_wconf 88' lang='lat' dir='ltr'><strong>discimus,</strong></span> <span class='ocrx_word' id='word_1_98' title='bbox 971 1522 1073 1560; x_wconf 91' lang='lat' dir='ltr'><strong>non</strong></span> <span class='ocrx_word' id='word_1_99' title='bbox 1099 1507 1304 1561; x_wconf 88' lang='lat' dir='ltr'><strong>tardare</strong></span> <span class='ocrx_word' id='word_1_100' title='bbox 1334 1506 1634 1560; x_wconf 89' lang='lat' dir='ltr'><strong>Dominum.</strong></span> <span class='ocrx_word' id='word_1_101' title='bbox 1659 1505 1779 1558; x_wconf 63' lang='lat' dir='ltr'><strong>Hac</strong></span> <span class='ocrx_word' id='word_1_102' title='bbox 1801 1504 1993 1573; x_wconf 83' lang='lat' dir='ltr'><strong>quippe</strong></span> <span class='ocrx_word' id='word_1_103' title='bbox 2019 1519 2140 1556; x_wconf 81' lang='lat' dir='ltr'><strong>seu-</strong></span> 
     </span>
    </p>
   </div>
   <div class='ocr_carea' id='block_1_13' title="bbox 572 1593 2137 1665">
    <p class='ocr_par' dir='ltr' id='par_1_13' title="bbox 572 1593 2137 1665">
     <span class='ocr_line' id='line_1_13' title="bbox 572 1593 2137 1665; baseline -0.003 -15"><span class='ocrx_word' id='word_1_104' title='bbox 572 1597 731 1650; x_wconf 87' lang='lat' dir='ltr'><strong>tentia</strong></span> <span class='ocrx_word' id='word_1_105' title='bbox 765 1611 864 1649; x_wconf 88' lang='lat' dir='ltr'><strong>non</strong></span> <span class='ocrx_word' id='word_1_106' title='bbox 890 1596 1105 1658; x_wconf 88' lang='lat' dir='ltr'><strong>domini,</strong></span> <span class='ocrx_word' id='word_1_107' title='bbox 1136 1597 1227 1650; x_wconf 92' lang='lat' dir='ltr'><strong>sed</strong></span> <span class='ocrx_word' id='word_1_108' title='bbox 1265 1596 1484 1665; x_wconf 89' lang='lat' dir='ltr'><strong>improbi</strong></span> <span class='ocrx_word' id='word_1_109' title='bbox 1514 1596 1651 1649; x_wconf 86' lang='lat' dir='ltr'><strong>servi</strong></span> <span class='ocrx_word' id='word_1_110' title='bbox 1681 1603 1799 1657; x_wconf 91' lang='lat' dir='ltr'><strong>est;</strong></span> <span class='ocrx_word' id='word_1_111' title='bbox 1833 1593 2059 1662; x_wconf 79' lang='lat' dir='ltr'><strong>ideoque</strong></span> <span class='ocrx_word' id='word_1_112' title='bbox 2087 1593 2137 1646; x_wconf 91' lang='lat' dir='ltr'><strong>in</strong></span> 
     </span>
    </p>
   </div>
   <div class='ocr_carea' id='block_1_14' title="bbox 571 1681 2137 1741">
    <p class='ocr_par' dir='ltr' id='par_1_14' title="bbox 571 1681 2137 1741">
     <span class='ocr_line' id='line_1_14' title="bbox 571 1681 2137 1741; baseline -0.004 -1"><span class='ocrx_word' id='word_1_113' title='bbox 571 1687 770 1740; x_wconf 90' lang='lat' dir='ltr'><strong>crimen</strong></span> <span class='ocrx_word' id='word_1_114' title='bbox 801 1697 1033 1740; x_wconf 77' lang='lat' dir='ltr'><strong>vocatur.</strong></span> <span class='ocrx_word' id='word_1_115' title='bbox 1065 1685 1178 1741; x_wconf 87' lang='lat' dir='ltr'><strong>Non</strong></span> <span class='ocrx_word' id='word_1_116' title='bbox 1219 1686 1425 1740; x_wconf 86' lang='lat' dir='ltr'><strong>tardare</strong></span> <span class='ocrx_word' id='word_1_117' title='bbox 1464 1687 1605 1739; x_wconf 90' lang='lat' dir='ltr'><strong>enim</strong></span> <span class='ocrx_word' id='word_1_118' title='bbox 1645 1684 1766 1737; x_wconf 89' lang='lat' dir='ltr'><strong>audi</strong></span> <span class='ocrx_word' id='word_1_119' title='bbox 1807 1683 2023 1736; x_wconf 84' lang='lat' dir='ltr'><strong>Paulum</strong></span> <span class='ocrx_word' id='word_1_120' title='bbox 2053 1681 2137 1734; x_wconf 86' lang='lat' dir='ltr'><strong>di-</strong></span> 
     </span>
    </p>
   </div>
   <div class='ocr_carea' id='block_1_15' title="bbox 571 1771 2138 1845">
    <p class='ocr_par' dir='ltr' id='par_1_15' title="bbox 571 1771 2138 1845">
     <span class='ocr_line' id='line_1_15' title="bbox 571 1771 2138 1845; baseline -0.005 -15"><span class='ocrx_word' id='word_1_121' title='bbox 571 1787 778 1830; x_wconf 89' lang='lat' dir='ltr'><strong>centem</strong></span> <span class='ocrx_word' id='word_1_122' title='bbox 811 1795 824 1829; x_wconf 87' lang='lat'><strong>:</strong></span> <span class='ocrx_word' id='word_1_123' title='bbox 859 1776 1102 1829; x_wconf 77' lang='lat' dir='ltr'><strong>Dominus</strong></span> <span class='ocrx_word' id='word_1_124' title='bbox 1131 1793 1285 1845; x_wconf 85' lang='lat' dir='ltr'><strong>prape</strong></span> <span class='ocrx_word' id='word_1_125' title='bbox 1313 1786 1418 1841; x_wconf 85' lang='lat' dir='ltr'><strong>est,</strong></span> <span class='ocrx_word' id='word_1_126' title='bbox 1451 1775 1578 1828; x_wconf 78' lang='lat' dir='ltr'><strong>nihil</strong></span> <span class='ocrx_word' id='word_1_127' title='bbox 1611 1775 1814 1828; x_wconf 84' lang='lat' dir='ltr'><strong>solliciti</strong></span> <span class='ocrx_word' id='word_1_128' title='bbox 1843 1775 1946 1827; x_wconf 86' lang='lat' dir='ltr'><strong>sitis</strong></span> <span class='ocrx_word' id='word_1_129' title='bbox 1975 1771 2138 1842; x_wconf 76' lang='lat' dir='ltr'><strong>(Plii-</strong></span> 
     </span>
    </p>
   </div>
   <div class='ocr_carea' id='block_1_16' title="bbox 571 1866 2136 1935">
    <p class='ocr_par' dir='ltr' id='par_1_16' title="bbox 571 1866 2136 1935">
     <span class='ocr_line' id='line_1_16' title="bbox 571 1866 2136 1935; baseline -0.003 -17"><span class='ocrx_word' id='word_1_130' title='bbox 571 1867 698 1935; x_wconf 84' lang='lat' dir='ltr'><strong>lipp.</strong></span> <span class='ocrx_word' id='word_1_131' title='bbox 731 1868 782 1919; x_wconf 75' lang='grc'><strong>4.</strong></span> <span class='ocrx_word' id='word_1_132' title='bbox 812 1866 862 1920; x_wconf 81' lang='lat'><strong>5.</strong></span> <span class='ocrx_word' id='word_1_133' title='bbox 893 1866 944 1933; x_wconf 89' lang='lat'><strong>6)</strong></span> <span class='ocrx_word' id='word_1_134' title='bbox 976 1883 989 1929; x_wconf 93' lang='lat'><strong>;</strong></span> <span class='ocrx_word' id='word_1_135' title='bbox 1021 1877 1092 1931; x_wconf 89' lang='lat' dir='ltr'><strong>et,</strong></span> <span class='ocrx_word' id='word_1_136' title='bbox 1128 1867 1225 1933; x_wconf 72' lang='lat' dir='ltr'><strong>Qui</strong></span> <span class='ocrx_word' id='word_1_137' title='bbox 1257 1877 1489 1919; x_wconf 81' lang='lat' dir='ltr'><strong>uenturus</strong></span> <span class='ocrx_word' id='word_1_138' title='bbox 1515 1877 1584 1919; x_wconf 87' lang='lat' dir='ltr'><strong>est</strong></span> <span class='ocrx_word' id='word_1_139' title='bbox 1611 1867 1767 1919; x_wconf 89' lang='lat' dir='ltr'><strong>veniet</strong></span> <span class='ocrx_word' id='word_1_140' title='bbox 1789 1908 1801 1928; x_wconf 91' lang='lat'><strong>,</strong></span> <span class='ocrx_word' id='word_1_141' title='bbox 1830 1876 1876 1917; x_wconf 90' lang='lat' dir='ltr'><strong>et</strong></span> <span class='ocrx_word' id='word_1_142' title='bbox 1905 1881 2002 1916; x_wconf 92' lang='lat' dir='ltr'><strong>non</strong></span> <span class='ocrx_word' id='word_1_143' title='bbox 2030 1872 2136 1914; x_wconf 83' lang='lat' dir='ltr'><strong>tar-</strong></span> 
     </span>
    </p>
   </div>
   <div class='ocr_carea' id='block_1_17' title="bbox 572 1955 2136 2029">
    <p class='ocr_par' dir='ltr' id='par_1_17' title="bbox 572 1955 2136 2029">
     <span class='ocr_line' id='line_1_17' title="bbox 572 1955 2136 2029; baseline -0.002 -20"><span class='ocrx_word' id='word_1_144' title='bbox 572 1959 707 2011; x_wconf 68' lang='lat' dir='ltr'><strong>dabit</strong></span> <span class='ocrx_word' id='word_1_145' title='bbox 738 1956 928 2029; x_wconf 67' lang='lat' dir='ltr'><strong>(Hebr.</strong></span> <span class='ocrx_word' id='word_1_146' title='bbox 962 1958 1044 2011; x_wconf 83' lang='lat' dir='ltr'><strong>lO.</strong></span> <span class='ocrx_word' id='word_1_147' title='bbox 1079 1959 1144 2011; x_wconf 78' lang='grc'><strong>57</strong></span> <span class='ocrx_word' id='word_1_148' title='bbox 1171 1965 1206 2025; x_wconf 89' lang='grc'><strong>).</strong></span> <span class='ocrx_word' id='word_1_149' title='bbox 1238 1957 1313 2010; x_wconf 89' lang='lat' dir='ltr'><strong>Tu</strong></span> <span class='ocrx_word' id='word_1_150' title='bbox 1355 1973 1480 2011; x_wconf 87' lang='lat' dir='ltr'><strong>vero</strong></span> <span class='ocrx_word' id='word_1_151' title='bbox 1517 1973 1632 2026; x_wconf 68' lang='lat' dir='ltr'><strong>qua:</strong></span> <span class='ocrx_word' id='word_1_152' title='bbox 1663 1968 1954 2025; x_wconf 85' lang='lat' dir='ltr'><strong>sequuntur</strong></span> <span class='ocrx_word' id='word_1_153' title='bbox 1980 1955 2136 2019; x_wconf 89' lang='lat' dir='ltr'><strong>audi,</strong></span> 
     </span>
    </p>
   </div>
   <div class='ocr_carea' id='block_1_18' title="bbox 573 2047 2138 2120">
    <p class='ocr_par' dir='ltr' id='par_1_18' title="bbox 573 2047 2138 2120">
     <span class='ocr_line' id='line_1_18' title="bbox 573 2047 2138 2120; baseline -0.003 -17"><span class='ocrx_word' id='word_1_154' title='bbox 573 2059 623 2103; x_wconf 86' lang='lat' dir='ltr'><strong>et</strong></span> <span class='ocrx_word' id='word_1_155' title='bbox 652 2050 796 2103; x_wconf 85' lang='lat' dir='ltr'><strong>disce</strong></span> <span class='ocrx_word' id='word_1_156' title='bbox 821 2065 974 2116; x_wconf 88' lang='lat' dir='ltr'><strong>quam</strong></span> <span class='ocrx_word' id='word_1_157' title='bbox 986 2048 1292 2120; x_wconf 84' lang='lat' dir='ltr'><strong>frequenter</strong></span> <span class='ocrx_word' id='word_1_158' title='bbox 1307 2049 1698 2117; x_wconf 69' lang='lat' dir='ltr'><strong>ignorationem</strong></span> <span class='ocrx_word' id='word_1_159' title='bbox 1715 2047 1816 2102; x_wconf 89' lang='lat' dir='ltr'><strong>diei</strong></span> <span class='ocrx_word' id='word_1_160' title='bbox 1839 2048 1890 2102; x_wconf 93' lang='lat' dir='ltr'><strong>in</strong></span> <span class='ocrx_word' id='word_1_161' title='bbox 1907 2056 2138 2101; x_wconf 90' lang='lat' dir='ltr'><strong>mentem</strong></span> 
     </span>
    </p>
   </div>
   <div class='ocr_carea' id='block_1_19' title="bbox 576 2136 2140 2204">
    <p class='ocr_par' dir='ltr' id='par_1_19' title="bbox 576 2136 2140 2204">
     <span class='ocr_line' id='line_1_19' title="bbox 576 2136 2140 2204; baseline -0.003 -10"><span class='ocrx_word' id='word_1_162' title='bbox 576 2148 788 2194; x_wconf 83' lang='lat' dir='ltr'><strong>revocet</strong></span> <span class='ocrx_word' id='word_1_163' title='bbox 812 2181 825 2204; x_wconf 94' lang='lat'><strong>,</strong></span> <span class='ocrx_word' id='word_1_164' title='bbox 860 2141 1030 2194; x_wconf 85' lang='lat' dir='ltr'><strong>servis</strong></span> <span class='ocrx_word' id='word_1_165' title='bbox 1069 2139 1353 2194; x_wconf 84' lang='lat' dir='ltr'><strong>ostendens</strong></span> <span class='ocrx_word' id='word_1_166' title='bbox 1388 2139 1436 2192; x_wconf 91' lang='lat' dir='ltr'><strong>id</strong></span> <span class='ocrx_word' id='word_1_167' title='bbox 1470 2139 1598 2192; x_wconf 91' lang='lat' dir='ltr'><strong>utile</strong></span> <span class='ocrx_word' id='word_1_168' title='bbox 1627 2153 1746 2191; x_wconf 80' lang='lat' dir='ltr'><strong>eSSe</strong></span> <span class='ocrx_word' id='word_1_169' title='bbox 1771 2179 1785 2202; x_wconf 91' lang='lat'><strong>,</strong></span> <span class='ocrx_word' id='word_1_170' title='bbox 1818 2148 1869 2190; x_wconf 92' lang='lat' dir='ltr'><strong>et</strong></span> <span class='ocrx_word' id='word_1_171' title='bbox 1897 2136 2140 2190; x_wconf 85' lang='lat' dir='ltr'><strong>sufficere</strong></span> 
     </span>
    </p>
   </div>
   <div class='ocr_carea' id='block_1_20' title="bbox 574 2225 2138 2298">
    <p class='ocr_par' dir='ltr' id='par_1_20' title="bbox 574 2225 2138 2298">
     <span class='ocr_line' id='line_1_20' title="bbox 574 2225 2138 2298; baseline -0.006 -12"><span class='ocrx_word' id='word_1_172' title='bbox 574 2243 627 2286; x_wconf 91' lang='lat' dir='ltr'><strong>ut</strong></span> <span class='ocrx_word' id='word_1_173' title='bbox 660 2234 774 2287; x_wconf 86' lang='lat' dir='ltr'><strong>illos</strong></span> <span class='ocrx_word' id='word_1_174' title='bbox 805 2247 833 2284; x_wconf 91' lang='lat' dir='ltr'><strong>a</strong></span> <span class='ocrx_word' id='word_1_175' title='bbox 865 2245 1051 2286; x_wconf 81' lang='lat' dir='ltr'><strong>somno</strong></span> <span class='ocrx_word' id='word_1_176' title='bbox 1079 2232 1270 2285; x_wconf 79' lang='lat' dir='ltr'><strong>excitet</strong></span> <span class='ocrx_word' id='word_1_177' title='bbox 1294 2238 1349 2283; x_wconf 89' lang='lat' dir='ltr'><strong>et</strong></span> <span class='ocrx_word' id='word_1_178' title='bbox 1375 2230 1558 2298; x_wconf 90' lang='lat' dir='ltr'><strong>erigat.</strong></span> <span class='ocrx_word' id='word_1_179' title='bbox 1592 2228 1726 2294; x_wconf 85' lang='lat' dir='ltr'><strong>Quid</strong></span> <span class='ocrx_word' id='word_1_180' title='bbox 1766 2227 1906 2281; x_wconf 87' lang='lat' dir='ltr'><strong>enim</strong></span> <span class='ocrx_word' id='word_1_181' title='bbox 1936 2227 1978 2279; x_wconf 90' lang='lat' dir='ltr'><strong>si</strong></span> <span class='ocrx_word' id='word_1_182' title='bbox 2011 2225 2138 2279; x_wconf 89' lang='lat' dir='ltr'><strong>nihil</strong></span> 
     </span>
    </p>
   </div>
   <div class='ocr_carea' id='block_1_21' title="bbox 572 2319 2141 2392">
    <p class='ocr_par' dir='ltr' id='par_1_21' title="bbox 572 2319 2141 2392">
     <span class='ocr_line' id='line_1_21' title="bbox 572 2319 2141 2392; baseline -0.004 -16"><span class='ocrx_word' id='word_1_183' title='bbox 572 2325 781 2392; x_wconf 88' lang='lat' dir='ltr'><strong>quidam</strong></span> <span class='ocrx_word' id='word_1_184' title='bbox 814 2323 934 2376; x_wconf 88' lang='lat' dir='ltr'><strong>inde</strong></span> <span class='ocrx_word' id='word_1_185' title='bbox 962 2324 1146 2377; x_wconf 85' lang='lat' dir='ltr'><strong>lucrati</strong></span> <span class='ocrx_word' id='word_1_186' title='bbox 1173 2323 1331 2376; x_wconf 83' lang='lat' dir='ltr'><strong>sunt?</strong></span> <span class='ocrx_word' id='word_1_187' title='bbox 1361 2321 1542 2391; x_wconf 83' lang='lat' dir='ltr'><strong>Neque</strong></span> <span class='ocrx_word' id='word_1_188' title='bbox 1564 2322 1704 2375; x_wconf 89' lang='lat' dir='ltr'><strong>enim</strong></span> <span class='ocrx_word' id='word_1_189' title='bbox 1727 2319 1793 2374; x_wconf 88' lang='lat' dir='ltr'><strong>ab</strong></span> <span class='ocrx_word' id='word_1_190' title='bbox 1817 2319 1932 2373; x_wconf 86' lang='lat' dir='ltr'><strong>aliis</strong></span> <span class='ocrx_word' id='word_1_191' title='bbox 1954 2319 2141 2388; x_wconf 84' lang='lat' dir='ltr'><strong>juvan-</strong></span> 
     </span>
    </p>
   </div>
   <div class='ocr_carea' id='block_1_22' title="bbox 574 2414 2140 2485">
    <p class='ocr_par' dir='ltr' id='par_1_22' title="bbox 574 2414 2140 2485">
     <span class='ocr_line' id='line_1_22' title="bbox 574 2414 2140 2485; baseline -0.004 -16"><span class='ocrx_word' id='word_1_192' title='bbox 574 2418 710 2469; x_wconf 82' lang='lat' dir='ltr'><strong>tibus</strong></span> <span class='ocrx_word' id='word_1_193' title='bbox 751 2415 873 2485; x_wconf 89' lang='lat' dir='ltr'><strong>quid</strong></span> <span class='ocrx_word' id='word_1_194' title='bbox 919 2416 1186 2484; x_wconf 76' lang='lat' dir='ltr'><strong>assequati</strong></span> <span class='ocrx_word' id='word_1_195' title='bbox 1228 2425 1392 2468; x_wconf 89' lang='lat' dir='ltr'><strong>sunt:</strong></span> <span class='ocrx_word' id='word_1_196' title='bbox 1427 2426 1655 2470; x_wconf 82' lang='lat' dir='ltr'><strong>attamen</strong></span> <span class='ocrx_word' id='word_1_197' title='bbox 1704 2414 1788 2467; x_wconf 92' lang='lat' dir='ltr'><strong>hic</strong></span> <span class='ocrx_word' id='word_1_198' title='bbox 1829 2428 1930 2466; x_wconf 90' lang='lat' dir='ltr'><strong>non</strong></span> <span class='ocrx_word' id='word_1_199' title='bbox 1970 2421 2140 2466; x_wconf 84' lang='lat' dir='ltr'><strong>cessat</strong></span> 
     </span>
    </p>
   </div>
   <div class='ocr_carea' id='block_1_23' title="bbox 572 2503 2142 2576">
    <p class='ocr_par' dir='ltr' id='par_1_23' title="bbox 572 2503 2142 2576">
     <span class='ocr_line' id='line_1_23' title="bbox 572 2503 2142 2576; baseline -0.003 -17"><span class='ocrx_word' id='word_1_200' title='bbox 572 2522 690 2576; x_wconf 79' lang='lat' dir='ltr'><strong>quze</strong></span> <span class='ocrx_word' id='word_1_201' title='bbox 717 2523 806 2560; x_wconf 81' lang='lat' dir='ltr'><strong>saa</strong></span> <span class='ocrx_word' id='word_1_202' title='bbox 839 2517 960 2559; x_wconf 86' lang='lat' dir='ltr'><strong>sunt</strong></span> <span class='ocrx_word' id='word_1_203' title='bbox 988 2506 1176 2560; x_wconf 81' lang='lat' dir='ltr'><strong>facere.</strong></span> <span class='ocrx_word' id='word_1_204' title='bbox 1207 2507 1338 2574; x_wconf 81' lang='lat' dir='ltr'><strong>Quid</strong></span> <span class='ocrx_word' id='word_1_205' title='bbox 1367 2522 1512 2576; x_wconf 86' lang='lat' dir='ltr'><strong>ergo,</strong></span> <span class='ocrx_word' id='word_1_206' title='bbox 1543 2507 1765 2574; x_wconf 73' lang='lat' dir='ltr'><strong>llit’lllit&#39;S,</strong></span> <span class='ocrx_word' id='word_1_207' title='bbox 1799 2506 1847 2556; x_wconf 91' lang='lat' dir='ltr'><strong>in</strong></span> <span class='ocrx_word' id='word_1_208' title='bbox 1875 2503 2142 2573; x_wconf 87' lang='lat' dir='ltr'><strong>sequenti-</strong></span> 
     </span>
    </p>
   </div>
   <div class='ocr_carea' id='block_1_24' title="bbox 574 2595 2139 2668">
    <p class='ocr_par' dir='ltr' id='par_1_24' title="bbox 574 2595 2139 2668">
     <span class='ocr_line' id='line_1_24' title="bbox 574 2595 2139 2668; baseline -0.002 -18"><span class='ocrx_word' id='word_1_209' title='bbox 574 2597 706 2650; x_wconf 75' lang='lat' dir='ltr'><strong>bus?</strong></span> <span class='ocrx_word' id='word_1_210' title='bbox 737 2595 906 2650; x_wconf 82' lang='lat' dir='ltr'><strong>Veniet</strong></span> <span class='ocrx_word' id='word_1_211' title='bbox 929 2615 1026 2668; x_wconf 82' lang='lat' dir='ltr'><strong>qua</strong></span> <span class='ocrx_word' id='word_1_212' title='bbox 1053 2599 1132 2650; x_wconf 89' lang='lat' dir='ltr'><strong>die</strong></span> <span class='ocrx_word' id='word_1_213' title='bbox 1161 2616 1258 2650; x_wconf 85' lang='lat' dir='ltr'><strong>non</strong></span> <span class='ocrx_word' id='word_1_214' title='bbox 1286 2608 1552 2667; x_wconf 74' lang='lat' dir='ltr'><strong>exspectat,</strong></span> <span class='ocrx_word' id='word_1_215' title='bbox 1580 2608 1625 2650; x_wconf 88' lang='lat' dir='ltr'><strong>et</strong></span> <span class='ocrx_word' id='word_1_216' title='bbox 1651 2599 1774 2651; x_wconf 84' lang='lat' dir='ltr'><strong>hora</strong></span> <span class='ocrx_word' id='word_1_217' title='bbox 1797 2614 1894 2666; x_wconf 87' lang='lat' dir='ltr'><strong>qua</strong></span> <span class='ocrx_word' id='word_1_218' title='bbox 1922 2598 2139 2667; x_wconf 84' lang='lat' dir='ltr'><strong>ignorat,</strong></span> 
     </span>
    </p>
   </div>
   <div class='ocr_carea' id='block_1_25' title="bbox 572 2687 2143 2758">
    <p class='ocr_par' dir='ltr' id='par_1_25' title="bbox 572 2687 2143 2758">
     <span class='ocr_line' id='line_1_25' title="bbox 572 2687 2143 2758; baseline -0.001 -15"><span class='ocrx_word' id='word_1_219' title='bbox 572 2697 626 2743; x_wconf 89' lang='lat' dir='ltr'><strong>et</strong></span> <span class='ocrx_word' id='word_1_220' title='bbox 654 2697 883 2742; x_wconf 87' lang='lat' dir='ltr'><strong>extrema</strong></span> <span class='ocrx_word' id='word_1_221' title='bbox 922 2689 1017 2756; x_wconf 86' lang='lat' dir='ltr'><strong>ipsi</strong></span> <span class='ocrx_word' id='word_1_222' title='bbox 1061 2687 1270 2744; x_wconf 84' lang='lat' dir='ltr'><strong>inferet.</strong></span> <span class='ocrx_word' id='word_1_223' title='bbox 1305 2688 1466 2742; x_wconf 79' lang='lat' dir='ltr'><strong>Vides</strong></span> <span class='ocrx_word' id='word_1_224' title='bbox 1504 2688 1771 2758; x_wconf 88' lang='lat' dir='ltr'><strong>quomodo</strong></span> <span class='ocrx_word' id='word_1_225' title='bbox 1811 2687 1912 2742; x_wconf 91' lang='lat' dir='ltr'><strong>hoc</strong></span> <span class='ocrx_word' id='word_1_226' title='bbox 1951 2689 2143 2756; x_wconf 85' lang='lat' dir='ltr'><strong>ubique</strong></span> 
     </span>
    </p>
   </div>
   <div class='ocr_carea' id='block_1_26' title="bbox 576 2779 2142 2849">
    <p class='ocr_par' dir='ltr' id='par_1_26' title="bbox 576 2779 2142 2849">
     <span class='ocr_line' id='line_1_26' title="bbox 576 2779 2142 2849; baseline -0.001 -18"><span class='ocrx_word' id='word_1_227' title='bbox 576 2788 799 2848; x_wconf 80' lang='lat' dir='ltr'><strong>repetat,</strong></span> <span class='ocrx_word' id='word_1_228' title='bbox 834 2780 1244 2849; x_wconf 66' lang='lat' dir='ltr'><strong>ignorantiaaqre</strong></span> <span class='ocrx_word' id='word_1_229' title='bbox 1277 2780 1548 2832; x_wconf 80' lang='lat' dir='ltr'><strong>utilitatem</strong></span> <span class='ocrx_word' id='word_1_230' title='bbox 1590 2785 1869 2843; x_wconf 79' lang='lat' dir='ltr'><strong>monstret,</strong></span> <span class='ocrx_word' id='word_1_231' title='bbox 1898 2779 1973 2832; x_wconf 92' lang='lat' dir='ltr'><strong>sic</strong></span> <span class='ocrx_word' id='word_1_232' title='bbox 1998 2779 2142 2832; x_wconf 84' lang='lat' dir='ltr'><strong>solli-</strong></span> 
     </span>
    </p>
   </div>
   <div class='ocr_carea' id='block_1_27' title="bbox 573 2869 2140 2940">
    <p class='ocr_par' dir='ltr' id='par_1_27' title="bbox 573 2869 2140 2940">
     <span class='ocr_line' id='line_1_27' title="bbox 573 2869 2140 2940; baseline -0.001 -19"><span class='ocrx_word' id='word_1_233' title='bbox 573 2870 708 2922; x_wconf 87' lang='lat' dir='ltr'><strong>citos</strong></span> <span class='ocrx_word' id='word_1_234' title='bbox 734 2885 942 2937; x_wconf 78' lang='lat' dir='ltr'><strong>semper</strong></span> <span class='ocrx_word' id='word_1_235' title='bbox 971 2869 1236 2924; x_wconf 82' lang='lat' dir='ltr'><strong>reddens?</strong></span> <span class='ocrx_word' id='word_1_236' title='bbox 1267 2870 1375 2923; x_wconf 88' lang='lat' dir='ltr'><strong>Hoc</strong></span> <span class='ocrx_word' id='word_1_237' title='bbox 1405 2871 1542 2924; x_wconf 91' lang='lat' dir='ltr'><strong>enim</strong></span> <span class='ocrx_word' id='word_1_238' title='bbox 1570 2877 1653 2924; x_wconf 91' lang='lat' dir='ltr'><strong>est</strong></span> <span class='ocrx_word' id='word_1_239' title='bbox 1679 2870 1819 2940; x_wconf 90' lang='lat' dir='ltr'><strong>quod</strong></span> <span class='ocrx_word' id='word_1_240' title='bbox 1853 2869 2015 2938; x_wconf 89' lang='lat' dir='ltr'><strong>magis</strong></span> <span class='ocrx_word' id='word_1_241' title='bbox 2044 2883 2140 2922; x_wconf 91' lang='lat' dir='ltr'><strong>cu-</strong></span> 
     </span>
    </p>
   </div>
   <div class='ocr_carea' id='block_1_28' title="bbox 575 2960 2140 3034">
    <p class='ocr_par' dir='ltr' id='par_1_28' title="bbox 575 2960 2140 3034">
     <span class='ocr_line' id='line_1_28' title="bbox 575 2960 2140 3034; baseline -0.001 -17"><span class='ocrx_word' id='word_1_242' title='bbox 575 2973 690 3028; x_wconf 87' lang='lat' dir='ltr'><strong>rat,</strong></span> <span class='ocrx_word' id='word_1_243' title='bbox 721 2974 777 3017; x_wconf 93' lang='lat' dir='ltr'><strong>ut</strong></span> <span class='ocrx_word' id='word_1_244' title='bbox 806 2978 1016 3032; x_wconf 82' lang='lat' dir='ltr'><strong>semper</strong></span> <span class='ocrx_word' id='word_1_245' title='bbox 1043 2964 1311 3032; x_wconf 78' lang='lat' dir='ltr'><strong>vigilemus</strong></span> <span class='ocrx_word' id='word_1_246' title='bbox 1339 2981 1350 3016; x_wconf 92' lang='lat'><strong>:</strong></span> <span class='ocrx_word' id='word_1_247' title='bbox 1381 2972 1432 3017; x_wconf 90' lang='lat' dir='ltr'><strong>et</strong></span> <span class='ocrx_word' id='word_1_248' title='bbox 1457 2963 1578 3034; x_wconf 87' lang='lat' dir='ltr'><strong>quia</strong></span> <span class='ocrx_word' id='word_1_249' title='bbox 1615 2978 1824 3031; x_wconf 85' lang='lat' dir='ltr'><strong>semper</strong></span> <span class='ocrx_word' id='word_1_250' title='bbox 1855 2962 1904 3015; x_wconf 90' lang='lat' dir='ltr'><strong>in</strong></span> <span class='ocrx_word' id='word_1_251' title='bbox 1936 2960 2140 3015; x_wconf 88' lang='lat' dir='ltr'><strong>deliciis</strong></span> 
     </span>
    </p>
   </div>
   <div class='ocr_carea' id='block_1_29' title="bbox 575 3052 2140 3123">
    <p class='ocr_par' dir='ltr' id='par_1_29' title="bbox 575 3052 2140 3123">
     <span class='ocr_line' id='line_1_29' title="bbox 575 3052 2140 3123; baseline 0.002 -19"><span class='ocrx_word' id='word_1_252' title='bbox 575 3053 848 3119; x_wconf 70' lang='lat' dir='ltr'><strong>caducus,</strong></span> <span class='ocrx_word' id='word_1_253' title='bbox 899 3055 949 3107; x_wconf 88' lang='lat' dir='ltr'><strong>in</strong></span> <span class='ocrx_word' id='word_1_254' title='bbox 993 3054 1378 3109; x_wconf 80' lang='lat' dir='ltr'><strong>calamitatibus</strong></span> <span class='ocrx_word' id='word_1_255' title='bbox 1420 3069 1546 3108; x_wconf 84' lang='lat' dir='ltr'><strong>vero</strong></span> <span class='ocrx_word' id='word_1_256' title='bbox 1583 3053 1978 3123; x_wconf 89' lang='lat' dir='ltr'><strong>resipiscimus,</strong></span> <span class='ocrx_word' id='word_1_257' title='bbox 2020 3052 2140 3107; x_wconf 92' lang='lat' dir='ltr'><strong>ideo</strong></span> 
     </span>
    </p>
   </div>
   <div class='ocr_carea' id='block_1_30' title="bbox 575 3144 2141 3215">
    <p class='ocr_par' dir='ltr' id='par_1_30' title="bbox 575 3144 2141 3215">
     <span class='ocr_line' id='line_1_30' title="bbox 575 3144 2141 3215; baseline -0.002 -15"><span class='ocrx_word' id='word_1_258' title='bbox 575 3145 769 3214; x_wconf 82' lang='lat' dir='ltr'><strong>ubique</strong></span> <span class='ocrx_word' id='word_1_259' title='bbox 808 3144 907 3199; x_wconf 87' lang='lat' dir='ltr'><strong>hoc</strong></span> <span class='ocrx_word' id='word_1_260' title='bbox 935 3144 1094 3208; x_wconf 88' lang='lat' dir='ltr'><strong>dicit,</strong></span> <span class='ocrx_word' id='word_1_261' title='bbox 1126 3145 1336 3214; x_wconf 87' lang='lat' dir='ltr'><strong>quando</strong></span> <span class='ocrx_word' id='word_1_262' title='bbox 1376 3145 1582 3200; x_wconf 90' lang='lat' dir='ltr'><strong>remissi</strong></span> <span class='ocrx_word' id='word_1_263' title='bbox 1619 3146 1920 3215; x_wconf 82' lang='lat' dir='ltr'><strong>inertesque</strong></span> <span class='ocrx_word' id='word_1_264' title='bbox 1957 3157 2141 3199; x_wconf 88' lang='lat' dir='ltr'><strong>sumus</strong></span> 
     </span>
    </p>
   </div>
   <div class='ocr_carea' id='block_1_31' title="bbox 576 3237 2140 3308">
    <p class='ocr_par' dir='ltr' id='par_1_31' title="bbox 576 3237 2140 3308">
     <span class='ocr_line' id='line_1_31' title="bbox 576 3237 2140 3308; baseline 0 -17"><span class='ocrx_word' id='word_1_265' title='bbox 576 3249 700 3293; x_wconf 91' lang='lat' dir='ltr'><strong>tunc</strong></span> <span class='ocrx_word' id='word_1_266' title='bbox 721 3237 854 3291; x_wconf 90' lang='lat' dir='ltr'><strong>mala</strong></span> <span class='ocrx_word' id='word_1_267' title='bbox 877 3237 1135 3292; x_wconf 87' lang='lat' dir='ltr'><strong>accidere.</strong></span> <span class='ocrx_word' id='word_1_268' title='bbox 1160 3238 1235 3291; x_wconf 84' lang='lat' dir='ltr'><strong>Ac</strong></span> <span class='ocrx_word' id='word_1_269' title='bbox 1261 3237 1700 3307; x_wconf 89' lang='lat' dir='ltr'><strong>quemadmodum</strong></span> <span class='ocrx_word' id='word_1_270' title='bbox 1729 3252 1884 3308; x_wconf 84' lang='lat' dir='ltr'><strong>supra</strong></span> <span class='ocrx_word' id='word_1_271' title='bbox 1911 3252 2005 3307; x_wconf 92' lang='lat' dir='ltr'><strong>per</strong></span> <span class='ocrx_word' id='word_1_272' title='bbox 2029 3237 2140 3291; x_wconf 82' lang='lat' dir='ltr'><strong>Noe</strong></span> 
     </span>
    </p>
   </div>
   <div class='ocr_carea' id='block_1_32' title="bbox 576 3327 2137 3394">
    <p class='ocr_par' dir='ltr' id='par_1_32' title="bbox 576 3327 2137 3394">
     <span class='ocr_line' id='line_1_32' title="bbox 576 3327 2137 3394; baseline 0.001 -12"><span class='ocrx_word' id='word_1_273' title='bbox 576 3327 677 3382; x_wconf 81' lang='lat' dir='ltr'><strong>hoc</strong></span> <span class='ocrx_word' id='word_1_274' title='bbox 701 3328 983 3382; x_wconf 88' lang='lat' dir='ltr'><strong>declaravit</strong></span> <span class='ocrx_word' id='word_1_275' title='bbox 1009 3345 1022 3381; x_wconf 92' lang='lat'><strong>:</strong></span> <span class='ocrx_word' id='word_1_276' title='bbox 1050 3329 1124 3383; x_wconf 90' lang='lat' dir='ltr'><strong>sic</strong></span> <span class='ocrx_word' id='word_1_277' title='bbox 1145 3337 1197 3383; x_wconf 90' lang='lat' dir='ltr'><strong>et</strong></span> <span class='ocrx_word' id='word_1_278' title='bbox 1219 3328 1302 3383; x_wconf 93' lang='lat' dir='ltr'><strong>hic</strong></span> <span class='ocrx_word' id='word_1_279' title='bbox 1324 3329 1413 3394; x_wconf 86' lang='lat' dir='ltr'><strong>ait,</strong></span> <span class='ocrx_word' id='word_1_280' title='bbox 1437 3328 1566 3384; x_wconf 89' lang='lat' dir='ltr'><strong>Cum</strong></span> <span class='ocrx_word' id='word_1_281' title='bbox 1590 3344 1775 3382; x_wconf 86' lang='lat' dir='ltr'><strong>servus</strong></span> <span class='ocrx_word' id='word_1_282' title='bbox 1803 3329 1891 3384; x_wconf 89' lang='lat' dir='ltr'><strong>ille</strong></span> <span class='ocrx_word' id='word_1_283' title='bbox 1913 3330 2137 3386; x_wconf 81' lang='lat' dir='ltr'><strong>inebria-</strong></span> 
     </span>
    </p>
   </div>
   <div class='ocr_carea' id='block_1_33' title="bbox 576 3421 2136 3492">
    <p class='ocr_par' dir='ltr' id='par_1_33' title="bbox 576 3421 2136 3492">
     <span class='ocr_line' id='line_1_33' title="bbox 576 3421 2136 3492; baseline 0.001 -17"><span class='ocrx_word' id='word_1_284' title='bbox 576 3432 688 3484; x_wconf 87' lang='lat' dir='ltr'><strong>tur.</strong></span> <span class='ocrx_word' id='word_1_285' title='bbox 720 3437 838 3476; x_wconf 92' lang='lat' dir='ltr'><strong>cum</strong></span> <span class='ocrx_word' id='word_1_286' title='bbox 872 3422 1148 3484; x_wconf 87' lang='lat' dir='ltr'><strong>verberat.</strong></span> <span class='ocrx_word' id='word_1_287' title='bbox 1181 3431 1303 3476; x_wconf 91' lang='lat' dir='ltr'><strong>tunc</strong></span> <span class='ocrx_word' id='word_1_288' title='bbox 1339 3421 1652 3492; x_wconf 78' lang='lat' dir='ltr'><strong>supplicium</strong></span> <span class='ocrx_word' id='word_1_289' title='bbox 1679 3431 1761 3475; x_wconf 91' lang='lat' dir='ltr'><strong>est</strong></span> <span class='ocrx_word' id='word_1_290' title='bbox 1789 3421 2136 3476; x_wconf 75' lang='lat' dir='ltr'><strong>intolerabile.</strong></span> 
     </span>
    </p>
   </div>
   <div class='ocr_carea' id='block_1_34' title="bbox 577 3510 2139 3580">
    <p class='ocr_par' dir='ltr' id='par_1_34' title="bbox 577 3510 2139 3580">
     <span class='ocr_line' id='line_1_34' title="bbox 577 3510 2139 3580; baseline -0.001 -16"><span class='ocrx_word' id='word_1_291' title='bbox 577 3510 766 3565; x_wconf 90' lang='lat' dir='ltr'><strong>Verum</strong></span> <span class='ocrx_word' id='word_1_292' title='bbox 813 3526 878 3566; x_wconf 88' lang='lat' dir='ltr'><strong>ne</strong></span> <span class='ocrx_word' id='word_1_293' title='bbox 923 3512 1235 3580; x_wconf 87' lang='lat' dir='ltr'><strong>supplicium</strong></span> <span class='ocrx_word' id='word_1_294' title='bbox 1277 3511 1374 3580; x_wconf 89' lang='lat' dir='ltr'><strong>ipsi</strong></span> <span class='ocrx_word' id='word_1_295' title='bbox 1412 3511 1730 3565; x_wconf 89' lang='lat' dir='ltr'><strong>destinatum</strong></span> <span class='ocrx_word' id='word_1_296' title='bbox 1770 3510 2139 3577; x_wconf 90' lang='lat' dir='ltr'><strong>solummodo,</strong></span> 
     </span>
    </p>
   </div>
   <div class='ocr_carea' id='block_1_35' title="bbox 575 3601 2138 3672">
    <p class='ocr_par' dir='ltr' id='par_1_35' title="bbox 575 3601 2138 3672">
     <span class='ocr_line' id='line_1_35' title="bbox 575 3601 2138 3672; baseline 0 -16"><span class='ocrx_word' id='word_1_297' title='bbox 575 3602 666 3656; x_wconf 90' lang='lat' dir='ltr'><strong>sed</strong></span> <span class='ocrx_word' id='word_1_298' title='bbox 696 3603 820 3657; x_wconf 83' lang='lat' dir='ltr'><strong>illud</strong></span> <span class='ocrx_word' id='word_1_299' title='bbox 850 3604 1006 3656; x_wconf 90' lang='lat' dir='ltr'><strong>ctiam</strong></span> <span class='ocrx_word' id='word_1_300' title='bbox 1033 3602 1458 3668; x_wconf 89' lang='lat' dir='ltr'><strong>consideremus,</strong></span> <span class='ocrx_word' id='word_1_301' title='bbox 1491 3617 1559 3656; x_wconf 88' lang='lat' dir='ltr'><strong>ne</strong></span> <span class='ocrx_word' id='word_1_302' title='bbox 1586 3601 1721 3656; x_wconf 87' lang='lat' dir='ltr'><strong>forte</strong></span> <span class='ocrx_word' id='word_1_303' title='bbox 1751 3610 1804 3658; x_wconf 89' lang='lat' dir='ltr'><strong>et</strong></span> <span class='ocrx_word' id='word_1_304' title='bbox 1831 3602 1927 3672; x_wconf 91' lang='lat' dir='ltr'><strong>ipsi</strong></span> <span class='ocrx_word' id='word_1_305' title='bbox 1955 3602 2138 3657; x_wconf 89' lang='lat' dir='ltr'><strong>eadem</strong></span> 
     </span>
    </p>
   </div>
   <div class='ocr_carea' id='block_1_36' title="bbox 573 3693 1384 3764">
    <p class='ocr_par' dir='ltr' id='par_1_36' title="bbox 573 3693 1384 3764">
     <span class='ocr_line' id='line_1_36' title="bbox 573 3693 1384 3764; baseline 0 -18"><span class='ocrx_word' id='word_1_306' title='bbox 573 3703 787 3764; x_wconf 84' lang='lat' dir='ltr'><strong>agentes</strong></span> <span class='ocrx_word' id='word_1_307' title='bbox 814 3693 863 3747; x_wconf 92' lang='lat' dir='ltr'><strong>id</strong></span> <span class='ocrx_word' id='word_1_308' title='bbox 898 3709 1002 3748; x_wconf 92' lang='lat' dir='ltr'><strong>non</strong></span> <span class='ocrx_word' id='word_1_309' title='bbox 1032 3693 1384 3748; x_wconf 88' lang='lat' dir='ltr'><strong>advertamns.</strong></span> 
     </span>
    </p>
   </div>
   <div class='ocr_carea' id='block_1_37' title="bbox 645 3781 2139 3854">
    <p class='ocr_par' dir='ltr' id='par_1_37' title="bbox 645 3781 2139 3854">
     <span class='ocr_line' id='line_1_37' title="bbox 645 3781 2139 3854; baseline 0.002 -20"><span class='ocrx_word' id='word_1_310' title='bbox 645 3781 1023 3854; x_wconf 80' lang='lat' dir='ltr'><strong>Eleemosynaut</strong></span> <span class='ocrx_word' id='word_1_311' title='bbox 1061 3783 1392 3837; x_wconf 77' lang='lat' dir='ltr'><strong>commendat.</strong></span> <span class='ocrx_word' id='word_1_312' title='bbox 1422 3813 1492 3823; x_wconf 93' lang='lat'><strong>—</strong></span> <span class='ocrx_word' id='word_1_313' title='bbox 1522 3783 1731 3839; x_wconf 84' lang='lat' dir='ltr'><strong>Etenim</strong></span> <span class='ocrx_word' id='word_1_314' title='bbox 1776 3783 1896 3838; x_wconf 88' lang='lat' dir='ltr'><strong>huic</strong></span> <span class='ocrx_word' id='word_1_315' title='bbox 1937 3781 2139 3837; x_wconf 81' lang='lat' dir='ltr'><strong>similes</strong></span> 
     </span>
    </p>
   </div>
   <div class='ocr_carea' id='block_1_38' title="bbox 571 3873 2138 3944">
    <p class='ocr_par' dir='ltr' id='par_1_38' title="bbox 571 3873 2138 3944">
     <span class='ocr_line' id='line_1_38' title="bbox 571 3873 2138 3944; baseline -0.001 -17"><span class='ocrx_word' id='word_1_316' title='bbox 571 3883 694 3927; x_wconf 86' lang='lat' dir='ltr'><strong>sunt</strong></span> <span class='ocrx_word' id='word_1_317' title='bbox 726 3873 794 3926; x_wconf 88' lang='lat' dir='ltr'><strong>illi</strong></span> <span class='ocrx_word' id='word_1_318' title='bbox 826 3875 911 3940; x_wconf 91' lang='lat' dir='ltr'><strong>qui</strong></span> <span class='ocrx_word' id='word_1_319' title='bbox 947 3875 1193 3942; x_wconf 88' lang='lat' dir='ltr'><strong>pecunias</strong></span> <span class='ocrx_word' id='word_1_320' title='bbox 1224 3873 1480 3927; x_wconf 79' lang='lat' dir='ltr'><strong>habentes</strong></span> <span class='ocrx_word' id='word_1_321' title='bbox 1500 3915 1512 3937; x_wconf 95' lang='lat'><strong>,</strong></span> <span class='ocrx_word' id='word_1_322' title='bbox 1540 3875 1721 3944; x_wconf 77' lang='lat' dir='ltr'><strong>egenis</strong></span> <span class='ocrx_word' id='word_1_323' title='bbox 1760 3889 1863 3928; x_wconf 92' lang='lat' dir='ltr'><strong>non</strong></span> <span class='ocrx_word' id='word_1_324' title='bbox 1902 3873 2138 3942; x_wconf 85' lang='lat' dir='ltr'><strong>largiun-</strong></span> 
     </span>
    </p>
   </div>
   <div class='ocr_carea' id='block_1_39' title="bbox 572 3945 2140 4034">
    <p class='ocr_par' dir='ltr' id='par_1_39' title="bbox 572 3945 2140 4034">
     <span class='ocr_line' id='line_1_39' title="bbox 572 3945 2140 4034; baseline 0 -18"><span class='ocrx_word' id='word_1_325' title='bbox 572 3975 656 4018; x_wconf 88' lang='lat' dir='ltr'><strong>tur</strong></span> <span class='ocrx_word' id='word_1_326' title='bbox 686 3982 697 4017; x_wconf 94' lang='lat'>:</span> <span class='ocrx_word' id='word_1_327' title='bbox 726 3964 766 4017; x_wconf 85' lang='lat' dir='ltr'><strong>si</strong></span> <span class='ocrx_word' id='word_1_328' title='bbox 795 3963 1004 4032; x_wconf 89' lang='lat' dir='ltr'><strong>quidem</strong></span> <span class='ocrx_word' id='word_1_329' title='bbox 1035 3973 1085 4018; x_wconf 88' lang='lat' dir='ltr'><strong>et</strong></span> <span class='ocrx_word' id='word_1_330' title='bbox 1116 3972 1166 4017; x_wconf 89' lang='lat' dir='ltr'><strong>tu</strong></span> <span class='ocrx_word' id='word_1_331' title='bbox 1197 3945 1540 4034; x_wconf 60' lang='lat' dir='ltr'><strong>pecuniarum</strong></span> <span class='ocrx_word' id='word_1_332' title='bbox 1574 3973 1777 4019; x_wconf 88' lang='lat' dir='ltr'><strong>tuarum</strong></span> <span class='ocrx_word' id='word_1_333' title='bbox 1807 3963 2140 4032; x_wconf 85' lang='lat' dir='ltr'><strong>dispensator</strong></span> 
     </span>
    </p>
   </div>
   <div class='ocr_carea' id='block_1_40' title="bbox 569 4055 2140 4124">
    <p class='ocr_par' dir='ltr' id='par_1_40' title="bbox 569 4055 2140 4124">
     <span class='ocr_line' id='line_1_40' title="bbox 569 4055 2140 4124; baseline 0 -16"><span class='ocrx_word' id='word_1_334' title='bbox 569 4071 628 4108; x_wconf 91' lang='lat' dir='ltr'><strong>cs</strong></span> <span class='ocrx_word' id='word_1_335' title='bbox 652 4097 666 4118; x_wconf 92' lang='lat'><strong>,</strong></span> <span class='ocrx_word' id='word_1_336' title='bbox 700 4070 800 4107; x_wconf 89' lang='lat' dir='ltr'><strong>non</strong></span> <span class='ocrx_word' id='word_1_337' title='bbox 843 4056 1015 4108; x_wconf 73' lang='lat' dir='ltr'><strong>minus</strong></span> <span class='ocrx_word' id='word_1_338' title='bbox 1054 4071 1207 4123; x_wconf 88' lang='lat' dir='ltr'><strong>quam</strong></span> <span class='ocrx_word' id='word_1_339' title='bbox 1242 4056 1284 4108; x_wconf 92' lang='lat' dir='ltr'><strong>is</strong></span> <span class='ocrx_word' id='word_1_340' title='bbox 1313 4056 1400 4124; x_wconf 92' lang='lat' dir='ltr'><strong>qui</strong></span> <span class='ocrx_word' id='word_1_341' title='bbox 1443 4056 1690 4111; x_wconf 65' lang='lat' dir='ltr'><strong>Ecclesia:</strong></span> <span class='ocrx_word' id='word_1_342' title='bbox 1735 4057 1868 4111; x_wconf 89' lang='lat' dir='ltr'><strong>bona</strong></span> <span class='ocrx_word' id='word_1_343' title='bbox 1910 4055 2140 4110; x_wconf 87' lang='lat' dir='ltr'><strong>admini-</strong></span> 
     </span>
    </p>
   </div>
   <div class='ocr_carea' id='block_1_41' title="bbox 571 4144 2140 4216">
    <p class='ocr_par' dir='ltr' id='par_1_41' title="bbox 571 4144 2140 4216">
     <span class='ocr_line' id='line_1_41' title="bbox 571 4144 2140 4216; baseline 0.002 -18"><span class='ocrx_word' id='word_1_344' title='bbox 571 4155 722 4198; x_wconf 86' lang='lat' dir='ltr'><strong>strat.</strong></span> <span class='ocrx_word' id='word_1_345' title='bbox 753 4144 820 4200; x_wconf 88' lang='lat' dir='ltr'><strong>Ut</strong></span> <span class='ocrx_word' id='word_1_346' title='bbox 860 4147 998 4199; x_wconf 89' lang='lat' dir='ltr'><strong>enim</strong></span> <span class='ocrx_word' id='word_1_347' title='bbox 1045 4146 1129 4200; x_wconf 91' lang='lat' dir='ltr'><strong>hic</strong></span> <span class='ocrx_word' id='word_1_348' title='bbox 1170 4161 1229 4198; x_wconf 87' lang='lat' dir='ltr'><strong>ea</strong></span> <span class='ocrx_word' id='word_1_349' title='bbox 1273 4161 1391 4216; x_wconf 67' lang='lat' dir='ltr'><strong>quae</strong></span> <span class='ocrx_word' id='word_1_350' title='bbox 1429 4162 1456 4199; x_wconf 90' lang='lat' dir='ltr'><strong>a</strong></span> <span class='ocrx_word' id='word_1_351' title='bbox 1498 4148 1645 4201; x_wconf 89' lang='lat' dir='ltr'><strong>vobis</strong></span> <span class='ocrx_word' id='word_1_352' title='bbox 1684 4163 1780 4216; x_wconf 86' lang='lat' dir='ltr'><strong>pro</strong></span> <span class='ocrx_word' id='word_1_353' title='bbox 1825 4147 2140 4216; x_wconf 82' lang='lat' dir='ltr'><strong>pauperibus</strong></span> 
     </span>
    </p>
   </div>
   <div class='ocr_carea' id='block_1_42' title="bbox 571 4237 2138 4307">
    <p class='ocr_par' dir='ltr' id='par_1_42' title="bbox 571 4237 2138 4307">
     <span class='ocr_line' id='line_1_42' title="bbox 571 4237 2138 4307; baseline 0.003 -19"><span class='ocrx_word' id='word_1_354' title='bbox 571 4245 782 4306; x_wconf 77' lang='lat' dir='ltr'><strong>erogata</strong></span> <span class='ocrx_word' id='word_1_355' title='bbox 822 4246 944 4290; x_wconf 88' lang='lat' dir='ltr'><strong>sunt</strong></span> <span class='ocrx_word' id='word_1_356' title='bbox 965 4278 978 4301; x_wconf 91' lang='lat'><strong>,</strong></span> <span class='ocrx_word' id='word_1_357' title='bbox 1011 4252 1110 4290; x_wconf 90' lang='lat' dir='ltr'><strong>non</strong></span> <span class='ocrx_word' id='word_1_358' title='bbox 1148 4247 1322 4306; x_wconf 89' lang='lat' dir='ltr'><strong>potest</strong></span> <span class='ocrx_word' id='word_1_359' title='bbox 1360 4253 1455 4307; x_wconf 90' lang='lat' dir='ltr'><strong>pro</strong></span> <span class='ocrx_word' id='word_1_360' title='bbox 1484 4237 1649 4291; x_wconf 90' lang='lat' dir='ltr'><strong>lubito</strong></span> <span class='ocrx_word' id='word_1_361' title='bbox 1675 4247 1728 4292; x_wconf 91' lang='lat' dir='ltr'><strong>et</strong></span> <span class='ocrx_word' id='word_1_362' title='bbox 1759 4248 1958 4292; x_wconf 92' lang='lat' dir='ltr'><strong>temere</strong></span> <span class='ocrx_word' id='word_1_363' title='bbox 1985 4253 2138 4307; x_wconf 89' lang='lat' dir='ltr'><strong>spar-</strong></span> 
     </span>
    </p>
   </div>
   <div class='ocr_carea' id='block_1_43' title="bbox 571 4327 2140 4397">
    <p class='ocr_par' dir='ltr' id='par_1_43' title="bbox 571 4327 2140 4397">
     <span class='ocr_line' id='line_1_43' title="bbox 571 4327 2140 4397; baseline 0.006 -22"><span class='ocrx_word' id='word_1_364' title='bbox 571 4341 697 4396; x_wconf 71' lang='lat' dir='ltr'><strong>gere</strong></span> <span class='ocrx_word' id='word_1_365' title='bbox 720 4368 735 4392; x_wconf 94' lang='lat'><strong>,</strong></span> <span class='ocrx_word' id='word_1_366' title='bbox 767 4327 886 4395; x_wconf 85' lang='lat' dir='ltr'><strong>quia</strong></span> <span class='ocrx_word' id='word_1_367' title='bbox 933 4327 981 4381; x_wconf 91' lang='lat' dir='ltr'><strong>in</strong></span> <span class='ocrx_word' id='word_1_368' title='bbox 1034 4344 1317 4397; x_wconf 88' lang='lat' dir='ltr'><strong>pauperum</strong></span> <span class='ocrx_word' id='word_1_369' title='bbox 1353 4330 1490 4383; x_wconf 56' lang='lat' dir='ltr'><strong>data:</strong></span> <span class='ocrx_word' id='word_1_370' title='bbox 1527 4338 1648 4383; x_wconf 88' lang='lat' dir='ltr'><strong>sunt</strong></span> <span class='ocrx_word' id='word_1_371' title='bbox 1676 4330 1982 4383; x_wconf 88' lang='lat' dir='ltr'><strong>alimentum</strong></span> <span class='ocrx_word' id='word_1_372' title='bbox 2017 4347 2030 4382; x_wconf 83' lang='lat'><strong>:</strong></span> <span class='ocrx_word' id='word_1_373' title='bbox 2063 4330 2140 4385; x_wconf 86' lang='lat' dir='ltr'><strong>sic</strong></span> 
     </span>
    </p>
   </div>
   <div class='ocr_carea' id='block_1_44' title="bbox 574 4418 2139 4489">
    <p class='ocr_par' dir='ltr' id='par_1_44' title="bbox 574 4418 2139 4489">
     <span class='ocr_line' id='line_1_44' title="bbox 574 4418 2139 4489; baseline 0.003 -19"><span class='ocrx_word' id='word_1_374' title='bbox 574 4432 671 4472; x_wconf 86' lang='lat' dir='ltr'><strong>nec</strong></span> <span class='ocrx_word' id='word_1_375' title='bbox 698 4425 750 4471; x_wconf 92' lang='lat' dir='ltr'><strong>tu</strong></span> <span class='ocrx_word' id='word_1_376' title='bbox 783 4426 888 4471; x_wconf 91' lang='lat' dir='ltr'><strong>tua.</strong></span> <span class='ocrx_word' id='word_1_377' title='bbox 921 4418 1138 4472; x_wconf 87' lang='lat' dir='ltr'><strong>Etiamsi</strong></span> <span class='ocrx_word' id='word_1_378' title='bbox 1165 4420 1304 4473; x_wconf 91' lang='lat' dir='ltr'><strong>enim</strong></span> <span class='ocrx_word' id='word_1_379' title='bbox 1337 4429 1608 4489; x_wconf 81' lang='lat' dir='ltr'><strong>paternam</strong></span> <span class='ocrx_word' id='word_1_380' title='bbox 1635 4421 1903 4489; x_wconf 87' lang='lat' dir='ltr'><strong>acceperis</strong></span> <span class='ocrx_word' id='word_1_381' title='bbox 1932 4420 2139 4475; x_wconf 84' lang='lat' dir='ltr'><strong>heredi-</strong></span> 
     </span>
    </p>
   </div>
   <div class='ocr_carea' id='block_1_45' title="bbox 571 4510 2138 4582">
    <p class='ocr_par' dir='ltr' id='par_1_45' title="bbox 571 4510 2138 4582">
     <span class='ocr_line' id='line_1_45' title="bbox 571 4510 2138 4582; baseline 0.003 -21"><span class='ocrx_word' id='word_1_382' title='bbox 571 4518 729 4562; x_wconf 82' lang='lat' dir='ltr'><strong>tatem</strong></span> <span class='ocrx_word' id='word_1_383' title='bbox 751 4549 764 4572; x_wconf 93' lang='lat'><strong>,</strong></span> <span class='ocrx_word' id='word_1_384' title='bbox 797 4518 954 4580; x_wconf 90' lang='lat' dir='ltr'><strong>atque</strong></span> <span class='ocrx_word' id='word_1_385' title='bbox 982 4510 1057 4564; x_wconf 89' lang='lat' dir='ltr'><strong>sic</strong></span> <span class='ocrx_word' id='word_1_386' title='bbox 1088 4513 1261 4565; x_wconf 88' lang='lat' dir='ltr'><strong>omnia</strong></span> <span class='ocrx_word' id='word_1_387' title='bbox 1304 4522 1388 4566; x_wconf 90' lang='lat' dir='ltr'><strong>tua</strong></span> <span class='ocrx_word' id='word_1_388' title='bbox 1434 4511 1703 4582; x_wconf 86' lang='lat' dir='ltr'><strong>possideas</strong></span> <span class='ocrx_word' id='word_1_389' title='bbox 1738 4529 1751 4565; x_wconf 89' lang='lat'><strong>:</strong></span> <span class='ocrx_word' id='word_1_390' title='bbox 1783 4521 2013 4566; x_wconf 88' lang='lat' dir='ltr'><strong>attamen</strong></span> <span class='ocrx_word' id='word_1_391' title='bbox 2048 4512 2138 4568; x_wconf 91' lang='lat' dir='ltr'><strong>Dei</strong></span> 
     </span>
    </p>
   </div>
   <div class='ocr_carea' id='block_1_46' title="bbox 570 4599 2140 4672">
    <p class='ocr_par' dir='ltr' id='par_1_46' title="bbox 570 4599 2140 4672">
     <span class='ocr_line' id='line_1_46' title="bbox 570 4599 2140 4672; baseline 0.003 -19"><span class='ocrx_word' id='word_1_392' title='bbox 570 4611 692 4653; x_wconf 85' lang='lat' dir='ltr'><strong>sunt</strong></span> <span class='ocrx_word' id='word_1_393' title='bbox 720 4599 830 4654; x_wconf 78' lang='lat' dir='ltr'><strong>lucc</strong></span> <span class='ocrx_word' id='word_1_394' title='bbox 855 4601 1050 4654; x_wconf 88' lang='lat' dir='ltr'><strong>omnia.</strong></span> <span class='ocrx_word' id='word_1_395' title='bbox 1081 4602 1217 4656; x_wconf 91' lang='lat' dir='ltr'><strong>Sane</strong></span> <span class='ocrx_word' id='word_1_396' title='bbox 1247 4619 1362 4672; x_wconf 67' lang='lat' dir='ltr'><strong>quae</strong></span> <span class='ocrx_word' id='word_1_397' title='bbox 1393 4614 1444 4657; x_wconf 92' lang='lat' dir='ltr'><strong>tu</strong></span> <span class='ocrx_word' id='word_1_398' title='bbox 1469 4603 1660 4658; x_wconf 86' lang='lat' dir='ltr'><strong>dedisti</strong></span> <span class='ocrx_word' id='word_1_399' title='bbox 1692 4605 1769 4656; x_wconf 89' lang='lat' dir='ltr'><strong>vis</strong></span> <span class='ocrx_word' id='word_1_400' title='bbox 1794 4612 2038 4657; x_wconf 87' lang='lat' dir='ltr'><strong>accurate</strong></span> <span class='ocrx_word' id='word_1_401' title='bbox 2062 4604 2140 4658; x_wconf 83' lang='lat' dir='ltr'><strong>di-</strong></span> 
     </span>
    </p>
   </div>
   <div class='ocr_carea' id='block_1_47' title="bbox 572 4691 2136 4764">
    <p class='ocr_par' dir='ltr' id='par_1_47' title="bbox 572 4691 2136 4764">
     <span class='ocr_line' id='line_1_47' title="bbox 572 4691 2136 4764; baseline 0.005 -21"><span class='ocrx_word' id='word_1_402' title='bbox 572 4691 808 4759; x_wconf 87' lang='lat' dir='ltr'><strong>spensari</strong></span> <span class='ocrx_word' id='word_1_403' title='bbox 833 4706 846 4744; x_wconf 90' lang='lat'>:</span> <span class='ocrx_word' id='word_1_404' title='bbox 871 4706 1045 4746; x_wconf 89' lang='lat' dir='ltr'><strong>annon</strong></span> <span class='ocrx_word' id='word_1_405' title='bbox 1072 4701 1222 4762; x_wconf 86' lang='lat' dir='ltr'><strong>putas</strong></span> <span class='ocrx_word' id='word_1_406' title='bbox 1249 4693 1413 4747; x_wconf 89' lang='lat' dir='ltr'><strong>Deum</strong></span> <span class='ocrx_word' id='word_1_407' title='bbox 1440 4710 1531 4748; x_wconf 87' lang='lat' dir='ltr'><strong>sua</strong></span> <span class='ocrx_word' id='word_1_408' title='bbox 1561 4710 1588 4747; x_wconf 87' lang='lat' dir='ltr'><strong>a</strong></span> <span class='ocrx_word' id='word_1_409' title='bbox 1617 4695 1767 4748; x_wconf 89' lang='lat' dir='ltr'><strong>nobis</strong></span> <span class='ocrx_word' id='word_1_410' title='bbox 1795 4697 1996 4764; x_wconf 81' lang='lat' dir='ltr'><strong>majore</strong></span> <span class='ocrx_word' id='word_1_411' title='bbox 2019 4712 2136 4752; x_wconf 90' lang='lat' dir='ltr'><strong>cum</strong></span> 
     </span>
    </p>
   </div>
   <div class='ocr_carea' id='block_1_48' title="bbox 571 4782 2140 4856">
    <p class='ocr_par' dir='ltr' id='par_1_48' title="bbox 571 4782 2140 4856">
     <span class='ocr_line' id='line_1_48' title="bbox 571 4782 2140 4856; baseline 0.006 -22"><span class='ocrx_word' id='word_1_412' title='bbox 571 4782 897 4836; x_wconf 86' lang='lat' dir='ltr'><strong>vehementia</strong></span> <span class='ocrx_word' id='word_1_413' title='bbox 926 4786 1290 4853; x_wconf 78' lang='lat' dir='ltr'><strong>repetiturum,</strong></span> <span class='ocrx_word' id='word_1_414' title='bbox 1324 4786 1415 4840; x_wconf 89' lang='lat' dir='ltr'><strong>scd</strong></span> <span class='ocrx_word' id='word_1_415' title='bbox 1445 4786 1546 4840; x_wconf 91' lang='lat' dir='ltr'><strong>illis</strong></span> <span class='ocrx_word' id='word_1_416' title='bbox 1573 4795 1770 4841; x_wconf 90' lang='lat' dir='ltr'><strong>temere</strong></span> <span class='ocrx_word' id='word_1_417' title='bbox 1801 4790 2140 4856; x_wconf 88' lang='lat' dir='ltr'><strong>pereuntibus</strong></span> 
     </span>
    </p>
   </div>
   <div class='ocr_carea' id='block_1_49' title="bbox 573 4873 2137 4938">
    <p class='ocr_par' dir='ltr' id='par_1_49' title="bbox 573 4873 2137 4938">
     <span class='ocr_line' id='line_1_49' title="bbox 573 4873 2137 4938; baseline 0.003 -13"><span class='ocrx_word' id='word_1_418' title='bbox 573 4873 623 4926; x_wconf 92' lang='lat' dir='ltr'><strong>id</strong></span> <span class='ocrx_word' id='word_1_419' title='bbox 650 4873 917 4927; x_wconf 84' lang='lat' dir='ltr'><strong>laturum?</strong></span> <span class='ocrx_word' id='word_1_420' title='bbox 944 4873 1057 4929; x_wconf 89' lang='lat' dir='ltr'><strong>Non</strong></span> <span class='ocrx_word' id='word_1_421' title='bbox 1088 4877 1152 4928; x_wconf 89' lang='lat' dir='ltr'><strong>ita</strong></span> <span class='ocrx_word' id='word_1_422' title='bbox 1189 4890 1272 4929; x_wconf 76' lang='lat' dir='ltr'><strong>res</strong></span> <span class='ocrx_word' id='word_1_423' title='bbox 1297 4891 1353 4929; x_wconf 89' lang='lat' dir='ltr'><strong>se</strong></span> <span class='ocrx_word' id='word_1_424' title='bbox 1383 4875 1560 4938; x_wconf 88' lang='lat' dir='ltr'><strong>habet,</strong></span> <span class='ocrx_word' id='word_1_425' title='bbox 1591 4891 1692 4930; x_wconf 89' lang='lat' dir='ltr'><strong>non</strong></span> <span class='ocrx_word' id='word_1_426' title='bbox 1724 4876 1791 4930; x_wconf 85' lang='lat' dir='ltr'><strong>ita</strong></span> <span class='ocrx_word' id='word_1_427' title='bbox 1820 4884 1984 4931; x_wconf 86' lang='lat' dir='ltr'><strong>certe.</strong></span> <span class='ocrx_word' id='word_1_428' title='bbox 2011 4876 2137 4931; x_wconf 87' lang='lat' dir='ltr'><strong>Nam</strong></span> 
     </span>
    </p>
   </div>
   <div class='ocr_carea' id='block_1_50' title="bbox 575 4963 2140 5036">
    <p class='ocr_par' dir='ltr' id='par_1_50' title="bbox 575 4963 2140 5036">
     <span class='ocr_line' id='line_1_50' title="bbox 575 4963 2140 5036; baseline 0.006 -19"><span class='ocrx_word' id='word_1_429' title='bbox 575 4963 688 5017; x_wconf 70' lang='lat' dir='ltr'><strong>huc</strong></span> <span class='ocrx_word' id='word_1_430' title='bbox 714 4963 832 5020; x_wconf 77' lang='lat' dir='ltr'><strong>ideo</strong></span> <span class='ocrx_word' id='word_1_431' title='bbox 859 4965 996 5034; x_wconf 83' lang='lat' dir='ltr'><strong>apud</strong></span> <span class='ocrx_word' id='word_1_432' title='bbox 1029 4976 1078 5020; x_wconf 93' lang='lat' dir='ltr'><strong>te</strong></span> <span class='ocrx_word' id='word_1_433' title='bbox 1111 4967 1354 5036; x_wconf 83' lang='lat' dir='ltr'><strong>reliquit,</strong></span> <span class='ocrx_word' id='word_1_434' title='bbox 1390 4978 1446 5020; x_wconf 91' lang='lat' dir='ltr'><strong>ut</strong></span> <span class='ocrx_word' id='word_1_435' title='bbox 1475 4968 1567 5021; x_wconf 86' lang='lat' dir='ltr'><strong>des</strong></span> <span class='ocrx_word' id='word_1_436' title='bbox 1593 4983 1767 5022; x_wconf 90' lang='lat' dir='ltr'><strong>escam</strong></span> <span class='ocrx_word' id='word_1_437' title='bbox 1797 4969 1897 5023; x_wconf 90' lang='lat' dir='ltr'><strong>illis</strong></span> <span class='ocrx_word' id='word_1_438' title='bbox 1925 4971 1976 5023; x_wconf 91' lang='lat' dir='ltr'><strong>in</strong></span> <span class='ocrx_word' id='word_1_439' title='bbox 2009 4980 2140 5025; x_wconf 87' lang='lat' dir='ltr'><strong>tem-</strong></span> 
     </span>
    </p>
   </div>
   <div class='ocr_carea' id='block_1_51' title="bbox 572 5059 2140 5131">
    <p class='ocr_par' dir='ltr' id='par_1_51' title="bbox 572 5059 2140 5131">
     <span class='ocr_line' id='line_1_51' title="bbox 572 5059 2140 5131; baseline 0.007 -26"><span class='ocrx_word' id='word_1_440' title='bbox 572 5071 700 5124; x_wconf 84' lang='lat' dir='ltr'><strong>pore</strong></span> <span class='ocrx_word' id='word_1_441' title='bbox 738 5067 1054 5124; x_wconf 89' lang='lat' dir='ltr'><strong>opportuno.</strong></span> <span class='ocrx_word' id='word_1_442' title='bbox 1095 5059 1226 5126; x_wconf 85' lang='lat' dir='ltr'><strong>Quid</strong></span> <span class='ocrx_word' id='word_1_443' title='bbox 1272 5069 1353 5113; x_wconf 83' lang='lat' dir='ltr'><strong>est</strong></span> <span class='ocrx_word' id='word_1_444' title='bbox 1378 5103 1390 5124; x_wconf 88' lang='lat'><strong>,</strong></span> <span class='ocrx_word' id='word_1_445' title='bbox 1433 5061 1482 5114; x_wconf 91' lang='lat' dir='ltr'><strong>in</strong></span> <span class='ocrx_word' id='word_1_446' title='bbox 1525 5070 1761 5130; x_wconf 91' lang='lat' dir='ltr'><strong>tempore</strong></span> <span class='ocrx_word' id='word_1_447' title='bbox 1801 5064 2140 5131; x_wconf 82' lang='lat' dir='ltr'><strong>opportuno?</strong></span> 
     </span>
    </p>
   </div>
   <div class='ocr_carea' id='block_1_52' title="bbox 574 5146 2142 5224">
    <p class='ocr_par' dir='ltr' id='par_1_52' title="bbox 574 5146 2142 5224">
     <span class='ocr_line' id='line_1_52' title="bbox 574 5146 2142 5224; baseline 0.004 -26"><span class='ocrx_word' id='word_1_448' title='bbox 574 5146 762 5213; x_wconf 80' lang='lat' dir='ltr'><strong>Egcnis</strong></span> <span class='ocrx_word' id='word_1_449' title='bbox 785 5189 798 5212; x_wconf 95' lang='lat'><strong>,</strong></span> <span class='ocrx_word' id='word_1_450' title='bbox 832 5149 1204 5202; x_wconf 82' lang='lat' dir='ltr'><strong>esurientibus.</strong></span> <span class='ocrx_word' id='word_1_451' title='bbox 1239 5149 1384 5204; x_wconf 88' lang='lat' dir='ltr'><strong>Sicut</strong></span> <span class='ocrx_word' id='word_1_452' title='bbox 1415 5152 1570 5224; x_wconf 76' lang='lat' dir='ltr'><strong>igjtur</strong></span> <span class='ocrx_word' id='word_1_453' title='bbox 1602 5162 1654 5205; x_wconf 92' lang='lat' dir='ltr'><strong>tu</strong></span> <span class='ocrx_word' id='word_1_454' title='bbox 1683 5168 1940 5208; x_wconf 90' lang='lat' dir='ltr'><strong>conservo</strong></span> <span class='ocrx_word' id='word_1_455' title='bbox 1966 5153 2029 5207; x_wconf 87' lang='lat' dir='ltr'><strong>ad</strong></span> <span class='ocrx_word' id='word_1_456' title='bbox 2060 5154 2142 5206; x_wconf 88' lang='lat' dir='ltr'><strong>di-</strong></span> 
     </span>
    </p>
   </div>
   <div class='ocr_carea' id='block_1_53' title="bbox 484 5239 2141 5312">
    <p class='ocr_par' dir='ltr' id='par_1_53' title="bbox 484 5239 2141 5312">
     <span class='ocr_line' id='line_1_53' title="bbox 484 5239 2141 5312; baseline 0.003 -18"><span class='ocrx_word' id='word_1_457' title='bbox 484 5275 498 5294; x_wconf 71' lang='lat'><strong>.</strong></span> <span class='ocrx_word' id='word_1_458' title='bbox 571 5239 922 5305; x_wconf 86' lang='lat' dir='ltr'><strong>spensandum</strong></span> <span class='ocrx_word' id='word_1_459' title='bbox 963 5239 1152 5293; x_wconf 83' lang='lat' dir='ltr'><strong>dedisti</strong></span> <span class='ocrx_word' id='word_1_460' title='bbox 1179 5282 1193 5305; x_wconf 95' lang='lat'><strong>,</strong></span> <span class='ocrx_word' id='word_1_461' title='bbox 1223 5243 1296 5293; x_wconf 82' lang='lat' dir='ltr'><strong>sic</strong></span> <span class='ocrx_word' id='word_1_462' title='bbox 1340 5243 1590 5296; x_wconf 85' lang='lat' dir='ltr'><strong>Do-uinus</strong></span> <span class='ocrx_word' id='word_1_463' title='bbox 1620 5253 1669 5298; x_wconf 91' lang='lat' dir='ltr'><strong>te</strong></span> <span class='ocrx_word' id='word_1_464' title='bbox 1700 5244 1807 5297; x_wconf 91' lang='lat' dir='ltr'><strong>vult</strong></span> <span class='ocrx_word' id='word_1_465' title='bbox 1843 5254 1896 5298; x_wconf 93' lang='lat' dir='ltr'><strong>ut</strong></span> <span class='ocrx_word' id='word_1_466' title='bbox 1939 5260 2030 5312; x_wconf 88' lang='lat' dir='ltr'><strong>par</strong></span> <span class='ocrx_word' id='word_1_467' title='bbox 2059 5255 2141 5299; x_wconf 89' lang='lat' dir='ltr'><strong>est</strong></span> 
     </span>
    </p>
   </div>
   <div class='ocr_carea' id='block_1_54' title="bbox 571 5329 2135 5405">
    <p class='ocr_par' dir='ltr' id='par_1_54' title="bbox 571 5329 2135 5405">
     <span class='ocr_line' id='line_1_54' title="bbox 571 5329 2135 5405; baseline 0.006 -24"><span class='ocrx_word' id='word_1_468' title='bbox 571 5329 888 5398; x_wconf 77' lang='lat' dir='ltr'><strong>expendere.</strong></span> <span class='ocrx_word' id='word_1_469' title='bbox 920 5330 1061 5393; x_wconf 90' lang='lat' dir='ltr'><strong>ldeo,</strong></span> <span class='ocrx_word' id='word_1_470' title='bbox 1088 5346 1206 5384; x_wconf 91' lang='lat' dir='ltr'><strong>cum</strong></span> <span class='ocrx_word' id='word_1_471' title='bbox 1236 5333 1400 5400; x_wconf 88' lang='lat' dir='ltr'><strong>possit</strong></span> <span class='ocrx_word' id='word_1_472' title='bbox 1424 5334 1649 5398; x_wconf 90' lang='lat' dir='ltr'><strong>auferre,</strong></span> <span class='ocrx_word' id='word_1_473' title='bbox 1673 5334 1918 5405; x_wconf 88' lang='lat' dir='ltr'><strong>relinquit</strong></span> <span class='ocrx_word' id='word_1_474' title='bbox 1942 5344 2135 5402; x_wconf 90' lang='lat' dir='ltr'><strong>tamen,</strong></span> 
     </span>
    </p>
   </div>
   <div class='ocr_carea' id='block_1_55' title="bbox 573 5422 2136 5496">
    <p class='ocr_par' dir='ltr' id='par_1_55' title="bbox 573 5422 2136 5496">
     <span class='ocr_line' id='line_1_55' title="bbox 573 5422 2136 5496; baseline 0.005 -23"><span class='ocrx_word' id='word_1_475' title='bbox 573 5433 629 5473; x_wconf 88' lang='lat' dir='ltr'><strong>ut</strong></span> <span class='ocrx_word' id='word_1_476' title='bbox 656 5422 856 5474; x_wconf 80' lang='lat' dir='ltr'><strong>virtutis</strong></span> <span class='ocrx_word' id='word_1_477' title='bbox 885 5423 1194 5477; x_wconf 64' lang='lat' dir='ltr'><strong>exercendae</strong></span> <span class='ocrx_word' id='word_1_478' title='bbox 1222 5425 1554 5478; x_wconf 86' lang='lat' dir='ltr'><strong>occasionem</strong></span> <span class='ocrx_word' id='word_1_479' title='bbox 1597 5426 1822 5489; x_wconf 90' lang='lat' dir='ltr'><strong>habeas;</strong></span> <span class='ocrx_word' id='word_1_480' title='bbox 1855 5435 2012 5496; x_wconf 88' lang='lat' dir='ltr'><strong>utque</strong></span> <span class='ocrx_word' id='word_1_481' title='bbox 2041 5443 2136 5481; x_wconf 91' lang='lat' dir='ltr'><strong>cu-</strong></span> 
     </span>
    </p>
   </div>
   <div class='ocr_carea' id='block_1_56' title="bbox 574 5512 2137 5584">
    <p class='ocr_par' dir='ltr' id='par_1_56' title="bbox 574 5512 2137 5584">
     <span class='ocr_line' id='line_1_56' title="bbox 574 5512 2137 5584; baseline 0.007 -22"><span class='ocrx_word' id='word_1_482' title='bbox 574 5512 737 5565; x_wconf 88' lang='lat' dir='ltr'><strong>rando</strong></span> <span class='ocrx_word' id='word_1_483' title='bbox 768 5523 821 5564; x_wconf 92' lang='lat' dir='ltr'><strong>ut</strong></span> <span class='ocrx_word' id='word_1_484' title='bbox 848 5515 979 5568; x_wconf 87' lang='lat' dir='ltr'><strong>alter</strong></span> <span class='ocrx_word' id='word_1_485' title='bbox 1008 5517 1171 5569; x_wconf 88' lang='lat' dir='ltr'><strong>altero</strong></span> <span class='ocrx_word' id='word_1_486' title='bbox 1201 5527 1417 5584; x_wconf 82' lang='lat' dir='ltr'><strong>egeret,</strong></span> <span class='ocrx_word' id='word_1_487' title='bbox 1457 5528 1691 5571; x_wconf 89' lang='lat' dir='ltr'><strong>mutuam</strong></span> <span class='ocrx_word' id='word_1_488' title='bbox 1730 5519 1999 5574; x_wconf 89' lang='lat' dir='ltr'><strong>caritatem</strong></span> <span class='ocrx_word' id='word_1_489' title='bbox 2032 5519 2137 5574; x_wconf 85' lang='lat' dir='ltr'><strong>fer—</strong></span> 
     </span>
    </p>
   </div>
   <div class='ocr_carea' id='block_1_57' title="bbox 574 5605 2136 5680">
    <p class='ocr_par' dir='ltr' id='par_1_57' title="bbox 574 5605 2136 5680">
     <span class='ocr_line' id='line_1_57' title="bbox 574 5605 2136 5680; baseline 0.006 -24"><span class='ocrx_word' id='word_1_490' title='bbox 574 5605 859 5659; x_wconf 79' lang='lat' dir='ltr'><strong>ventiorem</strong></span> <span class='ocrx_word' id='word_1_491' title='bbox 890 5607 1151 5662; x_wconf 81' lang='lat' dir='ltr'><strong>redderet.</strong></span> <span class='ocrx_word' id='word_1_492' title='bbox 1179 5609 1254 5662; x_wconf 89' lang='lat' dir='ltr'><strong>Tu</strong></span> <span class='ocrx_word' id='word_1_493' title='bbox 1284 5625 1408 5663; x_wconf 89' lang='lat' dir='ltr'><strong>vero</strong></span> <span class='ocrx_word' id='word_1_494' title='bbox 1433 5619 1711 5679; x_wconf 88' lang='lat' dir='ltr'><strong>postquam</strong></span> <span class='ocrx_word' id='word_1_495' title='bbox 1741 5613 2006 5680; x_wconf 90' lang='lat' dir='ltr'><strong>accepisti,</strong></span> <span class='ocrx_word' id='word_1_496' title='bbox 2034 5627 2136 5666; x_wconf 87' lang='lat' dir='ltr'><strong>non</strong></span> 
     </span>
    </p>
   </div>
   <div class='ocr_carea' id='block_1_58' title="bbox 569 5697 2138 5769">
    <p class='ocr_par' dir='ltr' id='par_1_58' title="bbox 569 5697 2138 5769">
     <span class='ocr_line' id='line_1_58' title="bbox 569 5697 2138 5769; baseline 0.006 -20"><span class='ocrx_word' id='word_1_497' title='bbox 569 5697 738 5750; x_wconf 83' lang='lat' dir='ltr'><strong>solum</strong></span> <span class='ocrx_word' id='word_1_498' title='bbox 770 5711 872 5749; x_wconf 88' lang='lat' dir='ltr'><strong>non</strong></span> <span class='ocrx_word' id='word_1_499' title='bbox 901 5697 1014 5762; x_wconf 89' lang='lat' dir='ltr'><strong>das,</strong></span> <span class='ocrx_word' id='word_1_500' title='bbox 1047 5700 1135 5752; x_wconf 90' lang='lat' dir='ltr'><strong>sed</strong></span> <span class='ocrx_word' id='word_1_501' title='bbox 1167 5701 1322 5753; x_wconf 89' lang='lat' dir='ltr'><strong>etiam</strong></span> <span class='ocrx_word' id='word_1_502' title='bbox 1351 5704 1616 5756; x_wconf 83' lang='lat' dir='ltr'><strong>verberas.</strong></span> <span class='ocrx_word' id='word_1_503' title='bbox 1644 5702 1794 5769; x_wconf 90' lang='lat' dir='ltr'><strong>Quod</strong></span> <span class='ocrx_word' id='word_1_504' title='bbox 1821 5703 1865 5757; x_wconf 93' lang='lat' dir='ltr'><strong>si</strong></span> <span class='ocrx_word' id='word_1_505' title='bbox 1891 5717 1991 5756; x_wconf 92' lang='lat' dir='ltr'><strong>non</strong></span> <span class='ocrx_word' id='word_1_506' title='bbox 2015 5704 2138 5759; x_wconf 86' lang='lat' dir='ltr'><strong>dare</strong></span> 
     </span>
    </p>
   </div>
   <div class='ocr_carea' id='block_1_59' title="bbox 565 5786 1662 5857">
    <p class='ocr_par' dir='ltr' id='par_1_59' title="bbox 565 5786 1662 5857">
     <span class='ocr_line' id='line_1_59' title="bbox 565 5786 1662 5857; baseline 0.006 -16"><span class='ocrx_word' id='word_1_507' title='bbox 565 5786 718 5853; x_wconf 79' lang='lat' dir='ltr'><strong>eulpu</strong></span> <span class='ocrx_word' id='word_1_508' title='bbox 747 5795 846 5851; x_wconf 89' lang='lat' dir='ltr'><strong>est,</strong></span> <span class='ocrx_word' id='word_1_509' title='bbox 875 5805 990 5857; x_wconf 75' lang='lat' dir='ltr'><strong>qua:</strong></span> <span class='ocrx_word' id='word_1_510' title='bbox 1021 5790 1169 5843; x_wconf 86' lang='lat' dir='ltr'><strong>venia</strong></span> <span class='ocrx_word' id='word_1_511' title='bbox 1199 5794 1298 5845; x_wconf 88' lang='lat' dir='ltr'><strong>erit</strong></span> <span class='ocrx_word' id='word_1_512' title='bbox 1327 5794 1662 5848; x_wconf 81' lang='lat' dir='ltr'><strong>verberanti?</strong></span> 
     </span>
    </p>
   </div>
   <div class='ocr_carea' id='block_1_60' title="bbox 635 5877 2138 5943">
    <p class='ocr_par' dir='ltr' id='par_1_60' title="bbox 635 5877 2138 5943">
     <span class='ocr_line' id='line_1_60' title="bbox 635 5877 2138 5943; baseline 0.007 -10"><span class='ocrx_word' id='word_1_513' title='bbox 635 5878 688 5933; x_wconf 80' lang='lat'><strong>5.</strong></span> <span class='ocrx_word' id='word_1_514' title='bbox 732 5877 840 5933; x_wconf 83' lang='lat' dir='ltr'><strong>lloc</strong></span> <span class='ocrx_word' id='word_1_515' title='bbox 867 5893 1040 5934; x_wconf 80' lang='lat' dir='ltr'><strong>autem</strong></span> <span class='ocrx_word' id='word_1_516' title='bbox 1070 5881 1197 5936; x_wconf 88' lang='lat' dir='ltr'><strong>mihi</strong></span> <span class='ocrx_word' id='word_1_517' title='bbox 1226 5885 1397 5939; x_wconf 75' lang='lat' dir='ltr'><strong>dicere</strong></span> <span class='ocrx_word' id='word_1_518' title='bbox 1424 5886 1627 5941; x_wconf 87' lang='lat' dir='ltr'><strong>videtur</strong></span> <span class='ocrx_word' id='word_1_519' title='bbox 1649 5887 1699 5942; x_wconf 90' lang='lat' dir='ltr'><strong>in</strong></span> <span class='ocrx_word' id='word_1_520' title='bbox 1723 5887 2138 5943; x_wconf 83' lang='lat' dir='ltr'><strong>contumeliosos</strong></span> 
     </span>
    </p>
   </div>
   <div class='ocr_carea' id='block_1_61' title="bbox 1414 447 3223 532">
    <p class='ocr_par' dir='ltr' id='par_1_61' title="bbox 1414 447 3223 532">
     <span class='ocr_line' id='line_1_61' title="bbox 1414 447 3223 532; baseline -0.009 -3"><span class='ocrx_word' id='word_1_521' title='bbox 1414 475 1472 530; x_wconf 88' lang='lat' dir='ltr'><strong>S.</strong></span> <span class='ocrx_word' id='word_1_522' title='bbox 1509 473 1786 532; x_wconf 77' lang='lat' dir='ltr'><strong>JOANNIS</strong></span> <span class='ocrx_word' id='word_1_523' title='bbox 1822 463 2292 527; x_wconf 75' lang='lat' dir='ltr'><strong>CHIlYSOSTOMl</strong></span> <span class='ocrx_word' id='word_1_524' title='bbox 2333 447 2648 520; x_wconf 70' lang='lat' dir='ltr'><strong>ARCHIEP.</strong></span> <span class='ocrx_word' id='word_1_525' title='bbox 2689 456 3223 519; x_wconf 77' lang='lat' dir='ltr'><strong>CONSTANTINOP.</strong></span> 
     </span>
    </p>
   </div>
   <div class='ocr_carea' id='block_1_62' title="bbox 3723 461 3824 518">
    <p class='ocr_par' dir='ltr' id='par_1_62' title="bbox 3723 461 3824 518">
     <span class='ocr_line' id='line_1_62' title="bbox 3723 461 3824 518; baseline 0.03 -2"><span class='ocrx_word' id='word_1_526' title='bbox 3723 461 3824 518; x_wconf 74' lang='lat'><strong>708</strong></span> 
     </span>
    </p>
   </div>
   <div class='ocr_carea' id='block_1_63' title="bbox 2246 571 3826 646">
    <p class='ocr_par' dir='ltr' id='par_1_63' title="bbox 2246 571 3826 646">
     <span class='ocr_line' id='line_1_63' title="bbox 2246 571 3826 646; baseline -0.001 -14"><span class='ocrx_word' id='word_1_527' title='bbox 2246 586 2298 632; x_wconf 83' lang='lat' dir='ltr'><strong>et</strong></span> <span class='ocrx_word' id='word_1_528' title='bbox 2318 591 2558 646; x_wconf 81' lang='lat' dir='ltr'><strong>rapaces,</strong></span> <span class='ocrx_word' id='word_1_529' title='bbox 2577 575 2943 632; x_wconf 87' lang='lat' dir='ltr'><strong>vehementem</strong></span> <span class='ocrx_word' id='word_1_530' title='bbox 2967 575 3231 629; x_wconf 88' lang='lat' dir='ltr'><strong>intentans</strong></span> <span class='ocrx_word' id='word_1_531' title='bbox 3250 571 3668 636; x_wconf 84' lang='lat' dir='ltr'><strong>accusationem,</strong></span> <span class='ocrx_word' id='word_1_532' title='bbox 3687 573 3826 642; x_wconf 87' lang='lat' dir='ltr'><strong>quod</strong></span> 
     </span>
    </p>
   </div>
   <div class='ocr_carea' id='block_1_64' title="bbox 2243 661 3823 736">
    <p class='ocr_par' dir='ltr' id='par_1_64' title="bbox 2243 661 3823 736">
     <span class='ocr_line' id='line_1_64' title="bbox 2243 661 3823 736; baseline -0.002 -14"><span class='ocrx_word' id='word_1_533' title='bbox 2243 681 2338 722; x_wconf 86' lang='lat' dir='ltr'><strong>eos</strong></span> <span class='ocrx_word' id='word_1_534' title='bbox 2369 667 2650 721; x_wconf 88' lang='lat' dir='ltr'><strong>verberent</strong></span> <span class='ocrx_word' id='word_1_535' title='bbox 2686 679 2819 736; x_wconf 87' lang='lat' dir='ltr'><strong>quos</strong></span> <span class='ocrx_word' id='word_1_536' title='bbox 2862 665 3005 719; x_wconf 86' lang='lat' dir='ltr'><strong>alere</strong></span> <span class='ocrx_word' id='word_1_537' title='bbox 3039 663 3173 733; x_wconf 88' lang='lat' dir='ltr'><strong>jussi</strong></span> <span class='ocrx_word' id='word_1_538' title='bbox 3203 674 3345 717; x_wconf 91' lang='lat' dir='ltr'><strong>sunt.</strong></span> <span class='ocrx_word' id='word_1_539' title='bbox 3393 661 3612 717; x_wconf 85' lang='lat' dir='ltr'><strong>Videtur</strong></span> <span class='ocrx_word' id='word_1_540' title='bbox 3649 673 3823 718; x_wconf 82' lang='lat' dir='ltr'><strong>autem</strong></span> 
     </span>
    </p>
   </div>
   <div class='ocr_carea' id='block_1_65' title="bbox 2245 754 3824 826">
    <p class='ocr_par' dir='ltr' id='par_1_65' title="bbox 2245 754 3824 826">
     <span class='ocr_line' id='line_1_65' title="bbox 2245 754 3824 826; baseline -0.002 -15"><span class='ocrx_word' id='word_1_541' title='bbox 2245 757 2372 812; x_wconf 89' lang='lat' dir='ltr'><strong>mihi</strong></span> <span class='ocrx_word' id='word_1_542' title='bbox 2403 757 2487 811; x_wconf 90' lang='lat' dir='ltr'><strong>hic</strong></span> <span class='ocrx_word' id='word_1_543' title='bbox 2513 756 2630 810; x_wconf 91' lang='lat' dir='ltr'><strong>illos</strong></span> <span class='ocrx_word' id='word_1_544' title='bbox 2655 756 2993 811; x_wconf 85' lang='lat' dir='ltr'><strong>subindicare</strong></span> <span class='ocrx_word' id='word_1_545' title='bbox 3015 756 3102 826; x_wconf 90' lang='lat' dir='ltr'><strong>qui</strong></span> <span class='ocrx_word' id='word_1_546' title='bbox 3128 771 3177 809; x_wconf 78' lang='lat' dir='ltr'><strong>.n</strong></span> <span class='ocrx_word' id='word_1_547' title='bbox 3205 754 3408 809; x_wconf 85' lang='lat' dir='ltr'><strong>deliciis</strong></span> <span class='ocrx_word' id='word_1_548' title='bbox 3431 757 3590 807; x_wconf 83' lang='lat' dir='ltr'><strong>vitam</strong></span> <span class='ocrx_word' id='word_1_549' title='bbox 3630 765 3824 822; x_wconf 87' lang='lat' dir='ltr'><strong>agunt;</strong></span> 
     </span>
    </p>
   </div>
   <div class='ocr_carea' id='block_1_66' title="bbox 2246 843 3824 916">
    <p class='ocr_par' dir='ltr' id='par_1_66' title="bbox 2246 843 3824 916">
     <span class='ocr_line' id='line_1_66' title="bbox 2246 843 3824 916; baseline -0.003 -13"><span class='ocrx_word' id='word_1_550' title='bbox 2246 865 2366 904; x_wconf 88' lang='lat' dir='ltr'><strong>nam</strong></span> <span class='ocrx_word' id='word_1_551' title='bbox 2396 848 2609 902; x_wconf 79' lang='lat' dir='ltr'><strong>delicias</strong></span> <span class='ocrx_word' id='word_1_552' title='bbox 2641 861 2823 916; x_wconf 87' lang='lat' dir='ltr'><strong>magna</strong></span> <span class='ocrx_word' id='word_1_553' title='bbox 2847 855 3117 915; x_wconf 73' lang='lat' dir='ltr'><strong>exspectat</strong></span> <span class='ocrx_word' id='word_1_554' title='bbox 3143 859 3294 915; x_wconf 63' lang='lat' dir='ltr'><strong>poena</strong></span> <span class='ocrx_word' id='word_1_555' title='bbox 3319 861 3331 897; x_wconf 89' lang='lat'><strong>:</strong></span> <span class='ocrx_word' id='word_1_556' title='bbox 3352 843 3613 910; x_wconf 82' lang='lat' dir='ltr'><strong>Comcdat,</strong></span> <span class='ocrx_word' id='word_1_557' title='bbox 3637 844 3762 914; x_wconf 89' lang='lat' dir='ltr'><strong>inqu</strong></span> <span class='ocrx_word' id='word_1_558' title='bbox 3788 855 3824 907; x_wconf 88' lang='lat' dir='ltr'><strong>t.</strong></span> 
     </span>
    </p>
   </div>
   <div class='ocr_carea' id='block_1_67' title="bbox 2245 935 3825 1005">
    <p class='ocr_par' dir='ltr' id='par_1_67' title="bbox 2245 935 3825 1005">
     <span class='ocr_line' id='line_1_67' title="bbox 2245 935 3825 1005; baseline -0.003 -12"><span class='ocrx_word' id='word_1_559' title='bbox 2245 948 2288 993; x_wconf 86' lang='lat' dir='ltr'><strong>et</strong></span> <span class='ocrx_word' id='word_1_560' title='bbox 2313 939 2444 992; x_wconf 81' lang='lat' dir='ltr'><strong>bibat</strong></span> <span class='ocrx_word' id='word_1_561' title='bbox 2465 955 2574 992; x_wconf 85' lang='lat' dir='ltr'><strong>cum</strong></span> <span class='ocrx_word' id='word_1_562' title='bbox 2599 937 2765 1002; x_wconf 84' lang='lat' dir='ltr'><strong>ebriis,</strong></span> <span class='ocrx_word' id='word_1_563' title='bbox 2791 936 2990 990; x_wconf 79' lang='lat' dir='ltr'><strong>ventris</strong></span> <span class='ocrx_word' id='word_1_564' title='bbox 3013 935 3298 1005; x_wconf 84' lang='lat' dir='ltr'><strong>ingluviem</strong></span> <span class='ocrx_word' id='word_1_565' title='bbox 3326 935 3688 990; x_wconf 83' lang='lat' dir='ltr'><strong>subindicans.</strong></span> <span class='ocrx_word' id='word_1_566' title='bbox 3714 936 3825 989; x_wconf 82' lang='lat' dir='ltr'><strong>Non</strong></span> 
     </span>
    </p>
   </div>
   <div class='ocr_carea' id='block_1_68' title="bbox 2243 1029 3896 1102">
    <p class='ocr_par' dir='ltr' id='par_1_68' title="bbox 2243 1029 3896 1102">
     <span class='ocr_line' id='line_1_68' title="bbox 2243 1029 3896 1102; baseline -0.006 -12"><span class='ocrx_word' id='word_1_567' title='bbox 2243 1035 2384 1090; x_wconf 89' lang='lat' dir='ltr'><strong>enim</strong></span> <span class='ocrx_word' id='word_1_568' title='bbox 2417 1033 2534 1088; x_wconf 91' lang='lat' dir='ltr'><strong>ideo</strong></span> <span class='ocrx_word' id='word_1_569' title='bbox 2563 1031 2808 1100; x_wconf 88' lang='lat' dir='ltr'><strong>accepisti</strong></span> <span class='ocrx_word' id='word_1_570' title='bbox 2835 1070 2850 1094; x_wconf 89' lang='lat'><strong>,</strong></span> <span class='ocrx_word' id='word_1_571' title='bbox 2887 1039 2945 1084; x_wconf 88' lang='lat' dir='ltr'><strong>ut</strong></span> <span class='ocrx_word' id='word_1_572' title='bbox 2977 1029 3241 1084; x_wconf 89' lang='lat' dir='ltr'><strong>delicieris</strong></span> <span class='ocrx_word' id='word_1_573' title='bbox 3261 1070 3278 1095; x_wconf 85' lang='lat'><strong>,</strong></span> <span class='ocrx_word' id='word_1_574' title='bbox 3309 1029 3401 1084; x_wconf 85' lang='lat' dir='ltr'><strong>sed</strong></span> <span class='ocrx_word' id='word_1_575' title='bbox 3441 1040 3498 1084; x_wconf 89' lang='lat' dir='ltr'><strong>ut</strong></span> <span class='ocrx_word' id='word_1_576' title='bbox 3526 1030 3824 1102; x_wconf 75' lang='lat' dir='ltr'><strong>eleemosy-</strong></span> <span class='ocrx_word' id='word_1_577' title='bbox 3889 1083 3896 1087; x_wconf 68' lang='grc'>,</span> 
     </span>
    </p>
   </div>
   <div class='ocr_carea' id='block_1_69' title="bbox 2247 1122 3824 1195">
    <p class='ocr_par' dir='ltr' id='par_1_69' title="bbox 2247 1122 3824 1195">
     <span class='ocr_line' id='line_1_69' title="bbox 2247 1122 3824 1195; baseline -0.003 -15"><span class='ocrx_word' id='word_1_578' title='bbox 2247 1141 2367 1181; x_wconf 89' lang='lat' dir='ltr'><strong>nam</strong></span> <span class='ocrx_word' id='word_1_579' title='bbox 2395 1139 2599 1195; x_wconf 87' lang='lat' dir='ltr'><strong>eroges.</strong></span> <span class='ocrx_word' id='word_1_580' title='bbox 2626 1123 2760 1178; x_wconf 89' lang='lat' dir='ltr'><strong>Num</strong></span> <span class='ocrx_word' id='word_1_581' title='bbox 2789 1132 2872 1177; x_wconf 89' lang='lat' dir='ltr'><strong>tua</strong></span> <span class='ocrx_word' id='word_1_582' title='bbox 2903 1133 2953 1177; x_wconf 92' lang='lat' dir='ltr'><strong>te</strong></span> <span class='ocrx_word' id='word_1_583' title='bbox 2975 1134 3128 1192; x_wconf 90' lang='lat' dir='ltr'><strong>putas</strong></span> <span class='ocrx_word' id='word_1_584' title='bbox 3157 1123 3388 1177; x_wconf 72' lang='lat' dir='ltr'><strong>habere?</strong></span> <span class='ocrx_word' id='word_1_585' title='bbox 3409 1123 3710 1192; x_wconf 83' lang='lat' dir='ltr'><strong>Pauperum</strong></span> <span class='ocrx_word' id='word_1_586' title='bbox 3734 1122 3824 1178; x_wconf 90' lang='lat' dir='ltr'><strong>tibi</strong></span> 
     </span>
    </p>
   </div>
   <div class='ocr_carea' id='block_1_70' title="bbox 2247 1209 3818 1283">
    <p class='ocr_par' dir='ltr' id='par_1_70' title="bbox 2247 1209 3818 1283">
     <span class='ocr_line' id='line_1_70' title="bbox 2247 1209 3818 1283; baseline -0.002 -12"><span class='ocrx_word' id='word_1_587' title='bbox 2247 1218 2381 1272; x_wconf 88' lang='lat' dir='ltr'><strong>bona</strong></span> <span class='ocrx_word' id='word_1_588' title='bbox 2410 1215 2709 1272; x_wconf 88' lang='lat' dir='ltr'><strong>concredita</strong></span> <span class='ocrx_word' id='word_1_589' title='bbox 2736 1221 2878 1277; x_wconf 90' lang='lat' dir='ltr'><strong>sunt,</strong></span> <span class='ocrx_word' id='word_1_590' title='bbox 2907 1214 3111 1268; x_wconf 81' lang='lat' dir='ltr'><strong>etiamsi</strong></span> <span class='ocrx_word' id='word_1_591' title='bbox 3141 1215 3405 1268; x_wconf 89' lang='lat' dir='ltr'><strong>hereditas</strong></span> <span class='ocrx_word' id='word_1_592' title='bbox 3431 1221 3648 1283; x_wconf 89' lang='lat' dir='ltr'><strong>paterna</strong></span> <span class='ocrx_word' id='word_1_593' title='bbox 3677 1209 3818 1278; x_wconf 85' lang='lat' dir='ltr'><strong>sint;</strong></span> 
     </span>
    </p>
   </div>
   <div class='ocr_carea' id='block_1_71' title="bbox 2242 1304 3826 1374">
    <p class='ocr_par' dir='ltr' id='par_1_71' title="bbox 2242 1304 3826 1374">
     <span class='ocr_line' id='line_1_71' title="bbox 2242 1304 3826 1374; baseline -0.003 -12"><span class='ocrx_word' id='word_1_594' title='bbox 2242 1307 2448 1362; x_wconf 90' lang='lat' dir='ltr'><strong>etiamsi</strong></span> <span class='ocrx_word' id='word_1_595' title='bbox 2493 1322 2556 1360; x_wconf 91' lang='lat' dir='ltr'><strong>ex</strong></span> <span class='ocrx_word' id='word_1_596' title='bbox 2588 1305 2743 1374; x_wconf 80' lang='lat' dir='ltr'><strong>jusds</strong></span> <span class='ocrx_word' id='word_1_597' title='bbox 2772 1304 3038 1359; x_wconf 85' lang='lat' dir='ltr'><strong>laboribus</strong></span> <span class='ocrx_word' id='word_1_598' title='bbox 3070 1314 3230 1373; x_wconf 64' lang='lat' dir='ltr'><strong>partae</strong></span> <span class='ocrx_word' id='word_1_599' title='bbox 3258 1305 3364 1357; x_wconf 86' lang='lat' dir='ltr'><strong>sint</strong></span> <span class='ocrx_word' id='word_1_600' title='bbox 3392 1317 3544 1372; x_wconf 83' lang='lat' dir='ltr'><strong>Opes.</strong></span> <span class='ocrx_word' id='word_1_601' title='bbox 3573 1307 3765 1358; x_wconf 83' lang='lat' dir='ltr'><strong>Annon</strong></span> <span class='ocrx_word' id='word_1_602' title='bbox 3796 1320 3826 1358; x_wconf 86' lang='lat' dir='ltr'><strong>a</strong></span> 
     </span>
    </p>
   </div>
   <div class='ocr_carea' id='block_1_72' title="bbox 2245 1395 3827 1466">
    <p class='ocr_par' dir='ltr' id='par_1_72' title="bbox 2245 1395 3827 1466">
     <span class='ocr_line' id='line_1_72' title="bbox 2245 1395 3827 1466; baseline -0.003 -12"><span class='ocrx_word' id='word_1_603' title='bbox 2245 1409 2298 1454; x_wconf 89' lang='lat' dir='ltr'><strong>te</strong></span> <span class='ocrx_word' id='word_1_604' title='bbox 2329 1400 2466 1453; x_wconf 90' lang='lat' dir='ltr'><strong>Deus</strong></span> <span class='ocrx_word' id='word_1_605' title='bbox 2498 1399 2590 1451; x_wconf 84' lang='lat' dir='ltr'><strong>has</strong></span> <span class='ocrx_word' id='word_1_606' title='bbox 2629 1396 2840 1452; x_wconf 86' lang='lat' dir='ltr'><strong>auferre</strong></span> <span class='ocrx_word' id='word_1_607' title='bbox 2869 1395 3077 1466; x_wconf 83' lang='lat' dir='ltr'><strong>potuit?</strong></span> <span class='ocrx_word' id='word_1_608' title='bbox 3105 1395 3207 1451; x_wconf 89' lang='lat' dir='ltr'><strong>Sed</strong></span> <span class='ocrx_word' id='word_1_609' title='bbox 3241 1397 3360 1450; x_wconf 87' lang='lat' dir='ltr'><strong>ideo</strong></span> <span class='ocrx_word' id='word_1_610' title='bbox 3395 1410 3499 1448; x_wconf 90' lang='lat' dir='ltr'><strong>non</strong></span> <span class='ocrx_word' id='word_1_611' title='bbox 3530 1396 3736 1456; x_wconf 82' lang='lat' dir='ltr'><strong>aufert.</strong></span> <span class='ocrx_word' id='word_1_612' title='bbox 3770 1405 3827 1450; x_wconf 93' lang='lat' dir='ltr'><strong>ut</strong></span> 
     </span>
    </p>
   </div>
   <div class='ocr_carea' id='block_1_73' title="bbox 2247 1487 3826 1558">
    <p class='ocr_par' dir='ltr' id='par_1_73' title="bbox 2247 1487 3826 1558">
     <span class='ocr_line' id='line_1_73' title="bbox 2247 1487 3826 1558; baseline -0.001 -16"><span class='ocrx_word' id='word_1_613' title='bbox 2247 1501 2299 1543; x_wconf 93' lang='lat' dir='ltr'><strong>tu</strong></span> <span class='ocrx_word' id='word_1_614' title='bbox 2330 1488 2498 1558; x_wconf 78' lang='lat' dir='ltr'><strong>possis</strong></span> <span class='ocrx_word' id='word_1_615' title='bbox 2521 1502 2644 1556; x_wconf 86' lang='lat' dir='ltr'><strong>erga</strong></span> <span class='ocrx_word' id='word_1_616' title='bbox 2673 1501 2871 1557; x_wconf 89' lang='lat' dir='ltr'><strong>egenos</strong></span> <span class='ocrx_word' id='word_1_617' title='bbox 2897 1487 3263 1541; x_wconf 90' lang='lat' dir='ltr'><strong>liberalitatem</strong></span> <span class='ocrx_word' id='word_1_618' title='bbox 3289 1502 3561 1541; x_wconf 85' lang='lat' dir='ltr'><strong>exercere.</strong></span> <span class='ocrx_word' id='word_1_619' title='bbox 3593 1487 3672 1541; x_wconf 84' lang='lat' dir='ltr'><strong>Tu</strong></span> <span class='ocrx_word' id='word_1_620' title='bbox 3701 1503 3826 1542; x_wconf 89' lang='lat' dir='ltr'><strong>vero</strong></span> 
     </span>
    </p>
   </div>
   <div class='ocr_carea' id='block_1_74' title="bbox 2243 1581 3826 1652">
    <p class='ocr_par' dir='ltr' id='par_1_74' title="bbox 2243 1581 3826 1652">
     <span class='ocr_line' id='line_1_74' title="bbox 2243 1581 3826 1652; baseline 0.001 -17"><span class='ocrx_word' id='word_1_621' title='bbox 2243 1583 2368 1636; x_wconf 89' lang='lat' dir='ltr'><strong>mihi</strong></span> <span class='ocrx_word' id='word_1_622' title='bbox 2419 1583 2682 1652; x_wconf 88' lang='lat' dir='ltr'><strong>perpende</strong></span> <span class='ocrx_word' id='word_1_623' title='bbox 2707 1622 2722 1647; x_wconf 91' lang='lat'><strong>,</strong></span> <span class='ocrx_word' id='word_1_624' title='bbox 2753 1581 3020 1651; x_wconf 88' lang='lat' dir='ltr'><strong>quomodo</strong></span> <span class='ocrx_word' id='word_1_625' title='bbox 3051 1583 3100 1636; x_wconf 89' lang='lat' dir='ltr'><strong>in</strong></span> <span class='ocrx_word' id='word_1_626' title='bbox 3129 1582 3374 1636; x_wconf 89' lang='lat' dir='ltr'><strong>omnibus</strong></span> <span class='ocrx_word' id='word_1_627' title='bbox 3409 1581 3678 1652; x_wconf 80' lang='lat' dir='ltr'><strong>parabolis</strong></span> <span class='ocrx_word' id='word_1_628' title='bbox 3708 1581 3826 1637; x_wconf 89' lang='lat' dir='ltr'><strong>illos</strong></span> 
     </span>
    </p>
   </div>
   <div class='ocr_carea' id='block_1_75' title="bbox 2242 1672 3826 1743">
    <p class='ocr_par' dir='ltr' id='par_1_75' title="bbox 2242 1672 3826 1743">
     <span class='ocr_line' id='line_1_75' title="bbox 2242 1672 3826 1743; baseline -0.001 -16"><span class='ocrx_word' id='word_1_629' title='bbox 2242 1675 2472 1743; x_wconf 86' lang='lat' dir='ltr'><strong>plectat.</strong></span> <span class='ocrx_word' id='word_1_630' title='bbox 2501 1674 2589 1743; x_wconf 91' lang='lat' dir='ltr'><strong>qui</strong></span> <span class='ocrx_word' id='word_1_631' title='bbox 2629 1673 2818 1742; x_wconf 87' lang='lat' dir='ltr'><strong>opibus</strong></span> <span class='ocrx_word' id='word_1_632' title='bbox 2856 1673 2966 1728; x_wconf 86' lang='lat' dir='ltr'><strong>suis</strong></span> <span class='ocrx_word' id='word_1_633' title='bbox 3003 1672 3067 1726; x_wconf 91' lang='lat' dir='ltr'><strong>ad</strong></span> <span class='ocrx_word' id='word_1_634' title='bbox 3098 1687 3293 1742; x_wconf 84' lang='lat' dir='ltr'><strong>egenos</strong></span> <span class='ocrx_word' id='word_1_635' title='bbox 3322 1672 3540 1728; x_wconf 87' lang='lat' dir='ltr'><strong>alendus</strong></span> <span class='ocrx_word' id='word_1_636' title='bbox 3568 1688 3673 1727; x_wconf 89' lang='lat' dir='ltr'><strong>non</strong></span> <span class='ocrx_word' id='word_1_637' title='bbox 3705 1683 3826 1728; x_wconf 86' lang='lat' dir='ltr'><strong>sunt</strong></span> 
     </span>
    </p>
   </div>
   <div class='ocr_carea' id='block_1_76' title="bbox 2241 1763 3822 1834">
    <p class='ocr_par' dir='ltr' id='par_1_76' title="bbox 2241 1763 3822 1834">
     <span class='ocr_line' id='line_1_76' title="bbox 2241 1763 3822 1834; baseline 0.001 -16"><span class='ocrx_word' id='word_1_638' title='bbox 2241 1765 2341 1818; x_wconf 90' lang='lat' dir='ltr'><strong>usi.</strong></span> <span class='ocrx_word' id='word_1_639' title='bbox 2378 1764 2555 1834; x_wconf 85' lang='lat' dir='ltr'><strong>Neque</strong></span> <span class='ocrx_word' id='word_1_640' title='bbox 2582 1766 2720 1818; x_wconf 91' lang='lat' dir='ltr'><strong>enim</strong></span> <span class='ocrx_word' id='word_1_641' title='bbox 2751 1764 2980 1832; x_wconf 84' lang='lat' dir='ltr'><strong>virgines</strong></span> <span class='ocrx_word' id='word_1_642' title='bbox 3022 1764 3128 1817; x_wconf 74' lang='lat' dir='ltr'><strong>illa:</strong></span> <span class='ocrx_word' id='word_1_643' title='bbox 3166 1766 3334 1818; x_wconf 88' lang='lat' dir='ltr'><strong>aliena</strong></span> <span class='ocrx_word' id='word_1_644' title='bbox 3375 1774 3700 1834; x_wconf 57' lang='lat' dir='ltr'><strong>rapuerunt»,</strong></span> <span class='ocrx_word' id='word_1_645' title='bbox 3730 1763 3822 1820; x_wconf 84' lang='lat' dir='ltr'><strong>sed</strong></span> 
     </span>
    </p>
   </div>
   <div class='ocr_carea' id='block_1_77' title="bbox 2245 1857 3821 1926">
    <p class='ocr_par' dir='ltr' id='par_1_77' title="bbox 2245 1857 3821 1926">
     <span class='ocr_line' id='line_1_77' title="bbox 2245 1857 3821 1926; baseline 0.001 -16"><span class='ocrx_word' id='word_1_646' title='bbox 2245 1873 2336 1911; x_wconf 88' lang='lat' dir='ltr'><strong>sua</strong></span> <span class='ocrx_word' id='word_1_647' title='bbox 2366 1872 2469 1910; x_wconf 91' lang='lat' dir='ltr'><strong>non</strong></span> <span class='ocrx_word' id='word_1_648' title='bbox 2492 1857 2693 1925; x_wconf 68' lang='lat' dir='ltr'><strong>largita:</strong></span> <span class='ocrx_word' id='word_1_649' title='bbox 2718 1869 2875 1918; x_wconf 84' lang='lat' dir='ltr'><strong>sunt;</strong></span> <span class='ocrx_word' id='word_1_650' title='bbox 2906 1872 3077 1925; x_wconf 89' lang='lat' dir='ltr'><strong>neque</strong></span> <span class='ocrx_word' id='word_1_651' title='bbox 3105 1857 3148 1909; x_wconf 91' lang='lat' dir='ltr'><strong>is</strong></span> <span class='ocrx_word' id='word_1_652' title='bbox 3172 1857 3261 1926; x_wconf 90' lang='lat' dir='ltr'><strong>qui</strong></span> <span class='ocrx_word' id='word_1_653' title='bbox 3302 1857 3553 1912; x_wconf 88' lang='lat' dir='ltr'><strong>talentum</strong></span> <span class='ocrx_word' id='word_1_654' title='bbox 3585 1857 3821 1926; x_wconf 78' lang='lat' dir='ltr'><strong>defodit,</strong></span> 
     </span>
    </p>
   </div>
   <div class='ocr_carea' id='block_1_78' title="bbox 2242 1949 3820 2021">
    <p class='ocr_par' dir='ltr' id='par_1_78' title="bbox 2242 1949 3820 2021">
     <span class='ocr_line' id='line_1_78' title="bbox 2242 1949 3820 2021; baseline 0.003 -18"><span class='ocrx_word' id='word_1_655' title='bbox 2242 1949 2412 2003; x_wconf 89' lang='lat' dir='ltr'><strong>aliena</strong></span> <span class='ocrx_word' id='word_1_656' title='bbox 2457 1950 2684 2014; x_wconf 89' lang='lat' dir='ltr'><strong>invasit,</strong></span> <span class='ocrx_word' id='word_1_657' title='bbox 2723 1949 2814 2003; x_wconf 89' lang='lat' dir='ltr'><strong>sed</strong></span> <span class='ocrx_word' id='word_1_658' title='bbox 2861 1949 2983 2002; x_wconf 89' lang='lat' dir='ltr'><strong>illud</strong></span> <span class='ocrx_word' id='word_1_659' title='bbox 3026 1965 3131 2002; x_wconf 91' lang='lat' dir='ltr'><strong>non</strong></span> <span class='ocrx_word' id='word_1_660' title='bbox 3170 1949 3488 2018; x_wconf 81' lang='lat' dir='ltr'><strong>duplicavit;</strong></span> <span class='ocrx_word' id='word_1_661' title='bbox 3532 1967 3706 2021; x_wconf 83' lang='lat' dir='ltr'><strong>neque</strong></span> <span class='ocrx_word' id='word_1_662' title='bbox 3733 1953 3820 2021; x_wconf 90' lang='lat' dir='ltr'><strong>qui</strong></span> 
     </span>
    </p>
   </div>
   <div class='ocr_carea' id='block_1_79' title="bbox 2240 2039 3822 2110">
    <p class='ocr_par' dir='ltr' id='par_1_79' title="bbox 2240 2039 3822 2110">
     <span class='ocr_line' id='line_1_79' title="bbox 2240 2039 3822 2110; baseline 0.001 -15"><span class='ocrx_word' id='word_1_663' title='bbox 2240 2041 2537 2095; x_wconf 83' lang='lat' dir='ltr'><strong>esurientes</strong></span> <span class='ocrx_word' id='word_1_664' title='bbox 2570 2040 2859 2109; x_wconf 87' lang='lat' dir='ltr'><strong>m-gligunt,</strong></span> <span class='ocrx_word' id='word_1_665' title='bbox 2895 2039 3014 2093; x_wconf 90' lang='lat' dir='ltr'><strong>ideo</strong></span> <span class='ocrx_word' id='word_1_666' title='bbox 3041 2039 3348 2108; x_wconf 91' lang='lat' dir='ltr'><strong>puniuntur,</strong></span> <span class='ocrx_word' id='word_1_667' title='bbox 3374 2039 3512 2110; x_wconf 85' lang='lat' dir='ltr'><strong>quod</strong></span> <span class='ocrx_word' id='word_1_668' title='bbox 3541 2042 3710 2096; x_wconf 91' lang='lat' dir='ltr'><strong>aliena</strong></span> <span class='ocrx_word' id='word_1_669' title='bbox 3738 2057 3822 2096; x_wconf 83' lang='lat' dir='ltr'><strong>ra-</strong></span> 
     </span>
    </p>
   </div>
   <div class='ocr_carea' id='block_1_80' title="bbox 2243 2136 3820 2208">
    <p class='ocr_par' dir='ltr' id='par_1_80' title="bbox 2243 2136 3820 2208">
     <span class='ocr_line' id='line_1_80' title="bbox 2243 2136 3820 2208; baseline 0.001 -18"><span class='ocrx_word' id='word_1_670' title='bbox 2243 2137 2482 2204; x_wconf 89' lang='lat' dir='ltr'><strong>puerint,</strong></span> <span class='ocrx_word' id='word_1_671' title='bbox 2513 2137 2603 2190; x_wconf 92' lang='lat' dir='ltr'><strong>sed</strong></span> <span class='ocrx_word' id='word_1_672' title='bbox 2634 2136 2770 2206; x_wconf 92' lang='lat' dir='ltr'><strong>quod</strong></span> <span class='ocrx_word' id='word_1_673' title='bbox 2803 2152 2893 2192; x_wconf 89' lang='lat' dir='ltr'><strong>sua</strong></span> <span class='ocrx_word' id='word_1_674' title='bbox 2925 2153 3028 2191; x_wconf 92' lang='lat' dir='ltr'><strong>non</strong></span> <span class='ocrx_word' id='word_1_675' title='bbox 3056 2137 3436 2208; x_wconf 80' lang='lat' dir='ltr'><strong>disperserint;</strong></span> <span class='ocrx_word' id='word_1_676' title='bbox 3467 2138 3820 2208; x_wconf 87' lang='lat' dir='ltr'><strong>quemadmo-</strong></span> 
     </span>
    </p>
   </div>
   <div class='ocr_carea' id='block_1_81' title="bbox 2241 2224 3820 2300">
    <p class='ocr_par' dir='ltr' id='par_1_81' title="bbox 2241 2224 3820 2300">
     <span class='ocr_line' id='line_1_81' title="bbox 2241 2224 3820 2300; baseline 0.003 -21"><span class='ocrx_word' id='word_1_677' title='bbox 2241 2224 2366 2279; x_wconf 89' lang='lat' dir='ltr'><strong>dum</strong></span> <span class='ocrx_word' id='word_1_678' title='bbox 2406 2237 2461 2281; x_wconf 90' lang='lat' dir='ltr'><strong>et</strong></span> <span class='ocrx_word' id='word_1_679' title='bbox 2498 2227 2582 2281; x_wconf 92' lang='lat' dir='ltr'><strong>hic</strong></span> <span class='ocrx_word' id='word_1_680' title='bbox 2622 2241 2824 2282; x_wconf 68' lang='lat' dir='ltr'><strong>servus.</strong></span> <span class='ocrx_word' id='word_1_681' title='bbox 2860 2228 3149 2282; x_wconf 84' lang='lat' dir='ltr'><strong>Audiamus</strong></span> <span class='ocrx_word' id='word_1_682' title='bbox 3177 2229 3336 2298; x_wconf 88' lang='lat' dir='ltr'><strong>igitur</strong></span> <span class='ocrx_word' id='word_1_683' title='bbox 3363 2239 3621 2300; x_wconf 90' lang='lat' dir='ltr'><strong>quotquot</strong></span> <span class='ocrx_word' id='word_1_684' title='bbox 3652 2229 3820 2284; x_wconf 87' lang='lat' dir='ltr'><strong>ventri</strong></span> 
     </span>
    </p>
   </div>
   <div class='ocr_carea' id='block_1_82' title="bbox 2243 2318 3823 2392">
    <p class='ocr_par' dir='ltr' id='par_1_82' title="bbox 2243 2318 3823 2392">
     <span class='ocr_line' id='line_1_82' title="bbox 2243 2318 3823 2392; baseline 0.003 -20"><span class='ocrx_word' id='word_1_685' title='bbox 2243 2318 2592 2388; x_wconf 90' lang='lat' dir='ltr'><strong>indulgemus,</strong></span> <span class='ocrx_word' id='word_1_686' title='bbox 2624 2329 2881 2389; x_wconf 87' lang='lat' dir='ltr'><strong>quotquot</strong></span> <span class='ocrx_word' id='word_1_687' title='bbox 2909 2321 2958 2374; x_wconf 90' lang='lat' dir='ltr'><strong>in</strong></span> <span class='ocrx_word' id='word_1_688' title='bbox 2987 2320 3158 2375; x_wconf 87' lang='lat' dir='ltr'><strong>lautas</strong></span> <span class='ocrx_word' id='word_1_689' title='bbox 3183 2338 3365 2377; x_wconf 72' lang='lat' dir='ltr'><strong>cmnas</strong></span> <span class='ocrx_word' id='word_1_690' title='bbox 3398 2324 3654 2392; x_wconf 87' lang='lat' dir='ltr'><strong>pecunias</strong></span> <span class='ocrx_word' id='word_1_691' title='bbox 3680 2323 3823 2376; x_wconf 86' lang='lat' dir='ltr'><strong>insu-</strong></span> 
     </span>
    </p>
   </div>
   <div class='ocr_carea' id='block_1_83' title="bbox 2243 2411 3821 2486">
    <p class='ocr_par' dir='ltr' id='par_1_83' title="bbox 2243 2411 3821 2486">
     <span class='ocr_line' id='line_1_83' title="bbox 2243 2411 3821 2486; baseline 0.004 -24"><span class='ocrx_word' id='word_1_692' title='bbox 2243 2411 2453 2477; x_wconf 85' lang='lat' dir='ltr'><strong>mimus,</strong></span> <span class='ocrx_word' id='word_1_693' title='bbox 2479 2427 2593 2480; x_wconf 64' lang='lat' dir='ltr'><strong>qum</strong></span> <span class='ocrx_word' id='word_1_694' title='bbox 2621 2428 2723 2466; x_wconf 92' lang='lat' dir='ltr'><strong>non</strong></span> <span class='ocrx_word' id='word_1_695' title='bbox 2757 2424 2972 2477; x_wconf 53' lang='lat' dir='ltr'><strong>nostrae,</strong></span> <span class='ocrx_word' id='word_1_696' title='bbox 3007 2413 3097 2468; x_wconf 85' lang='lat' dir='ltr'><strong>sed</strong></span> <span class='ocrx_word' id='word_1_697' title='bbox 3130 2428 3416 2481; x_wconf 81' lang='lat' dir='ltr'><strong>egenorum</strong></span> <span class='ocrx_word' id='word_1_698' title='bbox 3446 2425 3587 2470; x_wconf 85' lang='lat' dir='ltr'><strong>sunt.</strong></span> <span class='ocrx_word' id='word_1_699' title='bbox 3624 2415 3699 2469; x_wconf 86' lang='lat' dir='ltr'><strong>Ne</strong></span> <span class='ocrx_word' id='word_1_700' title='bbox 3729 2431 3821 2486; x_wconf 74' lang='lat' dir='ltr'><strong>pu-</strong></span> 
     </span>
    </p>
   </div>
   <div class='ocr_carea' id='block_1_84' title="bbox 2247 2502 3821 2571">
    <p class='ocr_par' dir='ltr' id='par_1_84' title="bbox 2247 2502 3821 2571">
     <span class='ocr_line' id='line_1_84' title="bbox 2247 2502 3821 2571; baseline 0.004 -18"><span class='ocrx_word' id='word_1_701' title='bbox 2247 2510 2324 2554; x_wconf 87' lang='lat' dir='ltr'><strong>tes</strong></span> <span class='ocrx_word' id='word_1_702' title='bbox 2355 2502 2492 2553; x_wconf 87' lang='lat' dir='ltr'><strong>enim</strong></span> <span class='ocrx_word' id='word_1_703' title='bbox 2524 2503 2642 2571; x_wconf 89' lang='lat' dir='ltr'><strong>quia</strong></span> <span class='ocrx_word' id='word_1_704' title='bbox 2677 2518 2767 2571; x_wconf 83' lang='lat' dir='ltr'><strong>per</strong></span> <span class='ocrx_word' id='word_1_705' title='bbox 2799 2504 3015 2557; x_wconf 75' lang='lat' dir='ltr'><strong>multum</strong></span> <span class='ocrx_word' id='word_1_706' title='bbox 3048 2505 3464 2560; x_wconf 88' lang='lat' dir='ltr'><strong>misericordiam</strong></span> <span class='ocrx_word' id='word_1_707' title='bbox 3507 2505 3621 2559; x_wconf 67' lang='lat' dir='ltr'><strong>lucc</strong></span> <span class='ocrx_word' id='word_1_708' title='bbox 3652 2517 3707 2560; x_wconf 93' lang='lat' dir='ltr'><strong>ut</strong></span> <span class='ocrx_word' id='word_1_709' title='bbox 3738 2517 3821 2560; x_wconf 84' lang='lat' dir='ltr'><strong>tua</strong></span> 
     </span>
    </p>
   </div>
   <div class='ocr_carea' id='block_1_85' title="bbox 2244 2589 3817 2660">
    <p class='ocr_par' dir='ltr' id='par_1_85' title="bbox 2244 2589 3817 2660">
     <span class='ocr_line' id='line_1_85' title="bbox 2244 2589 3817 2660; baseline 0.004 -17"><span class='ocrx_word' id='word_1_710' title='bbox 2244 2589 2371 2643; x_wconf 86' lang='lat' dir='ltr'><strong>dare</strong></span> <span class='ocrx_word' id='word_1_711' title='bbox 2395 2591 2572 2659; x_wconf 90' lang='lat' dir='ltr'><strong>jussus</strong></span> <span class='ocrx_word' id='word_1_712' title='bbox 2601 2609 2678 2654; x_wconf 84' lang='lat' dir='ltr'><strong>es.</strong></span> <span class='ocrx_word' id='word_1_713' title='bbox 2708 2594 2826 2647; x_wconf 91' lang='lat' dir='ltr'><strong>ideo</strong></span> <span class='ocrx_word' id='word_1_714' title='bbox 2858 2594 2969 2648; x_wconf 70' lang='lat' dir='ltr'><strong>hare</strong></span> <span class='ocrx_word' id='word_1_715' title='bbox 2996 2609 3115 2648; x_wconf 89' lang='lat' dir='ltr'><strong>esse</strong></span> <span class='ocrx_word' id='word_1_716' title='bbox 3147 2604 3252 2648; x_wconf 92' lang='lat' dir='ltr'><strong>tua.</strong></span> <span class='ocrx_word' id='word_1_717' title='bbox 3283 2596 3396 2650; x_wconf 88' lang='lat' dir='ltr'><strong>Tibi</strong></span> <span class='ocrx_word' id='word_1_718' title='bbox 3429 2596 3817 2660; x_wconf 86' lang='lat' dir='ltr'><strong>commodavit,</strong></span> 
     </span>
    </p>
   </div>
   <div class='ocr_carea' id='block_1_86' title="bbox 2247 2683 3814 2755">
    <p class='ocr_par' dir='ltr' id='par_1_86' title="bbox 2247 2683 3814 2755">
     <span class='ocr_line' id='line_1_86' title="bbox 2247 2683 3814 2755; baseline 0.005 -22"><span class='ocrx_word' id='word_1_719' title='bbox 2247 2691 2302 2734; x_wconf 93' lang='lat' dir='ltr'><strong>ut</strong></span> <span class='ocrx_word' id='word_1_720' title='bbox 2327 2683 2491 2750; x_wconf 86' lang='lat' dir='ltr'><strong>probe</strong></span> <span class='ocrx_word' id='word_1_721' title='bbox 2530 2700 2684 2753; x_wconf 81' lang='lat' dir='ltr'><strong>agere</strong></span> <span class='ocrx_word' id='word_1_722' title='bbox 2730 2700 2931 2752; x_wconf 91' lang='lat' dir='ltr'><strong>posses.</strong></span> <span class='ocrx_word' id='word_1_723' title='bbox 2982 2686 3055 2740; x_wconf 77' lang='lat' dir='ltr'><strong>Ne</strong></span> <span class='ocrx_word' id='word_1_724' title='bbox 3088 2695 3172 2740; x_wconf 87' lang='lat' dir='ltr'><strong>tua</strong></span> <span class='ocrx_word' id='word_1_725' title='bbox 3211 2686 3366 2755; x_wconf 88' lang='lat' dir='ltr'><strong>igitur</strong></span> <span class='ocrx_word' id='word_1_726' title='bbox 3393 2687 3518 2741; x_wconf 88' lang='lat' dir='ltr'><strong>dare</strong></span> <span class='ocrx_word' id='word_1_727' title='bbox 3547 2698 3597 2742; x_wconf 90' lang='lat' dir='ltr'><strong>te</strong></span> <span class='ocrx_word' id='word_1_728' title='bbox 3630 2695 3780 2755; x_wconf 87' lang='lat' dir='ltr'><strong>putes</strong></span> <span class='ocrx_word' id='word_1_729' title='bbox 3801 2729 3814 2750; x_wconf 91' lang='lat'><strong>,</strong></span> 
     </span>
    </p>
   </div>
   <div class='ocr_carea' id='block_1_87' title="bbox 2244 2773 3819 2851">
    <p class='ocr_par' dir='ltr' id='par_1_87' title="bbox 2244 2773 3819 2851">
     <span class='ocr_line' id='line_1_87' title="bbox 2244 2773 3819 2851; baseline 0.006 -25"><span class='ocrx_word' id='word_1_730' title='bbox 2244 2773 2368 2827; x_wconf 91' lang='lat' dir='ltr'><strong>dum</strong></span> <span class='ocrx_word' id='word_1_731' title='bbox 2403 2776 2498 2844; x_wconf 87' lang='lat' dir='ltr'><strong>ipsi</strong></span> <span class='ocrx_word' id='word_1_732' title='bbox 2529 2791 2619 2829; x_wconf 77' lang='lat' dir='ltr'><strong>sua</strong></span> <span class='ocrx_word' id='word_1_733' title='bbox 2652 2777 2879 2846; x_wconf 87' lang='lat' dir='ltr'><strong>largiris.</strong></span> <span class='ocrx_word' id='word_1_734' title='bbox 2911 2777 3089 2847; x_wconf 80' lang='lat' dir='ltr'><strong>Neque</strong></span> <span class='ocrx_word' id='word_1_735' title='bbox 3120 2780 3258 2832; x_wconf 87' lang='lat' dir='ltr'><strong>cnim</strong></span> <span class='ocrx_word' id='word_1_736' title='bbox 3293 2781 3335 2833; x_wconf 89' lang='lat' dir='ltr'><strong>si</strong></span> <span class='ocrx_word' id='word_1_737' title='bbox 3366 2789 3418 2834; x_wconf 92' lang='lat' dir='ltr'><strong>tu</strong></span> <span class='ocrx_word' id='word_1_738' title='bbox 3447 2781 3672 2851; x_wconf 90' lang='lat' dir='ltr'><strong>cuipiam</strong></span> <span class='ocrx_word' id='word_1_739' title='bbox 3703 2797 3819 2835; x_wconf 85' lang='lat' dir='ltr'><strong>mu-</strong></span> 
     </span>
    </p>
   </div>
   <div class='ocr_carea' id='block_1_88' title="bbox 2244 2865 3821 2948">
    <p class='ocr_par' dir='ltr' id='par_1_88' title="bbox 2244 2865 3821 2948">
     <span class='ocr_line' id='line_1_88' title="bbox 2244 2865 3821 2948; baseline 0.007 -32"><span class='ocrx_word' id='word_1_740' title='bbox 2244 2872 2332 2917; x_wconf 92' lang='lat' dir='ltr'><strong>tuo</strong></span> <span class='ocrx_word' id='word_1_741' title='bbox 2359 2865 2534 2932; x_wconf 90' lang='lat' dir='ltr'><strong>dares,</strong></span> <span class='ocrx_word' id='word_1_742' title='bbox 2567 2877 2621 2920; x_wconf 93' lang='lat' dir='ltr'><strong>ut</strong></span> <span class='ocrx_word' id='word_1_743' title='bbox 2653 2867 2919 2937; x_wconf 87' lang='lat' dir='ltr'><strong>profectus</strong></span> <span class='ocrx_word' id='word_1_744' title='bbox 2947 2871 3069 2925; x_wconf 92' lang='lat' dir='ltr'><strong>inde</strong></span> <span class='ocrx_word' id='word_1_745' title='bbox 3097 2871 3287 2926; x_wconf 88' lang='lat' dir='ltr'><strong>lucrari</strong></span> <span class='ocrx_word' id='word_1_746' title='bbox 3320 2883 3534 2942; x_wconf 87' lang='lat' dir='ltr'><strong>posset,</strong></span> <span class='ocrx_word' id='word_1_747' title='bbox 3571 2874 3821 2948; x_wconf 81' lang='lat' dir='ltr'><strong>pecunias</strong></span> 
     </span>
    </p>
   </div>
   <div class='ocr_carea' id='block_1_89' title="bbox 2243 2953 3819 3034">
    <p class='ocr_par' dir='ltr' id='par_1_89' title="bbox 2243 2953 3819 3034">
     <span class='ocr_line' id='line_1_89' title="bbox 2243 2953 3819 3034; baseline 0.008 -26"><span class='ocrx_word' id='word_1_748' title='bbox 2243 2953 2360 3010; x_wconf 90' lang='lat' dir='ltr'><strong>illas</strong></span> <span class='ocrx_word' id='word_1_749' title='bbox 2386 2957 2450 3010; x_wconf 89' lang='lat' dir='ltr'><strong>ad</strong></span> <span class='ocrx_word' id='word_1_750' title='bbox 2484 2957 2652 3027; x_wconf 91' lang='lat' dir='ltr'><strong>ipsum</strong></span> <span class='ocrx_word' id='word_1_751' title='bbox 2690 2961 2953 3028; x_wconf 88' lang='lat' dir='ltr'><strong>pertinere</strong></span> <span class='ocrx_word' id='word_1_752' title='bbox 2979 2962 3203 3018; x_wconf 86' lang='lat' dir='ltr'><strong>diceres.</strong></span> <span class='ocrx_word' id='word_1_753' title='bbox 3236 2963 3324 3018; x_wconf 91' lang='lat' dir='ltr'><strong>Sic</strong></span> <span class='ocrx_word' id='word_1_754' title='bbox 3361 2965 3450 3018; x_wconf 89' lang='lat' dir='ltr'><strong>tibi</strong></span> <span class='ocrx_word' id='word_1_755' title='bbox 3492 2964 3628 3019; x_wconf 89' lang='lat' dir='ltr'><strong>Deus</strong></span> <span class='ocrx_word' id='word_1_756' title='bbox 3659 2979 3819 3034; x_wconf 86' lang='lat' dir='ltr'><strong>pecu-</strong></span> 
     </span>
    </p>
   </div>
   <div class='ocr_carea' id='block_1_90' title="bbox 2243 3045 3821 3126">
    <p class='ocr_par' dir='ltr' id='par_1_90' title="bbox 2243 3045 3821 3126">
     <span class='ocr_line' id='line_1_90' title="bbox 2243 3045 3821 3126; baseline 0.009 -28"><span class='ocrx_word' id='word_1_757' title='bbox 2243 3045 2382 3100; x_wconf 93' lang='lat' dir='ltr'><strong>niam</strong></span> <span class='ocrx_word' id='word_1_758' title='bbox 2421 3047 2668 3108; x_wconf 83' lang='lat' dir='ltr'><strong>tradidit.</strong></span> <span class='ocrx_word' id='word_1_759' title='bbox 2703 3059 2758 3102; x_wconf 92' lang='lat' dir='ltr'><strong>ut</strong></span> <span class='ocrx_word' id='word_1_760' title='bbox 2785 3051 2970 3104; x_wconf 72' lang='lat' dir='ltr'><strong>emtum</strong></span> <span class='ocrx_word' id='word_1_761' title='bbox 3010 3065 3176 3107; x_wconf 90' lang='lat' dir='ltr'><strong>emas.</strong></span> <span class='ocrx_word' id='word_1_762' title='bbox 3209 3053 3286 3108; x_wconf 91' lang='lat' dir='ltr'><strong>Ne</strong></span> <span class='ocrx_word' id='word_1_763' title='bbox 3314 3071 3440 3124; x_wconf 89' lang='lat' dir='ltr'><strong>ergo</strong></span> <span class='ocrx_word' id='word_1_764' title='bbox 3479 3055 3821 3126; x_wconf 80' lang='lat' dir='ltr'><strong>benignitatis</strong></span> 
     </span>
    </p>
   </div>
   <div class='ocr_carea' id='block_1_91' title="bbox 2242 3137 3813 3211">
    <p class='ocr_par' dir='ltr' id='par_1_91' title="bbox 2242 3137 3813 3211">
     <span class='ocr_line' id='line_1_91' title="bbox 2242 3137 3813 3211; baseline 0.008 -21"><span class='ocrx_word' id='word_1_765' title='bbox 2242 3137 2600 3207; x_wconf 87' lang='lat' dir='ltr'><strong>magnitudine</strong></span> <span class='ocrx_word' id='word_1_766' title='bbox 2649 3139 2813 3193; x_wconf 89' lang='lat' dir='ltr'><strong>utaris</strong></span> <span class='ocrx_word' id='word_1_767' title='bbox 2857 3151 2914 3194; x_wconf 90' lang='lat' dir='ltr'><strong>ut</strong></span> <span class='ocrx_word' id='word_1_768' title='bbox 2960 3141 3223 3211; x_wconf 85' lang='lat' dir='ltr'><strong>ingratum</strong></span> <span class='ocrx_word' id='word_1_769' title='bbox 3267 3144 3517 3200; x_wconf 80' lang='lat' dir='ltr'><strong>exhibeas</strong></span> <span class='ocrx_word' id='word_1_770' title='bbox 3560 3149 3813 3202; x_wconf 87' lang='lat' dir='ltr'><strong>animum.</strong></span> 
     </span>
    </p>
   </div>
   <div class='ocr_carea' id='block_1_92' title="bbox 2240 3223 3815 3304">
    <p class='ocr_par' dir='ltr' id='par_1_92' title="bbox 2240 3223 3815 3304">
     <span class='ocr_line' id='line_1_92' title="bbox 2240 3223 3815 3304; baseline 0.005 -24"><span class='ocrx_word' id='word_1_771' title='bbox 2240 3223 2420 3293; x_wconf 78' lang='lat' dir='ltr'><strong>Cogita</strong></span> <span class='ocrx_word' id='word_1_772' title='bbox 2451 3243 2606 3296; x_wconf 86' lang='lat' dir='ltr'><strong>quam</strong></span> <span class='ocrx_word' id='word_1_773' title='bbox 2637 3229 2866 3298; x_wconf 88' lang='lat' dir='ltr'><strong>optabile</strong></span> <span class='ocrx_word' id='word_1_774' title='bbox 2902 3242 3018 3286; x_wconf 88' lang='lat' dir='ltr'><strong>erat</strong></span> <span class='ocrx_word' id='word_1_775' title='bbox 3056 3243 3172 3298; x_wconf 87' lang='lat' dir='ltr'><strong>post</strong></span> <span class='ocrx_word' id='word_1_776' title='bbox 3206 3234 3460 3304; x_wconf 73' lang='lat' dir='ltr'><strong>baptisma</strong></span> <span class='ocrx_word' id='word_1_777' title='bbox 3492 3237 3560 3291; x_wconf 89' lang='lat' dir='ltr'><strong>ad</strong></span> <span class='ocrx_word' id='word_1_778' title='bbox 3594 3239 3815 3293; x_wconf 72' lang='lat' dir='ltr'><strong>eluendi</strong></span> 
     </span>
    </p>
   </div>
   <div class='ocr_carea' id='block_1_93' title="bbox 2241 3310 3813 3380">
    <p class='ocr_par' dir='ltr' id='par_1_93' title="bbox 2241 3310 3813 3380">
     <span class='ocr_line' id='line_1_93' title="bbox 2241 3310 3813 3380; baseline -0.001 -14"><span class='ocrx_word' id='word_1_779' title='bbox 2241 3321 2457 3380; x_wconf 88' lang='lat' dir='ltr'><strong>peccata</strong></span> <span class='ocrx_word' id='word_1_780' title='bbox 2496 3326 2690 3367; x_wconf 91' lang='lat' dir='ltr'><strong>novam</strong></span> <span class='ocrx_word' id='word_1_781' title='bbox 2724 3312 2959 3380; x_wconf 89' lang='lat' dir='ltr'><strong>reperire</strong></span> <span class='ocrx_word' id='word_1_782' title='bbox 2999 3312 3161 3366; x_wconf 89' lang='lat' dir='ltr'><strong>viam.</strong></span> <span class='ocrx_word' id='word_1_783' title='bbox 3202 3310 3266 3367; x_wconf 89' lang='lat' dir='ltr'><strong>Ni</strong></span> <span class='ocrx_word' id='word_1_784' title='bbox 3297 3313 3548 3378; x_wconf 81' lang='lat' dir='ltr'><strong>dixisset,</strong></span> <span class='ocrx_word' id='word_1_785' title='bbox 3582 3313 3661 3365; x_wconf 82' lang='lat' dir='ltr'><strong>Da</strong></span> <span class='ocrx_word' id='word_1_786' title='bbox 3686 3313 3813 3365; x_wconf 80' lang='lat' dir='ltr'><strong>etce-</strong></span> 
     </span>
    </p>
   </div>
   <div class='ocr_carea' id='block_1_94' title="bbox 2241 3406 3816 3477">
    <p class='ocr_par' dir='ltr' id='par_1_94' title="bbox 2241 3406 3816 3477">
     <span class='ocr_line' id='line_1_94' title="bbox 2241 3406 3816 3477; baseline 0.003 -18"><span class='ocrx_word' id='word_1_787' title='bbox 2241 3423 2532 3477; x_wconf 75' lang='lat' dir='ltr'><strong>naosynam,</strong></span> <span class='ocrx_word' id='word_1_788' title='bbox 2553 3415 2685 3476; x_wconf 89' lang='lat' dir='ltr'><strong>quot</strong></span> <span class='ocrx_word' id='word_1_789' title='bbox 2708 3407 2956 3461; x_wconf 86' lang='lat' dir='ltr'><strong>homines</strong></span> <span class='ocrx_word' id='word_1_790' title='bbox 2972 3406 3168 3460; x_wconf 89' lang='lat' dir='ltr'><strong>dicturi</strong></span> <span class='ocrx_word' id='word_1_791' title='bbox 3188 3417 3366 3472; x_wconf 85' lang='lat' dir='ltr'><strong>erant,</strong></span> <span class='ocrx_word' id='word_1_792' title='bbox 3389 3407 3604 3462; x_wconf 83' lang='lat' dir='ltr'><strong>Utinam</strong></span> <span class='ocrx_word' id='word_1_793' title='bbox 3631 3424 3816 3476; x_wconf 81' lang='lat' dir='ltr'><strong>posse-</strong></span> 
     </span>
    </p>
   </div>
   <div class='ocr_carea' id='block_1_95' title="bbox 2243 3499 3811 3571">
    <p class='ocr_par' dir='ltr' id='par_1_95' title="bbox 2243 3499 3811 3571">
     <span class='ocr_line' id='line_1_95' title="bbox 2243 3499 3811 3571; baseline -0.001 -17"><span class='ocrx_word' id='word_1_794' title='bbox 2243 3517 2364 3556; x_wconf 90' lang='lat' dir='ltr'><strong>mus</strong></span> <span class='ocrx_word' id='word_1_795' title='bbox 2388 3501 2633 3571; x_wconf 87' lang='lat' dir='ltr'><strong>pecuniis</strong></span> <span class='ocrx_word' id='word_1_796' title='bbox 2657 3515 2686 3554; x_wconf 90' lang='lat' dir='ltr'><strong>a</strong></span> <span class='ocrx_word' id='word_1_797' title='bbox 2711 3500 2906 3555; x_wconf 88' lang='lat' dir='ltr'><strong>futuris</strong></span> <span class='ocrx_word' id='word_1_798' title='bbox 2931 3515 3026 3556; x_wconf 90' lang='lat' dir='ltr'><strong>nos</strong></span> <span class='ocrx_word' id='word_1_799' title='bbox 3053 3502 3208 3557; x_wconf 91' lang='lat' dir='ltr'><strong>malis</strong></span> <span class='ocrx_word' id='word_1_800' title='bbox 3230 3501 3496 3555; x_wconf 90' lang='lat' dir='ltr'><strong>redimere</strong></span> <span class='ocrx_word' id='word_1_801' title='bbox 3523 3503 3535 3554; x_wconf 89' lang='lat'><strong>!</strong></span> <span class='ocrx_word' id='word_1_802' title='bbox 3567 3499 3671 3554; x_wconf 86' lang='lat' dir='ltr'><strong>Sed</strong></span> <span class='ocrx_word' id='word_1_803' title='bbox 3688 3502 3811 3570; x_wconf 84' lang='lat' dir='ltr'><strong>quia</strong></span> 
     </span>
    </p>
   </div>
   <div class='ocr_carea' id='block_1_96' title="bbox 2243 3591 3816 3662">
    <p class='ocr_par' dir='ltr' id='par_1_96' title="bbox 2243 3591 3816 3662">
     <span class='ocr_line' id='line_1_96' title="bbox 2243 3591 3816 3662; baseline -0.001 -16"><span class='ocrx_word' id='word_1_804' title='bbox 2243 3602 2417 3662; x_wconf 90' lang='lat' dir='ltr'><strong>potest</strong></span> <span class='ocrx_word' id='word_1_805' title='bbox 2445 3593 2580 3659; x_wconf 80' lang='lat' dir='ltr'><strong>lteri,</strong></span> <span class='ocrx_word' id='word_1_806' title='bbox 2606 3608 2798 3647; x_wconf 92' lang='lat' dir='ltr'><strong>rursus</strong></span> <span class='ocrx_word' id='word_1_807' title='bbox 2821 3594 3001 3662; x_wconf 89' lang='lat' dir='ltr'><strong>supini</strong></span> <span class='ocrx_word' id='word_1_808' title='bbox 3029 3594 3231 3661; x_wconf 85' lang='lat' dir='ltr'><strong>jacent.</strong></span> <span class='ocrx_word' id='word_1_809' title='bbox 3253 3592 3358 3647; x_wconf 88' lang='lat' dir='ltr'><strong>Sed</strong></span> <span class='ocrx_word' id='word_1_810' title='bbox 3381 3592 3475 3656; x_wconf 92' lang='lat' dir='ltr'><strong>do,</strong></span> <span class='ocrx_word' id='word_1_811' title='bbox 3501 3591 3816 3661; x_wconf 82' lang='lat' dir='ltr'><strong>inquies.Et</strong></span> 
     </span>
    </p>
   </div>
   <div class='ocr_carea' id='block_1_97' title="bbox 2242 3683 3824 3754">
    <p class='ocr_par' dir='ltr' id='par_1_97' title="bbox 2242 3683 3824 3754">
     <span class='ocr_line' id='line_1_97' title="bbox 2242 3683 3824 3754; baseline 0 -18"><span class='ocrx_word' id='word_1_812' title='bbox 2242 3686 2370 3754; x_wconf 86' lang='lat' dir='ltr'><strong>quid</strong></span> <span class='ocrx_word' id='word_1_813' title='bbox 2388 3686 2516 3740; x_wconf 90' lang='lat' dir='ltr'><strong>illud</strong></span> <span class='ocrx_word' id='word_1_814' title='bbox 2532 3683 2814 3738; x_wconf 86' lang='lat' dir='ltr'><strong>?Nondum</strong></span> <span class='ocrx_word' id='word_1_815' title='bbox 2842 3695 3047 3738; x_wconf 88' lang='lat' dir='ltr'><strong>tantum</strong></span> <span class='ocrx_word' id='word_1_816' title='bbox 3068 3684 3286 3751; x_wconf 88' lang='lat' dir='ltr'><strong>dedisti,</strong></span> <span class='ocrx_word' id='word_1_817' title='bbox 3306 3694 3565 3754; x_wconf 76' lang='lat' dir='ltr'><strong>quantum</strong></span> <span class='ocrx_word' id='word_1_818' title='bbox 3590 3684 3681 3738; x_wconf 91' lang='lat' dir='ltr'><strong>illa</strong></span> <span class='ocrx_word' id='word_1_819' title='bbox 3705 3698 3824 3736; x_wconf 83' lang='lat' dir='ltr'><strong>mu-</strong></span> 
     </span>
    </p>
   </div>
   <div class='ocr_carea' id='block_1_98' title="bbox 2242 3777 3816 3849">
    <p class='ocr_par' dir='ltr' id='par_1_98' title="bbox 2242 3777 3816 3849">
     <span class='ocr_line' id='line_1_98' title="bbox 2242 3777 3816 3849; baseline -0.001 -18"><span class='ocrx_word' id='word_1_820' title='bbox 2242 3778 2341 3832; x_wconf 90' lang='lat' dir='ltr'><strong>lier</strong></span> <span class='ocrx_word' id='word_1_821' title='bbox 2367 3794 2486 3849; x_wconf 80' lang='lat' dir='ltr'><strong>quae</strong></span> <span class='ocrx_word' id='word_1_822' title='bbox 2505 3779 2641 3833; x_wconf 87' lang='lat' dir='ltr'><strong>duos</strong></span> <span class='ocrx_word' id='word_1_823' title='bbox 2668 3779 2908 3848; x_wconf 85' lang='lat' dir='ltr'><strong>erogavit</strong></span> <span class='ocrx_word' id='word_1_824' title='bbox 2931 3779 3146 3844; x_wconf 86' lang='lat' dir='ltr'><strong>obolos;</strong></span> <span class='ocrx_word' id='word_1_825' title='bbox 3167 3792 3274 3832; x_wconf 90' lang='lat' dir='ltr'><strong>non</strong></span> <span class='ocrx_word' id='word_1_826' title='bbox 3299 3777 3601 3839; x_wconf 81' lang='lat' dir='ltr'><strong>dimidiam,</strong></span> <span class='ocrx_word' id='word_1_827' title='bbox 3621 3780 3728 3832; x_wconf 88' lang='lat' dir='ltr'><strong>imo</strong></span> <span class='ocrx_word' id='word_1_828' title='bbox 3751 3791 3816 3830; x_wconf 89' lang='lat' dir='ltr'><strong>ne</strong></span> 
     </span>
    </p>
   </div>
   <div class='ocr_carea' id='block_1_99' title="bbox 2248 3859 3818 3930">
    <p class='ocr_par' dir='ltr' id='par_1_99' title="bbox 2248 3859 3818 3930">
     <span class='ocr_line' id='line_1_99' title="bbox 2248 3859 3818 3930; baseline 0.004 -20"><span class='ocrx_word' id='word_1_829' title='bbox 2248 3860 2516 3910; x_wconf 77' lang='lat' dir='ltr'><strong>minimam</strong></span> <span class='ocrx_word' id='word_1_830' title='bbox 2539 3861 2751 3927; x_wconf 84' lang='lat' dir='ltr'><strong>quidem</strong></span> <span class='ocrx_word' id='word_1_831' title='bbox 2781 3871 2980 3929; x_wconf 87' lang='lat' dir='ltr'><strong>partem</strong></span> <span class='ocrx_word' id='word_1_832' title='bbox 3005 3863 3019 3891; x_wconf 73' lang='grc' dir='ltr'><strong>ι</strong></span> <span class='ocrx_word' id='word_1_833' title='bbox 3040 3862 3092 3914; x_wconf 93' lang='lat' dir='ltr'><strong>in</strong></span> <span class='ocrx_word' id='word_1_834' title='bbox 3114 3862 3506 3930; x_wconf 79' lang='lat' dir='ltr'><strong>comparatione</strong></span> <span class='ocrx_word' id='word_1_835' title='bbox 3531 3861 3704 3924; x_wconf 89' lang='lat' dir='ltr'><strong>illius;</strong></span> <span class='ocrx_word' id='word_1_836' title='bbox 3727 3859 3818 3916; x_wconf 89' lang='lat' dir='ltr'><strong>sed</strong></span> 
     </span>
    </p>
   </div>
   <div class='ocr_carea' id='block_1_100' title="bbox 2243 3950 3814 4022">
    <p class='ocr_par' dir='ltr' id='par_1_100' title="bbox 2243 3950 3814 4022">
     <span class='ocr_line' id='line_1_100' title="bbox 2243 3950 3814 4022; baseline 0.001 -18"><span class='ocrx_word' id='word_1_837' title='bbox 2243 3950 2404 4004; x_wconf 87' lang='lat' dir='ltr'><strong>multa</strong></span> <span class='ocrx_word' id='word_1_838' title='bbox 2445 3951 2496 4005; x_wconf 93' lang='lat' dir='ltr'><strong>in</strong></span> <span class='ocrx_word' id='word_1_839' title='bbox 2536 3961 2774 4019; x_wconf 86' lang='lat' dir='ltr'><strong>sumptus</strong></span> <span class='ocrx_word' id='word_1_840' title='bbox 2821 3952 3031 4006; x_wconf 89' lang='lat' dir='ltr'><strong>inutiles</strong></span> <span class='ocrx_word' id='word_1_841' title='bbox 3082 3951 3392 4022; x_wconf 82' lang='lat' dir='ltr'><strong>profundis,</strong></span> <span class='ocrx_word' id='word_1_842' title='bbox 3435 3953 3485 4006; x_wconf 91' lang='lat' dir='ltr'><strong>in</strong></span> <span class='ocrx_word' id='word_1_843' title='bbox 3533 3953 3814 4015; x_wconf 88' lang='lat' dir='ltr'><strong>convivia,</strong></span> 
     </span>
    </p>
   </div>
   <div class='ocr_carea' id='block_1_101' title="bbox 2244 4043 3817 4113">
    <p class='ocr_par' dir='ltr' id='par_1_101' title="bbox 2244 4043 3817 4113">
     <span class='ocr_line' id='line_1_101' title="bbox 2244 4043 3817 4113; baseline -0.001 -16"><span class='ocrx_word' id='word_1_844' title='bbox 2244 4043 2570 4106; x_wconf 83' lang='lat' dir='ltr'><strong>ebrietatem,</strong></span> <span class='ocrx_word' id='word_1_845' title='bbox 2603 4052 2996 4112; x_wconf 83' lang='lat' dir='ltr'><strong>extremamque</strong></span> <span class='ocrx_word' id='word_1_846' title='bbox 3025 4044 3314 4113; x_wconf 87' lang='lat' dir='ltr'><strong>ingluviem</strong></span> <span class='ocrx_word' id='word_1_847' title='bbox 3345 4062 3356 4096; x_wconf 91' lang='lat'>:</span> <span class='ocrx_word' id='word_1_848' title='bbox 3391 4059 3532 4098; x_wconf 90' lang='lat' dir='ltr'><strong>nunc</strong></span> <span class='ocrx_word' id='word_1_849' title='bbox 3559 4045 3817 4108; x_wconf 64' lang='lat' dir='ltr'><strong>inritans,</strong></span> 
     </span>
    </p>
   </div>
   <div class='ocr_carea' id='block_1_102' title="bbox 2245 4133 3820 4199">
    <p class='ocr_par' dir='ltr' id='par_1_102' title="bbox 2245 4133 3820 4199">
     <span class='ocr_line' id='line_1_102' title="bbox 2245 4133 3820 4199; baseline 0.001 -12"><span class='ocrx_word' id='word_1_850' title='bbox 2245 4149 2384 4188; x_wconf 90' lang='lat' dir='ltr'><strong>nunc</strong></span> <span class='ocrx_word' id='word_1_851' title='bbox 2409 4133 2684 4194; x_wconf 88' lang='lat' dir='ltr'><strong>invitatus;</strong></span> <span class='ocrx_word' id='word_1_852' title='bbox 2717 4149 2853 4186; x_wconf 89' lang='lat' dir='ltr'><strong>nunc</strong></span> <span class='ocrx_word' id='word_1_853' title='bbox 2873 4136 3163 4199; x_wconf 88' lang='lat' dir='ltr'><strong>consumis,</strong></span> <span class='ocrx_word' id='word_1_854' title='bbox 3192 4149 3329 4188; x_wconf 91' lang='lat' dir='ltr'><strong>nunc</strong></span> <span class='ocrx_word' id='word_1_855' title='bbox 3351 4135 3482 4188; x_wconf 87' lang='lat' dir='ltr'><strong>alios</strong></span> <span class='ocrx_word' id='word_1_856' title='bbox 3503 4149 3820 4189; x_wconf 86' lang='lat' dir='ltr'><strong>consumere</strong></span> 
     </span>
    </p>
   </div>
   <div class='ocr_carea' id='block_1_103' title="bbox 2244 4223 3821 4294">
    <p class='ocr_par' dir='ltr' id='par_1_103' title="bbox 2244 4223 3821 4294">
     <span class='ocr_line' id='line_1_103' title="bbox 2244 4223 3821 4294; baseline 0.002 -17"><span class='ocrx_word' id='word_1_857' title='bbox 2244 4225 2416 4292; x_wconf 82' lang='lat' dir='ltr'><strong>cogis;</strong></span> <span class='ocrx_word' id='word_1_858' title='bbox 2461 4224 2531 4277; x_wconf 87' lang='lat' dir='ltr'><strong>ita</strong></span> <span class='ocrx_word' id='word_1_859' title='bbox 2575 4232 2630 4278; x_wconf 96' lang='lat' dir='ltr'><strong>ut</strong></span> <span class='ocrx_word' id='word_1_860' title='bbox 2667 4223 2929 4293; x_wconf 90' lang='lat' dir='ltr'><strong>duplicem</strong></span> <span class='ocrx_word' id='word_1_861' title='bbox 2963 4224 3054 4278; x_wconf 90' lang='lat' dir='ltr'><strong>tibi</strong></span> <span class='ocrx_word' id='word_1_862' title='bbox 3097 4237 3250 4294; x_wconf 89' lang='lat' dir='ltr'><strong>pares</strong></span> <span class='ocrx_word' id='word_1_863' title='bbox 3287 4226 3576 4278; x_wconf 88' lang='lat' dir='ltr'><strong>cruciatum</strong></span> <span class='ocrx_word' id='word_1_864' title='bbox 3601 4265 3617 4291; x_wconf 91' lang='lat'><strong>,</strong></span> <span class='ocrx_word' id='word_1_865' title='bbox 3654 4225 3723 4280; x_wconf 84' lang='lat' dir='ltr'><strong>ab</strong></span> <span class='ocrx_word' id='word_1_866' title='bbox 3759 4226 3821 4280; x_wconf 87' lang='lat' dir='ltr'><strong>iis</strong></span> 
     </span>
    </p>
   </div>
   <div class='ocr_carea' id='block_1_104' title="bbox 2243 4310 3821 4383">
    <p class='ocr_par' dir='ltr' id='par_1_104' title="bbox 2243 4310 3821 4383">
     <span class='ocr_line' id='line_1_104' title="bbox 2243 4310 3821 4383; baseline 0.002 -18"><span class='ocrx_word' id='word_1_867' title='bbox 2243 4328 2361 4380; x_wconf 64' lang='lat' dir='ltr'><strong>quae</strong></span> <span class='ocrx_word' id='word_1_868' title='bbox 2405 4324 2457 4365; x_wconf 90' lang='lat' dir='ltr'><strong>lu</strong></span> <span class='ocrx_word' id='word_1_869' title='bbox 2497 4310 2659 4378; x_wconf 88' lang='lat' dir='ltr'><strong>facis,</strong></span> <span class='ocrx_word' id='word_1_870' title='bbox 2692 4322 2744 4367; x_wconf 90' lang='lat' dir='ltr'><strong>et</strong></span> <span class='ocrx_word' id='word_1_871' title='bbox 2784 4314 2852 4368; x_wconf 86' lang='lat' dir='ltr'><strong>ab</strong></span> <span class='ocrx_word' id='word_1_872' title='bbox 2893 4313 2958 4367; x_wconf 84' lang='lat' dir='ltr'><strong>iis</strong></span> <span class='ocrx_word' id='word_1_873' title='bbox 2995 4329 3114 4383; x_wconf 77' lang='lat' dir='ltr'><strong>qua:</strong></span> <span class='ocrx_word' id='word_1_874' title='bbox 3159 4323 3209 4368; x_wconf 91' lang='lat' dir='ltr'><strong>te</strong></span> <span class='ocrx_word' id='word_1_875' title='bbox 3241 4323 3455 4369; x_wconf 90' lang='lat' dir='ltr'><strong>auctore</strong></span> <span class='ocrx_word' id='word_1_876' title='bbox 3482 4315 3572 4370; x_wconf 88' lang='lat' dir='ltr'><strong>alii</strong></span> <span class='ocrx_word' id='word_1_877' title='bbox 3602 4314 3821 4371; x_wconf 74' lang='lat' dir='ltr'><strong>faciunt.</strong></span> 
     </span>
    </p>
   </div>
   <div class='ocr_carea' id='block_1_105' title="bbox 2246 4401 3818 4474">
    <p class='ocr_par' dir='ltr' id='par_1_105' title="bbox 2246 4401 3818 4474">
     <span class='ocr_line' id='line_1_105' title="bbox 2246 4401 3818 4474; baseline 0.003 -18"><span class='ocrx_word' id='word_1_878' title='bbox 2246 4401 2375 4458; x_wconf 86' lang='lat' dir='ltr'><strong>Vide</strong></span> <span class='ocrx_word' id='word_1_879' title='bbox 2411 4418 2536 4474; x_wconf 89' lang='lat' dir='ltr'><strong>ergo</strong></span> <span class='ocrx_word' id='word_1_880' title='bbox 2581 4403 2722 4458; x_wconf 90' lang='lat' dir='ltr'><strong>hunc</strong></span> <span class='ocrx_word' id='word_1_881' title='bbox 2766 4403 3018 4458; x_wconf 91' lang='lat' dir='ltr'><strong>famulum</strong></span> <span class='ocrx_word' id='word_1_882' title='bbox 3055 4404 3244 4460; x_wconf 86' lang='lat' dir='ltr'><strong>eadem</strong></span> <span class='ocrx_word' id='word_1_883' title='bbox 3282 4405 3349 4459; x_wconf 92' lang='lat' dir='ltr'><strong>de</strong></span> <span class='ocrx_word' id='word_1_884' title='bbox 3389 4422 3447 4459; x_wconf 88' lang='lat' dir='ltr'><strong>re</strong></span> <span class='ocrx_word' id='word_1_885' title='bbox 3473 4418 3778 4461; x_wconf 85' lang='lat' dir='ltr'><strong>accusatum</strong></span> <span class='ocrx_word' id='word_1_886' title='bbox 3803 4449 3818 4472; x_wconf 94' lang='lat'><strong>,</strong></span> 
     </span>
    </p>
   </div>
   <div class='ocr_carea' id='block_1_106' title="bbox 2241 4493 3823 4563">
    <p class='ocr_par' dir='ltr' id='par_1_106' title="bbox 2241 4493 3823 4563">
     <span class='ocr_line' id='line_1_106' title="bbox 2241 4493 3823 4563; baseline 0.001 -14"><span class='ocrx_word' id='word_1_887' title='bbox 2241 4493 2486 4556; x_wconf 71' lang='lat' dir='ltr'><strong>Conaedit,</strong></span> <span class='ocrx_word' id='word_1_888' title='bbox 2517 4493 2704 4563; x_wconf 87' lang='lat' dir='ltr'><strong>inquit,</strong></span> <span class='ocrx_word' id='word_1_889' title='bbox 2729 4506 2776 4546; x_wconf 86' lang='lat' dir='ltr'><strong>et</strong></span> <span class='ocrx_word' id='word_1_890' title='bbox 2799 4493 2917 4546; x_wconf 89' lang='lat' dir='ltr'><strong>bibit</strong></span> <span class='ocrx_word' id='word_1_891' title='bbox 2941 4510 3054 4546; x_wconf 82' lang='lat' dir='ltr'><strong>cum</strong></span> <span class='ocrx_word' id='word_1_892' title='bbox 3082 4493 3246 4548; x_wconf 87' lang='lat' dir='ltr'><strong>ebriis.</strong></span> <span class='ocrx_word' id='word_1_893' title='bbox 3275 4493 3457 4563; x_wconf 84' lang='lat' dir='ltr'><strong>Neque</strong></span> <span class='ocrx_word' id='word_1_894' title='bbox 3485 4495 3625 4549; x_wconf 90' lang='lat' dir='ltr'><strong>enim</strong></span> <span class='ocrx_word' id='word_1_895' title='bbox 3646 4497 3823 4551; x_wconf 87' lang='lat' dir='ltr'><strong>ebrios</strong></span> 
     </span>
    </p>
   </div>
   <div class='ocr_carea' id='block_1_107' title="bbox 2245 4584 3825 4653">
    <p class='ocr_par' dir='ltr' id='par_1_107' title="bbox 2245 4584 3825 4653">
     <span class='ocr_line' id='line_1_107' title="bbox 2245 4584 3825 4653; baseline 0.002 -14"><span class='ocrx_word' id='word_1_896' title='bbox 2245 4593 2447 4640; x_wconf 88' lang='lat' dir='ltr'><strong>tantum</strong></span> <span class='ocrx_word' id='word_1_897' title='bbox 2475 4626 2490 4652; x_wconf 96' lang='lat'><strong>,</strong></span> <span class='ocrx_word' id='word_1_898' title='bbox 2533 4585 2626 4639; x_wconf 90' lang='lat' dir='ltr'><strong>sed</strong></span> <span class='ocrx_word' id='word_1_899' title='bbox 2667 4593 2721 4639; x_wconf 91' lang='lat' dir='ltr'><strong>et</strong></span> <span class='ocrx_word' id='word_1_900' title='bbox 2759 4584 2967 4639; x_wconf 90' lang='lat' dir='ltr'><strong>illorum</strong></span> <span class='ocrx_word' id='word_1_901' title='bbox 2999 4586 3174 4640; x_wconf 82' lang='lat' dir='ltr'><strong>socios</strong></span> <span class='ocrx_word' id='word_1_902' title='bbox 3213 4585 3472 4653; x_wconf 86' lang='lat' dir='ltr'><strong>supplicio</strong></span> <span class='ocrx_word' id='word_1_903' title='bbox 3510 4585 3740 4652; x_wconf 78' lang='lat' dir='ltr'><strong>afﬁciet;</strong></span> <span class='ocrx_word' id='word_1_904' title='bbox 3770 4600 3825 4642; x_wconf 90' lang='lat' dir='ltr'><strong>et</strong></span> 
     </span>
    </p>
   </div>
   <div class='ocr_carea' id='block_1_108' title="bbox 2239 4675 3822 4745">
    <p class='ocr_par' dir='ltr' id='par_1_108' title="bbox 2239 4675 3822 4745">
     <span class='ocr_line' id='line_1_108' title="bbox 2239 4675 3822 4745; baseline 0.001 -16"><span class='ocrx_word' id='word_1_905' title='bbox 2239 4675 2359 4745; x_wconf 84' lang='lat' dir='ltr'><strong>jure</strong></span> <span class='ocrx_word' id='word_1_906' title='bbox 2389 4675 2600 4744; x_wconf 91' lang='lat' dir='ltr'><strong>quidem</strong></span> <span class='ocrx_word' id='word_1_907' title='bbox 2631 4692 2642 4729; x_wconf 94' lang='lat'><strong>:</strong></span> <span class='ocrx_word' id='word_1_908' title='bbox 2672 4691 2790 4730; x_wconf 87' lang='lat' dir='ltr'><strong>nam</strong></span> <span class='ocrx_word' id='word_1_909' title='bbox 2832 4687 2886 4729; x_wconf 90' lang='lat' dir='ltr'><strong>et</strong></span> <span class='ocrx_word' id='word_1_910' title='bbox 2921 4677 3125 4744; x_wconf 83' lang='lat' dir='ltr'><strong>seipsos</strong></span> <span class='ocrx_word' id='word_1_911' title='bbox 3151 4685 3535 4745; x_wconf 89' lang='lat' dir='ltr'><strong>corrumpunt,</strong></span> <span class='ocrx_word' id='word_1_912' title='bbox 3562 4685 3618 4730; x_wconf 92' lang='lat' dir='ltr'><strong>et</strong></span> <span class='ocrx_word' id='word_1_913' title='bbox 3645 4679 3822 4745; x_wconf 85' lang='lat' dir='ltr'><strong>proxi-</strong></span> 
     </span>
    </p>
   </div>
   <div class='ocr_carea' id='block_1_109' title="bbox 2244 4767 3821 4838">
    <p class='ocr_par' dir='ltr' id='par_1_109' title="bbox 2244 4767 3821 4838">
     <span class='ocr_line' id='line_1_109' title="bbox 2244 4767 3821 4838; baseline 0 -15"><span class='ocrx_word' id='word_1_914' title='bbox 2244 4784 2452 4824; x_wconf 90' lang='lat' dir='ltr'><strong>morum</strong></span> <span class='ocrx_word' id='word_1_915' title='bbox 2482 4769 2709 4823; x_wconf 86' lang='lat' dir='ltr'><strong>salutem</strong></span> <span class='ocrx_word' id='word_1_916' title='bbox 2740 4768 3031 4838; x_wconf 81' lang='lat' dir='ltr'><strong>negligunt.</strong></span> <span class='ocrx_word' id='word_1_917' title='bbox 3076 4767 3214 4822; x_wconf 84' lang='lat' dir='ltr'><strong>Nihil</strong></span> <span class='ocrx_word' id='word_1_918' title='bbox 3243 4779 3417 4822; x_wconf 87' lang='lat' dir='ltr'><strong>autem</strong></span> <span class='ocrx_word' id='word_1_919' title='bbox 3449 4770 3517 4823; x_wconf 87' lang='lat' dir='ltr'><strong>ita</strong></span> <span class='ocrx_word' id='word_1_920' title='bbox 3551 4769 3718 4824; x_wconf 84' lang='lat' dir='ltr'><strong>Deum</strong></span> <span class='ocrx_word' id='word_1_921' title='bbox 3749 4771 3821 4823; x_wconf 89' lang='lat' dir='ltr'><strong>ir-</strong></span> 
     </span>
    </p>
   </div>
   <div class='ocr_carea' id='block_1_110' title="bbox 2244 4857 3823 4928">
    <p class='ocr_par' dir='ltr' id='par_1_110' title="bbox 2244 4857 3823 4928">
     <span class='ocr_line' id='line_1_110' title="bbox 2244 4857 3823 4928; baseline -0.001 -13"><span class='ocrx_word' id='word_1_922' title='bbox 2244 4861 2403 4924; x_wconf 88' lang='lat' dir='ltr'><strong>ritat,</strong></span> <span class='ocrx_word' id='word_1_923' title='bbox 2445 4869 2502 4914; x_wconf 89' lang='lat' dir='ltr'><strong>ut</strong></span> <span class='ocrx_word' id='word_1_924' title='bbox 2539 4860 2582 4914; x_wconf 87' lang='lat' dir='ltr'><strong>si</strong></span> <span class='ocrx_word' id='word_1_925' title='bbox 2623 4859 2846 4928; x_wconf 89' lang='lat' dir='ltr'><strong>proximi</strong></span> <span class='ocrx_word' id='word_1_926' title='bbox 2891 4873 2976 4911; x_wconf 90' lang='lat' dir='ltr'><strong>res</strong></span> <span class='ocrx_word' id='word_1_927' title='bbox 3015 4859 3363 4928; x_wconf 81' lang='lat' dir='ltr'><strong>negligantur.</strong></span> <span class='ocrx_word' id='word_1_928' title='bbox 3409 4857 3744 4928; x_wconf 79' lang='lat' dir='ltr'><strong>Quapropter</strong></span> <span class='ocrx_word' id='word_1_929' title='bbox 3770 4868 3823 4913; x_wconf 89' lang='lat' dir='ltr'><strong>ut</strong></span> 
     </span>
    </p>
   </div>
   <div class='ocr_carea' id='block_1_111' title="bbox 2247 4948 3824 5019">
    <p class='ocr_par' dir='ltr' id='par_1_111' title="bbox 2247 4948 3824 5019">
     <span class='ocr_line' id='line_1_111' title="bbox 2247 4948 3824 5019; baseline 0.001 -14"><span class='ocrx_word' id='word_1_930' title='bbox 2247 4952 2378 5005; x_wconf 90' lang='lat' dir='ltr'><strong>iram</strong></span> <span class='ocrx_word' id='word_1_931' title='bbox 2411 4966 2558 5004; x_wconf 89' lang='lat' dir='ltr'><strong>suam</strong></span> <span class='ocrx_word' id='word_1_932' title='bbox 2587 4949 2846 5018; x_wconf 88' lang='lat' dir='ltr'><strong>exprimat</strong></span> <span class='ocrx_word' id='word_1_933' title='bbox 2871 4989 2886 5014; x_wconf 93' lang='lat'><strong>,</strong></span> <span class='ocrx_word' id='word_1_934' title='bbox 2912 4948 3135 5004; x_wconf 90' lang='lat' dir='ltr'><strong>discindi</strong></span> <span class='ocrx_word' id='word_1_935' title='bbox 3163 4965 3374 5004; x_wconf 87' lang='lat' dir='ltr'><strong>servum</strong></span> <span class='ocrx_word' id='word_1_936' title='bbox 3402 4949 3575 5019; x_wconf 90' lang='lat' dir='ltr'><strong>jussit.</strong></span> <span class='ocrx_word' id='word_1_937' title='bbox 3622 4950 3824 5006; x_wconf 88' lang='lat' dir='ltr'><strong>Idcirco</strong></span> 
     </span>
    </p>
   </div>
   <div class='ocr_carea' id='block_1_112' title="bbox 2246 5041 3822 5110">
    <p class='ocr_par' dir='ltr' id='par_1_112' title="bbox 2246 5041 3822 5110">
     <span class='ocr_line' id='line_1_112' title="bbox 2246 5041 3822 5110; baseline -0.001 -12"><span class='ocrx_word' id='word_1_938' title='bbox 2246 5043 2518 5098; x_wconf 84' lang='lat' dir='ltr'><strong>caritatem</strong></span> <span class='ocrx_word' id='word_1_939' title='bbox 2547 5041 2921 5110; x_wconf 86' lang='lat' dir='ltr'><strong>discipulorum</strong></span> <span class='ocrx_word' id='word_1_940' title='bbox 2962 5056 3178 5096; x_wconf 88' lang='lat' dir='ltr'><strong>suorum</strong></span> <span class='ocrx_word' id='word_1_941' title='bbox 3217 5052 3471 5097; x_wconf 90' lang='lat' dir='ltr'><strong>tesseram</strong></span> <span class='ocrx_word' id='word_1_942' title='bbox 3499 5041 3632 5096; x_wconf 82' lang='lat' dir='ltr'><strong>dixit</strong></span> <span class='ocrx_word' id='word_1_943' title='bbox 3660 5058 3779 5097; x_wconf 86' lang='lat' dir='ltr'><strong>esse</strong></span> <span class='ocrx_word' id='word_1_944' title='bbox 3809 5060 3822 5096; x_wconf 91' lang='lat'>:</span> 
     </span>
    </p>
   </div>
   <div class='ocr_carea' id='block_1_113' title="bbox 2245 5133 3825 5204">
    <p class='ocr_par' dir='ltr' id='par_1_113' title="bbox 2245 5133 3825 5204">
     <span class='ocr_line' id='line_1_113' title="bbox 2245 5133 3825 5204; baseline 0.001 -16"><span class='ocrx_word' id='word_1_945' title='bbox 2245 5136 2364 5204; x_wconf 88' lang='lat' dir='ltr'><strong>quia</strong></span> <span class='ocrx_word' id='word_1_946' title='bbox 2391 5149 2604 5189; x_wconf 88' lang='lat' dir='ltr'><strong>necesse</strong></span> <span class='ocrx_word' id='word_1_947' title='bbox 2625 5136 2842 5187; x_wconf 90' lang='lat' dir='ltr'><strong>omnino</strong></span> <span class='ocrx_word' id='word_1_948' title='bbox 2873 5143 2952 5188; x_wconf 89' lang='lat' dir='ltr'><strong>est</strong></span> <span class='ocrx_word' id='word_1_949' title='bbox 2979 5133 3282 5203; x_wconf 87' lang='lat' dir='ltr'><strong>diligentem</strong></span> <span class='ocrx_word' id='word_1_950' title='bbox 3306 5148 3392 5188; x_wconf 88' lang='lat' dir='ltr'><strong>res</strong></span> <span class='ocrx_word' id='word_1_951' title='bbox 3414 5133 3591 5188; x_wconf 87' lang='lat' dir='ltr'><strong>dilecti</strong></span> <span class='ocrx_word' id='word_1_952' title='bbox 3615 5149 3825 5194; x_wconf 85' lang='lat' dir='ltr'><strong>curare.</strong></span> 
     </span>
    </p>
   </div>
   <div class='ocr_carea' id='block_1_114' title="bbox 2248 5224 3827 5294">
    <p class='ocr_par' dir='ltr' id='par_1_114' title="bbox 2248 5224 3827 5294">
     <span class='ocr_line' id='line_1_114' title="bbox 2248 5224 3827 5294; baseline 0 -14"><span class='ocrx_word' id='word_1_953' title='bbox 2248 5226 2391 5280; x_wconf 87' lang='lat' dir='ltr'><strong>Hanc</strong></span> <span class='ocrx_word' id='word_1_954' title='bbox 2431 5227 2585 5294; x_wconf 87' lang='lat' dir='ltr'><strong>igitur</strong></span> <span class='ocrx_word' id='word_1_955' title='bbox 2622 5224 2758 5277; x_wconf 88' lang='lat' dir='ltr'><strong>viam</strong></span> <span class='ocrx_word' id='word_1_956' title='bbox 2805 5235 3122 5278; x_wconf 86' lang='lat' dir='ltr'><strong>teneamus:</strong></span> <span class='ocrx_word' id='word_1_957' title='bbox 3158 5239 3279 5278; x_wconf 88' lang='lat' dir='ltr'><strong>nam</strong></span> <span class='ocrx_word' id='word_1_958' title='bbox 3324 5225 3436 5278; x_wconf 67' lang='lat' dir='ltr'><strong>ha&#39;c</strong></span> <span class='ocrx_word' id='word_1_959' title='bbox 3476 5226 3708 5279; x_wconf 88' lang='lat' dir='ltr'><strong>maxime</strong></span> <span class='ocrx_word' id='word_1_960' title='bbox 3750 5238 3827 5280; x_wconf 71' lang='lat' dir='ltr'><strong>est</strong></span> 
     </span>
    </p>
   </div>
   <div class='ocr_carea' id='block_1_115' title="bbox 2245 5315 3828 5388">
    <p class='ocr_par' dir='ltr' id='par_1_115' title="bbox 2245 5315 3828 5388">
     <span class='ocr_line' id='line_1_115' title="bbox 2245 5315 3828 5388; baseline -0.001 -18"><span class='ocrx_word' id='word_1_961' title='bbox 2245 5334 2361 5388; x_wconf 74' lang='lat' dir='ltr'><strong>qua:</strong></span> <span class='ocrx_word' id='word_1_962' title='bbox 2389 5318 2453 5370; x_wconf 87' lang='lat' dir='ltr'><strong>ad</strong></span> <span class='ocrx_word' id='word_1_963' title='bbox 2491 5315 2676 5370; x_wconf 71' lang='lat' dir='ltr'><strong>ett-lum</strong></span> <span class='ocrx_word' id='word_1_964' title='bbox 2710 5316 2887 5378; x_wconf 89' lang='lat' dir='ltr'><strong>ducit,</strong></span> <span class='ocrx_word' id='word_1_965' title='bbox 2917 5331 3033 5385; x_wconf 67' lang='lat' dir='ltr'><strong>quae</strong></span> <span class='ocrx_word' id='word_1_966' title='bbox 3064 5316 3258 5371; x_wconf 86' lang='lat' dir='ltr'><strong>Christi</strong></span> <span class='ocrx_word' id='word_1_967' title='bbox 3298 5317 3591 5370; x_wconf 86' lang='lat' dir='ltr'><strong>imitatores</strong></span> <span class='ocrx_word' id='word_1_968' title='bbox 3621 5316 3785 5371; x_wconf 80' lang='lat' dir='ltr'><strong>efﬁcit</strong></span> <span class='ocrx_word' id='word_1_969' title='bbox 3813 5357 3828 5381; x_wconf 92' lang='lat'><strong>,</strong></span> 
     </span>
    </p>
   </div>
   <div class='ocr_carea' id='block_1_116' title="bbox 2247 5405 3826 5476">
    <p class='ocr_par' dir='ltr' id='par_1_116' title="bbox 2247 5405 3826 5476">
     <span class='ocr_line' id='line_1_116' title="bbox 2247 5405 3826 5476; baseline 0.002 -17"><span class='ocrx_word' id='word_1_970' title='bbox 2247 5423 2362 5476; x_wconf 79' lang='lat' dir='ltr'><strong>quae</strong></span> <span class='ocrx_word' id='word_1_971' title='bbox 2395 5407 2501 5460; x_wconf 90' lang='lat' dir='ltr'><strong>Deo</strong></span> <span class='ocrx_word' id='word_1_972' title='bbox 2529 5406 2727 5459; x_wconf 90' lang='lat' dir='ltr'><strong>similes</strong></span> <span class='ocrx_word' id='word_1_973' title='bbox 2763 5405 2951 5459; x_wconf 82' lang='lat' dir='ltr'><strong>reddit.</strong></span> <span class='ocrx_word' id='word_1_974' title='bbox 3005 5406 3134 5459; x_wconf 85' lang='lat' dir='ltr'><strong>Vide</strong></span> <span class='ocrx_word' id='word_1_975' title='bbox 3165 5420 3293 5475; x_wconf 83' lang='lat' dir='ltr'><strong>ergo</strong></span> <span class='ocrx_word' id='word_1_976' title='bbox 3322 5420 3477 5473; x_wconf 90' lang='lat' dir='ltr'><strong>quam</strong></span> <span class='ocrx_word' id='word_1_977' title='bbox 3511 5411 3826 5462; x_wconf 71' lang='lat' dir='ltr'><strong>necessariae</strong></span> 
     </span>
    </p>
   </div>
   <div class='ocr_carea' id='block_1_117' title="bbox 2247 5495 3826 5564">
    <p class='ocr_par' dir='ltr' id='par_1_117' title="bbox 2247 5495 3826 5564">
     <span class='ocr_line' id='line_1_117' title="bbox 2247 5495 3826 5564; baseline -0.002 -12"><span class='ocrx_word' id='word_1_978' title='bbox 2247 5499 2352 5552; x_wconf 87' lang='lat' dir='ltr'><strong>sint</strong></span> <span class='ocrx_word' id='word_1_979' title='bbox 2392 5499 2472 5549; x_wconf 72' lang='lat' dir='ltr'><strong>ha:</strong></span> <span class='ocrx_word' id='word_1_980' title='bbox 2515 5495 2734 5548; x_wconf 83' lang='lat' dir='ltr'><strong>virtutes</strong></span> <span class='ocrx_word' id='word_1_981' title='bbox 2761 5537 2775 5560; x_wconf 93' lang='lat'><strong>,</strong></span> <span class='ocrx_word' id='word_1_982' title='bbox 2809 5510 2925 5564; x_wconf 67' lang='lat' dir='ltr'><strong>qua:</strong></span> <span class='ocrx_word' id='word_1_983' title='bbox 2965 5497 3110 5562; x_wconf 82' lang='lat' dir='ltr'><strong>juxta</strong></span> <span class='ocrx_word' id='word_1_984' title='bbox 3153 5497 3290 5548; x_wconf 86' lang='lat' dir='ltr'><strong>viam</strong></span> <span class='ocrx_word' id='word_1_985' title='bbox 3317 5495 3452 5549; x_wconf 91' lang='lat' dir='ltr'><strong>hanc</strong></span> <span class='ocrx_word' id='word_1_986' title='bbox 3490 5496 3826 5551; x_wconf 71' lang='lat' dir='ltr'><strong>tabernacula</strong></span> 
     </span>
    </p>
   </div>
   <div class='ocr_carea' id='block_1_118' title="bbox 2247 5585 3825 5659">
    <p class='ocr_par' dir='ltr' id='par_1_118' title="bbox 2247 5585 3825 5659">
     <span class='ocr_line' id='line_1_118' title="bbox 2247 5585 3825 5659; baseline -0.001 -18"><span class='ocrx_word' id='word_1_987' title='bbox 2247 5595 2551 5659; x_wconf 90' lang='lat' dir='ltr'><strong>posuerunt.</strong></span> <span class='ocrx_word' id='word_1_988' title='bbox 2578 5586 2631 5639; x_wconf 89' lang='lat' dir='ltr'><strong>Si</strong></span> <span class='ocrx_word' id='word_1_989' title='bbox 2664 5587 2831 5654; x_wconf 87' lang='lat' dir='ltr'><strong>placet</strong></span> <span class='ocrx_word' id='word_1_990' title='bbox 2861 5594 3034 5638; x_wconf 89' lang='lat' dir='ltr'><strong>autem</strong></span> <span class='ocrx_word' id='word_1_991' title='bbox 3062 5627 3074 5646; x_wconf 95' lang='lat'><strong>,</strong></span> <span class='ocrx_word' id='word_1_992' title='bbox 3112 5587 3227 5639; x_wconf 88' lang='lat' dir='ltr'><strong>illas</strong></span> <span class='ocrx_word' id='word_1_993' title='bbox 3254 5585 3557 5653; x_wconf 82' lang='lat' dir='ltr'><strong>diligentius</strong></span> <span class='ocrx_word' id='word_1_994' title='bbox 3583 5587 3825 5655; x_wconf 84' lang='lat' dir='ltr'><strong>explore-</strong></span> 
     </span>
    </p>
   </div>
   <div class='ocr_carea' id='block_1_119' title="bbox 2247 5679 3818 5748">
    <p class='ocr_par' dir='ltr' id='par_1_119' title="bbox 2247 5679 3818 5748">
     <span class='ocr_line' id='line_1_119' title="bbox 2247 5679 3818 5748; baseline -0.001 -12"><span class='ocrx_word' id='word_1_995' title='bbox 2247 5699 2381 5748; x_wconf 90' lang='lat' dir='ltr'><strong>mus,</strong></span> <span class='ocrx_word' id='word_1_996' title='bbox 2417 5691 2471 5736; x_wconf 91' lang='lat' dir='ltr'><strong>et</strong></span> <span class='ocrx_word' id='word_1_997' title='bbox 2499 5679 2789 5736; x_wconf 87' lang='lat' dir='ltr'><strong>secundmn</strong></span> <span class='ocrx_word' id='word_1_998' title='bbox 2823 5679 2913 5733; x_wconf 85' lang='lat' dir='ltr'><strong>Dei</strong></span> <span class='ocrx_word' id='word_1_999' title='bbox 2948 5679 3194 5748; x_wconf 87' lang='lat' dir='ltr'><strong>placitum</strong></span> <span class='ocrx_word' id='word_1_1000' title='bbox 3223 5679 3538 5735; x_wconf 88' lang='lat' dir='ltr'><strong>sententiam</strong></span> <span class='ocrx_word' id='word_1_1001' title='bbox 3568 5679 3818 5735; x_wconf 83' lang='lat' dir='ltr'><strong>feramus.</strong></span> 
     </span>
    </p>
   </div>
   <div class='ocr_carea' id='block_1_120' title="bbox 2234 5821 3805 5933">
    <p class='ocr_par' dir='ltr' id='par_1_120' title="bbox 2234 5821 3805 5933">
     <span class='ocr_line' id='line_1_120' title="bbox 2234 5821 3805 5933; baseline 0 -60"><span class='ocrx_word' id='word_1_1002' title='bbox 2234 5888 2262 5933; x_wconf 55' lang='grc' dir='ltr'>α</span> <span class='ocrx_word' id='word_1_1003' title='bbox 2295 5829 2309 5857; x_wconf 83' lang='grc'>¹</span> <span class='ocrx_word' id='word_1_1004' title='bbox 2339 5825 2468 5887; x_wconf 67' lang='grc' dir='ltr'><strong>Ηωο,</strong></span> <span class='ocrx_word' id='word_1_1005' title='bbox 2496 5839 2587 5876; x_wconf 83' lang='grc' dir='ltr'>ηοιι</span> <span class='ocrx_word' id='word_1_1006' title='bbox 2636 5821 2914 5884; x_wconf 77' lang='lat' dir='ltr'><strong>dimidiam,</strong></span> <span class='ocrx_word' id='word_1_1007' title='bbox 2940 5839 3082 5874; x_wconf 85' lang='lat' dir='ltr'><strong>0mm.</strong></span> <span class='ocrx_word' id='word_1_1008' title='bbox 3128 5826 3469 5890; x_wconf 71' lang='lat' dir='ltr'><strong>Mor.,.\lontf.,</strong></span> <span class='ocrx_word' id='word_1_1009' title='bbox 3499 5833 3552 5876; x_wconf 87' lang='lat' dir='ltr'><strong>et</strong></span> <span class='ocrx_word' id='word_1_1010' title='bbox 3577 5839 3703 5874; x_wconf 89' lang='lat' dir='ltr'><strong>unus</strong></span> <span class='ocrx_word' id='word_1_1011' title='bbox 3723 5837 3805 5874; x_wconf 86' lang='lat' dir='ltr'><strong>co-</strong></span> 
     </span>
     <span class='ocr_line' id='line_1_121' title="bbox 2267 5902 2342 5933; baseline 0 0"><span class='ocrx_word' id='word_1_1012' title='bbox 2267 5902 2342 5933; x_wconf 85' lang='lat' dir='ltr'><strong>ex.</strong></span> 
     </span>
    </p>
   </div>
   <div class='ocr_carea' id='block_1_121' title="bbox 2267 5902 2342 5935">
    <p class='ocr_par' dir='ltr' id='par_1_121' title="bbox 2267 5902 2342 5935">
     <span class='ocr_line' id='line_1_122' title="bbox 2267 5902 2342 5935; baseline 0.013 -1"><span class='ocrx_word' id='word_1_1013' title='bbox 2267 5902 2342 5935; x_wconf 84' lang='lat' dir='ltr'><strong>ex.</strong></span> 
     </span>
    </p>
   </div>
  </div>
