4172 6528
250 449 353 506 709

239 574 358 626 Sint
378 585 508 641 ergo
531 571 549 605 ‘
571 568 690 626 1111111
713 567 779 624 ad
808 568 970 623 vitam
994 564 1248 635 optimam
1273 563 1389 627 vim,
1414 574 1637 631 quarum
1663 558 1831 612 altera

240 666 500 719 viatorem
519 662 795 720 dumtaxat
823 659 1047 730 probum
1077 655 1292 721 reddat;
1324 652 1491 708 altera
1516 652 1677 707 etiam
1710 664 1833 719 pro—

239 760 463 816 ximum.
511 756 904 824 Videamusque
942 766 1186 822 quamam
1223 751 1293 806 sit
1329 747 1616 820 perfectior
1638 788 1653 812 ,
1684 755 1739 802 ct
1764 746 1831 800 ad

237 851 451 906 virtutis
492 848 704 904 culmen
730 859 830 901 nos
854 845 1031 901 ducat.
1074 842 1166 898 llle
1192 852 1338 899 certe
1366 841 1457 911 qui
1483 854 1579 895 sua
1622 847 1831 895 tantum

240 950 410 1004 curat.
439 958 469 997 a
497 940 663 997 Paulo
685 936 977 1009 smpissime
997 935 1274 1005 culpatur;
1302 948 1423 988 eum
1450 948 1477 986 a
1501 932 1666 987 Paulo
1686 932 1829 997 dico,

239 1046 269 1084 a
296 1029 512 1086 Christo
541 1029 814 1099 intelligo;
844 1027 996 1083 illum
1027 1040 1153 1081 vero
1179 1024 1269 1095 qui
1295 1024 1525 1095 proximi
1552 1038 1639 1079 res
1657 1030 1828 1086 curat,
1862 1092 1865 1097 ⁴

240 1122 485 1178 laudibus
510 1131 563 1177 et
588 1121 804 1181 coronis
830 1126 1071 1175 exornat.
1103 1115 1371 1174 Ubinam?
1400 1114 1536 1171 Audi
1563 1113 1833 1186 quomodo

240 1214 384 1279 huic,
409 1212 676 1285 quomodo
696 1212 771 1267 illi
797 1212 1061 1281 loquatur.
1088 1208 1251 1264 Nemo
1272 1207 1408 1279 quod
1431 1224 1580 1262 suum
1602 1217 1676 1262 est
1696 1221 1835 1277 qut:-

240 1315 340 1370 rat,
374 1306 463 1358 sed
488 1303 624 1375 quod
647 1313 722 1359 est
745 1303 963 1374 proximi
990 1300 1333 1372 unusquisque
1355 1299 1431 1370 (1.
1458 1298 1579 1354 Cor.
1605 1298 1693 1355 10.
1714 1297 1830 1370 21).

244 1396 432 1451 Viden‘
457 1395 728 1467 quomodo
756 1394 982 1450 alterum
1011 1393 1168 1463 ejceit
1190 1435 1207 1462 ,
1239 1394 1465 1449 alterum
1493 1391 1737 1448 induxit?
1764 1390 1834 1447 Et

238 1504 474 1549 rursum,
498 1486 848 1557 Unusquisque
866 1494 1083 1540 vestrum
1106 1485 1337 1555 proximo
1358 1485 1554 1555 placeat
1573 1485 1626 1538 in
1647 1483 1834 1539 bonum

237 1580 309 1633 ad
334 1580 721 1650 tea'ificationem
754 1577 774 1648 (
799 1575 951 1632 Rom.
980 1577 1067 1633 l5.
1093 1577 1129 1631 2
1152 1577 1195 1648 ).
1224 1576 1427 1633 Deinde
1448 1576 1689 1647 sequitur
1718 1576 1833 1632 laus

239 1673 528 1729 ineﬁ'abilis
559 1688 680 1728 cum
710 1671 1073 1727 admonitione
1108 1670 1413 1742 conjuncta.
1449 1670 1588 1725 Nam
1612 1680 1658 1726 el
1685 1670 1833 1726 Chri-

238 1776 347 1821 stus
374 1782 475 1820 non
504 1767 599 1820 sibi
627 1765 727 1837 ipsi
756 1764 949 1835 placuit
975 1763 1027 1832 (l
1037 1764 1139 1819 bid.
1169 1781 1215 1817 υ.
1242 1764 1322 1834 5).
1351 1763 1467 1820 Jam
1496 1764 1627 1819 satis
1652 1772 1835 1820 essent

241 1861 326 1912 ha:
355 1858 635 1915 sententia:
668 1857 737 1913 ad
768 1857 1040 1914 victoriam
1067 1857 1416 1914 asserendam
1447 1875 1461 1912 :
1490 1867 1548 1913 ut
1574 1866 1750 1913 tamen
1779 1856 1834 1913 id

239 1951 431 2020 majori
455 1950 668 2006 cumulo
693 1950 784 2005 ﬁat
804 1990 819 2016 ,
850 1950 1127 2006 videamus
1154 1965 1273 2021 quae
1300 1964 1367 2006 ex
1396 1948 1554 2006 bonis
1582 1948 1834 2020 operibus

242 2042 296 2097 in
323 2042 478 2099 nobis
506 2026 886 2107 terminentur,
912 2058 1029 2114 qua:
1048 2058 1179 2099 vero
1198 2058 1228 2097 a
1252 2042 1406 2099 nobis
1427 2042 1481 2098 in
1502 2044 1635 2099 alios
1660 2053 1833 2100 trans-

240 2148 388 2193 eant.
415 2138 666 2208 Jejuuare
693 2138 871 2209 igitur,
904 2137 1051 2192 humi
1078 2138 1308 2203 cubare,
1338 2138 1697 2209 virginitatem
1721 2153 1835 2195 scr-

242 2246 371 2287 vare
413 2242 574 2301 atque
614 2232 1035 2298 continentiam,
1084 2231 1217 2313 ipsis
1259 2231 1666 2304 observantibus
1709 2244 1857 2313 1111111

239 2322 421 2388 utilia;
454 2338 572 2393 qua:
600 2337 729 2379 vero
764 2339 794 2379 a
825 2323 978 2378 nobis
1010 2324 1062 2378 in
1095 2311 1367 2394 proximos
1402 2334 1681 2380 transeunt
1707 2333 1834 2380 sunt

240 2414 603 2486 eleemosyna,
626 2415 887 2483 doctrinm,
909 2417 1124 2471 turritas.
1154 2416 1251 2472 Hie
1273 2419 1435 2473 etiam
1461 2417 1583 2473 andi
1610 2418 1833 2474 Paulum

242 2504 511 2562 dicentem
542 2524 555 2560 :
583 2506 648 2564 Si
680 2508 850 2564 omnia
876 2524 992 2579 qua:
1016 2509 1174 2564 habeo
1207 2510 1259 2563 in
1288 2510 1425 2564 cibos
1451 2527 1731 2581 pauperum
1755 2512 1834 2566 di-

241 2598 485 2653 stribuant
507 2641 521 2663 ,
553 2601 596 2654 si
619 2617 803 2671 corpus
829 2616 991 2656 meum
1020 2602 1218 2656 tradam
1245 2612 1300 2657 ut
1326 2613 1543 2668 uratur,
1577 2604 1839 2692 caritate»:

240 2699 411 2744 autem
436 2706 537 2744 non
565 2691 818 2758 habeam,
838 2692 968 2747 nihil
997 2693 1120 2747 mihi
1145 2693 1349 2764 prodest
1375 2694 1451 2765 (1.
1487 2694 1605 2749 Cor.
1634 2695 1720 2749 15.
1750 2691 1831 2765 3).

316 2781 370 2834 6.
405 2777 638 2835 Proximi
658 2782 987 2852 tediﬁrationi
1005 2787 1175 2839 omnia
1197 2786 1567 2855 postponenda.
1601 2785 1835 2857 Virgines

242 2878 406 2944 (auia:
428 2876 541 2931 ideo
564 2893 631 2932 ea:
658 2878 884 2956 thalamo
912 2880 1130 2933 exclusa:
1147 2921 1161 2947 ,
1192 2881 1311 2951 quia
1340 2881 1708 2952 eleemosgnam
1735 2898 1838 2937 non

239 2968 509 3024 dederant.
537 3000 610 3011 --
641 2970 824 3027 Viden‘
862 2973 1136 3028 caritatem
1181 2988 1275 3041 per
1300 2988 1358 3027 se
1388 2972 1665 3042 splendide
1695 2989 1835 3043 prae-

242 3058 473 3115 dicatam
502 3071 554 3117 et
576 3064 921 3118 coronatam?
947 3063 1049 3119 Sed
1078 3064 1121 3118 si
1149 3064 1318 3133 placet
1348 3065 1502 3120 tertio
1525 3066 1840 3136 congredia-

245 3136 387 3210 mur.
420 3153 555 3210 Hinc
584 3156 719 3211 alius
748 3166 1030 3224 statuatur,
1057 3159 1143 3229 qui
1170 3158 1395 3228 jejunet,
1422 3159 1511 3230 qui
1536 3161 1838 3217 castitatem

243 3259 460 3313 scrvet,
492 3249 580 3319 qui
612 3250 922 3321 martyrium
951 3250 1175 3318 subeat,
1209 3262 1263 3307 et
1292 3251 1638 3307 eomburatur
1660 3295 1675 3320 ,
1703 3254 1839 3310 alius

241 3354 376 3395 vero
412 3339 481 3394 ad
519 3339 924 3397 aediﬁcationem
965 3344 1192 3413 proximi
1230 3348 1543 3418 martyrium
1587 3346 1837 3416 diﬁ'erat,

243 3450 344 3491 nec
373 3434 535 3490 modo
564 3437 879 3507 martyrium
907 3435 1118 3492 differat
1139 3480 1153 3505 ,
1186 3439 1281 3495 sed
1311 3440 1429 3496 sine
1455 3442 1711 3513 martyrio
1742 3440 1839 3498 de-

239 3527 401 3585 cedat
431 3546 444 3581 :
473 3529 592 3598 quis
632 3536 755 3597 post
794 3528 1070 3585 decessum
1112 3545 1180 3585 ex
1223 3528 1325 3586 bac
1353 3532 1461 3587 vita
1499 3533 1841 3604 praestantior

238 3620 387 3676 erit?
434 3619 550 3675 Non
596 3621 755 3692 longo
795 3620 883 3677 hic
925 3637 1059 3691 opus
1098 3632 1180 3678 est
1215 3638 1505 3691 sermone,
1540 3641 1639 3681 nec
1681 3624 1842 3698 longa

239 3713 536 3769 verborum
565 3714 914 3781 circuitione;
958 3716 1109 3770 adest
1136 3716 1278 3771 enim
1309 3715 1497 3773 beatus
1522 3718 1719 3773 Paulus
1748 3718 1838 3790 qui

239 3805 566 3861 sententiam
593 3805 747 3871 ferat,
775 3818 828 3863 et
853 3806 996 3863 dicat
1020 3826 1033 3863 :
1056 3807 1278 3863 Dissolvi
1303 3818 1349 3862 et
1375 3826 1487 3863 cum
1514 3810 1711 3865 Christo
1736 3827 1842 3865 esse

239 3900 423 3955 melius
447 3911 520 3955 est
538 3917 557 3953 :
585 3902 638 3954 in
666 3918 817 3955 carne
842 3912 1011 3955 autem
1038 3919 1349 3971 permanere,
1381 3913 1587 3972 propter
1616 3920 1703 3958 vos
1731 3919 1842 3956 ma-

237 3993 318 4063 gis
348 3993 687 4045 necessarium
715 4004 787 4046 est
817 3992 1092 4065 (Philipp.
1124 3996 1173 4049 1.
1206 3995 1297 4050 25.
1324 3995 1393 4050 24
1419 3998 1457 4066 ).
1493 3996 1659 4051 Audis
1690 3995 1836 4051 illum

238 4082 653 4138 aediﬁcationem
692 4083 914 4152 proximi
949 4085 1115 4154 pluris
1152 4083 1330 4142 facere
1353 4128 1368 4153 ,
1397 4103 1554 4159 quam
1583 4088 1647 4144 ad
1678 4090 1839 4145 Chri-

237 4184 383 4228 stum
431 4174 736 4244 proﬁcisci?
768 4174 896 4230 Illud
925 4176 1064 4231 enim
1092 4179 1325 4235 maxime
1354 4190 1435 4235 est
1476 4197 1596 4237 cum
1625 4183 1838 4240 Christo

237 4280 405 4332 esse,
454 4265 570 4335 ejus
611 4264 787 4323 facere
824 4267 1185 4337 voluntatem;
1231 4271 1471 4328 voluntas
1514 4284 1692 4330 autem
1720 4276 1838 4347 ejus

237 4358 519 4429 prmcipue
562 4366 682 4424 est,
728 4368 785 4412 ut
829 4360 1054 4430 proximi
1101 4363 1381 4419 utilitatem
1424 4381 1600 4423 cures.
1650 4367 1743 4423 Vis
1784 4378 1839 4425 et

238 4459 491 4520 quartam
532 4448 1040 4507 demonstrationem
1079 4454 1340 4510 alierum?
1380 4455 1571 4525 Petre,
1614 4462 1657 4513 si
1697 4478 1839 4517 amas

238 4558 319 4595 me
340 4584 353 4608 ,
388 4540 598 4611 inquit,
632 4559 780 4611 pasce
806 4560 920 4598 oves
948 4562 1081 4600 meas
1115 4545 1309 4617 (Joau.
1337 4548 1424 4604 21.
1463 4550 1567 4624 15)
1594 4570 1605 4602 :
1637 4563 1690 4608 et
1716 4569 1838 4611 cum

237 4632 400 4687 tertio
425 4631 601 4701 ipsum
632 4634 1048 4705 interrogasset,
1079 4636 1181 4693 hoc
1209 4654 1327 4695 esse
1357 4641 1492 4697 dixit
1518 4645 1716 4700 amoris
1748 4661 1842 4702 ar-

239 4735 581 4797 gumentum.
622 4726 807 4798 Neque
844 4729 909 4784 ad
954 4730 1258 4788 sacerdotes
1304 4743 1506 4790 tantum
1547 4736 1599 4791 id
1640 4738 1839 4796 dictum

240 4815 373 4880 luit,
420 4817 521 4871 sed
563 4816 631 4871 ad
670 4826 910 4898 nostrum
949 4822 1219 4893 singulos,
1254 4826 1447 4895 quibus
1477 4830 1557 4883 vel
1586 4831 1839 4907 minimus

236 4923 367 4979 grex
397 4911 723 4966 commissus
749 4913 836 4966 sit.
869 4914 945 4969 Ne
973 4918 1114 4970 enim
1140 4918 1283 4988 quod
1316 4936 1511 4989 parvus
1534 4924 1634 4992 sit,
1663 4926 1837 4996 ipsum

234 5000 512 5071 despicias
542 5019 554 5054 :
586 5020 705 5059 nam
744 5002 898 5061 Pater
921 5025 1080 5073 meus.
1112 5011 1299 5083 inquit,
1327 5018 1631 5088 complacuit
1658 5021 1711 5073 in
1736 5021 1840 5077 illis

235 5093 255 5163 (
281 5092 410 5147 Luc.
451 5092 542 5149 i2.
574 5094 643 5149 3‘2
664 5093 704 5165 ).
740 5098 943 5170 Singuli
973 5112 1213 5159 nostrum
1240 5123 1394 5163 ovem
1426 5109 1658 5180 habent;
1702 5114 1842 5172 hanc

236 5184 302 5239 ad
327 5186 709 5242 convenientia
734 5204 929 5260 pascua
957 5192 1173 5249 ducant.
1207 5195 1273 5251 Et
1296 5199 1376 5252 vir
1394 5214 1427 5256 e
1453 5201 1591 5259 lecto
1610 5219 1837 5276 surgens

237 5290 306 5368 ne
331 5276 479 5368 aliud
509 5287 741 5348 quaerat,
774 5297 929 5351 quam
962 5294 1018 5338 ut
1046 5286 1171 5355 quid
1212 5287 1369 5345 faciat
1398 5291 1483 5348 vel
1520 5293 1663 5350 dicat
1686 5339 1699 5359 ,
1732 5314 1839 5368 quo

236 5366 305 5422 ad
334 5367 601 5438 majorem
632 5371 877 5439 pietatem
903 5372 1119 5432 domum
1150 5387 1204 5434 et
1236 5380 1490 5449 familiam
1517 5397 1658 5458 agat.
1694 5366 1841 5449 Uxor

299 5528 319 5557 ³
345 5522 521 5575 lorel.
546 5524 697 5587 addit,
721 5527 822 5579 tibi.

1168 451 1230 506 IN
1268 445 1677 505 MA'I‘TIIJEUM
1718 443 1947 501 1103111..
1991 444 2245 501 LXXVII.
2290 445 2359 500 al.
2405 444 2687 502 LXXVIII.

3437 444 3541 501 τω

1938 572 2151 627 quoque
2186 559 2406 614 domum
2432 560 2735 625 custodiat;
2776 559 2874 617 sed
2914 573 3026 631 prae
3057 559 3155 615 hac
3183 561 3342 616 aliam
3372 566 3542 624 magis

1938 651 2297 707 necessariam
2323 652 2738 708 sollicitudinem
2770 652 2967 708 habeat
2987 694 3001 718 ,
3028 655 3300 723 quomodo
3328 670 3392 711 ea
3418 672 3540 726 qua:

1936 744 2005 798 ad
2049 760 2270 816 regnum
2308 747 2561 802 caelorum
2603 756 2848 818 spectant
2876 754 2985 802 tota
3026 747 3225 804 familia
3263 758 3536 819 cperetnr.

1938 835 1995 891 Si
2036 837 2194 909 enim,
2223 836 2276 892 in
2318 838 2480 894 rebus
2518 838 2897 906 smeularihus,
2930 848 3218 909 antequam
3250 841 3541 896 domestica

1938 925 2286 997 disponamus
2309 970 2326 995 ,
2358 944 2483 999 qua:
2512 928 2723 999 publice
2754 930 2987 1001 persolvi
3026 930 3224 987 debent
3250 947 3500 988 curamus
3524 954 3553 998 ,λ

1939 1032 2007 1071 ne
2046 1016 2131 1074 his
2171 1019 2431 1091 neglectis
2467 1022 2767 1076 vinciamur
2790 1064 2803 1088 ,
2840 1023 2893 1077 in
2933 1020 3109 1077 forum
3152 1022 3459 1091 trahamur,
3488 1035 3545 1080 et

1938 1110 2206 1168 dedecore
2232 1129 2426 1184 magno
2451 1114 2751 1172 afﬁciamur
2778 1135 2791 1170 :
2821 1117 2991 1172 multo
3017 1118 3187 1188 magis
3215 1120 3266 1173 in
3294 1120 3544 1189 Spiritua-

1939 1203 2079 1261 libus
2103 1205 2153 1261 id
2174 1221 2363 1263 curarc
2384 1218 2617 1278 oportet,
2645 1221 2699 1263 ut
2724 1208 2872 1279 prius
2893 1192 3011 1281 qua:
3036 1211 3149 1283 regi
3171 1212 3543 1269 universortun

1937 1294 2050 1350 Deo
2078 1295 2344 1352 debentur
2384 1299 2798 1369 persolvantur;
2846 1307 2905 1355 ut
2944 1317 3015 1358 ne
3051 1316 3119 1357 eo
3158 1300 3421 1358 ducamur
3453 1306 3543 1361 ubi

1938 1385 2137 1442 stridor
2161 1386 2423 1445 dentium.
2463 1389 2570 1446 llas
2597 1404 2905 1462 quaeramus
2944 1392 3173 1449 virtutes
3197 1434 3212 1459 ,
3242 1409 3360 1464 quae
3390 1396 3545 1452 nobis

1937 1478 2200 1534 salutares
2238 1488 2292 1533 et
2339 1480 2583 1550 proximo
2616 1482 2874 1552 perutiles
2908 1493 3055 1539 sunt.
3102 1484 3249 1541 Talis
3282 1496 3366 1543 est
3402 1488 3544 1545 elec-

1937 1582 2161 1640 mosyna
2183 1610 2198 1636 ,
2240 1571 2362 1626 talis
2398 1573 2602 1638 oratio;
2645 1573 2754 1628 imo
2783 1589 2912 1630 vero
2946 1576 3062 1631 hmc
3096 1577 3164 1632 ab
3200 1577 3287 1633 illa
3322 1580 3463 1635 vires
3492 1593 3548 1637 et

1936 1660 2047 1715 alas
2092 1662 2305 1732 accipit.
2366 1661 2669 1732 Orationes,
2704 1669 2909 1738 inquit,
2942 1679 3043 1723 tua:
3065 1714 3077 1733 ,
3113 1682 3159 1725 et
3217 1664 3547 1745 elemosyna:

1938 1755 2277 1810 ascenderunt
2305 1757 2359 1812 in
2382 1761 2677 1815 memoriam
2701 1762 2752 1815 in
2776 1775 3044 1832 conspectu
3069 1761 3165 1820 Dei
3188 1768 3326 1838 (Act.
3356 1770 3441 1825 l0.
3466 1772 3546 1842 4).

1937 1843 2054 1899 Non
2102 1846 2263 1902 modo
2303 1849 2516 1917 oratio,
2545 1850 2641 1906 sed
2685 1852 2849 1908 etiam
2886 1854 3150 1925 jejunium
3197 1857 3322 1914 inde
3352 1876 3549 1917 nervos

1937 1941 2150 2012 accipit.
2185 1942 2243 1998 Si
2272 1944 2475 2017 absque
2500 1946 2847 2021 cleemosyna
2870 1950 3104 2020 jejunes,
3131 1952 3182 2007 id
3216 1970 3315 2022 pro
3339 1954 3547 2025 jejunio

1938 2048 2045 2088 non
2091 2034 2356 2102 habetur;
2390 2038 2485 2095 sed
2528 2039 2833 2110 hujusmodi
2879 2043 3042 2101 homo
3070 2061 3263 2106 voraee
3291 2052 3545 2122 quopiam

1937 2133 1993 2180 et
2020 2127 2317 2183 temulento
2343 2129 2579 2186 deterior
2606 2142 2692 2189 est
2713 2174 2727 2199 ,
2763 2143 3017 2207 tantoque
3046 2136 3283 2194 deterior
3302 2184 3315 2205 ,
3346 2154 3549 2213 quanto

1938 2216 2229 2274 crudelitas
2250 2220 2458 2277 deliciis
2482 2223 2635 2293 pejor
2655 2234 2759 2280 est.
2793 2226 2856 2281 Et
2878 2243 2975 2283 cur
3001 2228 3069 2285 de
3088 2231 3296 2301 jejunio
3320 2234 3549 2305 loquor?

1940 2308 2163 2365 Etiamsi
2187 2321 2368 2369 castus
2388 2314 2483 2381 sis,
2508 2317 2609 2371 etsi
2632 2317 2988 2389 virginitatem
3010 2337 3218 2387 serves,
3243 2327 3288 2379 si
3311 2326 3550 2385 eleemo-

1939 2412 2127 2470 synam
2156 2417 2262 2458 non
2294 2405 2441 2461 colas
2467 2447 2483 2470 ,
2514 2416 2663 2463 extra
2696 2409 2990 2466 thalamum
3014 2416 3199 2484 sponsi
3232 2432 3314 2473 es.
3342 2422 3549 2486 Quam-

1940 2505 2101 2561 quam
2126 2493 2253 2564 quid
2282 2495 2572 2567 virginitati
2603 2513 2719 2569 par,
2752 2517 2869 2572 qua:
2898 2520 3074 2575 neque
3102 2507 3153 2561 in
3185 2507 3335 2565 Novo
3363 2512 3549 2569 Testa-

1941 2595 2125 2640 mento
2146 2587 2215 2642 ob
2231 2589 2575 2646 eminentiam
2599 2606 2751 2648 suam
2782 2594 2898 2665 Iegc
2920 2608 3114 2653 statuta
3137 2599 3274 2656 luit?
3296 2606 3547 2664 Attamm

1940 2674 2031 2731 illa
2056 2676 2288 2747 ejicitur,
2314 2682 2414 2737 nisi
2442 2684 2784 2753 conjunctam
2816 2687 3010 2743 habeat
3038 2690 3439 2766 clecmosynam
3491 2699 3548 2755 Si

1942 2784 2105 2840 porro
2129 2772 2383 2844 virgines,
2410 2776 2552 2847 quod
2579 2777 2724 2833 illam
2750 2795 2856 2834 non
2877 2790 2960 2836 sat
2987 2783 3211 2855 largiter
3230 2789 3561 2858 coluiSsetn,

1944 2863 2229 2932 ejiciantur
2250 2908 2263 2933 ,
2293 2870 2411 2938 quis
2451 2872 2647 2941 poterit
2672 2872 2759 2927 illa
2798 2874 3087 2935 destitutus
3115 2882 3325 2939 veniam
3356 2901 3552 2943 conse-

1942 2956 2075 3026 qui?
2110 2957 2282 3016 Nemo
2310 2977 2439 3019 sane
2461 3007 2479 3032 ,
2509 2965 2601 3021 sed
2630 2982 2752 3023 eum
2780 2970 2867 3040 qui
2908 2971 3055 3029 illam
3084 2990 3190 3031 non
3218 2979 3346 3035 colit
3375 2984 3551 3051 perire

1945 3064 2166 3119 prorsus
2192 3069 2412 3112 necesse
2437 3067 2537 3113 est.
2565 3057 2698 3113 Nam
2728 3060 2774 3115 si
2802 3062 2855 3116 in
2882 3064 3232 3125 smeularibus
3250 3087 3419 3131 nemo
3446 3078 3551 3133 sibi

1896 3182 1897 3191 ξ
1946 3143 2046 3215 ipsi
2079 3146 2227 3212 vivit,
2258 3149 2353 3204 sed
2380 3150 2566 3205 artifex
2588 3196 2602 3219 ,
2637 3154 2793 3209 miles
2814 3197 2827 3219 ,
2863 3158 3099 3229 agricola
3121 3204 3136 3225 ,
3163 3178 3451 3237 mercator,
3479 3174 3547 3229 ad

1946 3234 2019 3303 id,
2049 3245 2192 3308 quod
2222 3238 2448 3308 publica:
2475 3243 2688 3299 utilitati
2716 3254 2770 3301 et
2793 3252 3077 3307 commodo
3101 3255 3337 3324 confert,
3369 3234 3551 3318 sedo.

1946 3328 2081 3382 dunt
2110 3346 2123 3379 :
2150 3331 2321 3385 multo
2348 3334 2517 3402 magis
2550 3334 2601 3388 in
2642 3338 3008 3406 spiritualihus
3049 3342 3101 3399 id
3130 3345 3546 3411 observandum.

1946 3418 2081 3476 Illud
2116 3432 2200 3478 est
2242 3424 2472 3480 maxime
2503 3428 2685 3484 vivere
2715 3448 2731 3485 :
2756 3446 2876 3487 cum
2904 3445 3091 3492 contra
3119 3438 3164 3492 is
3191 3442 3280 3510 qui
3310 3443 3411 3501 sibi
3448 3447 3551 3518 ipsi

1950 3523 2157 3570 tantum
2187 3515 2345 3582 vivit,
2370 3532 2664 3591 omnesque
2690 3520 2916 3594 deSpicit
2935 3566 2951 3592 ,
2978 3526 3179 3585 inutilis
3206 3543 3260 3587 et
3288 3515 3546 3605 superva-

1946 3614 2144 3661 ca‘neus
2172 3607 2260 3675 sit,
2291 3624 2397 3664 non
2426 3609 2609 3677 homo,
2633 3628 2809 3684 neque
2832 3620 3046 3687 generis
3068 3624 3261 3679 nostri.
3285 3626 3421 3693 Quid
3450 3630 3551 3701 igi-

1947 3706 2033 3753 tur
2058 3701 2203 3767 erit,
2235 3701 2445 3772 inquies
2466 3746 2481 3770 ,
2512 3704 2560 3759 si
2593 3720 2711 3762 mea
2741 3709 3033 3779 despiciam
3058 3754 3077 3779 ,
3111 3715 3284 3772 aliena
3315 3724 3549 3777 curem?

1945 3790 2061 3846 Non
2095 3802 2268 3862 potest
2297 3803 2445 3851 certe
2469 3837 2484 3863 ,
2517 3810 2622 3853 non
2646 3808 2831 3871 potest
2857 3803 2944 3871 qui
2976 3804 3204 3864 aliorum
3236 3825 3322 3867 res
3350 3826 3505 3868 curat
3531 3856 3547 3879 ,

1946 3898 2071 3938 suas
2097 3884 2386 3957 negligere.
2421 3885 2521 3955 Qui
2548 3889 2692 3943 enim
2720 3879 2951 3947 aliorum
2973 3910 3061 3951 res
3080 3908 3251 3967 curat,
3277 3904 3545 3960 neminem

1946 3975 2167 4031 ull‘endit
2190 4019 2204 4040 .
2237 3993 2427 4034 omnes
2454 3980 2776 4050 miseratur,
2815 3993 2870 4041 et
2896 4001 2994 4056 pro
3022 3989 3158 4045 virili
3185 3992 3374 4060 juvat;
3413 3998 3547 4054 nihil

1947 4067 2039 4124 ille
2077 4069 2286 4140 rapiet,
2319 4086 2427 4126 non
2470 4072 2734 4129 iurabitur
2756 4117 2772 4141 ,
2806 4092 2911 4131 non
2954 4078 3145 4135 falsum
3176 4084 3543 4144 testimonium

1944 4159 2087 4217 dicet
2118 4179 2132 4216 :
2160 4162 2227 4219 ab
2256 4164 2403 4219 omni
2434 4165 2723 4223 abstinebit
2746 4170 2981 4239 nequitia
3005 4215 3019 4235 ,
3049 4188 3264 4232 omnem
3295 4180 3546 4240 virtutem

1946 4254 2330 4323 amplectetur,
2379 4272 2477 4327 pro
2520 4259 2750 4315 inimicis
2788 4263 3128 4331 precabitur,
3171 4266 3548 4331 insidiantibus

1946 4344 2046 4401 sibi
2080 4346 2395 4405 beneﬁcium
2426 4351 2737 4421 prmstabit;
2772 4357 2971 4410 nemini
3002 4361 3423 4432 eouviciahitur,
3457 4385 3551 4425 ne-

1947 4440 2077 4495 mini
2108 4440 2390 4499 maledicet
2410 4487 2424 4509 ,
2453 4446 2663 4503 etiamsi
2704 4448 2983 4506 innumera
3010 4454 3193 4509 audiat
3216 4459 3503 4517 maledicta
3533 4509 3546 4529 ,

1947 4531 2040 4587 sed
2086 4531 2201 4589 btec
2230 4537 2524 4604 apostolica
2552 4540 2713 4595 verba
2745 4542 2983 4613 proferet
3010 4561 3025 4601 :
3056 4545 3183 4611 Quis
3217 4550 3510 4619 inﬁrmatur
3536 4600 3549 4623 ,

1947 4634 1993 4677 et
2017 4640 2107 4695 ego
2130 4642 2230 4680 non
2253 4627 2487 4696 inﬁrmor
2502 4630 2529 4684 ?
2550 4633 2662 4698 quis
2686 4634 3091 4702 scandalizatur,
3117 4648 3164 4694 et
3186 4656 3277 4712 ego
3302 4659 3403 4698 non
3427 4662 3555 4701 uror

1948 4715 2024 4787 (2.
2051 4715 2171 4775 Cor.
2196 4720 2285 4777 11.
2313 4719 2448 4794 29)?
2478 4721 2533 4778 Si
2564 4738 2694 4780 vero
2718 4736 2899 4781 nostra
2931 4745 3268 4799 qumramus,
3297 4751 3405 4791 non
3438 4754 3555 4793 om-

1948 4810 2078 4866 nino
2112 4810 2181 4868 de
2216 4812 2408 4870 alienis
2444 4815 2769 4873 curabimus.
2812 4817 2911 4881 His
2940 4821 3190 4879 omnibus
3216 4840 3421 4885 morem
3456 4845 3551 4901 ge-

1946 4914 2131 4960 rentes
2155 4914 2210 4960 et
2240 4907 2514 4975 persuasi,
2545 4922 2652 4964 non
2684 4924 2840 4979 posse
2866 4926 2967 4967 nos
2994 4914 3218 4971 salutem
3248 4924 3506 4994 consequi
3541 4966 3557 4989 ,

1946 4995 2047 5050 nisi
2067 5010 2406 5053 communem
2435 5000 2716 5057 utilitatem
2745 5012 3072 5074 spectemus,
3097 5007 3237 5064 hunc
3262 5010 3549 5073 discissum

1944 5090 2189 5147 videntes
2216 5134 2229 5157 ,
2264 5093 2519 5165 illumque
2557 5096 2761 5165 pariter
2787 5099 2881 5169 qui
2917 5100 3176 5159 talentum
3216 5104 3547 5177 sull'odcrat,

1946 5182 2089 5236 illam
2118 5184 2296 5252 potius
2320 5184 2581 5258 eligamus
2602 5188 2763 5256 viam,
2794 5198 2850 5245 ut
2876 5201 2931 5247 et
2950 5192 3113 5249 vitam
3142 5204 3397 5254 :eternam
3422 5217 3553 5257 01111-

1946 5288 2235 5343 sequamur
2262 5294 2277 5331 :
2304 5293 2463 5348 quam
2506 5280 2709 5336 utinam
2740 5298 2930 5340 omnes
2960 5288 3353 5356 nanciscamur,
3381 5298 3550 5363 gratia

1944 5375 1999 5420 et
2028 5366 2357 5438 benignitate
2394 5370 2608 5427 Domini
2647 5377 2817 5430 nostri
2844 5375 2973 5433 Jesu
3000 5377 3196 5435 Christi
3221 5421 3239 5449 ,
3267 5382 3352 5439 cui
3383 5386 3550 5457 gloria

1946 5459 1999 5512 in
2032 5459 2229 5515 saecula
2259 5463 2599 5520 smculorum.
2634 5465 2827 5522 Amen.

1313 5700 2475 5828 -κηκεφεθθθεααέίοκ-

556 5979 829 6043 Parnm.
870 5982 985 6041 Gtt.
1038 5984 1251 6047 LVIII.

3133 5991 3205 6049 16
