4172 6490
683 431 776 489 ’ΠΙ

1445 425 1501 481 S.
1535 423 1815 482 'JOA'NNlS
1849 418 2316 480 CHRYSOSTOMI
2355 417 2668 482 ᾹΒΟΗΙΕΡ.
2706 415 3234 475 (ΖΟΝΞΤΑΝΤΙΝΟΡ.

3829 413 3922 471 ἨΞ

685 544 3923 579 ______________,__________________________________.

1723 635 2069 698 HOMILIA
2113 632 2460 694 LXXVIII.
2507 630 2590 693 al.
2635 630 2928 691 LXXIX.

681 785 810 841 Car.
833 785 925 840 25.
956 799 1010 837 v.
1043 783 1092 837 1.
1121 782 1262 838 Tune
1313 783 1472 837 simile
1504 784 1596 844 erit
1636 798 1842 852 regnum
1873 781 2109 836 calorum
2151 779 2241 832 de-

749 892 854 930 cem
882 874 1169 945 virginibus,
1195 889 1305 941 qua:
1329 874 1626 941 accipientes
1660 871 1916 940 lampades
1944 885 2082 928 suas.
2115 870 2244 922 exie-

747 980 863 1021 runt
883 968 1076 1020 obuiam
1096 982 1296 1035 sponso.
1328 966 1382 1019 2.
1415 965 1645 1034 Quinque
1660 975 1827 1018 autem
1854 974 1994 1017 erant
2019 962 2241 1030 pruden-

749 1070 820 1113 tes
845 1071 892 1113 et
910 1060 1124 1126 quinque
1168 1061 1338 1128 fatua,
1364 1057 1416 1111 '5.
1458 1071 1570 1126 qua:
1595 1071 1694 1109 non
1725 1063 2023 1124 acceperunt
2053 1054 2243 1108 alexim.

748 1153 802 1205 4.
853 1149 1129 1203 Prudentes
1169 1163 1282 1201 vero
1326 1158 1622 1218 acceperunt
1667 1148 1830 1201 oleum
1874 1146 1926 1198 in
1965 1160 2094 1198 vasis
2142 1145 2247 1197 suis

750 1260 865 1296 cum
913 1240 1227 1310 lampadibus
1276 1240 1401 1294 suis.
1452 1240 1505 1294 5.
1572 1238 1770 1292 Moram
1821 1249 1985 1290 autem
2036 1238 2248 1307 faciente

752 1348 932 1403 sponso
952 1374 966 1396 ,
990 1340 1094 1387 etc.
1132 1330 1232 1402 (a).

750 1489 802 1541 1.
835 1486 1089 1540 Parabola
1123 1485 1185 1538 de
1231 1485 1507 1556 virginibus
1548 1501 1660 1539 cum
1685 1485 1800 1538 aliis
1831 1482 2104 1537 secundum
2129 1482 2246 1551 quid

680 1579 922 1632 similibus
938 1594 1110 1645 compa
1121 1588 1276 1641 ratur,
1301 1576 1478 1629 deinde
1502 1577 1817 1638 explanatur.
1830 1573 1977 1627 Nihil
1991 1578 2099 1627 sine
2122 1574 2250 1626 elec-

677 1688 888 1741 mosyna
910 1671 1124 1739 prodest.
1155 1669 1291 1723 Mors
1315 1686 1537 1723 somnus.
1562 1662 1760 1721 Futura
1778 1668 2091 1722 resurrectio.
2119 1665 2252 1719 Nul—

681 1764 758 1817 lus
784 1765 834 1818 in
857 1764 939 1816 die
966 1763 1143 1828 iudicii
1179 1773 1438 1830 patronus.
1469 1792 1539 1801 —-
1565 1761 1657 1815 Ha:
1686 1761 1950 1830 parabolae
1997 1759 2157 1827 priori
2184 1757 2249 1813 de

682 1855 824 1909 fideli
851 1869 1006 1909 servo
1035 1863 1085 1908 et
1114 1853 1180 1907 de
1209 1853 1450 1922 improbo
1473 1893 1488 1918 ,
1517 1853 1606 1922 qui
1635 1851 1775 1906 bona
1801 1851 2001 1906 domini
2028 1850 2252 1906 devora-

685 1949 778 2011 vit,
814 1948 1013 2002 similes
1034 1957 1173 2001 sunt.
1206 1947 1442 2012 Quatuor
1465 1946 1606 1999 enim
1635 1953 1758 1998 sunt
1784 1945 1848 1999 ad
1871 1959 1980 1997 rem
2009 1943 2250 1998 eamdem

672 2038 809 2092 licet
839 2038 1050 2092 (literso
1093 2037 1246 2090 modo
1297 2035 1604 2099 hortantes;
1660 2035 1778 2090 dico
1807 2043 1982 2088 autem
2035 2034 2149 2088 illas
2185 2034 2254 2089 de

685 2129 1016 2195 eleemosvna
1066 2128 1328 2198 eroganda
1353 2169 1368 2194 ,
1399 2143 1460 2182 ac
1502 2128 1568 2182 de
1596 2128 1840 2197 proximo
1867 2142 1962 2197 pro
2005 2126 2252 2182 facultate

686 2232 865 2276 nostra
882 2219 1150 2289 juvando,
1179 2221 1326 2289 quasi
1359 2235 1460 2273 non
1507 2219 1765 2288 possimus
1794 2219 1895 2272 alio
1923 2217 2080 2272 modo
2113 2217 2255 2272 salu-

689 2322 792 2365 tem
821 2310 1091 2380 consequi.
1122 2310 1224 2365 Sed
1269 2311 1318 2363 in
1348 2310 1455 2364 illis
1471 2311 1682 2380 quidem
1711 2311 2029 2380 generaliter
2058 2310 2124 2364 de
2149 2311 2252 2364 uti-

686 2403 826 2455 litate
861 2399 1065 2465 quavis,
1097 2415 1254 2468 quam
1278 2413 1559 2469 possumus
1603 2401 1855 2469 proximo
1887 2409 2137 2468 prtestare
2161 2399 2255 2463 °,in

673 2490 935 2561 epzirabota
978 2506 1109 2544 vero
1155 2491 1221 2545 de
1266 2492 1552 2562 virginibus
1581 2492 1648 2547 de
1674 2491 2019 2562 eleemOsyna
2050 2492 2161 2545 sive
2191 2491 2257 2546 de

690 2581 925 2658 pecunia:
967 2581 1243 2652 largitione
1291 2584 1481 2651 agitur,
1527 2593 1581 2636 et
1625 2582 1836 2650 quidem
1890 2581 2258 2636 vehementius

687 2671 920 2737 quamin
939 2674 1210 2743 superiore
1240 2674 1508 2743 parabola.
1540 2672 1649 2727 Illic
1670 2674 1809 2728 enim
1842 2673 2249 2742 percutieutem,

668 2759 981 2829 ebriosum,
999 2762 1304 2833 dominique
1328 2764 1461 2817 bona
1483 2762 1830 2832 dissipantem
1847 2773 1900 2817 et
1922 2763 2251 2832 perdentem,

683 2856 945 2924 supplicio
977 2852 1133 2909 allicit
1162 2870 1177 2919 ;
1219 2853 1305 2908 hic
1346 2869 1472 2908 vero
1497 2854 1654 2908 etiam
1694 2869 1814 2909 eum
1840 2855 1927 2924 qui
1959 2852 2255 2923 proximum

678 2961 796 3002 non
821 2948 991 3016 juvat,
1024 2960 1193 3015 neque
1215 2944 1427 3014 largiter
1446 2946 1626 3014 egenis
1647 2931 2056 2998 sua‘distribuit.
2082 2943 2252 3012 Virgi-

691 3057 784 3094 nes
801 3041 974 3094 oleum
993 3037 1518 3108 quidem'habcbant,
1547 3037 1640 3092 sed
1663 3053 1764 3091 non
1789 3038 2083 3106 copiosum,
2112 3037 2260 3091 ideo-

682 3145 795 3198 que
820 3130 1126 3200 puniuntur.
1173 3127 1284 3182 ϐυτ
1317 3142 1445 3196 ergo
1471 3127 1568 3182 sub
1596 3132 1817 3196 persena
1842 3129 2104 3198 virginum
2125 3129 2261 3186 hanc

694 3219 896 3290 profert
954 3217 1294 3287 parabolam,
1341 3232 1439 3272 nec
1483 3218 1921 3287 qualemcumque
1982 3233 2259 3285 personam

691 3308 975 3363 adhibuit?
1001 3307 1180 3376 Magna
1210 3307 1278 3361 de
1304 3307 1600 3378 virginitate
1641 3307 1848 3362 dixerat
1886 3307 2073 3363 :‘Sunt
2105 3324 2263 3362 eunu-

691 3399 794 3462 clti,
827 3397 916 3467 qui
953 3398 1140 3468 seipsos
1194 3407 1533 3452 castrarertmt
1566 3409 1767 3468 propter
1794 3415 2000 3470 regnum
2026 3397 2264 3453 catlorum

697 3487 909 3564 (Matth.
940 3487 1027 3544 19.
1060 3485 1150 3558 Η)
1173 3529 1189 3554 ,
1217 3497 1285 3551 et,
1345 3488 1444 3555 Qui
1471 3498 1630 3558 potest
1650 3501 1828 3559 capere
1851 3533 1866 3557 ,
1895 3492 2082 3560 capiat.
2114 3492 2264 3548 Alio-

694 3581 819 3650 quin
843 3594 967 3634 vero
1013 3578 1213 3632 sciebat
1262 3580 1540 3648 plerosque
1579 3595 1822 3649 magnam
1849 3580 1918 3635 de
1946 3582 2030 3635 illa
2055 3584 2264 3652 opinio-

697 3688 824 3728 nem
852 3671 1067 3727 babcre.
1096 3671 1228 3725 Nam
1256 3686 1343 3726 res
1373 3681 1453 3726 est
1494 3683 1680 3729 natura
1707 3688 1800 3728 sua
1829 3674 1989 3730 ardua
2011 3717 2025 3739 ,
2059 3684 2116 3730 ut
2144 3676 2265 3731 inde

698 3767 867 3835 palam
898 3776 1000 3832 est,
1024 3764 1163 3835 quod
1191 3766 1243 3819 in
1272 3765 1441 3820 veteri
1473 3766 1586 3836 lege
1620 3780 1688 3820 ne
1719 3767 1884 3822 sancti
1913 3768 2125 3838 quidem
2149 3785 2258 3824 ma-

697 3861 890 3929 gnique
917 3859 1014 3912 viri
1059 3857 1200 3912 illam
1232 3858 1559 3913 exercuerim
1583 3901 1598 3924 ,
1631 3867 1684 3913 et
1711 3860 1760 3912 in
1797 3875 1936 3914 nova
1965 3861 2103 3915 nulla
2131 3862 2262 3933 legis

699 3953 1018 4007 necessitate
1039 3950 1306 4020 jubeatur.
1338 3950 1521 4018 Neque
1561 3953 1700 4006 enim
1730 3952 1831 4008 hoc
1858 3957 2138 4024 praecepit;
2170 3956 2264 4010 sed

698 4043 1023 4099 audientium
1065 4042 1285 4097 arbitrio
1323 4042 1450 4095 illud
1493 4043 1720 4112 reliquit.
1758 4045 1984 4099 'ldeoait
2016 4046 2210 4100 Paulus
2251 4065 2264 4100 :

701 4137 780 4191 De
824 4134 1095 4205 uirginibus
1147 4143 1318 4185 autem
1365 4142 1667 4201 proruptum
1706 4133 1912 4187 Domini
1965 4151 2065 4188 non
2112 4135 2268 4189 habeo

699 4231 718 4304 (
736 4233 786 4285 l.
815 4227 934 4284 Cor.
961 4228 1012 4280 7.
1044 4225 1117 4281 25
1137 4223 1182 4295 ).
1212 4223 1394 4279 Laudo
1423 4225 1635 4295 quidem
1663 4225 1791 4279 illud
1819 4236 2140 4291 servantem,
2173 4228 2266 4283 sed

701 4322 966 4377 nolentem
997 4333 1103 4373 non
1130 4331 1284 4386 cogo,
1310 4332 1480 4384 neque
1509 4326 1837 4388 praeceptum
1866 4318 1915 4373 id
1949 4319 2103 4375 facio.
2134 4321 2264 4389 Quia

700 4414 856 4484 igitur
884 4423 1069 4480 magna
1101 4423 1188 4462 res
1215 4417 1349 4471 erat,
1379 4415 1432 4462 et
1459 4408 1510 4463 in
1536 4424 1724 4481 magna
1764 4411 1902 4480 apud
1941 4412 2134 4467 multos
2156 4423 2270 4468 erat

698 4504 1126 4565 existimatione;
1169 4516 1237 4556 ne
1274 4501 1392 4571 quis
1439 4501 1581 4555 illam
1622 4517 1869 4570 servans,
1902 4507 2050 4574 quasi
2094 4508 2267 4562 omnia

704 4602 1005 4657 servasset,
1033 4594 1172 4648 circa
1220 4601 1412 4647 extera
1457 4593 1725 4665 negligens
1754 4606 1913 4659 esset,
1946 4597 2080 4652 hanc
2123 4599 2270 4667 ponit

703 4686 1026 4755 parabolam,
1055 4701 1173 4755 quae
1200 4684 1423 4741 suadere
1449 4687 1615 4756 possit
1636 4727 1650 4748 ,
1675 4687 2026 4758 virginitatem
2056 4690 2265 4762 aliaque

704 4780 840 4832 bona
860 4777 1057 4840 omnia,
1087 4776 1441 4848 eleemosynte
1465 4775 1724 4831 fructibus
1745 4793 1930 4844 vacua,
1953 4797 2071 4835 cum
2104 4780 2267 4836 forni-

707 4868 976 4923 catoribus
1001 4865 1118 4936 ejici
1169 4875 1266 4921 :et
1304 4866 1650 4922 inhumanum
1693 4869 2268 4942 immisericordemque

702 4965 824 5014 eum
845 4958 946 5012 illis
971 4955 1217 5011 collocari
1247 4974 1261 5013 :
1285 4956 1440 5027 idque
1457 4957 1577 5027 jure
1607 4959 1796 5015 merito
1818 4961 1870 5013 ἐ
1900 4960 1985 5016 ille
2000 4963 2140 5018 enim
2155 4978 2274 5018 cor-

698 5056 891 5112 porum
945 5056 1132 5097 amore
1177 5042 1354 5097 vietus
1407 5053 1529 5106 est,
1586 5042 1749 5098 fatua:
1805 5052 1982 5099 autem
2037 5048 2277 5118 virgines

694 5147 888 5190 amore
951 5131 1328 5202 pecuniarum.
1401 5130 1518 5186 Non
1575 5141 1660 5188 est
1731 5142 1912 5188 autem
1982 5151 2274 5206 corporum

689 5232 750 5277 et
801 5214 1156 5294 pecuniarum
1203 5239 1304 5293 par
1362 5223 1677 5295 cupiditas;
1724 5228 1820 5282 sed
1874 5228 2054 5282 acrior
2104 5232 2275 5285 multo

695 5331 761 5369 ae
809 5315 1096 5374 violentior
1149 5331 1463 5387 corporum.
1520 5319 1743 5384 Quanto
1793 5331 1972 5376 autem
2025 5322 2272 5377 imbecil-

695 5405 799 5460 lior
826 5417 909 5460 est
940 5408 1215 5472 inimicus,
1251 5418 1402 5464 tanto
1434 5411 1614 5466 minus
1643 5413 1759 5467 illa:
1791 5428 1913 5482 qua:
1938 5412 2093 5469 victae
2122 5427 2269 5479 sunt,

693 5499 909 5554 veniam
945 5511 1254 5567 merentur;
1290 5503 1520 5572 ideoque
1551 5504 1728 5559 fatuas
1755 5507 1877 5561 illas
1915 5516 2108 5571 vocat,
2142 5512 2268 5577 quia

692 5591 887 5660 majori
917 5606 1171 5662 superato
1194 5598 1397 5659 labore,
1427 5610 1522 5664 per
1543 5598 1803 5652 minorem
1829 5608 1998 5654 totum
2027 5601 2272 5670 perdide-

754 5698 848 5769 '_ln
874 5697 1048 5770 lim-el.
1070 5701 1356 5770 legitur..."
1383 5717 1491 5770 cunt
1518 5702 1891 5770 fornicatoribus
1909 5705 2027 5770 ejici
2035 5712 2084 5757 et
2109 5706 2269 5760 immi—

689 5759 1037 5838 κνίὶξοξξῖίριξξ,
1065 5759 1332 5838 jure
1355 5759 1772 5838 meritoLomissls
1782 5759 2112 5838 interpositis.

752 5825 820 5892 (ᾳ)
847 5823 905 5893 ln_
923 5825 1110 5893 aliquot
1129 5823 1390 5893 [iudicibus
1411 5829 1518 5876 haec
1539 5827 1794 5893 Evangelii
1815 5823 1981 5880 lectio.
1995 5839 2111 5880 ante
2136 5832 2270 5893 prin-

688 5885 873 5997 ἷμὶιὲὶιιᾶιη
893 5885 1110 5936 ὴοωίιὶω
1133 5888 1288 5948 posita
1317 5892 1459 5951 longe
1487 5885 1699 5954 διηυιίοῐ
1720 5892 2056 5944 etfertur.Ct‘r.
2085 5885 2263 5946 Adnot.

788 5971 797 5996 ι
837 5983 848 5996 ο

788 5971 848 5996 lu.

2353 783 2494 830 runt.
2543 772 2839 843 Lampados
2892 785 3067 827 autem
3119 772 3206 828 hic
3250 771 3380 827 dicit
3407 770 3581 841 ipsum
3608 770 3925 842 virginitatis

2350 867 2568 931 donum,
2591 863 2886 919 sanctitatis
2911 865 3242 934 puritatem:
3269 863 3444 918 oleum
3470 878 3599 917 vero
3631 863 3927 932 benignita—

2355 967 2497 1020 tem,
2555 957 2986 1026 eleemosynam,
3051 955 3308 1010 auxilium
3369 956 3551 1024 egenis
3611 957 3925 1024 prsestitum.

2351 1048 2405 1103 5.
2438 1047 2636 1101 Moram
2671 1057 2834 1101 autem
2857 1047 3070 1117 faciente
3094 1064 3278 1118 sponso
3301 1090 3316 1115 ,
3341 1049 3736 1101 dormitandi-un:
3761 1064 3930 1101 omnes

2354 1147 2399 1192 et
2455 1136 2786 1191 dormierunt.
2837 1136 2935 1192 llic
2979 1135 3215 1191 ostendit
3254 1152 3356 1191 non
3401 1152 3622 1206 parvum
3666 1139 3930 1206 temporis

2351 1231 2578 1300 spatium
2625 1229 2960 1300 interiectum
2986 1271 3000 1296 ,
3036 1230 3323 1299 discipulos
3362 1230 3635 1285 abducens
3668 1246 3736 1284 ue
3765 1245 3928 1300 expe-

2351 1332 2494 1378 ctent
2510 1336 2727 1392 regnum
2747 1323 2863 1392 ejus
2885 1323 3060 1378 statim
3078 1333 3356 1378 venturum
3371 1336 3510 1377 esse.
3537 1321 3670 1376 Nam
3694 1323 3796 1376 hoc
3810 1334 3931 1390 Spe-

2351 1414 2568 1480 rabant',
2607 1413 2827 1484 ideoque
2853 1412 3159 1482 frequenter
3186 1413 3305 1468 illos
3333 1411 3399 1466 ab
3423 1412 3522 1466 hac
3548 1428 3644 1481 spe
3671 1422 3928 1467 removet.

2352 1503 2432 1559 Ad
2455 1505 2567 1558 haec
2587 1503 2715 1558 illud
2731 1519 2939 1574 quoque
2953 1503 3269 1566 subindteat,
3287 1511 3512 1557 mortem
3527 1517 3648 1558 esse
3664 1517 3930 1556 somnum.

2354 1596 2698 1662 Dormicrunt,
2724 1599 2908 1666 inquit.
2933 1597 2984 1652 6.
3017 1595 3189 1650 Media
3210 1606 3376 1650 autem
3390 1605 3533 1650 nocte
3559 1595 3752 1649 clamor
3773 1600 3936 1664 fartus

2355 1700 2446 1744 est.
2470 1689 2564 1744 Vel
2587 1691 2639 1744 in
2671 1689 2922 1759 parabola
2955 1689 3186 1750 insistit;
3214 1687 3294 1742 vel
3321 1685 3484 1742 docet
3511 1694 3673 1742 nocte
3705 1685 3935 1740 futuram

2355 1782 2799 1837 resurrectionem
2822 1796 2960 1836 esse.
2993 1779 3290 1836 Clamorem
3321 1779 3479 1835 etiam
3504 1778 3703 1834 Paulus
3734 1793 3939 1834 memo-

2357 1887 2456 1940 rat,
2490 1875 2673 1929 dicens
2709 1892 2722 1928 :
2753 1872 2820 1927 In
2853 1875 3027 1944 jussu,
3055 1874 3107 1925 in
3159 1889 3275 1926 uoce
3315 1870 3606 1942 archangeli
3628 1913 3645 1938 ,
3674 1871 3726 1924 in
3762 1872 3940 1925 ultima

2348 1969 2473 2020 tuba
2515 1966 2772 2021 descendet
2814 1953 2877 2019 de
2906 1967 3029 2019 rtelo
3061 1964 3152 2037 (l.
3191 1963 3366 2017 Thess.
3396 1964 3451 2018 ι.
3499 1961 3627 2028 16).
3678 1962 3815 2030 Quid
3841 1964 3938 2018 sibi

2359 2061 2535 2113 volunt
2567 2059 2724 2124 tubae,
2747 2058 2872 2128 quid
2901 2058 3138 2112 clamor?
3171 2058 3403 2127 Sponsus
3427 2055 3577 2110 venit.
3613 2054 3664 2107 7.
3698 2053 3827 2110 Cum
3853 2073 3940 2109 or-

2357 2167 2472 2204 nas:
2507 2167 2557 2202 stt
2582 2166 2700 2221 ergo
2727 2149 3008 2218 lampades,
3045 2148 3096 2203 8.
3127 2147 3284 2216 [aluta
3306 2145 3616 2217 sapientibus
3661 2147 3897 2200 dixerunt
3918 2162 3942 2197 ‘:

2361 2243 2484 2296 Date
2513 2244 2655 2296 nobis
2675 2242 2736 2295 de
2759 2242 2866 2296 oleo
2893 2249 3076 2295 vestro.
3120 2240 3352 2295 Rursum
3394 2239 3513 2294 illas
3540 2238 3716 2293 fatuas
3739 2250 3895 2294 vocat
3924 2280 3937 2300 .

2361 2334 2647 2390 ostendens
2676 2332 2808 2387 nihil
2845 2331 3056 2387 stultius
3077 2346 3198 2387 esse
3221 2331 3287 2386 iis
3309 2332 3399 2402 qui
3425 2331 3514 2386 hic
3555 2331 3808 2400 pecunias
3829 2332 3937 2386 col-

2362 2425 2529 2493 ligunt
2552 2465 2566 2488 ,
2600 2433 2654 2477 et
2695 2420 2821 2476 nudi
2853 2421 2978 2476 illuc
3009 2421 3243 2487 abeunt,
3293 2421 3379 2476 ubi
3411 2421 3562 2475 nobis
3617 2421 3942 2491 benignitate

2365 2514 2542 2585 magis
2576 2513 2715 2585 opus
2752 2524 2871 2581 est,
2913 2516 3194 2584 multoque
3232 2513 3354 2568 oleo
3383 2514 3426 2569 ¹.
3466 2513 3583 2568 Νοη
3639 2514 3763 2569 ideo
3808 2522 3936 2569 tan-

2367 2613 2482 2661 tum
2512 2604 2715 2671 stultae,
2734 2606 2828 2661 sed
2855 2607 2999 2676 quod
3033 2602 3370 2675 expectarint
3401 2618 3459 2657 se
3488 2603 3598 2658 illic
3625 2604 3806 2659 olequ
3835 2617 3934 2656 ac-

2362 2707 2604 2766 cirpturas
2625 2709 2744 2751 esse
2763 2703 2816 2750 et
2835 2695 2974 2764 quod
2999 2695 3364 2763 intempestive
3387 2695 3725 2766 quaesierint:
3761 2711 3920 2765 quam
3937 2725 3949 2738 ο

2360 2802 2516 2858 quam
2547 2785 2679 2841 nihil
2721 2788 3000 2841 humanius
3040 2787 3144 2841 illis
3195 2787 3507 2858 virginibus,
3564 2802 3683 2857 qua:
3738 2786 3838 2843 hac
3894 2789 3948 2843 in

2362 2888 2512 2948 parte
2539 2877 2768 2933 maxime
2795 2878 3097 2948 conspicua:
3126 2877 3362 2933 fuerunt.
3386 2877 3568 2948 Neque
3593 2887 3764 2934 totum
3785 2889 3950 2949 pete-

2363 2970 2490 3024 bant
2533 2988 2546 3022 :
2600 2968 2731 3022 Date
2773 2970 2912 3023 nobis
2945 2969 3010 3022 de
3056 2969 3166 3023 oleo
3216 2977 3415 3035 uestro;
3468 2971 3953 3042 necessitatemque

2363 3059 2732 3120 ostendebant.
2747 3059 2984 3113 dicentes
3007 3078 3020 3114 :
3042 3059 3330 3129 Lampades
3350 3071 3535 3117 nostra:
3558 3063 3946 3134 extinguuntur.

2362 3149 2468 3207 Sed
2493 3151 2537 3204 si
2558 3149 2716 3205 etiam
2746 3150 3012 3218 repulsam
3042 3149 3308 3205 tulerunt:
3339 3165 3402 3206 ac
3432 3166 3604 3221 neque
3628 3153 3950 3210 humanitas

2365 3255 2548 3296 earum
2575 3255 2604 3294 a
2631 3239 2825 3310 quibus
2864 3241 3134 3310 petebant,
3163 3256 3336 3312 neque
3385 3241 3658 3312 petitionis
3696 3241 3953 3300 facilitas.

2367 3349 2541 3403 neque
2571 3333 2882 3398 necessitas,
2914 3333 3186 3403 quidpiam
3217 3333 3586 3404 impetrarunt.
3609 3333 3808 3390 Verum
3825 3335 3958 3404 quid

2369 3425 2490 3478 inde
2516 3424 2813 3479 discimus?
2835 3423 3113 3477 Neminem
3144 3423 3250 3478 illic
3277 3423 3449 3488 nobis,
3473 3438 3608 3494 quos
3637 3439 3801 3494 opera
3827 3439 3959 3496 pro-

2370 3518 2641 3582 diderunt,
2667 3517 3157 3584 auxilio‘futurum;
3183 3533 3290 3573 non
3319 3519 3450 3589 quid
3467 3519 3660 3587 nolint,
3687 3522 3782 3576 sed
3811 3522 3959 3593 quod

2371 3610 2476 3665 non
2499 3610 2719 3680 possint.
2761 3609 2898 3664 Nam
2926 3619 2978 3664 et
3021 3610 3124 3664 illa:
3167 3610 3235 3664 ad
3267 3611 3592 3681 impossibile
3621 3612 3958 3684 confugiunt.

2370 3704 2479 3759 lloc
2494 3712 2546 3757 et
2567 3703 2750 3758 beatus
2768 3702 3032 3757 Abraham
3053 3702 3284 3756 ostendit
3299 3702 3481 3760 dicens
3501 3719 3514 3755 :
3541 3703 3788 3774 Magnum
3806 3706 3962 3760 chaos

2370 3799 2498 3852 inter
2523 3813 2608 3852 vos
2634 3806 2682 3852 et
2727 3813 2820 3851 nos
2845 3806 2920 3850 est
2941 3839 2956 3862 ,
2988 3805 3043 3850 ut
3069 3813 3130 3851 ne
3157 3795 3377 3850 volentes
3423 3797 3623 3868 quidem
3652 3801 3963 3868 pertransire

2373 3893 2563 3960 possint
2590 3890 2736 3962 (Luc.
2773 3891 2860 3946 l6.
2906 3892 3020 3962 26).
3057 3892 3111 3948 9.
3150 3891 3228 3947 Ite
3251 3903 3418 3947 autem
3463 3894 3532 3947 ad
3565 3897 3831 3952 uendentes
3856 3939 3869 3959 ,
3914 3908 3966 3951 et

2373 3984 2533 4036 emite.
2575 3983 2672 4050 Qui
2726 3983 3056 4039 vendentes?
3105 3985 3393 4054 Pauperes.
3453 3986 3677 4042 Ubinam
3717 3989 3966 4045 illiillic

2374 4083 2523 4128 erant
2552 4092 2564 4126 :
2599 4074 2683 4142 hi;
2708 4091 2947 4144 quaerere
2973 4078 3270 4146 oportebat,
3303 4094 3474 4148 neque
3499 4079 3550 4134 in
3585 4089 3826 4151 tempore
3842 4083 3960 4138 illo.

2444 4166 2499 4219 2.
2530 4165 2715 4221 Viden’
2741 4169 3009 4237 quomodo
3039 4168 3126 4224 fiat
3155 4169 3308 4224 nobis
3335 4185 3401 4224 ex
3430 4174 3753 4242 pauperibus
3794 4191 3963 4247 nego-

2379 4260 2561 4314 tiatio?
2583 4260 2636 4315 Si
2670 4261 2765 4317 hos
2791 4264 3072 4319 sustuleris
3089 4306 3104 4329 ,
3139 4281 3383 4337 magnam
3419 4268 3604 4322 salutis
3627 4283 3780 4338 spem
3803 4270 3966 4328 nobis

2376 4352 2669 4406 sustuleris.
2720 4351 2841 4407 Ideo
2887 4352 2975 4410 hic
3022 4366 3232 4424 oportet
3257 4357 3430 4412 oleum
3457 4358 3726 4430 colligere,
3771 4371 3827 4414 ut
3856 4361 3966 4416 illic

2377 4441 2526 4496 nobis
2547 4443 2675 4498 utile
2705 4445 2792 4509 sit,
2826 4460 2945 4498 cum
2979 4453 3188 4516 tempus
3215 4461 3310 4501 nos
3341 4449 3636 4504 vocaverit.
3667 4449 3784 4506 Non
3807 4454 3960 4508 enim

2375 4542 2584 4603 tempus
2609 4535 2893 4605 colligendi
2920 4536 3048 4591 illud
3079 4548 3158 4593 est
3183 4556 3197 4593 :
3230 4540 3323 4594 sed
3344 4539 3444 4616 boc
3467 4550 3696 4612 tempus.
3728 4543 3808 4601 Ne
3830 4560 3965 4616 ergo

2373 4640 2499 4693 opes
2527 4635 2643 4680 tuas
2674 4625 2865 4681 frustra
2892 4627 3168 4698 impendas
3193 4630 3243 4683 in
3271 4628 3595 4697 delicias,.in
3625 4647 3816 4689 vanam
3843 4634 3966 4705 glo-

2374 4718 2529 4771 riam.
2562 4717 2724 4772 Multo
2752 4719 2946 4788 quippe
2976 4720 3096 4775 oleo
3125 4721 3216 4775 tibi
3259 4722 3366 4776 illic
3391 4738 3527 4792 opus
3571 4733 3674 4780 est.
3714 4725 3841 4782 Hac
3868 4741 3968 4796 ast-

2375 4809 2579 4864 ﬁentes
2602 4809 2704 4863 illte
2733 4809 3013 4875 abierunt,
3049 4812 3142 4868 sed
3170 4812 3298 4867 nihil
3330 4814 3576 4869 utilitatis
3607 4828 3962 4886 acceperunt.

2376 4901 2486 4956 Hoc
2537 4915 2699 4971 porro
2747 4903 2820 4956 ait
2867 4912 2959 4957 aut
2991 4903 3054 4958 in
3094 4905 3345 4975 parabola
3375 4907 3649 4976 insistens,
3708 4909 3966 4982 illamque

2376 4999 2591 5056 texens;
2637 4999 2726 5046 aut
2755 5000 2812 5046 ut
2835 4994 3101 5059 ostendat,
3147 4996 3354 5051 etiamsi
3382 4996 3602 5054 humani
3642 5001 3966 5072 simuspost

2376 5085 2651 5141 decessum
2676 5095 2915 5142 nostrum
2931 5127 2948 5151 ,
2977 5101 3076 5142 nos
3101 5090 3234 5144 nihil
3257 5089 3378 5146 inde
3404 5091 3622 5150 subsidii
3647 5106 3966 5165 accepturos

2376 5176 2441 5231 ad
2471 5177 2788 5247 supplicium
2817 5178 3197 5250 ellugiendum.
3234 5181 3416 5252 Itaque
3456 5181 3592 5239 nihil
3615 5184 3720 5240 illis
3743 5187 3964 5256 prolicit

2374 5267 2604 5322 studium
2630 5283 2644 5330 ;
2669 5269 2785 5337 quia
2805 5283 2909 5323 non
2935 5268 3018 5324 hic
3041 5269 3248 5327 iverunt
3270 5272 3337 5327 ad
3358 5273 3673 5342 vendentes,
3699 5279 3795 5332 sed
3817 5277 3962 5346 illic;

2375 5373 2547 5428 neque
2573 5357 2722 5414 diviti
2772 5360 2989 5431 profuit,
3019 5362 3233 5433 quando
3260 5364 3332 5418 ita
3360 5365 3622 5422 bumanus
3660 5370 3836 5425 evasit
3856 5411 3869 5433 ,
3903 5382 3964 5428 ut

2375 5449 2536 5504 etiam
2560 5447 2627 5503 de
2653 5449 2897 5505 afﬁnibus
2923 5451 3034 5506 suis
3063 5452 3318 5509 sollicitus
3346 5465 3512 5512 esset.
3538 5457 3674 5514 Nam
3703 5459 3752 5516 is
3777 5462 3868 5532 qui
3891 5463 3962 5518 ad

2375 5538 2572 5593 ostium
2588 5537 2854 5608 iacentem
2883 5543 3207 5611 prmteribat,
3238 5559 3332 5600 eos
3351 5587 3367 5611 ,
3395 5561 3531 5616 quos
3561 5563 3846 5621 numquam
3881 5553 3930 5606 vi
3949 5579 3964 5590 -

2376 5630 2548 5695 derat,
2580 5646 2645 5684 ex
2688 5633 2938 5701 periculis
2967 5643 3021 5690 et
3045 5649 3111 5691 ex
3141 5637 3382 5706 gehenna
3408 5639 3615 5711 eripere
3639 5640 3877 5710 festinat,
3910 5655 3965 5702 et

2377 5731 2531 5794 regat
2558 5721 2693 5778 mitti
2717 5724 2994 5795 quosdam,
3017 5725 3106 5798 qui
3137 5728 3188 5784 id
3213 5729 3317 5786 illis
3339 5733 3656 5791 annuntient
3686 5734 3841 5806 (Lac.
3878 5736 3963 5793 ιϐ.

2442 5950 2458 5980 ³
2489 5947 2628 5995 Unus
2659 5947 2811 5996 habet
2837 5947 3080 6010 multaque
3104 5947 3461 6000 misericordia.
