4172 6506
328 436 434 492 715

322 550 444 614 ΞΒ).
488 550 734 603 Attamen
780 543 913 599 nihil
959 544 1048 598 ille
1076 543 1200 597 hinc
1244 542 1375 598 lucri
1407 540 1588 597 retulit
1615 557 1630 605 ;
1662 548 1717 595 ut
1744 555 1949 609 neque

322 641 580 713 virgines.
600 638 885 706 Postquam
907 636 1046 690 enim
1075 635 1157 688 his
1181 633 1377 689 auditis
1403 633 1672 696 abierunt,
1696 632 1783 689 10.
1820 632 1923 688 γεω

322 736 397 787 nit
424 746 639 803 sponsus
664 746 685 795 ;
711 740 757 784 et
778 744 892 799 quia
917 736 1109 797 parata:
1151 735 1312 793 erant,
1343 728 1653 781 intraverant
1682 742 1797 780 cum
1823 742 1939 793 eo;

319 829 405 884 tne
428 843 556 885 vero
572 828 806 885 exclusa:
831 835 975 882 sunt.
999 826 1127 899 Post
1154 826 1353 882 multos
1381 826 1615 890 labores,
1646 835 1767 896 post
1787 827 1913 883 inti-

316 924 462 977 nitos
502 920 746 981 sudores.
798 928 921 991 post
967 927 1241 974 certamen
1298 918 1427 973 illud
1471 918 1824 983 intolerabile,
1860 927 1915 975 et

316 1026 515 1086 tmptea
541 1029 663 1087 quae
681 1022 869 1069 eontra
899 1012 1161 1070 furentem
1196 1025 1441 1070 naturam
1468 1026 1777 1082 erexerant,
1809 1032 1910 1086 pu-

310 1108 449 1163 dore
471 1102 687 1161 sutiusa‘é
707 1118 827 1159 cum
848 1105 1097 1160 extinctis
1120 1104 1454 1175 lampadibus
1472 1104 1707 1176 demisso
1733 1108 1911 1176 capite

314 1198 658 1255 recedebant.
687 1197 827 1253 Nihil
846 1198 988 1265 enim
1010 1167 1294 1254 obscurius
1312 1207 1394 1254 est
1418 1167 1579 1269 qn/am
1603 1167 1907 1271 iirginiias,

311 1291 657 1363 eleemosyna
682 1303 878 1346 carens
902 1288 918 1323 ‘
945 1306 961 1319 ·
989 1289 1070 1351 sie
1081 1289 1234 1345 multi
1260 1289 1435 1346 solent
1455 1290 1908 1348 immisericordes

311 1395 512 1438 vocare
553 1380 887 1436 tenebrosos.
934 1378 1035 1437 Ubi
1092 1394 1222 1449 ergo
1266 1379 1587 1451 vitginitatis
1612 1378 1823 1437 utilitas
1857 1384 1903 1450 ³,

310 1471 528 1540 quando
552 1486 653 1527 nec
681 1485 937 1543 sponsum
957 1469 1172 1541 quidem
1196 1470 1465 1537 viderunt,
1499 1484 1601 1526 nec
1628 1471 1905 1542 pulsantes

307 1563 507 1635 aliquid
539 1563 909 1632 impetrarunt,
940 1560 1033 1616 sed
1058 1562 1200 1616 illam
1229 1560 1519 1617 terribilem
1550 1561 1772 1617 audiere
1803 1578 1900 1617 vo-

304 1669 449 1721 cem,
487 1654 569 1710 I2.
594 1652 757 1717 Abite,
782 1653 947 1706 nescio
978 1667 1064 1706 vos
1082 1651 1109 1705 ?
1138 1650 1272 1707 Cum
1297 1660 1477 1707 autem
1510 1651 1599 1707 ille
1622 1653 1722 1707 hoc
1750 1653 1900 1709 dixe-

307 1745 395 1809 rit,
426 1744 561 1799 nihil
591 1742 734 1797 aliud
762 1757 924 1812 quam
946 1743 1189 1813 gebenna
1216 1742 1539 1813 relinquitur
1557 1753 1613 1797 et
1643 1743 1898 1799 intolera-

308 1838 416 1893 bile
437 1835 790 1907 supplicium;
820 1836 926 1889 imo
951 1834 1111 1890 etiam
1139 1833 1243 1890 hoc
1281 1833 1482 1890 dictum
1512 1834 1754 1904 gehenna
1787 1837 1897 1904 ipsa

304 1929 523 2002 gravius
545 1939 647 1983 est.
672 1927 784 1982 Hoc
813 1928 975 1983 etiam
1003 1927 1138 1982 dixit
1159 1928 1503 1997 onerantibus
1528 1928 1894 1998 iniquitatem:

307 2021 394 2075 15.
437 2018 649 2090 Vigilate
675 2019 843 2089 itaque
869 2058 886 2083 ,
938 2018 1057 2087 quia
1099 2018 1299 2071 nescitis
1334 2018 1467 2072 diem
1509 2034 1668 2087 neque
1695 2018 1895 2071 horam.

304 2111 492 2167 Viden'
535 2126 694 2182 quam
726 2109 1032 2180 frequenter
1061 2110 1144 2164 his
1189 2110 1366 2165 verbis
1396 2110 1573 2173 finiat,
1606 2109 1897 2165 ostendens

301 2204 654 2274 ignorantiam
684 2202 858 2257 exitus
882 2217 946 2257 ex
987 2202 1086 2256 hac
1112 2202 1218 2256 vita
1247 2201 1434 2257 utilem
1467 2216 1587 2257 esse
1611 2201 1634 2254 ‘t
1664 2200 1894 2258 Ubinam

298 2303 426 2349 sunt
457 2292 531 2348 illi
553 2308 649 2365 per
675 2301 840 2347 totam
866 2293 1027 2346 vitam
1050 2291 1281 2355 desides,
1316 2293 1407 2362 qui
1428 2307 1555 2348 eum
1584 2293 1895 2356 incnsantur

298 2401 331 2438 a
369 2384 525 2441 nobis
561 2383 786 2439 dicunt:
828 2383 1013 2438 Mortis
1038 2392 1279 2452 tempore
1319 2385 1504 2453 egenis
1557 2383 1894 2454 relinquam?

298 2477 533 2532 Audiant
562 2475 676 2531 hrcc
707 2476 886 2540 verba,
917 2484 970 2531 et
989 2475 1360 2532 emendentur.
1395 2476 1528 2532 Nam
1561 2477 1613 2531 in
1644 2477 1736 2534 illo
1758 2486 1894 2531 tem-

298 2585 432 2639 pore
453 2570 605 2624 multi
628 2569 676 2624 id
696 2585 801 2622 non
827 2576 1132 2638 potuerunt,
1157 2569 1333 2625 subito
1358 2570 1595 2641 abrepti,
1621 2586 1719 2626 nec
1736 2566 1893 2642 quid—

295 2676 456 2729 quam
486 2660 598 2715 suis
630 2658 697 2715 de
746 2674 993 2729 suprema
1041 2659 1314 2714 voluntate
1355 2660 1594 2716 indicare
1643 2669 1885 2730 potuere.

295 2751 424 2806 Ilmc
454 2751 630 2821 itaque
652 2752 901 2821 parabola
937 2752 1076 2807 circa
1124 2752 1520 2825 eleemosynam
1552 2752 1695 2809 illam
1727 2770 1889 2824 pecu-

296 2842 519 2896 niariam
545 2842 688 2898 dicta
733 2851 853 2899 est:
884 2859 1001 2914 qua:
1028 2854 1204 2899 autem
1236 2846 1372 2899 hanc
1402 2847 1665 2914 sequitur,
1698 2856 1885 2901 contra

293 2950 391 2992 eos
411 2937 499 3007 qui
521 2952 626 2993 non
654 2939 912 3007 pecuniis,
935 2954 1039 2993 non
1066 2939 1253 2999 verbo.
1284 2955 1387 2995 non
1416 2940 1739 3010 patrocinio,
1775 2954 1881 2994 non

294 3028 402 3080 alio
429 3029 677 3098 quopiam
709 3030 984 3097 proximos
1005 3029 1193 3099 juvare
1226 3030 1434 3095 volunt,
1466 3030 1559 3086 sed
1583 3032 1760 3086 omnia
1785 3032 1881 3088 ab-

292 3117 581 3172 scendunt.
620 3117 731 3173 Cur
767 3126 947 3174 autem
980 3120 1094 3175 tunc
1141 3121 1393 3189 parabola
1442 3136 1648 3191 regem,
1684 3136 1886 3191 przece-

291 3207 428 3275 deus
493 3224 623 3265 vero
686 3225 939 3279 sponsum
990 3210 1241 3268 inducit?
1286 3212 1354 3269 Ut
1402 3214 1579 3269 discas
1629 3222 1883 3285 quantum

290 3298 539 3354 Christus
564 3298 763 3355 luerent
787 3301 1081 3373 virginibus
1106 3344 1121 3367 ,
1152 3317 1272 3373 qua)
1301 3317 1419 3358 sese
1446 3303 1601 3359 bonis
1630 3306 1741 3359 suis
1762 3318 1886 3375 spo-

291 3392 508 3447 liarunt.
566 3392 691 3447 llzce
730 3402 813 3448 est
860 3394 1002 3448 enim
1045 3394 1338 3465 virginitas.
1389 3395 1725 3465 Quapropter
1750 3397 1887 3452 Pau-

290 3484 377 3538 lus
403 3483 538 3541 haue
571 3486 720 3555 ponit
747 3486 824 3541 rei
858 3486 1222 3542 definitionem
1255 3507 1268 3541 :
1306 3487 1533 3555 lnnupta
1566 3490 1787 3544 sollicita
1810 3500 1884 3545 est

288 3579 354 3629 de
379 3576 443 3630 iis
466 3593 581 3647 qua:
609 3578 801 3631 domini
829 3588 947 3632 sunt
969 3620 982 3642 ,
1012 3590 1064 3632 ut
1090 3579 1154 3633 sit
1187 3581 1448 3645 modesta,
1474 3594 1717 3651 quantum
1744 3582 1884 3636 decet

287 3665 455 3731 illam,
499 3682 612 3736 quae
665 3666 880 3737 Domino
908 3669 1097 3723 assidet
1124 3681 1365 3740 perpetuo
1409 3670 1483 3741 (I.
1531 3671 1649 3727 Cor.
1687 3674 1737 3727 7.
1790 3674 1882 3728 54.

289 3759 361 3815 ﬁ
382 3760 423 3826 ).
472 3758 601 3817 “me
628 3742 1003 3826 admonemus,
1041 3763 1231 3833 inquit.
1260 3763 1411 3832 Quod
1440 3764 1483 3818 si
1511 3765 1650 3833 apud
1684 3765 1880 3823 Lucam

288 3849 318 3920 (-
342 3849 469 3919 Cap.
502 3851 591 3907 l9.
630 3852 713 3904 l2.
744 3868 881 3921 seqq.
920 3851 938 3923 )
965 3852 1283 3909 talentorum
1315 3855 1561 3924 parabola
1584 3857 1690 3910 alio
1721 3858 1881 3911 modo

288 3950 552 4007 narratur,
588 3941 714 3996 illud
739 3942 1043 4008 dicendum,
1062 3944 1193 3998 alias
1222 3952 1277 3999 et
1303 3944 1543 4000 diversas
1568 3961 1688 4001 esse
1718 3962 1876 4016 para-

287 4032 459 4087 bolas.
489 4033 547 4088 In
588 4034 674 4088 illa
721 4035 863 4090 enim
886 4051 951 4090 ex
977 4052 1080 4090 una
1120 4052 1326 4091 summa
1352 4038 1546 4094 diversi
1582 4040 1727 4095 fuere
1754 4056 1880 4111 pro-

281 4134 480 4179 ventus
511 4142 525 4177 :
556 4140 674 4180 nam
707 4141 771 4181 ex
804 4143 906 4181 una
939 4143 1063 4183 mna
1084 4128 1220 4183 alius
1248 4129 1502 4199 quinque,
1531 4132 1667 4186 alius
1689 4133 1878 4189 decem

286 4233 444 4273 mnas
492 4218 816 4283 obtulerunt,
869 4220 1092 4294 ideoque
1133 4237 1237 4276 non
1292 4223 1478 4279 eadem
1527 4225 1699 4280 sortiti
1754 4236 1880 4281 sunt

284 4310 427 4365 dona
463 4327 475 4363 :
505 4310 591 4366 hic
617 4326 746 4367 vero
775 4321 965 4367 contra
990 4355 1003 4375 ,
1031 4313 1260 4384 ideoque
1300 4331 1457 4385 pares
1486 4332 1700 4372 corona:
1730 4328 1874 4373 sunt.

283 4401 418 4457 Nam
446 4410 503 4456 ut
536 4401 579 4457 is
603 4403 693 4473 qui
724 4404 830 4459 duo
856 4404 1083 4475 accepit,
1111 4406 1211 4460 alia
1229 4406 1336 4462 duo
1356 4406 1606 4474 reddidit,
1632 4409 1877 4466 similiter

279 4494 447 4549 etiam
477 4493 565 4564 qui
604 4495 838 4565 quinque
863 4495 1071 4565 accepit
1098 4512 1113 4549 :
1144 4496 1216 4552 ibi
1260 4512 1387 4553 vero
1416 4513 1482 4554 ex
1508 4500 1697 4554 eadem
1726 4510 1874 4556 sorte

281 4588 422 4641 alius
448 4587 723 4657 majorem,
757 4589 891 4643 alius
925 4590 1183 4644 minorem
1214 4602 1528 4660 proventum
1552 4593 1736 4648 habttit
1773 4614 1785 4649 :
1816 4595 1868 4649 in

284 4678 519 4747 prmmiis
536 4692 745 4748 quoque
760 4680 881 4747 jure
908 4694 1011 4733 non
1037 4694 1129 4748 par
1149 4681 1252 4734 erit
1279 4696 1507 4738 merces.
1540 4682 1673 4739 Vide
1694 4695 1870 4739 autem

1218 427 1280 484 IN
1321 424 1725 483 ΜᾹΤΤΠᾹΞΠΜ
1751 424 1997 479 ἰιοέοιηι.
2041 424 2318 479 LXXVIII.
2360 427 2431 481 al.
2474 426 2711 485 LXXIX.

3521 436 3626 491 7H

2022 540 2123 610 ipsi
2146 543 2370 612 gratiam
2397 543 2615 610 habere,
2639 555 2696 602 et
2719 554 2885 601 totum
2914 548 3013 616 ipsi
3062 559 3329 619 reputare.
3359 549 3497 618 Quid
3518 551 3634 619 igi-

2024 642 2109 686 tur
2143 632 2431 690 dominus?
2453 635 2545 692 ει.
2572 635 2735 706 Euge,
2763 654 2904 693 serue
2922 639 3071 705 bene,
3104 642 3276 713 inquit
3297 642 3452 714 (illud
3483 644 3629 698 enim

2019 723 2145 779 boni
2171 722 2273 779 viri
2301 734 2414 792 est,
2449 741 2511 781 ea
2536 743 2658 796 qua:
2689 728 3071 798 proximisnnt
3099 732 3412 807 respicere)
3439 775 3456 801 ,
3488 746 3540 788 et
3559 736 3628 801 [ὶ-

2022 816 2150 870 detis
2179 832 2200 871 :
2225 833 2380 889 super
2409 834 2573 888 pauca
2592 820 2951 890 [nisti/idem,
2984 837 3142 894 super
3163 824 3325 878 multa
3354 834 3401 879 te
3428 826 3629 880 consti-

2016 915 2152 961 tuant
2174 925 2190 973 ;
2211 909 2356 981 intra
2382 910 2434 964 in
2453 911 2701 982 gaudium
2727 912 2924 968 domini
2943 914 3037 970 tui.
3069 911 3297 970 Omnem
3337 915 3626 972 beatitudi-

2016 1015 2139 1055 nem
2162 1015 2259 1072 per
2288 1002 2389 1057 hoc
2413 1002 2615 1058 dictum
2628 1005 2887 1062 ostendit.
2902 1007 2972 1062 At
3002 1022 3106 1062 non
3122 1008 3211 1063 ille
3231 1008 3329 1076 sic,
3350 1010 3443 1066 sed
3480 1027 3620 1084 quo-

2013 1090 2213 1146 modo?
2235 1092 2329 1148 25.
2358 1094 2591 1150 Sciebam
2611 1097 2735 1168 quia
2759 1097 2911 1153 homo
2936 1109 3172 1155 austeras
3201 1117 3275 1166 es,
3320 1111 3510 1157 metens
3534 1104 3619 1157 ubi

2011 1200 2119 1240 non
2143 1188 2423 1252 seminasti,
2458 1197 2504 1243 et
2535 1205 2851 1262 congregem
2876 1191 2964 1246 ubi
3008 1208 3111 1246 non
3142 1193 3377 1263 sparsisti
3399 1211 3420 1250 :
3439 1194 3531 1252 25.
3565 1205 3617 1250 et

2011 1276 2192 1332 timens
2215 1276 2456 1332 abscondi
2486 1280 2732 1334 talentum
2760 1291 2922 1337 tuum.
2958 1282 3091 1338 Ecce
3120 1283 3274 1339 habes
3300 1286 3440 1356 quod
3475 1296 3617 1342 tuum

2008 1379 2103 1426 est.
2123 1371 2260 1438 Quid
2290 1387 2420 1443 ergo
2445 1373 2739 1429 dominus?
2762 1374 2855 1431 26.
2904 1374 3063 1432 Serve
3084 1393 3325 1449 nequam,
3353 1381 3615 1450 oportebat

2006 1471 2055 1516 te
2100 1463 2351 1533 deponere
2402 1473 2668 1535 argentum
2719 1484 2885 1521 meum
2928 1470 3284 1525 nummulariis
3337 1486 3355 1525 :
3399 1470 3453 1525 id
3506 1483 3610 1535 est,

1985 1550 2255 1622 Oportuit
2280 1563 2334 1611 te
2379 1557 2674 1621 monuisse,
2711 1558 3069 1615 consuluisse.
3119 1558 3225 1616 Sed
3269 1577 3374 1616 non
3402 1561 3620 1618 obtem-.

2006 1645 2235 1714 perant?
2262 1644 2406 1700 Nihil
2430 1646 2531 1702 hoc
2555 1647 2620 1701 ad
2646 1659 2715 1701 te.
2742 1648 2879 1717 Quid
2908 1650 3000 1705 illo
3028 1653 3401 1708 mansuetius?

2076 1736 2130 1791 ὅ.
2164 1736 2422 1793 Homines
2449 1747 2594 1793 certe
2625 1736 2727 1795 hoc
2756 1756 2861 1794 non
2893 1740 3127 1807 faciunt,
3158 1743 3252 1798 sed
3282 1745 3351 1799 ab
3379 1745 3496 1814 ipse
3524 1749 3613 1816 qui

2005 1826 2194 1882 femori
2225 1827 2406 1891 dedit,
2440 1828 2689 1899 exigendi
2732 1831 2968 1886 officium
3008 1818 3285 1904 expiatum.
3326 1834 3449 1907 Ipse
3485 1851 3613 1892 vero

2002 1932 2107 1971 non
2140 1919 2218 1972 sic
2266 1936 2279 1976 :
2326 1918 2457 1983 sed,
2507 1919 2586 1975 Te
2629 1923 2912 1990 oportebat
2960 1922 3265 1994 deponere,
3311 1926 3514 1996 inquit,
3560 1940 3613 1983 et

1999 2012 2334 2066 exactionem
2376 2011 2502 2065 mihi
2550 2013 2875 2083 relinquere.
2925 2014 2993 2070 Et
3030 2032 3133 2087 ego
3168 2027 3290 2073 cum
3324 2035 3482 2075 usura
3516 2037 3612 2076 ex-

2000 2100 2266 2169 egissem;
2296 2115 2510 2157 usuram
2540 2104 2817 2159 coneionis
2846 2106 2964 2161 sive
2988 2107 3201 2163 auditus
3223 2125 3423 2166 vocans
3446 2128 3610 2183 opera

2004 2190 2119 2260 ipsa
2150 2191 2408 2247 exhibita.
2438 2194 2515 2249 Te
2540 2195 2776 2264 oportuit
2804 2197 2855 2251 id
2882 2197 3023 2267 quod
3055 2197 3265 2257 facilius
3289 2211 3405 2257 erat
3426 2219 3607 2274 agere,

1999 2284 2238 2354 mihique
2266 2286 2408 2355 quod
2440 2297 2554 2343 erat
2595 2287 2864 2344 difﬁcilius
2906 2292 3405 2363 relinquere...Quia
3450 2296 3623 2368 igitur

1997 2374 2101 2432 hoc
2128 2393 2233 2431 non
2266 2378 2424 2445 fecit,
2456 2379 2557 2445 ait,
2588 2380 2679 2436 28.
2710 2383 2937 2453 Accipite
2961 2385 3024 2439 ab
3049 2402 3107 2440 eo
3135 2388 3397 2456 talentum,
3425 2401 3470 2445 et
3491 2391 3610 2445 date

1995 2469 2042 2522 ei
2067 2470 2155 2538 qui
2182 2469 2355 2524 decem
2385 2470 2573 2525 talenta
2598 2473 2767 2529 liabet.
2809 2475 2901 2530 29.
2936 2474 3079 2530 Nam
3109 2482 3248 2533 omni
3278 2480 3484 2538 habenti
3510 2484 3607 2537 da-

1994 2559 2147 2625 bitur,
2175 2570 2221 2613 et
2250 2561 2557 2627 abundabit;
2587 2565 2651 2618 ab
2680 2581 2736 2619 eo
2763 2576 2930 2620 autem
2954 2569 3041 2638 qui
3072 2584 3173 2623 non
3200 2570 3367 2636 habet,
3394 2582 3443 2627 et
3469 2576 3627 2644 quod:

1994 2650 2174 2705 habet'
2201 2656 2466 2723 auferetur
2481 2653 2544 2706 ab
2571 2670 2649 2708 eo.
2679 2653 2815 2721 Quid
2846 2668 3025 2713 autem
3060 2659 3159 2715 boc
3189 2662 3486 2732 significat?
3508 2665 3607 2733 Qui

1992 2744 2215 2815 gratiam
2241 2744 2389 2799 verbi
2419 2754 2472 2800 et
2501 2746 2762 2801 doctrinm
2788 2748 2853 2802 ad
2885 2750 3167 2805 utilitatem
3192 2753 3421 2808 aliorum
3451 2771 3608 2811 acce-

1994 2838 2104 2905 pit,
2154 2852 2252 2892 nec
2292 2837 2378 2891 illa
2420 2853 2547 2893 usus
2579 2848 2694 2905 est,
2738 2841 2964 2910 gratiam
3009 2842 3178 2911 ipsam
3227 2844 3414 2914 perdet
3461 2865 3473 2900 :
3516 2848 3606 2918 qui

1990 2936 2169 2983 autem
2214 2928 2449 2984 studium
2490 2944 2643 2985 suum
2685 2931 2963 2998 adhibuit,
3012 2934 3185 3001 majus
3228 2938 3329 2993 sibi
3369 2942 3604 2996 attrahet

1989 3019 2220 3087 donum;
2252 3037 2373 3077 cum
2415 3034 2601 3078 contra
2644 3024 2735 3079 ille
2774 3026 2914 3095 quod
2959 3040 3242 3097 acceperat
3290 3033 3631 3101 perdiderita

1993 3111 2189 3167 Verum
2218 3112 2394 3169 otioso
2427 3130 2530 3169 non
2564 3114 2615 3170 id
2641 3116 2814 3172 Solum
2848 3117 3031 3173 damni
3061 3121 3185 3181 fuit,
3220 3123 3312 3175 sed
3347 3124 3603 3179 intolera-

1991 3204 2097 3259 bile
2127 3205 2485 3273 supplicium,
2519 3217 2572 3261 et
2601 3222 2723 3261 cum
2756 3210 3017 3279 supplicio
3044 3216 3306 3268 sententia
3339 3216 3597 3270 crimina-

1991 3296 2151 3351 tionis
2184 3298 2357 3367 plena.
2393 3298 2481 3353 30.
2519 3298 2765 3354 lnutilcm
2793 3318 3018 3368 semini,
3053 3306 3255 3374 inquit,
3286 3309 3520 3379 projicitc
3549 3311 3601 3362 in

1990 3388 2217 3443 tenebras
2254 3390 2562 3454 exteriores;
2604 3390 2675 3444 ibi
2717 3392 2809 3445 erit
2850 3394 2999 3462 ﬂetus
3036 3406 3084 3450 et
3125 3397 3313 3451 stridor
3353 3400 3599 3461 dentium,

1990 3478 2178 3534 Viden‘
2205 3482 2473 3551 quomodo
2503 3496 2609 3537 non
2640 3464 2814 3539 sol'um
2853 3496 3035 3557 raptor
3073 3498 3123 3543 et
3166 3492 3256 3560 qui
3298 3494 3437 3547 mala
3472 3511 3599 3563 per-

1990 3582 2198 3641 petrat,
2231 3574 2325 3629 sed
2364 3576 2527 3629 etiam
2566 3576 2613 3631 is
2647 3578 2739 3646 qui
2770 3579 2906 3633 bona
2956 3597 3058 3636 non
3102 3596 3377 3653 operatur,
3418 3598 3601 3643 extre-

1988 3681 2132 3719 mum
2164 3667 2481 3736 supplicium
2520 3668 2664 3722 luat?
2695 3671 2992 3729 Audiamus
3030 3676 3191 3746 igitur
3234 3677 3349 3734 bare
3391 3682 3596 3745 verba;

1986 3756 2112 3811 dtnn
2144 3766 2354 3827 tempus
2380 3769 2495 3823 est,
2530 3770 2770 3815 nostram
2800 3778 3111 3822 asseramus
3154 3769 3419 3839 salutem,
3459 3773 3600 3829 acci-

1989 3851 2197 3919 piamus
2226 3851 2404 3907 oleum
2433 3853 2485 3907 in
2514 3853 2849 3923 lampadibus
2869 3899 2884 3924 ,
2912 3858 3176 3915 talentum
3206 3862 3273 3917 ad
3305 3863 3482 3922 faenus
3506 3866 3601 3923 de-

1987 3959 2105 3996 ntus
2140 3961 2153 3997 :
2184 3944 2228 3998 si
2258 3945 2401 3999 enim
2434 3945 2520 4000 hic
2546 3946 2703 4002 otiosi
2731 3957 2785 4004 et
2814 3951 2946 4020 pigri
2978 3950 3270 4020 fuerimus,
3305 3938 3475 4014 nemo
3500 3974 3596 4014 no-

1985 4035 2079 4087 stri
2112 4035 2220 4089 illic
2253 4036 2617 4100 miserebitur,
2645 4038 2854 4093 etiamsi
2884 4042 3078 4097 millies
3106 4044 3374 4118 lacrymas
3405 4047 3592 4105 funda-

1984 4141 2124 4180 mus.
2170 4125 2419 4196 Seipsum
2467 4127 2743 4184 damnavit
2789 4133 2952 4186 etiam
2996 4135 3039 4187 is
3082 4136 3173 4206 qui
3216 4139 3429 4195 sordida
3476 4150 3594 4198 erat

1984 4230 2147 4282 veste,
2181 4226 2235 4273 ct
2258 4218 2391 4273 nihil
2422 4222 2627 4292 accepit
2653 4221 2917 4278 utilitatis.
2953 4225 3207 4283 Reddidit
3233 4230 3321 4286 hic
3340 4236 3595 4291 commis-

1984 4324 2101 4363 sum
2133 4310 2231 4364 sibi
2264 4310 2525 4365 talentum
2546 4354 2560 4377 ,
2598 4321 2652 4367 et
2692 4313 2769 4369 sic
2797 4315 3081 4373 damnatus
3115 4330 3217 4375 est.
3246 4320 3597 4393 Rogaverunt

1983 4400 2110 4455 item
2151 4402 2419 4472 virgines,
2467 4417 2846 4472 accesserunt,
2898 4410 3213 4478 pulsarunt;
3255 4415 3350 4470 sed
3395 4416 3593 4474 frustra

1980 4501 2036 4545 et
2064 4493 2331 4547 incassum
2362 4495 2563 4548 omnia.
2590 4496 2715 4551 lla-c
2731 4513 2860 4570 ergo
2880 4516 3000 4555 cum
3026 4503 3280 4575 sciamus,
3312 4509 3589 4578 pecunias,

1980 4586 2247 4652 studium,
2279 4589 2629 4656 patrocinium
2658 4601 2712 4646 et
2734 4594 2913 4648 omnia
2944 4593 3238 4652 oﬂ'eramus
3263 4598 3328 4653 ad
3355 4602 3586 4669 proximi

1984 4678 2283 4732 utilitatem.
2335 4678 2559 4735 Talenta
2604 4684 2749 4737 enim
2796 4683 2884 4739 hic
2922 4694 3201 4755 vocantur,
3233 4706 3353 4761 qna-
3397 4695 3455 4749 in
3496 4710 3590 4750 cn-

286 4770 435 4823 illum
464 4770 657 4840 ubique
687 4788 791 4825 non
836 4773 1014 4827 statim
1042 4774 1277 4844 exigere.
1322 4774 1455 4830 Nam
1487 4779 1698 4833 vineam
1724 4778 1878 4834 dedit

2002 4784 2169 4840 usque
2208 4781 2469 4839 potestate
2500 4783 2653 4835 sunt,
2696 4776 2810 4830 sive
2847 4779 3235 4846 patrocinium,
3265 4782 3378 4838 sive
3415 4800 3585 4856 pecu-

281 4863 549 4933 agricolis,
596 4872 651 4918 et
690 4878 915 4935 peregre
949 4866 1221 4935 profectus
1244 4876 1358 4932 est;
1404 4868 1484 4925 sic
1525 4879 1579 4924 et
1612 4870 1715 4926 hoc
1753 4871 1881 4927 loco

282 4955 400 5009 hate
421 4956 710 5020 commisit,
739 4965 792 5011 et
818 4957 1182 5028 peregrinatus
1199 4971 1277 5013 est
1299 5001 1314 5024 ,
1343 4971 1400 5015 ut
1427 4962 1601 5016 discas
1623 4978 1867 5034 magnam

281 5045 403 5114 ejus
430 5046 759 5115 patientiam.
807 5045 933 5100 Mihi
983 5049 1399 5105 autemxvidetnr
1444 5051 1559 5126 tunc
1587 5053 1785 5117 dicere,
1814 5065 1870 5110 ut

279 5132 728 5193 resurrectionem
757 5139 1077 5195 subindicet.
1117 5141 1308 5197 Verum
1354 5145 1440 5200 hic
1470 5160 1574 5200 non
1620 5148 1869 5217 agricola:

276 5238 334 5284 et
358 5229 532 5291 vinea,
574 5230 666 5284 sed
695 5233 1139 5301 omnesopcrarii
1173 5245 1317 5291 sunt.
1348 5237 1463 5290 Non
1491 5238 1633 5291 cnim
1664 5240 1866 5308 princi-

276 5334 374 5388 pes
402 5328 625 5386 tantum,
659 5336 758 5377 nec
776 5321 991 5377 .ludznos
1009 5365 1025 5387 ,
1057 5323 1151 5379 sed
1178 5339 1364 5382 omnes
1391 5328 1692 5398 alloquitur.
1726 5330 1868 5384 01Ῐο-

275 5420 460 5467 rentes
508 5423 685 5467 autem
715 5416 943 5485 ingenue
1000 5416 1233 5472 fatentur
1271 5426 1326 5473 et
1371 5434 1489 5491 qua:
1531 5435 1624 5474 sua
1665 5430 1720 5474 et
1750 5438 1867 5490 quae

277 5500 489 5557 Domini
517 5514 659 5557 sunt.
688 5504 941 5576 Aliusque
961 5505 1113 5574 dicit,
1144 5507 1234 5563 20.
1266 5508 1501 5575 Domine,
1533 5511 1751 5581 quinque
1778 5522 1859 5565 ta-

276 5593 417 5646 lenta
452 5594 708 5650 tradidisti
736 5594 861 5650 mihi
884 5614 909 5662 ;.
932 5599 1065 5655 alius
1096 5642 1112 5665 ,
1140 5602 1252 5655 Duo
1279 5619 1292 5652 ε
1326 5610 1687 5658 monstrantes
1713 5618 1772 5659 se
1798 5606 1866 5661 ab

274 5683 372 5739 illo
426 5688 751 5755 operationis
798 5690 1151 5746 occasionem.
1192 5695 1481 5765 accepisse,
1532 5696 1866 5768 multamque

338 5817 369 5852 ι
388 5816 496 5878 Alii,
518 5820 620 5871 oleo
644 5834 832 5873 carens.

341 5880 486 5932 ‘Alit
510 5880 710 5942 habent,
734 5889 914 5957 gtoria,
942 5901 1049 5951 pro,
1069 5891 1288 5947 utilitas..

1982 4863 2082 4916 nim
2104 4904 2117 4926 ,
2160 4864 2273 4917 sive
2301 4864 2543 4918 doctrina
2564 4906 2581 4930 ,
2614 4866 2729 4921 sive
2754 4868 2900 4923 aliud
2929 4870 3217 4941 quidquam
3251 4873 3586 4945 huiusmodi.

1978 4951 2149 5008 Nemo
2180 4954 2355 5023 itaque
2382 4955 2556 5021 dicat,
2588 4955 2763 5013 Unum
2796 4959 2968 5016 habeo
3007 4963 3297 5034 talentum,
3344 4968 3586 5040 nihilque

1980 5059 2195 5114 possum
2234 5047 2426 5101 facere.
2460 5047 2621 5103 Potes
2650 5050 2793 5104 enim
2832 5068 2952 5107 cum
2984 5072 3091 5109 uno
3126 5074 3240 5114 rem
3284 5061 3449 5127 probe
3487 5080 3586 5133 ge-

1980 5154 2119 5191 rere.
2158 5139 2337 5206 Neque
2382 5142 2523 5197 enim
2556 5158 2616 5197 es
2642 5143 2797 5198 vidua
2832 5145 2917 5199 illa
2948 5151 3249 5217 pauperior,
3284 5170 3389 5209 non
3423 5156 3584 5213 Petro

1978 5238 2030 5282 et
2059 5229 2267 5285 Joanne
2305 5232 2510 5296 rudior,
2552 5234 2642 5303 qui
2680 5235 2857 5289 idiota:
2884 5249 2936 5291 et
2970 5239 3200 5293 illiti-rati
3229 5254 3401 5299 erant.
3438 5248 3591 5302 Atta-

1978 5337 2098 5375 men
2128 5322 2263 5390 quia
2289 5323 2523 5377 sttulinm
2557 5340 2711 5378 suum
2754 5327 3148 5394 exhibuerunt,
3192 5336 3481 5406 cmniaque
3520 5340 3585 5393 ad

1976 5428 2316 5469 communem
2368 5414 2611 5473 fecerunt
2648 5417 2971 5486 utilitatem,
3016 5422 3150 5475 Catio
3189 5423 3389 5494 dignati
3438 5440 3587 5485 sunt.

1974 5506 2111 5559 Nihil
2136 5508 2279 5561 enim
2314 5508 2383 5559 ita
2420 5508 2530 5563 Deo
2550 5521 2756 5579 gratum
2780 5521 2882 5573 est,
2917 5515 3039 5567 utsi
3065 5516 3227 5570 vitam
3250 5519 3315 5573 ad
3340 5537 3587 5577 commn-

1974 5614 2093 5651 nem
2118 5599 2399 5652 utilitatem
2423 5599 2645 5655 ducns‘.
2672 5602 2795 5657 Ideo
2818 5604 3068 5674 loquendi
3103 5608 3408 5668 facultatem
3435 5617 3587 5673 nobis

1973 5834 2004 5882 ά
2034 5773 2053 5882 ἔ
2085 5771 2136 5819 In
2172 5772 2332 5821 Morel.
2360 5780 2412 5821 et
2448 5774 2615 5835 paucis
2790 5775 2988 5839 legitur,
3024 5785 3071 5829 et
3108 5785 3238 5843 quod
3282 5784 3465 5839 habere
3504 5785 3573 5839 υἱ-

2007 5848 2034 5882 L’
2060 5848 2132 5880 ltl'.
2989 5863 2995 5869 '

2022 5848 2132 5880 ῖιην.
2989 5863 2995 5869 ·

2022 5848 2034 5863 ⁵
2060 5848 2132 5880 ΗΓ.
2989 5863 2995 5869 “

2007 5838 2056 5925 Li
2083 5896 2195 5957 Alii,
2222 5902 2270 5944 ut
2295 5895 2334 5945 si
2360 5896 2621 5949 conaminis
2647 5907 2894 5961 qmcratttr
2923 5902 3121 5957 utilitas.
