4172 6496
665 390 773 447 715

663 500 813 558 dedit
841 500 997 561 Deus.
1027 512 1245 565 manus,
1272 497 1452 571 pedes,
1489 497 1652 552 robur
1675 494 1933 566 corporis,
1964 502 2196 550 mentem
2218 531 2236 557 ,

667 591 1064 661 intciligentiam
1081 630 1099 657 ,
1127 598 1184 645 ut
1204 589 1288 645 bis
1311 590 1557 644 omnibus
1577 600 1632 643 et
1655 588 1721 643 ad
1751 586 1975 642 salutem
2002 593 2238 640 nostram

663 692 718 737 et
740 680 807 736 ad
833 681 1059 735 aliorum
1090 680 1373 736 utilitatem
1401 668 1631 739 utamur.
1660 679 1893 749 Loqncla
1919 678 2059 732 enim
2085 675 2240 730 nobis

660 788 765 828 nou
792 771 858 826 ad
886 772 1112 843 hymnos
1146 771 1493 827 celebrandas
1527 782 1578 825 et
1604 770 1801 841 gratias
1830 765 2126 823 reddendas
2155 779 2243 833 so-

662 865 768 919 lum
798 864 921 919 data
950 876 1063 930 est,
1090 864 1185 919 sed
1214 864 1373 919 etiam
1405 864 1473 918 ad
1498 863 1793 918 doctrinam
1823 860 1967 915 utilis
1991 868 2149 914 estet
2173 856 2240 911 ad

660 957 1093 1012 admonitionem.
1133 955 1199 1010 Et
1235 956 1279 1010 si
1313 954 1381 1010 ad
1421 956 1523 1009 hoc
1562 954 1648 1007 illa
1684 961 1914 1019 utamur,
1959 948 2241 1004 Dominum

664 1051 965 1115 imitamur;
997 1050 1041 1105 si
1074 1062 1206 1104 vero
1232 1047 1301 1103 ad
1337 1046 1628 1111 contraria,
1669 1044 1958 1100 diabolum.
1987 1040 2244 1112 Quando-

661 1142 875 1211 quidem
900 1151 954 1197 et
981 1141 1173 1197 Petrus
1198 1155 1318 1197 cum
1340 1137 1608 1193 Christum
1630 1138 1900 1191 confessus
1925 1143 2028 1199 est,
2056 1133 2243 1187 beatus

660 1234 975 1303 prmdicatus
1015 1232 1147 1298 fuit,
1197 1240 1256 1286 ut
1290 1232 1378 1300 qui
1416 1246 1447 1283 a
1486 1230 1639 1284 Patre
1668 1229 1855 1282 doctus
1890 1227 2193 1296 loqueretur
2224 1241 2236 1276 :

658 1340 777 1380 Cum
809 1339 933 1379 vero
961 1337 1175 1378 crucem
1204 1321 1457 1377 horrebat
1492 1329 1546 1376 et
1574 1320 1894 1389 repellebat,
1940 1319 2241 1387 iuet-epotus

659 1428 743 1470 cst
769 1416 1137 1481 vehementer,
1169 1416 1234 1470 ut'
1249 1415 1338 1484 qui
1366 1429 1426 1469 ea
1453 1428 1570 1483 qua:
1600 1412 1792 1467 diaboli
1829 1418 1979 1466 erant
2006 1416 2236 1479 saperet.

659 1506 716 1562 Si
760 1522 887 1576 ergo
926 1507 1012 1561 ubi
1052 1521 1116 1561 ex
1158 1505 1449 1576 ignorantia
1492 1503 1818 1572 loquebatur.
1865 1511 1967 1555 tam
2006 1500 2240 1570 graviter

660 1600 1016 1669 reprehensus
1042 1609 1123 1653 est
1157 1615 1170 1651 :
1202 1599 1413 1668 quando
1457 1597 1683 1652 libenter
1722 1595 1884 1649 multa
1927 1606 2234 1665 peccamus,

655 1706 811 1761 quam
832 1689 1144 1744 habebimus
1210 1689 1419 1746 veniam
1454 1687 1525 1741 ⁸2
1584 1686 1734 1744 Talia
1784 1684 2237 1758 igiturloquamur

656 1793 714 1835 ut
757 1783 883 1837 hinc
908 1780 1105 1837 Christi
1143 1796 1262 1835 CSse
1302 1782 1459 1835 verba
1499 1778 1667 1848 palam
1712 1776 1799 1832 sit.
1849 1774 1964 1831 Non
2007 1776 2147 1830 enitn
2190 1771 2237 1826 si

655 1873 864 1940 dixero,
888 1874 1112 1945 Surgect
1134 1872 1337 1925 ambula
1356 1870 1562 1943 (Matth.
1582 1869 1637 1925 9.
1661 1869 1739 1939 5),
1764 1883 1937 1937 neque
1963 1868 2007 1922 si
2027 1866 2230 1929 dixero,

653 1960 906 2016 Thabitha
922 2003 937 2029 ,
967 1978 1115 2033 surge
1139 1960 1286 2037 (Aq.
1309 1960 1361 2016 9.
1383 1959 1493 2030 40),
1520 1969 1640 2015 tunc
1662 1958 1834 2012 solum
1854 1956 2048 2012 Christi
2077 1955 2234 2010 verba

654 2058 876 2127 loquor;
908 2056 999 2110 sed
1032 2056 1199 2109 multo
1229 2054 1393 2124 magis
1422 2054 1466 2107 si
1496 2052 1749 2107 conviciis
1774 2050 2043 2119 impetitns
2073 2047 2232 2101 bene-

654 2149 826 2204 dicam
848 2191 863 2216 ,
904 2147 983 2203 vel
1010 2148 1052 2201 si
1078 2148 1258 2211 laesus.
1292 2162 1479 2216 precer
1508 2158 1601 2213 pro
1622 2143 1861 2198 lxdente.
1887 2140 2065 2211 Nuper
2088 2150 2236 2195 certe

654 2241 894 2295 dicebam
916 2281 935 2306 ,
966 2241 1196 2310 linguam
1229 2249 1463 2293 nostram
1494 2251 1613 2292 esse
1641 2252 1880 2299 manuni,
1914 2249 2033 2304 qua:
2073 2231 2233 2302 pedes

656 2333 753 2387 Dei
788 2333 1006 2401 attingat
1044 2348 1055 2384 :
1085 2345 1223 2385 nunc
1252 2344 1377 2383 vero
1404 2329 1518 2399 plus
1545 2327 1694 2393 dico,
1734 2327 1962 2396 linguam
1999 2335 2233 2379 nosmuu

652 2421 846 2477 Christi
879 2423 1107 2492 linguam
1138 2418 1366 2486 imitari,
1398 2420 1441 2474 si
1468 2420 1747 2489 diligenter
1766 2418 1976 2487 studeat
1999 2433 2057 2471 ea
2075 2458 2090 2481 ,
2118 2431 2235 2486 quas

653 2518 766 2587 ipse
790 2532 887 2571 nos
915 2517 1060 2583 vult,
1092 2516 1256 2586 loqui.
1296 2515 1424 2583 Quae
1454 2529 1582 2569 vero
1609 2524 1733 2569 sunt
1762 2512 1889 2567 illa?
1916 2512 2087 2567 Verba
2117 2527 2235 2565 mo-

654 2608 840 2663 destia:
880 2607 1407 2675 mansuetudinisque
1437 2607 1588 2675 plena
1610 2645 1629 2669 ,
1657 2613 1714 2658 nt
1752 2606 1863 2673 ipse
1902 2603 2233 2672 loquebatur,

655 2698 837 2754 dicens
869 2700 932 2753 iis
956 2699 1047 2769 qui
1074 2697 1391 2753 Contumelia
1424 2697 1594 2765 ipsum
1624 2694 1925 2749 alliciebant
1944 2734 1959 2757 ,
1988 2691 2100 2763 Ego
2125 2694 2232 2746 dw-

654 2790 875 2842 mouium
898 2806 997 2843 non
1020 2788 1177 2842 habeo
1199 2785 1373 2857 (Joan.
1391 2786 1443 2841 8.
1468 2786 1579 2857 i9);
1604 2796 1658 2839 ct
1681 2799 1882 2850 rursus,
1908 2784 1970 2839 Si
1992 2784 2122 2837 male
2151 2784 2231 2838 lo-

651 2892 836 2951 quutus
850 2896 982 2944 sum,
1012 2879 1343 2933 testimonium
1361 2878 1557 2946 perhibe
1576 2878 1638 2930 de
1662 2877 1795 2930 malo
1821 2875 1982 2944 (Ibid.
2008 2876 2094 2941 18.
2111 2876 2227 2948 ‘25);

651 2970 1017 3040 discipuloque
1038 2984 1098 3024 se
1120 2969 1364 3034 tradenti,
1388 2968 1579 3032 Amice,
1599 2970 1664 3020 ad
1684 2968 1807 3037 quid
1826 2968 1999 3022 venisti
2016 2958 2227 3039 (Matth.

652 3062 745 3118 26.
773 3062 860 3133 50)
880 3062 902 3114 ?
923 3063 975 3116 Si
1000 3073 1053 3115 tu
1075 3061 1151 3115 sic
1174 3060 1423 3128 loquaris,
1446 3060 1490 3113 si
1512 3059 1576 3113 ad
1595 3058 2018 3115 emendationem
2047 3058 2234 3128 proxi-

654 3154 760 3218 mi,
794 3154 1022 3223 linguam
1053 3152 1217 3207 habes
1246 3150 1318 3204 illi
1349 3150 1594 3205 similem.
1625 3149 1747 3205 Hinc
1774 3152 1886 3219 ipse
1910 3150 2045 3205 Deus
2065 3150 2228 3205 dicit:

656 3244 756 3309 Qui
785 3244 947 3297 educit
982 3242 1251 3312 pretiosum
1281 3257 1311 3293 a
1342 3240 1455 3306 vili,
1497 3229 1625 3294 sicut
1663 3256 1719 3293 os
1760 3256 1923 3293 meum
1960 3240 2050 3292 erit
2081 3239 2228 3308 (Jer.

653 3336 742 3390 15.
772 3333 892 3404 19).
925 3334 1058 3388 Cutn
1089 3346 1215 3403 ergo
1258 3332 1434 3402 lingua
1468 3340 1556 3385 tua
1592 3332 1783 3401 linguae
1812 3329 2007 3385 Christi
2042 3331 2237 3387 similis

657 3426 839 3490 luerit,
871 3433 924 3479 et
951 3438 1012 3477 os
1044 3431 1186 3477 tuum
1218 3421 1353 3478 sicut
1376 3436 1437 3475 os
1476 3421 1664 3485 l'atris,
1704 3430 1758 3475 et
1796 3419 2023 3489 Spiritus
2061 3422 2231 3475 sancti

657 3517 909 3585 templum
938 3516 1126 3580 lueris,
1151 3515 1269 3585 quis
1291 3514 1458 3569 honor
1486 3514 1606 3568 huic
1632 3528 1726 3583 par
1746 3529 1863 3569 esse
1892 3515 2093 3583 possit?
2115 3514 2231 3569 Non

654 3610 699 3666 si
736 3623 802 3663 cx
835 3622 966 3661 auro
996 3608 1191 3661 factum
1230 3620 1293 3661 os
1322 3606 1577 3669 haberes,
1626 3620 1731 3659 nou
1774 3605 1818 3659 si
1863 3622 1928 3661 ex
1969 3606 2234 3676 lapidibus

654 3702 921 3771 pretiosis,
954 3701 1022 3753 ita
1053 3698 1293 3768 fulgeret,
1324 3708 1379 3751 ut
1410 3712 1530 3751 cum
1568 3696 1838 3753 modestia:
1870 3708 2059 3752 ornatu
2096 3713 2229 3753 con—-

654 3795 893 3863 spicuum
915 3803 1014 3847 est.
1032 3792 1167 3858 Quid
1183 3792 1321 3847 enim
1342 3790 1619 3859 optabilius
1642 3806 1735 3845 ore
1755 3791 1895 3860 quod
1918 3794 2084 3846 nescit
2104 3808 2231 3846 con-

658 3884 900 3938 tumelias
927 3882 1185 3951 proferre,
1208 3882 1299 3936 sed
1324 3866 1635 3937 benedicere
1650 3883 1817 3937 solum
1838 3883 2052 3938 studet?
2079 3884 2233 3951 Quod

655 3979 697 4031 si
733 3993 837 4030 non
885 3986 1035 4045 potes
1066 3974 1377 4030 benedicere
1418 3974 1777 4039 maledicenti,
1809 3984 1922 4029 tace
1968 3994 1980 4028 :
2023 3974 2230 4045 hocque

655 4069 867 4123 interim
900 4067 1079 4131 facito,
1110 4066 1435 4134 ulteriusque
1463 4080 1790 4135 progressus,
1818 4065 1863 4122 si
1885 4065 2108 4121 utdecet
2135 4081 2229 4119 co-

658 4160 821 4217 neris.
841 4158 903 4211 ad
925 4158 1046 4211 illud
1068 4158 1361 4226 pervenies,
1392 4167 1445 4210 et
1472 4173 1531 4211 os
1562 4157 1777 4211 habebis
1800 4158 1953 4227 quale
1974 4156 2229 4212 diximus.

728 4255 781 4307 4.
812 4251 1078 4305 Deminica
1094 4268 1211 4304 caro
1230 4253 1283 4305 in
1306 4250 1641 4304 Eucharistia.
1668 4249 1851 4304 Christi
1871 4252 2100 4315 imitatio,
2125 4268 2234 4303 mo-

656 4344 944 4413 deratioqué
963 4352 1006 4396 et
1026 4342 1266 4395 modestia
1281 4340 1863 4395 commendantur.—Ne
1881 4351 2029 4411 putes
2060 4341 2232 4396 audax

656 4450 773 4489 esse
799 4434 993 4488 (licium
1013 4452 1025 4486 :
1047 4433 1505 4503 benignusquippe
1524 4433 1774 4487 Dominus
1794 4442 1891 4495 est,
1909 4442 1961 4487 et
1981 4434 2233 4487 bonitatis

660 4528 776 4596 t-jus
802 4536 882 4581 est
912 4528 1105 4581 donum
1151 4526 1471 4595 hujusmodi.
1508 4525 1753 4580 Audacia:
1774 4534 1934 4587 esset.
1958 4540 2018 4579 os
2035 4525 2233 4581 habere

659 4620 851 4673 diaboli
884 4620 960 4674 ori
992 4618 1164 4673 simile
1184 4658 1198 4681 ,
1241 4617 1431 4687 lingua:
1460 4616 1717 4671 dazmonis
1744 4617 1956 4685 maligni
2000 4605 2230 4687 linguam

663 4710 857 4764 habere
884 4710 1145 4774 similem,
1176 4722 1297 4763 eum
1340 4707 1573 4762 maxime
1610 4708 1698 4776 qui
1729 4708 1905 4762 talium
1947 4712 2232 4778 mysterio-

661 4818 775 4855 rum
808 4815 1027 4854 consors
1057 4800 1155 4864 sit,
1181 4807 1236 4853 et
1264 4800 1426 4868 ipsius
1450 4798 1729 4853 dominica:
1750 4799 1922 4853 carnis
1950 4786 2237 4868 particeps.

660 4892 784 4946 llaec
816 4901 987 4945 tecum
1023 4899 1306 4959 reputans,
1339 4891 1506 4959 ipsum
1535 4904 1633 4960 pro
1670 4889 1867 4944 viribus
1906 4889 2134 4943 imitare.
2178 4890 2233 4944 Si

659 4985 779 5039 talis
822 4982 1090 5048 efliciaris,
1133 4998 1201 5037 ne
1242 4991 1291 5037 te
1333 4983 1597 5051 respicere
1624 4983 1836 5053 quidem
1868 4983 2003 5039 ultra
2044 4986 2234 5052 poterit

657 5077 916 5132 diabolus.
950 5074 1108 5130 Novit
1132 5073 1328 5143 quippe
1363 5075 1559 5143 regiam
1598 5082 1812 5141 notam;
1858 5077 2004 5129 novit
2037 5074 2232 5131 Christi

662 5183 809 5222 arma
829 5207 841 5229 ,
874 5167 1063 5236 quibus
1091 5167 1260 5220 victus
1286 5173 1384 5219 est.
1415 5163 1665 5230 Quasnam
1686 5165 1773 5220 illa
1797 5167 1957 5220 sunt?
1979 5166 2229 5222 Modestis

648 5262 713 5315 et
743 5256 1111 5312 mansuetudo.
1144 5255 1274 5310 Nam
1304 5270 1423 5310 cum
1453 5254 1597 5309 illum
1638 5256 1689 5309 in
1728 5268 1906 5311 monte
1945 5270 2003 5311 se
2048 5272 2231 5326 δεδι-θ.

661 5351 891 5403 dientem
919 5350 1187 5419 superavit
1209 5357 1369 5417 atque
1395 5348 1696 5417 prostravit,
1719 5348 1957 5403 Christus
1983 5364 2102 5403 esse
2130 5365 2233 5405 non

660 5440 1113 5517 cognoscebatur?
1142 5440 1246 5496 Sed
1277 5441 1452 5495 verbis
1478 5442 1645 5511 ipsum
1670 5440 1817 5511 quasi
1856 5456 2048 5510 sagena
2074 5442 2232 5511 cepit,

661 5533 920 5590 modestia
952 5534 1090 5601 cepit
1111 5576 1125 5596 ,
1159 5532 1560 5587 mansuetudine
1590 5530 1807 5602 fugavit.
1840 5532 1951 5587 Hoc
1980 5545 2035 5589 et
2078 5545 2131 5587 tu
2162 5534 2237 5589 {ao

657 5627 803 5691 cito,
844 5624 889 5679 si
930 5624 1124 5679 videris
1168 5623 1432 5678 hominem
1474 5622 1742 5678 diabolum
1769 5623 2048 5691 ell'ectutn,
2080 5634 2236 5695 teque

717 5790 733 5821 ι
757 5786 906 5850 Editi,
934 5800 1075 5853 quam
1100 5784 1372 5837 habebimus
1392 5783 1782 5841 excusationem!

1398 386 1454 444 S.
1493 381 1767 443 JOANXIS
1800 373 2277 439 CHRYSOSTOMI
2315 375 2634 435 ARCHIEP.
2672 374 3204 436 CONSTANTINOP.

3830 378 3933 436 πθ

2349 491 2653 557 adeuntem,
2683 508 2760 549 sic
2788 504 2835 549 et
2871 504 2925 549 tu
2956 495 3170 552 vincito.
3205 493 3358 551 Dedit
3387 492 3477 548 tibi
3510 492 3751 550 Christus
3781 506 3931 566 pote-

2349 591 2537 639 statem
2568 592 2623 639 ut
2650 600 2745 654 pro
2772 586 2971 642 viribus
2998 587 3099 658 ipsi
3128 588 3314 643 similis
3340 585 3609 643 clliciaris.
3636 586 3715 643 Ne
3746 588 3937 644 timeas

2350 673 2452 731 hoc
2477 676 2716 732 audiens.
2748 677 3064 734 Timendum
3106 682 3309 749 potius,
3354 696 3421 735 ne
3463 695 3568 735 non
3614 680 3804 734 similis
3834 679 3935 748 ipsi

2350 768 2465 823 llas.
2512 769 2753 839 Loquere
2798 786 2925 842 ergo
2972 781 3033 828 ut
3079 773 3187 831 ille.
3238 782 3290 827 ct
3360 768 3415 823 in
3456 767 3561 821 hoc
3591 770 3701 823 eris
3730 768 3923 824 similis

2350 859 2445 926 illi,
2474 871 2533 915 ut
2560 875 2678 917 esse
2707 873 2877 932 potest
2922 864 3100 920 homo.
3136 862 3261 919 ldeo
3284 864 3454 933 major
3489 874 3574 919 est
3602 879 3689 934 qut
3727 862 3810 918 sic
3847 864 3933 919 lo-

2349 951 2547 1021 quitur,
2579 968 2734 1021 quam
2763 955 2851 1025 qui
2883 956 3185 1025 protihetat.
3217 955 3349 1010 Illud
3378 958 3520 1009 enim
3548 970 3619 1011 es
3644 954 3813 1025 gratia
3843 965 3929 1009 to-

2351 1052 2458 1097 tum
2489 1056 2572 1099 est
2603 1062 2614 1097 :
2649 1044 2734 1101 hic
2762 1062 2901 1102 vero
2930 1049 3088 1102 etiam
3132 1048 3281 1103 labor
3313 1047 3581 1118 sudorque
3610 1057 3753 1104 tuus.
3791 1048 3931 1102 Doce

2348 1134 2577 1189 animam
2610 1148 2785 1204 tuam,
2817 1148 2873 1193 ut
2897 1154 2957 1193 os
2989 1148 3134 1194 tuum
3167 1137 3245 1194 sic
3276 1139 3548 1206 cll'ortnet,
3578 1150 3636 1194 ut
3668 1140 3737 1193 sit
3770 1139 3923 1194 Chri-

2346 1227 2411 1282 sti
2440 1228 2520 1282 ori
2545 1229 2741 1284 simile.
2783 1231 2965 1285 Potest
2992 1232 3133 1286 enim
3162 1231 3261 1287 hoc
3290 1232 3531 1298 ellicere,
3559 1231 3607 1286 si
3643 1232 3791 1287 velit.
3817 1230 3926 1284 No-

2346 1320 2421 1374 vit
2449 1320 2583 1375 hanc
2614 1332 2781 1376 artem
2802 1363 2817 1389 ,
2852 1323 2952 1377 nisi
2985 1333 3205 1392 torpeat.
3236 1324 3299 1377 Et
3328 1323 3594 1392 quomodo
3618 1323 3934 1377 ell'ormatur

2346 1428 2405 1467 os
2434 1413 2604 1467 illud?
2631 1414 2870 1485 inquies;
2904 1417 3097 1486 quibus
3117 1415 3423 1471 coloribus?
3449 1431 3513 1470 ex
3540 1431 3643 1485 qua
3670 1415 3929 1470 material

2346 1502 2625 1558 Coloribus
2661 1505 2873 1575 quidem
2913 1515 2967 1561 et
3006 1506 3225 1561 materia
3258 1506 3429 1571 nulla,
3459 1508 3550 1561 sed
3586 1508 3782 1560 virtute
3809 1517 3927 1559 tan-

2346 1605 2453 1650 lutn
2474 1638 2488 1660 ,
2520 1596 2800 1663 modestia,
2824 1597 3140 1653 humilitate.
3166 1596 3452 1653 Videamus
3472 1598 3630 1653 etiam
3658 1598 3935 1669 quomodo

2342 1702 2403 1743 os
2418 1688 2609 1743 diaboli
2631 1688 2960 1756 eil'ormetur,
2978 1704 3047 1745 ne
3066 1689 3192 1744 illud
3213 1690 3371 1743 etiam
3390 1689 3545 1743 nobis
3569 1703 3921 1743 assumamus.

2341 1779 2620 1847 Quomodo
2649 1795 2778 1851 ergo
2819 1780 3159 1835 etiormatur?
3195 1780 3518 1846 Maledictis,
3550 1780 3929 1847 contumeliis,

2341 1872 2596 1943 periurio,
2625 1873 2840 1928 invidia.
2871 1872 3004 1929 Cum
3030 1875 3172 1928 enim
3202 1873 3341 1928 illius
3370 1873 3511 1928 dicta
3537 1874 3655 1945 quis
3686 1884 3925 1941 pronun-

2341 1964 2459 2030 tiat,
2492 1964 2655 2034 ipsius
2681 1964 2909 2037 linguam
2930 1965 3170 2021 assumit.
3184 1965 3353 2033 Quam
3375 1979 3503 2036 ergo
3522 1967 3729 2019 veniam
3753 1966 3925 2035 imper

2342 2057 2638 2112 trahimus?
2664 2057 2772 2113 imo
2800 2057 2942 2128 quod
2974 2072 3079 2112 non
3104 2058 3423 2127 supplicium
3451 2056 3680 2122 luemus,
3711 2054 3933 2125 quando

2340 2146 2609 2217 linguam,
2639 2162 2743 2219 qua
2771 2147 3053 2218 dignantur
3076 2148 3397 2203 dominicam
3426 2162 3642 2203 carnem
3670 2156 3925 2218 gustare,

2338 2239 2534 2295 diaboli
2565 2242 2724 2296 verba
2753 2242 2894 2312 loqui
2920 2242 3187 2297 sinimus?
3207 2240 3285 2296 Ne
3306 2242 3566 2305 sinamus,
3595 2256 3796 2311 quasso,
3828 2241 3925 2297 sed

2338 2344 2497 2386 omne
2537 2332 2767 2388 studium
2805 2332 3179 2394 adhibeamus.
3221 2342 3279 2387 ut
3314 2333 3601 2389 doceamus
3640 2331 3781 2387 illam
3819 2346 3925 2402 quo

2338 2435 2493 2494 pacto
2522 2416 2800 2481 Dominum
2832 2441 2985 2483 suum
3016 2427 3270 2482 imitetur.
3303 2426 3361 2482 Si
3387 2429 3527 2481 enim
3558 2426 3702 2481 illam
3726 2426 3793 2481 ad
3824 2427 3926 2482 hoc

2340 2516 2711 2585 instituamus,
2743 2535 2865 2575 cum
2896 2535 3083 2591 magna
3114 2519 3305 2574 ﬁducia
3332 2535 3430 2574 nos
3457 2520 3610 2575 sistet
3642 2520 3714 2573 ad
3751 2520 3926 2574 tribu-

2340 2609 2426 2663 nal
2456 2608 2677 2666 Christi.
2704 2609 2812 2664 Nisi
2842 2612 2960 2679 quis
2985 2611 3055 2664 ita
3084 2610 3223 2679 loqui
3254 2612 3416 2675 sciat,
3439 2609 3602 2679 judes
3633 2625 3737 2664 non
3770 2610 3929 2665 illum

2338 2698 2534 2755 audiet.
2564 2699 2712 2755 Sicut
2737 2700 2877 2755 enim
2906 2709 3104 2771 quanto
3134 2699 3407 2755 Romanus
3434 2708 3515 2754 est
3551 2699 3749 2769 judes,
3792 2716 3927 2755 Catt-

2337 2810 2450 2849 sam
2476 2793 2739 2848 dicentcm
2772 2809 2875 2849 non
2909 2793 3184 2863 intelliget,
3218 2793 3318 2847 nisi
3351 2794 3395 2847 is
3422 2792 3609 2848 Latine
3646 2794 3923 2864 l0quatur;

2337 2886 2409 2940 ita
2436 2895 2488 2940 et
2515 2886 2777 2948 Christus.
2809 2886 2852 2939 si
2880 2899 2985 2939 non
3015 2885 3079 2938 ad
3106 2884 3247 2939 illius
3274 2883 3488 2939 modum
3514 2884 3746 2955 loquaris
3765 2926 3781 2952 ,
3813 2903 3922 2941 non

2338 2975 2592 3046 intelliget
2624 2986 2709 3041 te,
2742 2989 2911 3045 neque
2937 2975 3173 3029 attendet
3214 2973 3325 3029 tibi.
3363 2975 3635 3030 Discantus
3676 2990 3810 3046 ergo
3846 2976 3921 3055 ita

2338 3065 2517 3135 loqui,
2560 3076 2616 3120 ut
2660 3067 2796 3119 solet
2831 3064 3017 3119 audire
3056 3065 3165 3119 lies
3207 3075 3421 3131 noster;
3465 3065 3774 3120 studeatnus
3802 3066 3924 3135 ejus

2336 3156 2567 3227 linguatn
2596 3156 2808 3211 imitari.
2843 3154 2899 3211 Si
2929 3157 2980 3209 in
3010 3156 3207 3211 luctum
3236 3155 3505 3223 incideris,
3536 3171 3664 3211 cave
3688 3172 3755 3211 ne
3785 3171 3933 3213 nth

2336 3250 2472 3304 roris
2515 3248 2594 3303 vis
2638 3259 2781 3303 tuam
2819 3250 3089 3303 subvertat
3129 3248 3365 3319 linguam
3408 3266 3424 3302 :
3463 3248 3561 3304 sed
3605 3250 3827 3319 loquere
3865 3262 3927 3307 ut

2336 3338 2578 3395 Christus
2609 3340 2857 3411 loquutus
2881 3350 2984 3395 est.
3009 3338 3168 3395 Luxit
3195 3341 3335 3394 enim
3365 3350 3420 3395 et
3447 3340 3537 3395 ille
3563 3340 3824 3395 Lazarum
3868 3353 3924 3396 ct

2336 3433 2547 3489 Judam.
2576 3435 2632 3489 Si
2667 3436 2721 3488 in
2750 3442 2945 3487 metum
2979 3432 3179 3488 incidas
3199 3478 3214 3502 ,
3248 3433 3319 3487 ita
3348 3432 3491 3503 loqui
3527 3434 3680 3487 stude
3711 3443 3766 3487 ut
3794 3434 3885 3489 ille
3906 3437 3925 3466 '

2336 3527 2587 3597 loquitur.
2615 3525 2671 3581 lu
2703 3536 2902 3581 metum
2929 3527 3069 3581 enim
3096 3536 3149 3581 et
3176 3527 3289 3596 ipse
3308 3527 3492 3581 incidit
3517 3535 3732 3596 promer
3761 3536 3812 3581 te
3837 3543 3927 3581 se~

2336 3620 2567 3675 cundum
2595 3620 3004 3688 dispensationis
3033 3620 3314 3674 rationem.
3355 3620 3448 3674 Dic
3473 3630 3526 3674 et
3554 3628 3607 3673 tu
3646 3638 3660 3673 :
3703 3617 3925 3673 Verum-

2336 3722 2501 3766 tamen
2531 3728 2630 3765 non
2660 3712 2786 3765 sicut
2814 3729 2903 3781 ego
2930 3711 3061 3774 volo,
3091 3710 3179 3765 sed
3202 3711 3330 3765 sicut
3359 3721 3411 3763 tu
3440 3710 3660 3781 (Matth.
3684 3709 3775 3765 26.
3804 3711 3924 3783 59).

2334 3804 2388 3859 Si
2420 3804 2665 3867 ﬂeveris,
2696 3803 2969 3858 moderate
2998 3802 3291 3873 lacryntare
3324 3810 3379 3855 ut
3410 3803 3541 3870 ipse.
3574 3800 3783 3855 insidiis
3812 3804 3924 3857 cir-

2335 3905 2649 3949 cumventus
2672 3908 2730 3949 es
2748 3934 2766 3960 ,
2795 3894 2877 3949 vel
2906 3894 2957 3947 in
2985 3892 3223 3948 dolorem
3253 3893 3521 3947 incidisti?
3546 3893 3670 3948 llaec
3692 3905 3748 3948 ut
3767 3895 3926 3949 Chri-

2336 3996 2447 4041 stus
2475 3987 2675 4055 accipe.
2708 3984 2837 4039 Nam
2862 3994 2918 4040 et
2938 3985 3049 4055 ipse
3076 3985 3281 4039 insidiis
3307 3984 3575 4054 impetitus
3606 3984 3735 4046 fuit.
3770 3986 3924 4041 dolo-

2337 4095 2500 4149 reque
2526 4079 2767 4143 all‘cCIus,
2799 4078 2977 4147 aitque
3010 4096 3022 4131 :
3050 4077 3233 4131 Tristis
3260 4088 3328 4133 est
3355 4079 3526 4131 anima
3554 4094 3661 4131 mea
3677 4097 3837 4149 usque
3858 4084 3931 4136 ad

2339 4182 2546 4225 mortem
2595 4170 2764 4240 (Ibid.
2807 4187 2854 4224 υ.
2904 4170 3027 4238 38).
3065 4170 3357 4239 Omniaque
3407 4172 3495 4227 ille
3536 4174 3629 4228 tibi
3675 4178 3922 4243 exempla

2338 4264 2595 4333 praebuit,
2616 4275 2669 4317 ut
2698 4263 2942 4317 eumdem
2972 4278 3155 4318 serves
3184 4264 3419 4329 modum,
3449 4274 3501 4317 et
3530 4263 3681 4320 datas
3711 4268 3800 4319 tibi
3837 4285 3926 4321 rc-

2338 4358 2485 4427 gulas
2509 4372 2614 4411 non
2642 4358 2826 4411 violes.
2855 4357 2945 4412 Sic
2973 4357 3172 4426 poteris
3209 4372 3271 4411 os
3309 4358 3503 4411 habere
3542 4358 3683 4413 illius
3722 4362 3799 4413 ori

2339 4450 2461 4505 utile
2491 4468 2503 4503 :
2535 4450 2610 4505 sic
2638 4450 2688 4503 in
2726 4461 2864 4503 terra
2892 4450 3160 4519 gradiens,
3202 4463 3411 4503 sursum
3458 4452 3691 4506 sedentis
3725 4452 3925 4524 lingua:

2339 4544 2491 4597 nobis
2516 4543 2743 4597 similem
2776 4543 3006 4613 linguam
3037 4543 3285 4598 ostendes
3306 4585 3319 4604 .
3362 4545 3575 4597 modum
3606 4562 3831 4601 serratis
3873 4551 3925 4602 itt

2338 4650 2600 4700 mturare,
2633 4636 2684 4688 in
2713 4636 2811 4701 ira,
2843 4636 2894 4688 in
2923 4636 3085 4697 luctu,
3111 4636 3161 4690 in
3184 4637 3442 4705 angustia.
3468 4636 3609 4702 Quot
3640 4650 3880 4694 \‘tSll‘utll
3902 4643 3928 4673 '

2338 4728 2453 4796 ejus
2482 4728 2703 4781 formam
2734 4728 2912 4782 videre
2933 4728 3273 4782 desiderant?
3299 4728 3435 4783 Ecce
3461 4744 3565 4784 non
3598 4731 3778 4787 videre
3806 4749 3923 4787 mo-

2338 4820 2426 4886 do,
2455 4820 2547 4874 sed
2576 4828 2631 4874 et
2654 4820 2854 4874 similes
2891 4820 2989 4886 ipsi
3025 4818 3163 4875 efﬁci
3195 4820 3352 4885 licet,
3398 4820 3442 4875 si
3480 4822 3816 4879 Studeamus.
3848 4826 3926 4881 Ne

2338 4912 2642 4967 dilleramus
2671 4927 2817 4982 ergo.
2859 4913 2971 4966 Non
3020 4914 3087 4966 ita
3138 4913 3360 4968 libenter
3402 4914 3784 4984 prOphetarutn
3831 4934 3924 4974 ora

2337 5006 2624 5073 osculatur,
2650 5015 2706 5059 ut
2724 5005 3085 5060 modestorum
3102 5015 3604 5077 ntansuetoi'umque
3621 5008 3921 5063 hominum.

2339 5098 2491 5152 Multi
2535 5101 2666 5152 enim
2697 5100 2860 5152 dicent
2886 5098 3041 5163 mihi,
3075 5098 3272 5167 inquit,
3309 5097 3492 5174 Nonne
3518 5100 3570 5152 in
3598 5102 3804 5155 nomine
3841 5113 3925 5156 tuo

2340 5212 2465 5265 prop
2510 5192 2783 5245 etavimus.’
2814 5191 2879 5245 Et
2908 5192 3215 5260 respondebo
3250 5192 3342 5259 eis,
3385 5190 3569 5246 Nescio
3610 5210 3700 5248 vos
3745 5195 3923 5261 (Ibid.

2341 5286 2391 5338 7.
2423 5284 2512 5339 22.
2538 5282 2663 5354 23,.
2693 5283 2766 5339 0s
2787 5298 2918 5337 .vero
2942 5282 3166 5354 Moysis,
3207 5283 3326 5352 quia
3357 5282 3445 5337 ille
3478 5282 3765 5338 admodum
3804 5302 3923 5340 mo—

2340 5377 2523 5431 destus
2549 5384 2665 5431 erat
2692 5384 2745 5431 et
2774 5384 3080 5428 mansuetus
3107 5373 3344 5445 (Moyses
3383 5374 3546 5440 enim,
3600 5375 3794 5445 inquit.
3820 5386 3927 5432 erat

2341 5470 2632 5524 mitissimus
2673 5468 2897 5522 omnium
2945 5469 3203 5522 hominum
3247 5468 3335 5537 qui
3377 5476 3491 5522 sunt
3537 5484 3692 5538 super
3736 5480 3931 5523 terrain

2342 5560 2546 5635 (Nam.
2574 5559 2661 5615 12.
2694 5560 2763 5633 3]
2788 5564 2834 5629 ),
2868 5560 2939 5615 ita
2966 5559 3215 5631 diligebat
3242 5570 3295 5615 et
3320 5559 3680 5630 osculabatur,
3707 5570 3768 5617 ut
3788 5579 3924 5634 νω-

2431 5739 2445 5769 ί
2474 5734 2605 5799 Savil
2658 5736 2802 5793 legit,
2833 5735 3068 5799 Christus,
3098 5751 3203 5799 pro,
3231 5734 3328 5786 ilic.

2430 5800 2451 5831 ³
2470 5798 2621 5847 Monii
2667 5798 2882 5848 Cibatil.
2906 5798 3139 5849 nostrain.
