4172 6498
284 456 390 510 717

283 583 495 633 sentem
547 582 609 625 os
652 566 719 622 ad
767 578 828 621 os
870 563 1250 633 alloqncretur,
1306 557 1456 629 quasi
1504 553 1709 609 amicus
1753 567 1875 608 cum

281 669 477 724 amico.
506 662 658 720 biunc
681 656 1014 715 dzcmonibus
1041 669 1145 709 non
1179 653 1432 722 imperas,
1465 647 1557 704 sed
1591 644 1879 715 imperabis

284 770 413 816 tunc
437 756 699 828 gehennae
726 750 863 823 igni,
908 748 953 804 si
993 761 1055 803 os
1097 744 1296 800 habeas
1324 742 1405 797 ori
1443 738 1640 796 Christi
1681 737 1877 792 simile.

281 848 575 921 lmpcrahis
616 846 811 918 abysso
858 841 1025 912 ignis,
1072 847 1126 895 et
1164 837 1348 902 dices,
1394 833 1553 898 Tace,
1600 830 1882 885 obtumesce

280 944 300 1016 (
323 943 489 998 Marc.
520 941 573 996 4.
604 937 744 1011 39);
774 944 827 991 et
852 949 975 990 cum
1006 931 1170 987 multa
1203 927 1393 983 ﬁducia
1421 926 1473 980 in
1501 924 1662 979 cmlos
1681 934 1873 976 ascen-

681 1053 1928 1084 _________________..

1176 440 1239 496 IN
1288 436 1697 496 MATTHIEUM
1739 435 1969 492 llOMlL.
2012 434 2250 492 LXXIX.
2290 438 2361 496 al.
2404 438 2621 496 LXXX.

3492 447 3594 503 718

1982 549 2080 606 des
2100 591 2115 617 ,
2147 567 2421 623 regnoque
2453 552 2647 608 frueris
2679 569 2693 607 :
2723 551 2867 624 quod
2896 554 3097 610 utinam
3124 570 3314 612 omnes
3339 570 3595 628 assequa-

1984 659 2124 709 nntr,
2157 646 2322 716 gratia
2352 655 2407 701 et
2434 646 2761 717 benignitate
2789 646 3000 703 Domini
3026 651 3194 705 nostri
3220 649 3348 708 losu
3371 648 3592 717 Christi,

1983 735 2067 790 cui
2094 750 2213 791 cum
2244 736 2390 792 Patri
2430 732 2532 792 una
2564 754 2686 794 eum
2717 748 2906 796 sancto
2934 740 3136 809 Spiritu
3180 741 3349 812 gloria
3369 784 3384 808 ,
3417 742 3594 813 impe-

1984 827 2123 882 rium
2145 869 2159 892 ,
2193 828 2387 895 honor,
2422 846 2567 887 nunc
2589 840 2644 888 et
2673 847 2912 906 semper,
2942 843 2996 890 et
3031 834 3084 890 in
3125 835 3325 892 saecula
3362 837 3593 893 sicculo-

1984 935 2125 975 rum.
2156 923 2351 978 Amen.

1934 1054 3563 1083 ...ἣ-*Ἥ

1356 1131 1705 1198 HOMILIA
1748 1118 2047 1189 LXXIX.
2094 1130 2180 1191 al.
2225 1131 2492 1197 LXXX.

269 1294 405 1350 Car.
439 1292 531 1347 ‘25.
558 1306 612 1345 ν.
635 1291 725 1345 51.
770 1289 903 1346 Cum
931 1297 1111 1342 autent
1132 1284 1326 1339 venerit
1354 1280 1531 1336 Filius
1552 1279 1779 1335 hominis
1810 1278 1866 1333 in

344 1387 516 1458 gloria
535 1384 719 1438 Patris
736 1384 924 1445 sui‘,et
942 1396 1117 1433 omnes
1139 1376 1313 1431 sancti
1328 1376 1632 1447 angelicum
1645 1389 1725 1439 eo,
1743 1382 1869 1427 tunc

343 1475 532 1531 sedebit
557 1490 709 1544 super
740 1472 924 1526 saliunt
960 1468 1137 1540 gloria!
1170 1481 1309 1523 suae:
1340 1474 1396 1519 et
1433 1462 1707 1533 separabit
1739 1474 1869 1516 oves

343 1567 411 1623 ab
436 1565 603 1621 haedis
627 1582 641 1618 :
672 1574 728 1619 et
753 1564 852 1618 hos
878 1559 1089 1631 quidem
1118 1556 1439 1627 acceptabit,
1473 1555 1595 1625 quia
1620 1554 1867 1609 esurien-

346 1670 452 1714 tem
484 1657 657 1728 ipsum
684 1654 1014 1718 cibaverunt,
1044 1660 1100 1706 et
1131 1649 1332 1705 sitienti
1361 1656 1544 1718 potum
1578 1645 1864 1707 dederunt,

342 1760 398 1807 et
444 1750 706 1819 hospitem
756 1746 1110 1815 collegerunt,
1153 1751 1207 1797 et
1236 1740 1436 1796 nudum
1468 1740 1782 1804 vestierunt,
1814 1746 1870 1792 et

342 1843 699 1897 inlirmantem
747 1838 1116 1897 visitavernnt,
1165 1843 1220 1889 et
1267 1834 1317 1887 in
1362 1846 1583 1888 carcere
1630 1831 1864 1901 positum

342 1936 672 1998 lnviserunt;
702 1940 756 1987 et
797 1929 943 1985 dabit
989 1941 1207 1999 regnum
1240 1925 1390 1996 ipsis.
1434 1925 1583 1980 Alios
1605 1938 1736 1979 vero
1767 1937 1865 1992 pro

288 2007 293 2010 O
338 2025 622 2083 contrariis
650 2022 863 2079 delictis
903 2021 1078 2076 mittet
1120 2019 1172 2074 in
1226 2019 1402 2088 ignem
1447 2025 1731 2081 teternum,
1772 2015 1864 2085 qui

338 2130 554 2191 paratus
574 2126 656 2175 est
678 2115 893 2171 diabolo
922 2123 975 2170 ct
1007 2112 1210 2183 angelis
1237 2111 1374 2183 ejus.

339 2215 392 2269 l.
423 2212 748 2270 Suavissima
789 2208 905 2264 haec
946 2208 1131 2273 verba,
1171 2221 1291 2277 quae
1329 2205 1383 2261 in
1422 2220 1516 2261 ore
1561 2218 1861 2269 versamus,

262 2320 410 2361 nunc
436 2317 557 2360 cum
587 2302 767 2357 studio
810 2309 866 2356 et
903 2297 1318 2370 compunctioue
1363 2297 1511 2353 omni
1560 2295 1860 2361 audiamus,

262 2408 427 2469 atque
454 2406 725 2468 postrema
758 2393 918 2449 verba
952 2394 1002 2447 in
1034 2406 1155 2464 qum
1180 2404 1361 2447 sermo
1383 2390 1506 2459 jure
1533 2388 1712 2445 desiit.
1753 2388 1863 2442 Ma-

260 2504 368 2559 gna
395 2489 536 2543 enim
568 2487 645 2542 illi
695 2485 1041 2540 lmmanitatis
1081 2492 1135 2539 et
1176 2481 1559 2537 misericordia:
1587 2495 1714 2536 cura
1757 2489 1861 2536 est.

238 2581 470 2637 rldcirco
512 2580 676 2634 multa
717 2577 961 2648 superius
994 2577 1063 2632 de
1091 2575 1190 2630 hac
1226 2574 1439 2635 diverse
1483 2575 1732 2645 loquutus
1758 2581 1859 2637 est,

262 2673 461 2742 hicque
504 2671 718 2726 demum
773 2670 973 2724 clarius
1020 2683 1083 2723 ac
1127 2667 1521 2728 vehementius,
1573 2681 1678 2720 non
1728 2664 1863 2721 duas

259 2777 524 2835 personas
548 2762 629 2817 vel
657 2770 766 2817 tres
788 2761 873 2815 vel
900 2759 1138 2830 quinque
1174 2758 1452 2819 inducens.
1500 2756 1595 2813 sed
1640 2755 1860 2811 univcr-

260 2870 383 2909 sum
412 2853 619 2909 orbem.
648 2852 762 2907 Etsi
806 2851 859 2906 in
895 2850 1264 2920 superioribus
1304 2848 1523 2919 quando
1559 2848 1692 2903 duas
1733 2863 1859 2919 per-

258 2959 425 3002 sonas
479 2943 794 3008 inducebat,
851 2956 958 2996 non
1014 2940 1146 2996 duas
1201 2938 1457 3010 personas
1510 2939 1854 3008 signiﬁcaret,

259 3037 359 3096 sed
402 3036 535 3091 duas
579 3044 792 3105 partes;
838 3034 1061 3088 alteram
1111 3047 1217 3088 non
1271 3031 1673 3097 obedientium,
1726 3030 1861 3087 alte-

259 3144 378 3185 ram
419 3127 782 3183 obcdientinm
820 3144 835 3183 :
880 3141 1065 3182 verum
1099 3124 1188 3181 hic
1226 3124 1537 3181 horribilius
1593 3125 1709 3181 ha‘c
1761 3135 1861 3181 tra-

258 3232 407 3289 ctat,
450 3231 505 3278 et
555 3220 771 3276 clarius.
818 3220 1153 3290 Quapropter
1192 3234 1295 3272 non
1341 3218 1470 3273 dicit
1520 3217 1657 3272 ultra
1685 3261 1698 3281 ,
1762 3218 1854 3274 Si-

257 3314 381 3369 mile
407 3322 479 3368 est
530 3330 740 3386 regnum
772 3312 1030 3378 calorum,
1081 3310 1176 3367 sed
1226 3311 1464 3380 seipsum
1512 3310 1749 3367 ostendit
1796 3325 1859 3366 ac

257 3406 485 3471 revelat,
514 3406 700 3462 dicens
725 3421 738 3460 :
763 3406 891 3460 Cum
924 3415 1093 3459 autem
1128 3404 1315 3460 venerit
1355 3402 1524 3459 Filius
1553 3404 1771 3459 hominis
1804 3404 1858 3458 in

257 3499 427 3572 gloria
468 3514 581 3554 sua.
611 3497 763 3553 Nunc
788 3497 930 3553 enim
959 3497 1104 3553 venit
1144 3497 1197 3551 in
1240 3496 1553 3568 ignominia,
1586 3497 1638 3551 in
1668 3505 1858 3553 contu-

257 3590 457 3655 meliis,
491 3590 543 3645 in
571 3589 875 3660 opprobriis
900 3607 913 3643 :
937 3597 1062 3643 tunc
1090 3597 1267 3644 autem
1302 3588 1511 3645 sedebit
1535 3604 1698 3659 super
1713 3588 1859 3643 thro-

256 3697 387 3738 num
418 3680 605 3753 gloriae
654 3695 785 3735 sum.
827 3681 902 3735 Ac
933 3679 1239 3749 frequenter
1282 3680 1513 3751 gloriam
1566 3689 1852 3736 memorat.

254 3775 394 3844 Quia
422 3774 563 3830 enim
592 3788 722 3830 crux
747 3787 913 3843 prope
946 3782 1085 3839 erat,
1115 3787 1233 3843 qua:
1269 3786 1357 3827 res
1389 3772 1621 3828 maxime
1648 3772 1857 3841 vitupe-

255 3866 445 3923 rabilis
471 3864 777 3929 videbatur;
806 3863 927 3919 ideo
955 3863 1113 3934 erigit
1144 3862 1466 3925 auditorem,
1493 3871 1547 3918 et
1572 3871 1697 3917 ante
1730 3877 1858 3918 ocu-

256 3944 344 4015 lo}
370 3956 468 4028 ipsi
490 3955 746 4026 judicium
773 3955 941 4025 ponit,
972 3954 1264 4025 orbemque
1287 3962 1457 4009 totum
1486 3954 1647 4009 sistit.
1674 3953 1858 4025 Neque

257 4048 367 4104 hoc
412 4045 784 4102 tantummodo
832 4045 1126 4102 terribilem
1169 4046 1347 4103 reddit
1389 4060 1719 4113 sermonem,
1762 4047 1856 4102 sed

255 4140 403 4213 quod
450 4155 644 4196 vacuos
690 4140 853 4195 ctelos
901 4138 1169 4195 ostendat.
1198 4138 1397 4195 Omnes
1437 4139 1635 4209 quippe
1680 4139 1855 4210 angeli

256 4248 384 4288 cum
410 4232 528 4302 ipso
552 4242 730 4298 erunt,
773 4238 830 4287 et
858 4231 975 4301 ipsi'
1000 4231 1369 4297 testificantes,
1400 4241 1656 4299 quantum
1687 4230 1859 4285 admi-

257 4323 607 4381 nistraverint
629 4322 777 4377 missi
799 4336 828 4376 a
859 4322 1087 4377 Domino
1115 4322 1181 4376 ad
1212 4322 1486 4377 hominum
1516 4324 1765 4379 salutem.
1793 4324 1858 4378 Et

261 4416 500 4485 undique
520 4414 758 4470 horroris
792 4414 983 4486 plenus
1012 4414 1101 4469 ille
1126 4414 1243 4469 dies
1277 4414 1484 4470 futurus
1517 4424 1619 4471 est.
1654 4415 1857 4471 Deinde

256 4508 352 4567 32.
399 4505 868 4579 Congregabuntur,
909 4506 1101 4577 inquit,
1142 4522 1313 4560 omnes
1358 4518 1565 4577 gentes;
1609 4506 1712 4561 hoc
1753 4515 1854 4571 est,

256 4603 515 4661 universa
543 4600 817 4655 hominum
846 4610 1054 4653 natura.
1100 4598 1162 4653 Et
1200 4600 1479 4671 segregabit
1516 4616 1599 4654 eos
1626 4600 1694 4653 ad
1723 4600 1855 4653 invi-

256 4710 391 4760 cem,
422 4691 550 4747 sicut
577 4702 750 4763 pastor
773 4700 975 4759 separat
1012 4706 1146 4746 oves.
1190 4691 1341 4747 Nunc
1361 4692 1504 4747 enim
1543 4707 1647 4747 non
1678 4707 1860 4763 segre-

254 4785 391 4858 gati,
431 4783 526 4840 sed
568 4783 719 4838 mixti
768 4791 893 4838 sunt
934 4797 1166 4839 omnes:
1198 4784 1467 4852 separatio
1511 4793 1691 4839 autem
1733 4793 1858 4839 tunc

254 4876 662 4936 accuratissime
696 4875 820 4941 ﬁet;
863 4876 1181 4947 interimque
1206 4892 1270 4932 ex
1303 4877 1414 4947 ipsa
1445 4878 1673 4933 statione
1713 4878 1857 4946 ipsos

256 4971 540 5043 distinguit
567 4979 621 5027 et
644 4971 961 5041 conspicuos
987 4970 1163 5025 reddit
1192 4986 1207 5025 :
1237 4970 1430 5026 deinde
1459 4986 1521 5026 ex
1556 4972 1859 5027 nominibus

256 5063 593 5135 singulorum
625 5078 800 5119 mores
830 5063 1066 5129 exhibet,
1100 5063 1221 5119 illos
1250 5064 1451 5131 haedos,
1487 5065 1584 5120 hos
1610 5081 1738 5121 oves
1759 5082 1858 5136 ap-

260 5158 490 5227 pellans,
522 5166 577 5210 ut
616 5156 827 5211 illorum
865 5156 1200 5212 Sterilitatem
1238 5155 1472 5211 indicet:
1500 5158 1677 5211 nullus
1712 5159 1855 5213 enim

258 5266 325 5306 ex
358 5248 528 5304 laedis
556 5250 754 5303 fructus
778 5248 1131 5319 proﬁciscitur
1155 5268 1170 5316 ;
1202 5249 1392 5309 horum
1420 5267 1547 5307 vero
1569 5264 1860 5323 proventus

262 5343 463 5397 multus
492 5342 581 5411 qui
612 5358 677 5398 ex
721 5342 909 5397 ovibus
949 5343 1171 5411 paritur,
1212 5355 1268 5397 ut
1309 5346 1453 5412 lana,
1494 5346 1573 5400 lac
1618 5354 1671 5400 et
1700 5349 1857 5412 fetus,

262 5436 457 5505 quibus
484 5436 734 5491 ommhus
764 5450 963 5491 vacuus
992 5446 1073 5491 est
1101 5437 1305 5492 haedus.
1342 5437 1535 5493 Veram
1569 5440 1717 5495 bruta
1748 5442 1865 5497 ani-

266 5530 463 5583 mantia
494 5545 559 5583 ex
597 5539 785 5584 natura
828 5545 921 5584 sua
962 5532 1045 5585 vel
1087 5532 1311 5585 fructum
1356 5533 1601 5599 afferunt,
1650 5538 1730 5591 vel
1776 5553 1865 5591 se-

266 5634 389 5682 cus;
425 5620 496 5675 illi
526 5635 654 5677 vero
693 5636 760 5677 ex
800 5621 1111 5687 voluntate;
1154 5623 1379 5694 ideoque
1424 5626 1495 5680 illi
1540 5628 1861 5697 plectuntur,

267 5713 323 5769 hi
352 5725 699 5772 coronantur.

351 5903 364 5933 ¹
398 5902 517 5952 Vide
539 5905 883 5959 Atlnalattoncs
908 5909 1149 5961 Friderici
1174 5912 1337 5977 Field,
1362 5916 1422 5966 ad
1442 5931 1553 5981 pag.
1583 5919 1694 5969 7:57.

2055 1276 2422 1338 Misericordiae
2455 1300 2610 1355 apera
2649 1289 2951 1357 necessaria,
3000 1289 3198 1357 facilia,
3248 1300 3296 1344 et
3344 1307 3407 1345 ea:
3452 1291 3586 1345 mul-

1980 1371 2043 1426 tis
2092 1375 2341 1444 capitibus
2390 1376 2710 1448 obligatoria.
2744 1379 3029 1451 ——Neque
3082 1383 3228 1451 prius
3283 1381 3403 1437 illos
3454 1398 3583 1451 sup-

1978 1464 2136 1532 plicio
2159 1466 2343 1536 afﬁcit,
2369 1484 2528 1539 quam
2556 1484 2676 1526 cum
2720 1471 2824 1526 illis
2849 1473 2900 1527 in
2922 1472 3128 1541 judicio
3157 1474 3533 1545 disceptaverit
3567 1493 3581 1529 :

1976 1555 2099 1613 ideo
2126 1566 2405 1630 postquam
2454 1561 2575 1618 illos
2606 1563 2657 1617 in
2706 1563 2825 1619 loco
2871 1578 2970 1620 suo
3016 1565 3312 1630 constituit,
3353 1566 3580 1621 crimina

1976 1650 2198 1718 profert.
2230 1649 2307 1708 llli
2337 1668 2465 1709 vero
2492 1654 2734 1711 modeste
2769 1656 3129 1726 respondent;
3159 1656 3252 1712 sed
3286 1656 3429 1711 nulla
3459 1656 3583 1711 hinc

1974 1741 2106 1810 ipsis
2148 1742 2385 1799 utilitas:
2418 1754 2471 1801 et
2500 1746 2625 1816 jure
2648 1746 2883 1818 quidem,
2931 1748 3054 1818 quia
3103 1763 3239 1815 rem,
3280 1762 3441 1818 quam
3490 1748 3583 1803 ille

1972 1833 2260 1891 admodum
2313 1826 2553 1905 curabat,
2606 1841 2977 1911 neglexerunt.
3032 1841 3164 1896 Nam
3208 1850 3260 1898 et
3305 1840 3582 1912 propheta:

1974 1926 2076 1983 hoc
2103 1943 2318 2000 semper
2351 1939 2407 1987 et
2447 1933 2644 2003 ubique
2676 1932 2948 1996 dicebant,
2988 1912 3398 1989 Misericordiam
3441 1936 3577 1999 volo,

1971 2037 2071 2075 non
2096 2022 2405 2091 sacriﬁcium
2437 2025 2592 2097 (Osee
2643 2025 2696 2080 6.
2729 2027 2783 2096 6)
2810 2045 2823 2092 ;
2865 2035 2920 2081 et
2959 2026 3231 2097 legislator
3256 2036 3364 2082 tam
3392 2026 3577 2083 verbis

1972 2128 2130 2183 quam
2159 2114 2320 2171 rebus
2347 2116 2415 2172 ad
2459 2115 2563 2173 hoc
2591 2118 2785 2189 ubique
2817 2118 3085 2186 hortatur,
3129 2119 3351 2191 ipsaque
3391 2128 3578 2175 natura

1971 2204 2023 2260 id
2050 2205 2227 2262 docet.
2258 2208 2640 2265 Animadverte
2668 2220 2844 2266 autem
2873 2212 2989 2266 illos
3015 2227 3120 2268 non
3148 2228 3314 2268 unum
3339 2213 3423 2269 vel
3445 2213 3575 2281 duo,

1968 2297 2061 2354 sed
2088 2300 2269 2354 omnia
2291 2303 2719 2371 praetermisisse.
2748 2304 2862 2359 Non
2899 2306 3061 2360 modo
3088 2306 3229 2362 enim
3250 2306 3577 2363 esurientem

1968 2406 2075 2446 non
2119 2393 2384 2459 cibarunt,
2417 2395 2621 2452 nudum
2654 2411 2758 2453 non
2803 2406 3090 2463 texerunt;
3124 2400 3219 2456 sed
3268 2415 3384 2466 nec,
3431 2401 3576 2473 quod

1970 2491 2146 2540 tamen
2175 2483 2346 2540 levius
2371 2495 2426 2541 et
2466 2486 2673 2542 facilius
2697 2499 2833 2555 erat,
2878 2489 3146 2545 inﬁrmum
3179 2492 3480 2547 visitarunt.
3512 2492 3579 2547 Et

1967 2577 2242 2646 perpende
2269 2593 2428 2648 quam
2462 2578 2598 2635 levia
2621 2583 2920 2652 praecipiat.
2947 2582 3067 2639 Non
3092 2584 3244 2652 dixit,
3279 2584 3335 2641 lu
3359 2601 3577 2643 carcere

1967 2684 2137 2734 eram,
2164 2679 2220 2727 et
2240 2670 2511 2729 liberastis
2540 2689 2648 2742 mc,
2679 2676 2943 2744 inﬁrmus,
2972 2686 3026 2733 et
3055 2679 3304 2734 erexistis
3332 2695 3451 2747 me;
3481 2681 3576 2737 sed

1975 2764 2229 2821 Visitastis
2263 2785 2364 2834 me,
2396 2778 2471 2833 et,
2533 2768 2752 2825 Venisti:
2795 2772 2865 2825 ad
2906 2788 3004 2827 nte.
3048 2772 3156 2829 Sed
3203 2790 3379 2846 neque
3429 2776 3575 2831 circa

1966 2858 2291 2914 esurientem
2321 2860 2605 2916 molestum
2632 2862 2905 2933 quidpiam
2936 2865 3175 2935 jubetur.
3206 2866 3390 2939 Neque
3428 2869 3573 2924 enim

1966 2948 2165 3005 lautam
2187 2952 2412 3023 requirit
2438 2969 2701 3019 mensam,
2727 2956 2819 3011 sed
2842 2958 3207 3015 necessarium
3231 2961 3575 3017 solummodo

1965 3043 2165 3109 cibum,
2197 3044 2359 3116 idque
2399 3047 2559 3103 modo
2595 3048 2661 3104 ad
2703 3050 3126 3108 misericordiam
3164 3065 3433 3112 movente.
3464 3054 3575 3111 Ita.

1963 3151 2069 3206 quc
2098 3137 2277 3193 omnia
2309 3139 2518 3193 illorum
2550 3140 2869 3211 supplicium
2915 3153 3173 3213 expetunt
3206 3162 3221 3199 :
3259 3146 3336 3201 rei
3381 3156 3572 3217 posto.

1965 3226 2086 3282 lata:
2131 3226 2373 3290 facilitas.
2420 3245 2542 3301 nam
2590 3232 2744 3299 panis
2792 3240 2995 3288 tantum
3048 3245 3197 3302 erat;
3247 3236 3572 3292 miserabilis

1964 3319 2196 3390 petentis
2220 3320 2478 3387 conditio,
2508 3321 2783 3377 mendicus
2810 3324 2954 3380 enim
2987 3334 3133 3386 erat;
3174 3328 3574 3383 commiseratio

1968 3419 2195 3479 natum,
2220 3426 2340 3466 nam
2365 3410 2527 3467 homo
2555 3423 2637 3468 est
2661 3415 2749 3483 qui
2780 3416 2939 3485 petit;
2964 3418 3338 3486 promissionis
3362 3421 3574 3491 magni~

1966 3502 2117 3567 tudo,
2158 3517 2280 3557 nam
2309 3517 2529 3573 regnum
2574 3504 2896 3574 pollicetur;
2946 3508 3196 3578 supplicii
3244 3519 3437 3578 terror,
3478 3527 3573 3583 ge-

1966 3592 2198 3648 hennam
2228 3595 2369 3650 enim
2396 3594 2788 3662 comminatur;
2815 3596 3048 3668 dignitas
3072 3600 3403 3671 accipientis,
3430 3603 3573 3659 Deus

1964 3686 2105 3741 enim
2135 3695 2251 3743 erat
2279 3686 2368 3757 qui
2396 3700 2492 3756 per
2528 3687 2805 3743 mendicos
2848 3689 3180 3759 accipiebat;
3216 3691 3437 3750 honoris
3466 3710 3573 3752 cn-

1964 3777 2160 3841 mulus,
2197 3776 2340 3847 quod
2373 3784 2576 3831 tantum
2603 3777 2933 3836 descendere
2961 3781 3211 3852 dignatus
3238 3783 3338 3852 sit;
3363 3786 3571 3856 justitia

1962 3866 2310 3938 crogationis,
2340 3882 2462 3922 nam
2488 3883 2552 3923 ex
2573 3868 2729 3923 bonis
2757 3870 2871 3925 suis
2898 3872 3112 3941 accipit.
3137 3872 3334 3930 Verum
3362 3875 3429 3931 ad
3455 3877 3571 3933 hmc

1962 3961 2143 4015 omnia
2173 3974 2327 4015 amor
2358 3960 2595 4030 pecuniae
2626 3961 2746 4016 illos
2770 3965 3077 4029 excmeavit,
3102 3975 3153 4021 et
3176 3966 3289 4022 hmc
3311 3978 3429 4037 post
3462 3978 3571 4024 tan-

1965 4063 2072 4109 tam
2101 4057 2593 4113 comminationem.
2626 4058 2760 4114 Nam
2783 4074 2943 4130 supra
2969 4061 3119 4127 dicit,
3147 4063 3287 4129 illos,
3310 4066 3399 4136 qui
3435 4082 3567 4135 pau-

1964 4161 2120 4215 peres
2166 4161 2272 4202 non
2312 4149 2605 4219 excipiunt,
2650 4150 2894 4221 graviora
2938 4167 3191 4223 passuros
3232 4169 3373 4219 esse,
3407 4171 3567 4226 quam

1962 4232 2299 4305 Sodomitas;
2348 4248 2403 4295 et
2452 4240 2537 4295 hic
2564 4242 2639 4296 ait
2673 4240 2781 4297 :ln
2824 4253 3069 4311 quantum
3104 4262 3206 4299 non
3246 4247 3433 4315 fecistis
3480 4250 3571 4302 uni

1963 4330 2144 4383 Iterum
2187 4330 2511 4385 minimarum
2538 4334 2757 4403 fratrum
2799 4350 3047 4399 meorum,
3097 4352 3187 4391 nec
3213 4338 3337 4391 milii
3382 4339 3571 4410 fecistis

1964 4424 2180 4496 (.llattlt.
2210 4424 2300 4479 25.
2329 4426 2445 4496 45).
2471 4425 2607 4493 Quid
2635 4426 2750 4481 ais?
2776 4426 2968 4483 fratres
2995 4428 3069 4483 tui
3102 4436 3259 4492 sunt;
3300 4430 3572 4498 quomodo

1963 4517 2214 4572 minimos
2242 4517 2518 4587 appellas?
2547 4516 2669 4573 ideo
2713 4528 2860 4574 certe
2888 4518 3099 4585 fratres,
3132 4523 3252 4591 quia
3300 4521 3530 4578 humiles
3551 4566 3566 4588 ,

1961 4625 2247 4681 pauperes,
2277 4609 2490 4680 abjecti.
2520 4609 2628 4665 Hos
2663 4612 2805 4668 enim
2827 4612 3058 4669 maxime
3078 4614 3143 4669 ad
3179 4613 3569 4672 fraternitatem

1963 4712 2119 4760 vocat
2167 4721 2181 4758 :
2234 4704 2479 4774 ignotos,
2525 4684 2899 4774 contemples;
2950 4720 3050 4761 nec
3102 4708 3395 4762 monachos
3441 4696 3573 4765 dicit

1965 4806 2191 4862 tantum,
2216 4796 2439 4866 illosque
2463 4795 2552 4866 qui
2584 4796 2636 4850 in
2668 4797 2939 4852 motibus
2967 4795 3229 4865 habitant,
3262 4799 3359 4855 sed
3384 4799 3571 4857 ﬁdeles

1964 4890 2227 4960 singulos,
2269 4889 2480 4944 etiamsi
2515 4887 2800 4944 saeculares
2853 4889 2979 4953 sint,
3019 4890 3064 4944 si
3093 4892 3198 4944 sint
3232 4893 3532 4948 esurientes
3554 4937 3568 4959 ,

1964 4982 2217 5047 famelici,
2246 4981 2395 5047 nudi,
2420 4979 2678 5049 hospites,
2706 4980 2852 5035 nulla
2871 4995 2977 5036 non
3010 4980 3154 5050 ipsos
3182 4997 3308 5037 cura
3332 4985 3445 5039 vult
3478 5000 3563 5040 cx-

1964 5075 2089 5146 eipi.
2126 5075 2362 5130 Fratrem
2393 5073 2534 5130 enim
2564 5081 2620 5127 et
2643 5073 2938 5144 baptismus
2968 5073 3152 5138 efﬁcit,
3179 5084 3233 5131 et
3266 5077 3573 5134 divinorum

1967 5169 2341 5241 mysteriorum
2372 5167 2723 5224 consortium.

2037 5265 2095 5319 9..
2124 5264 2314 5319 Postea
2342 5272 2400 5318 ut
2438 5262 2653 5317 aliunde
2694 5262 2854 5317 etiam
2893 5264 3173 5319 sententia:
3198 5264 3457 5335 justitiam
3488 5266 3570 5321 vi-

1968 5358 2115 5421 deas,
2149 5358 2322 5427 primo
2344 5357 2464 5411 illos
2494 5355 2580 5425 qui
2609 5355 2747 5410 bene
2770 5370 2883 5409 rem
2906 5370 3122 5426 gessere
3152 5355 3351 5422 laudat,
3378 5365 3435 5414 et
3457 5358 3530 5413 ait
3564 5376 3577 5411 :

1968 5456 2059 5511 54.
2100 5453 2295 5514 Venite,
2339 5452 2578 5507 benedicti
2629 5450 2801 5505 Patris
2856 5452 2986 5517 inci,
3036 5452 3312 5506 hereditate
3362 5454 3572 5521 accipite

1972 5558 2207 5620 paratum
2232 5547 2366 5600 vobis
2394 5561 2605 5617 regnum
2633 5561 2664 5596 tt
2700 5544 3058 5598 constitutione
3084 5545 3281 5597 mundi.
3307 5545 3396 5599 55.
3433 5544 3572 5597 Est:-

1970 5641 2067 5695 rivi
2095 5640 2250 5705 enim,
2279 5648 2325 5693 et
2350 5637 2561 5691 dedistis
2586 5637 2713 5689 mihi
2741 5638 3067 5698 manducare,
3100 5644 3157 5691 et
3180 5653 3298 5707 quso
3336 5651 3573 5705 sequun-

1973 5742 2059 5785 tur
2085 5731 2285 5785 omnia.
2317 5728 2395 5783 Ne
2438 5728 2682 5783 dicerent
2716 5728 2881 5789 enim,
2926 5742 2986 5783 se
3031 5743 3135 5782 non
3190 5729 3457 5786 habuisse.
3507 5741 3574 5786 e1

1972 5836 2355 5877 conservorum
2383 5819 2535 5875 factis
2562 5818 2782 5873 damnat
2805 5834 2937 5883 eos;
2971 5829 3029 5873 ut
3055 5821 3286 5889 virgines
3318 5834 3384 5874 ex
3415 5819 3575 5887 virgi-

1975 5914 2154 5979 nibus,
2213 5927 2425 5968 servum
2470 5911 2677 5967 ebrium
2720 5926 2784 5967 ac
2835 5912 3004 5968 ventri
3061 5912 3317 5977 deditum,
3361 5924 3391 5963 a
3433 5912 3582 5967 lict-As
