4158 6466
678 387 780 445 719

678 514 857 563 servo.
886 506 938 553 et
964 513 1085 554 eum
1113 494 1202 567 qui
1236 494 1487 557 talentum
1518 490 1827 569 suafoderat,
1854 488 1921 543 ab
1940 502 2006 543 eo
2028 486 2117 556 qui
2147 484 2254 539 duo

677 595 875 667 talenta
912 591 1181 655 attulerat,
1209 595 1262 643 et
1299 594 1605 657 peccatores
1651 578 1886 653 singulos
1907 595 1937 635 a
1969 579 2255 649 proborum

678 684 939 754 exemplo.
971 683 1039 737 Et
1057 683 1171 736 haec
1194 678 1520 748 comparatio
1548 688 1941 745 nonnumquam
1971 687 2039 729 ex
2064 670 2253 741 :equali

675 774 906 840 ducitur,
938 783 995 829 ut
1027 778 1084 828 et.
1112 772 1196 826 ltic
1218 778 1274 826 et
1310 771 1364 825 lu
1395 768 1641 832 parabola
1669 768 1736 823 de
1770 765 2087 835 virginibus;
2120 777 2255 817 non-

680 882 963 936 numquam
989 882 1018 919 a
1048 864 1254 931 majori,
1284 875 1343 918 ut
1381 878 1500 919 cum
1540 861 1666 916 dicit
1697 878 1710 913 :
1746 858 1850 912 Viri
1879 856 2119 911 Ninioiue
2142 872 2255 911 sur-

675 968 813 1027 gent,
845 968 891 1011 et
919 957 1320 1011 condemnabunt
1356 954 1726 1025 generationem
1763 952 1913 1017 hanc,
1944 950 2061 1019 quia
2088 948 2253 1004 credi-

678 1048 855 1100 derunt
885 1049 936 1099 in
960 1047 1316 1116 prtedicatione
1337 1044 1487 1097 Iona:
1516 1058 1535 1096 :
1560 1052 1606 1097 et
1632 1059 1746 1097 ecce
1773 1042 1886 1110 plus
1912 1057 2061 1110 quam
2087 1038 2252 1092 Jonas

677 1140 777 1192 hic.
815 1138 879 1191 Et
910 1139 1082 1208 regina
1119 1137 1288 1190 Austri
1315 1134 1663 1189 condemnabit
1690 1133 2056 1203 generationem
2096 1132 2248 1195 banc,

674 1231 795 1298 quia
837 1232 965 1284 venit
1004 1230 1181 1283 audire
1223 1228 1519 1299 sapientiam
1561 1225 1896 1281 Salomonis:
1932 1236 1980 1277 et
2004 1239 2114 1277 ecce
2139 1221 2252 1290 plus

676 1337 830 1391 quam
852 1322 1092 1377 Salomon
1123 1320 1202 1372 hic
1232 1318 1443 1385 (Matth.
1483 1316 1566 1371 12.
1607 1317 1695 1371 Η.
1729 1315 1838 1379 42).
1872 1313 1937 1367 Et
1961 1313 2028 1367 ab
2062 1312 2249 1382 :cquali

678 1426 896 1471 "must
942 1410 1072 1476 Quia
1109 1411 1206 1478 ipsi
1241 1409 1440 1480 judices
1484 1407 1629 1460 uestri
1652 1414 1796 1460 erunt
1827 1403 1987 1474 (Ibid.
2029 1419 2076 1456 ν.
2119 1402 2246 1471 2ης

675 1512 730 1555 et
752 1516 783 1553 a
813 1500 997 1568 majori
1030 1502 1237 1564 iterum,
1267 1499 1484 1553 Nescitis
1510 1498 1628 1567 quia
1653 1497 1855 1567 angelos
1873 1494 2253 1565 iudicabimus!

675 1602 860 1662 mnta
887 1593 1047 1662 magis
1071 1592 1334 1645 malatia
1370 1591 1442 1659 (l.
1466 1588 1580 1644 Car.
1619 1590 1670 1644 6.
1703 1589 1796 1655 δη
1822 1588 1887 1643 Et
1916 1588 2003 1641 hic
2040 1601 2252 1657 quoque

674 1684 745 1736 ab
769 1681 957 1752 mquali
983 1682 1171 1735 divites
1200 1680 1467 1745 divitibus,
1493 1692 1749 1748 pauperes
1780 1677 2097 1748 pauperibus
2117 1692 2249 1731 con—

677 1774 797 1830 fert.
827 1773 1007 1843 Neque
1043 1773 1143 1829 hoc
1175 1771 1536 1827 tantummodo
1576 1771 1760 1841 probat
1787 1771 1929 1837 juste
1954 1768 2079 1823 ferri
2122 1783 2248 1823 sen-

678 1866 915 1929 tentiam,
938 1863 1076 1933 quod
1102 1865 1343 1918 conservi
1388 1864 1624 1933 ipsorum
1667 1862 1717 1916 in
1757 1862 1868 1929 pari
1899 1874 2075 1915 rerum
2106 1869 2248 1915 statu

674 1958 842 2027 probe
862 1972 920 2011 se
943 1958 1222 2025 gesserint,
1256 1954 1347 2010 sed
1384 1954 1526 2023 quod
1562 1968 1731 2023 neque
1757 1952 1808 2006 in
1840 1952 1946 2007 illis
1976 1952 2249 2020 obtempe-

674 2048 862 2113 rarint,
911 2048 997 2102 ubi
1031 2056 1313 2116 paupertas
1364 2046 1508 2100 nullo
1548 2054 1665 2099 erat
1720 2042 2099 2114 impedimento
2141 2062 2153 2095 :
2191 2051 2250 2099 ut

676 2148 855 2205 potum
885 2137 1013 2191 dare
1042 2138 1259 2202 sitienti,
1289 2136 1519 2190 vinctum
1547 2135 1782 2199 visitare,
1814 2134 2081 2189 infirmum
2116 2134 2249 2189 invi-

672 2244 809 2283 sere.
863 2229 1143 2299 Postquam
1195 2239 1371 2283 autem
1434 2226 1629 2295 probos
1688 2225 1961 2292 laudavit,
2016 2226 2249 2280 ostendit

672 2328 866 2390 quanta
891 2321 999 2389 jam
1027 2321 1151 2375 olim
1180 2320 1322 2389 ipsos
1354 2321 1576 2374 caritate
1614 2319 2057 2387 complecteretur
2084 2335 2096 2371 :
2128 2334 2247 2372 nam

674 2412 747 2466 ait
778 2428 793 2466 :
833 2409 1024 2475 Venite,
1071 2411 1316 2466 benedicti
1344 2409 1518 2464 Patris
1546 2410 1661 2472 mei,
1706 2411 1978 2463 hereditate
2005 2410 2253 2478 possidete

674 2511 907 2571 paratum
934 2501 1068 2555 vobis
1092 2517 1301 2571 regnum
1340 2511 1456 2554 ante
1475 2501 1877 2553 constitutionem
1906 2501 2099 2553 mundi.
2140 2499 2251 2555 Hoc

675 2609 867 2649 nomen
894 2600 1023 2662 quot
1048 2592 1361 2661 quantisque
1387 2590 1542 2644 bonis
1562 2590 1871 2659 :equiparari
1896 2598 2087 2659 ροιθδι,
2109 2589 2250 2660 quod

675 2686 934 2742 benedicti
976 2685 1103 2747 sint,
1148 2692 1201 2737 et
1246 2697 1273 2735 a
1316 2682 1473 2737 Patre
1516 2680 1819 2736 benedicti?
1874 2680 1935 2735 Et
1986 2681 2249 2735 undenam

676 2787 822 2831 tanto
843 2777 1043 2831 honore
1070 2772 1267 2845 dignati
1294 2772 1455 2827 sunt?
1488 2787 1727 2841 quaenam
1753 2785 1913 2825 causa
1942 2770 2080 2824 fuit?
2114 2770 2246 2839 Esn-

674 2870 769 2923 rivi
789 2871 939 2930 enim,
972 2878 1016 2921 et
1046 2866 1251 2919 dedistis
1281 2865 1403 2917 mihi
1428 2864 1771 2926 manducare;
1801 2864 1953 2925 sitioi,
1986 2874 2031 2916 et
2074 2873 2249 2932 potum

672 2960 878 3013 dedistis
902 2958 1044 3023 mihi,
1088 2967 1191 3012 etc.
1224 2955 1416 3021 Quanti
1460 2955 1693 3019 honoris,
1726 2964 1936 3025 quantae
1966 2955 2248 3009 beatitudi-

671 3047 757 3103 irts
786 3048 943 3103 verba
963 3047 987 3101 i
1010 3046 1124 3102 Non
1152 3046 1299 3111 dicit,
1333 3044 1591 3114 Accipite,
1620 3040 2053 3110 sedfllereditate
2090 3046 2251 3115 possi-

674 3140 802 3204 dete,
845 3138 993 3208 quasi
1040 3136 1330 3206 proprium,
1382 3134 1531 3206 quasi
1580 3143 1853 3204 paternum
1895 3142 1949 3188 et
1984 3144 2242 3199 vestrum,

671 3230 780 3298 jam
808 3228 931 3283 olim
966 3227 1114 3282 vobis
1139 3225 1396 3281 debitum.
1425 3225 1724 3294 Antequam
1747 3223 1887 3278 cnim
1915 3224 2127 3288 essetis,
2159 3225 2241 3277 in-

674 3320 809 3389 quit,
843 3319 955 3373 haec
977 3317 1125 3371 vobis
1157 3326 1333 3385 parata
1374 3325 1545 3380 erant,
1578 3315 1700 3384 quia
1739 3313 1972 3368 sciebam
2002 3328 2093 3367 vos
2118 3316 2250 3371 tales

673 3422 791 3463 esse
819 3406 1039 3461 futuros.
1072 3404 1134 3461 Et
1164 3419 1260 3475 pro
1283 3405 1473 3474 quibus
1500 3404 1613 3459 haec
1635 3403 1944 3471 accipiunt?
1966 3402 2067 3457 Pro
2089 3412 2248 3469 tecto,

674 3512 772 3569 pro
794 3497 1041 3561 vestibus,
1078 3510 1174 3565 pro
1203 3510 1357 3566 pane,
1392 3509 1485 3564 pro
1510 3508 1644 3565 aqua
1688 3492 1897 3564 frigida,
1947 3508 2041 3562 pro
2071 3494 2251 3549 visita-

676 3590 837 3653 tione,
873 3602 969 3659 pro
992 3589 1229 3658 ingressu
1264 3586 1314 3641 in
1344 3601 1629 3642 carcerem.
1666 3585 1873 3657 [ibique
1899 3587 2039 3641 enim
2069 3596 2263 3667 utne;

673 3678 919 3735 cessariis
966 3677 1306 3748 provideatur
1343 3676 1583 3747 requirit,
1629 3676 1735 3730 imo
1780 3678 2096 3746 quandoque
2143 3694 2249 3733 non

677 3766 1013 3822 necessariis.
1041 3766 1221 3837 Neque
1250 3768 1414 3831 enim,
1447 3776 1503 3821 ut
1517 3767 1627 3836 jam
1654 3766 2029 3836 dixi,a:grotus
2057 3778 2111 3822 et
2137 3768 2249 3823 vin-

676 3866 793 3913 ctus
823 3856 1021 3911 visitari
1067 3857 1237 3911 solum
1266 3856 1471 3921 volitnt,
1500 3855 1593 3911 sed
1619 3857 1754 3911 alius
1783 3857 2006 3923 exsolvi,
2035 3865 2086 3911 et
2114 3858 2249 3913 alius

674 3967 705 4004 a
732 3948 919 4005 morbo
945 3949 1119 4003 sanari
1159 3958 1391 4019 exoptat.
1424 3948 1617 4003 Verum
1659 3948 1763 4009 ille.
1796 3960 2098 4003 mansuetus
2128 3965 2249 4004 cum

675 4040 763 4104 sit,
794 4039 880 4094 illa
904 4049 1104 4094 tantum
1132 4040 1351 4109 requirit
1388 4053 1505 4109 qua:
1556 4037 1818 4092 facultatis
1857 4049 2051 4092 nostra:
2083 4049 2245 4103 sunt;

676 4134 784 4187 imo
811 4133 982 4186 minus
1015 4146 1173 4201 quam
1218 4129 1439 4185 facultas
1470 4138 1649 4184 nostra
1699 4128 1835 4184 ferre
1866 4131 2053 4198 possit,
2094 4130 2248 4185 nobis

678 4224 981 4293 relinquens
1026 4232 1082 4277 ut
1109 4221 1173 4276 ad
1212 4222 1413 4289 majora
1458 4234 1757 4289 pergamus.
1800 4219 1908 4274 illis
1935 4236 2061 4275 vero
2097 4220 2246 4287 dicit,

676 4313 932 4369 Discedite
952 4331 984 4367 a
1011 4330 1107 4380 me,
1136 4312 1389 4368 maledicti
1412 4330 1430 4366 :
1452 4326 1554 4365 non
1583 4326 1611 4363 a
1644 4311 1827 4375 Patre;
1859 4327 1965 4365 non
1991 4312 2131 4365 enim
2162 4313 2249 4366 ille

676 4404 806 4470 ipsis
827 4403 1115 4467 maledixit,
1140 4403 1231 4457 sed
1256 4418 1415 4473 opera
1441 4403 1672 4470 ipsorum
1703 4402 1943 4471 propria;
1987 4400 2050 4454 In
2086 4404 2249 4472 ignem

676 4503 935 4559 internum,
963 4503 1216 4565 paratum,
1243 4508 1351 4548 non
1375 4491 1548 4555 vobis,
1589 4489 1683 4546 sed
1710 4489 1938 4555 Diubolo,
1988 4503 2031 4543 et
2058 4494 2248 4562 angelis

677 4598 804 4654 ejus.
848 4582 979 4637 Nam
1022 4598 1141 4638 cum
1174 4584 1240 4638 de
1268 4598 1432 4653 regno
1476 4581 1699 4647 diceret,
1763 4580 1936 4635 Venite
1983 4583 2244 4650 benedicti,

677 4678 943 4733 hereditate
970 4678 1218 4745 possidete
1245 4690 1472 4747 regnum,
1524 4672 1786 4741 adjunxit,
1825 4670 2067 4727 Paratum
2106 4675 2248 4729 tabis

676 4778 794 4822 ante
839 4769 1237 4822 constitutionem
1276 4764 1452 4819 mundi
1477 4763 1583 4818 :de
1627 4764 1746 4832 igne
1773 4777 1901 4817 vero
1948 4778 2050 4817 non
2097 4767 2247 4831 item,

676 4859 793 4924 sed,
838 4857 1083 4912 Paratum
1127 4857 1348 4923 diabolo,
1378 4867 1425 4911 et
1467 4854 1661 4926 angelis
1704 4854 1833 4924 ejus.
1884 4854 1991 4924 Ego
2022 4872 2249 4927 namque

676 4967 894 5022 regnum
926 4950 1075 5005 vobis
1104 4951 1299 5019 paravi,
1354 4950 1527 5019 ignem
1573 4962 1722 5013 vero,
1771 4961 1876 5001 non
1933 4947 2104 5012 vobis,
2153 4948 2249 5003 sed

676 5043 886 5099 diabolo
906 5051 961 5098 et
996 5042 1198 5113 angelis
1225 5040 1340 5111 ejus
1370 5056 1385 5092 :
1412 5040 1536 5109 quia
1563 5054 1694 5095 vero
1718 5054 1815 5093 vos
1846 5038 1896 5092 in
1930 5038 2099 5109 ipsum
2127 5055 2249 5095 con-

678 5135 895 5207 iecistis,
934 5132 983 5187 id
1013 5132 1292 5202 vobisipsis
1333 5139 1593 5200 reputate.
1626 5129 1735 5184 Non
1786 5129 1868 5185 bis
1898 5139 2122 5193 tantum,
2154 5133 2246 5186 sed

679 5237 833 5281 etiam
865 5228 916 5281 in
947 5226 1308 5289 sequentibus,
1342 5222 1487 5293 quasi
1518 5236 1635 5275 sese
1678 5237 1903 5290 purgans
1932 5222 2065 5287 erud
2109 5223 2247 5286 illos,

678 5334 887 5375 causam
915 5319 1039 5386 ipsis
1081 5318 1331 5373 adscribit
1363 5333 1374 5369 :
1408 5315 1497 5369 «ξεῖ.
1526 5312 1729 5368 ﬁmi-iui
1756 5319 1903 5371 enim,
1955 5326 2000 5370 tt
2030 5335 2125 5370 non
2158 5318 2247 5370 de-

679 5410 824 5463 distis
852 5410 971 5460 mihi
1002 5412 1320 5463 manducare.
1361 5406 1577 5462 Etiamsi
1633 5406 1773 5460 enim
1821 5410 2063 5461 inimicus
2106 5418 2250 5463 e..set

682 5502 727 5556 is
782 5502 867 5569 qui
902 5500 1205 5563 nesciebat.
1240 5514 1413 5555 annon
1444 5498 1575 5552 satis
1612 5504 1766 5552 erant
1819 5514 2068 5553 animum
2124 5501 2244 5565 illa',

684 5601 739 5645 at
766 5592 846 5645 uel
892 5591 1360 5647 uentisericordem
1403 5590 1681 5645 ﬂecterent
1730 5600 1783 5643 et
1823 5588 2143 5658 frangerent,
2175 5591 2251 5643 fa»

686 5697 815 5745 unus,
850 5682 1033 5752 frigus.
1075 5682 1301 5748 uincula,
1333 5681 1564 5742 nuditas,
1596 5678 1896 5747 inﬁrmitas,
1929 5682 2106 5751 vagari
2136 5683 2249 5736 sine

682 5777 851 5829 eam?
882 5776 997 5830 ita?
1029 5773 1347 5831 i:.1mlt‘lliatTa
1376 5774 1579 5833 solvere
1606 5784 1867 5846 poterant.
1902 5777 1967 5831 At
2007 5790 2099 5830 ves
2138 5785 2247 5831 tunc

1389 377 1450 437 '5.
1486 372 1765 437 JOANNS
1801 368 2273 432 CHRYSOSTOSH
2309 370 2621 430 ἀκωιειδι
2663 372 3172 433 CONSTANTINOP

3838 383 3938 439 τυ

2362 502 2467 541 non
2490 489 2820 552 prastabatis
2847 490 3042 555 amico,
3067 496 3170 544 non
3202 489 3551 558 benefactori,
3576 509 3681 549 non
3714 494 3939 551 Domino

2358 587 2555 634 vestro.
2590 579 2645 636 Si
2672 595 2858 635 canent
2889 581 3164 637 videamus
3186 581 3532 649 esurientem,
3553 597 3697 652 sape
3739 586 3937 656 frangi-

2357 687 2513 739 mur;
2546 673 2652 728 imo
2689 673 2733 728 si
2774 672 2913 730 feras
2954 674 3227 729 rideamus
3258 677 3572 741 esurientes,
3626 676 3893 733 nectimur
3918 716 3934 736 .

2354 774 2553 821 etcum
2594 766 2877 822 Dominum
2904 777 3051 823 tuum
3082 768 3249 829 vides,
3281 784 3385 824 non
3430 768 3692 825 flecteris?
3720 787 3822 841 qua
3853 787 3940 825 rae

2356 859 2500 914 tione
2526 858 2638 914 btec
2668 868 2915 928 poterunt
2938 861 3183 915 excusari
3204 861 3227 914 τ
3252 859 3383 916 Nam
3423 861 3467 916 si
3497 862 3545 915 id
3569 861 3745 916 solum
3768 873 3939 927 esset.

2355 964 2534 1004 nonne
2552 950 2818 1009 sufficeret
2848 950 2914 1006 ad
2962 950 3304 1006 mercedem?
3344 966 3449 1004 non
3488 952 3627 1029 dico,
3676 961 3735 1006 ut
3775 953 3933 1007 talem

2354 1054 2538 1094 vocem
2558 1040 2689 1096 orbe
2714 1051 2979 1111 praesente
3008 1041 3076 1095 ab
3094 1056 3161 1095 eo
3184 1041 3274 1111 qui
3299 1040 3450 1095 sedet
3475 1040 3528 1095 in
3550 1041 3686 1095 solio
3711 1053 3937 1123 patet-aq

2354 1133 2558 1199 audias,
2585 1143 2637 1188 et
2681 1148 2901 1204 regnum
2933 1136 3297 1203 consequaris,
3328 1135 3422 1189 sed
3450 1134 3551 1189 hoc
3587 1139 3759 1203 ipsum
3791 1137 3933 1205 quod

2355 1225 2543 1281 feceris
2568 1242 2743 1283 nonne
2770 1228 2902 1282 satis
2927 1241 3071 1282 esset
3108 1227 3174 1282 ad
3222 1227 3520 1284 mercedem
3536 1228 3561 1281 t
3577 1226 3729 1283 Nunc
3754 1237 3949 1284 autem

2353 1316 2484 1373 orbe
2527 1325 2810 1386 priesente,
2861 1326 2913 1372 et
2958 1317 3211 1374 ineliabili
3266 1318 3350 1372 illa
3404 1328 3692 1389 apparente
3742 1320 3933 1389 gloria,

2354 1410 2605 1478 praedicat
2627 1421 2681 1465 et
2724 1420 2944 1465 coronat
2983 1419 3056 1475 te,
3107 1409 3509 1481 promulgatque
3546 1410 3834 1465 nutricium
3879 1420 3934 1467 et

2353 1500 2612 1570 hospitem
2645 1518 2657 1555 :
2689 1516 2862 1571 neque
2890 1517 2921 1556 c
2941 1502 3156 1556 'ubescit
3176 1500 3291 1556 haec
3318 1501 3519 1564 dicens,
3553 1512 3609 1555 ut
3639 1502 3734 1557 tibi
3756 1502 3937 1571 splen-

2352 1589 2612 1665 didiorem
2636 1606 2891 1646 coronam
2927 1591 3135 1646 reddat.
3171 1591 3248 1646 Ex
3277 1592 3461 1662 gratia:
3496 1591 3816 1647 liberalitate
3841 1608 3933 1648 oo-

2348 1698 2479 1736 rona
2510 1682 2687 1737 datur.
2717 1683 2840 1738 Ideo
2880 1683 2953 1738 illi
2978 1684 3119 1752 juste
3163 1683 3472 1754 puniuntur,
3522 1683 3573 1736 hi
3603 1694 3935 1740 coronantur

2352 1788 2446 1842 per
2472 1774 2714 1844 gratiam.
2744 1773 2861 1829 Etsi
2889 1772 3032 1829 enim
3072 1774 3234 1827 millia
3267 1773 3403 1828 bona
3453 1789 3613 1842 opera
3654 1775 3928 1841 iecissent,

2349 1865 2533 1935 gratia:
2561 1864 2851 1920 liberalitas
2882 1874 2988 1929 est,
3014 1864 3155 1935 quod
3195 1865 3264 1917 ita
3297 1879 3396 1934 pro
3420 1864 3654 1919 minimis
3680 1867 3933 1933 operibus

2353 1966 2554 2010 tantum
2583 1957 2793 2023 caelum,
2827 1966 3029 2010 tantum
3074 1970 3296 2025 regnum
3340 1955 3498 2010 detur
3538 1956 3589 2009 in
3621 1958 3922 2025 premium.

2354 2048 2502 2119 (Cap.
2526 2046 2716 2118 XXVI)
2744 2049 2798 2103 ί.
2826 2046 2896 2102 Εἰ
2921 2050 3110 2118 factum
3134 2060 3208 2101 est
3227 2064 3339 2100 cum
3369 2059 3763 2101 consummasset
3783 2046 3933 2102 Jeaus

2350 2143 2440 2196 hos
2468 2151 2740 2204 sermones,
2771 2142 2901 2196 dixit
2933 2141 3193 2209 discipulis
3220 2142 3324 2195 suis
3352 2156 3370 2193 .'
3394 2138 3449 2192 2.
3480 2138 3633 2195 Scitis
3668 2141 3791 2211 quia
3824 2152 3931 2208 post

2322 2306 2323 2309 η
2350 2235 2557 2287 biduum
2587 2236 2774 2304 pascha
2807 2235 2907 2301 lict,
2942 2244 2989 2288 et
3017 2232 3182 2287 Filius
3212 2233 3425 2287 nominis
3468 2232 3694 2286 trudetur
3735 2242 3789 2284 ut
3818 2249 3945 2285 cru-

2350 2326 2604 2396 ciﬁgatnr.
2662 2326 2863 2381 Rursus
2916 2335 3216 2395 opportune
3262 2324 3330 2380 de
3377 2325 3623 2393 passione
3673 2324 3943 2393 loquitur,

2352 2418 2563 2487 quando
2591 2418 2661 2472 de
2684 2432 2866 2488 regno,
2893 2416 2960 2471 dc
2985 2416 3335 2471 retributione
3363 2414 3557 2481 futura,
3586 2425 3641 2469 et
3664 2414 3735 2467 de
3770 2424 3930 2469 atter-

2354 2511 2435 2564 nis
2454 2512 2771 2565 cruciatibus
2793 2510 2951 2564 verba
2978 2508 3173 2563 fecerat
3191 2524 3294 2579 ;.ac
3315 2511 3359 2562 si
3374 2508 3577 2563 diceret
3600 2524 3615 2559 :
3638 2507 3746 2561 Cur
3778 2509 3939 2561 time--

2355 2602 2425 2656 tis
2437 2601 2503 2657 de
2523 2601 2881 2671 temporaneis
2902 2601 3077 2667 malis,
3096 2616 3215 2654 cum
3245 2600 3365 2653 talia
3385 2614 3479 2653 vos
3498 2586 3933 2653 maneantbona?

2423 2696 2476 2749 5.
2512 2693 2585 2748 'l‘u
2614 2709 2740 2749 vero
2762 2692 2890 2746 milii
2915 2691 3221 2746 consideres
3246 2690 3405 2746 velim
3428 2691 3695 2760 quomodo
3718 2689 3769 2743 id
3792 2689 3931 2759 quod

2354 2786 2473 2839 illos
2500 2785 2731 2840 maxime
2756 2784 3004 2854 angebat,
3036 2798 3159 2837 cum
3188 2781 3304 2836 arte
3334 2796 3465 2833 nova
3494 2779 3727 2849 quadam
3756 2782 3806 2833 in
3839 2795 3933 2833 su-

2352 2877 2649 2946 perioribus
2677 2876 3091 2931 adumbravcrit.
3119 2874 3233 2929 Non
3263 2874 3403 2927 enim
3431 2872 3581 2931 dixit.
3612 2872 3779 2926 Scitis
3809 2870 3932 2939 quia

2354 2979 2471 3036 post
2492 2966 2628 3021 duos
2653 2966 2769 3020 dies
2800 2965 3013 3028 tradar;
3060 2965 3154 3019 sed
3180 2963 3340 3035 quid?
3388 2964 3539 3019 Scitis
3574 2964 3693 3031 quia
3722 2972 3834 3031 post
3859 2964 3943 3017 ei-

2351 3060 2509 3111 duum
2539 3058 2726 3127 pascha
2752 3058 2859 3125 ﬁet,
2890 3068 2939 3111 et
2969 3055 3138 3110 Filius
3179 3055 3393 3109 hominis
3429 3053 3697 3116 tradetur;
3726 3062 3781 3107 et
3808 3063 3941 3107 tunc»

2350 3150 2550 3220 adjicit,
2584 3147 2652 3205 Ut
2679 3150 3003 3220 cruciﬁgatur
3024 3166 3043 3213 ;
3068 3146 3358 3203 ostendens
3390 3145 3702 3219 mysterium
3728 3160 3851 3201 esse
3878 3144 3942 3201 id

2350 3242 2491 3313 quod
2523 3242 2699 3309 ﬁebat,
2733 3241 2925 3297 festum
2954 3250 3007 3297 et
3033 3239 3395 3295 celebritatem
3420 3237 3495 3293 ad
3516 3237 3742 3293 salutem
3786 3236 3939 3292 orbis

2351 3336 2563 3402 factum,
2588 3345 2642 3392 et
2668 3350 2727 3391 se
2770 3349 3046 3405 passurum
3076 3348 3237 3398 esse,.
3264 3347 3385 3387 eum
3412 3332 3589 3387 omnia
3629 3330 3933 3400 prtrscivis-

2352 3436 2452 3483 set.
2480 3426 2604 3482 ideo
2627 3428 2777 3498 quasi
2802 3426 2904 3481 hoc
2938 3428 3070 3481 satis
3101 3436 3244 3482 esset
3271 3424 3337 3480 ad
3361 3424 3784 3480 consolationem
3813 3424 3941 3478 illo-

2352 3534 2489 3579 rum.
2527 3518 2657 3573 nihil
2696 3517 2800 3572 illis
2837 3532 2979 3572 nunc
3006 3516 3228 3572 dicitde
3274 3516 3669 3571 resurrectione
3699 3532 3712 3567 :
3743 3530 3936 3585 super-

2352 3608 2514 3663 ﬂuum
2536 3608 2678 3665 enim
2699 3605 2908 3671 fuisset,
2930 3616 3205 3677 postquam
3226 3614 3297 3660 tot
3318 3614 3565 3674 tantaque
3582 3605 3927 3669 disseruerat,

2353 3700 2419 3755 de
2467 3700 2552 3755 illa
2606 3699 2797 3755 iterum
2828 3698 3026 3753 dicere.
3068 3696 3315 3767 Alioquin
3371 3710 3523 3762 vero,
3559 3707 3611 3750 ut
3638 3695 3747 3765 jam
3799 3697 3947 3762 dixi,»

2353 3791 2587 3847 ostendit
2612 3792 2779 3860 ipsam
2802 3790 3101 3861 passionem
3134 3805 3162 3842 a
3191 3788 3331 3842 mille
3359 3787 3509 3841 malis
3541 3788 3785 3842 homines
3804 3788 3932 3842 libe-

2351 3898 2491 3943 rare.
2544 3882 2671 3938 dum
2705 3880 3035 3952 pcr'pasclta
3066 3890 3245 3935 vetera
3288 3877 3544 3933 beneficia
3594 3879 3646 3931 in
3701 3877 3951 3950 Algyptor

2352 3976 2585 4046 prtestita
2615 3982 3013 4030 commemorat.
3045 3973 3098 4027 5.
3136 3970 3271 4025 Tunc
3318 3971 3601 4042 congregati
3647 3982 3762 4024 sunt
3800 3973 3936 4040 priu-

2352 4070 2487 4138 cipes
2527 4066 2855 4130 sacerdotum,
2885 4066 3081 4129 scribta,
3123 4074 3170 4118 et
3218 4063 3657 4134 Μὶὶοτει,ρορυιί
3706 4064 3760 4117 in
3805 4064 3944 4117 atrio

2352 4158 2533 4213 summi
2558 4157 2845 4221 sacerdotis,
2892 4157 2977 4224 qui
3006 4156 3272 4209 uocabatur
3314 4155 3571 4221 Caipitas,
3592 4156 3649 4209 4.
3694 4165 3737 4207 et
3769 4155 3935 4209 consi-

2354 4249 2476 4303 lium
2494 4249 2725 4305 inierunt
2762 4257 2814 4302 ut
2845 4246 3020 4301 Iesum
3059 4246 3177 4300 dolo
3202 4257 3444 4309 tenerent,
3472 4255 3521 4299 et
3545 4245 3846 4299 occiderent.
3874 4246 3933 4301 5.-

2352 4339 2593 4394 Dicebant
2623 4349 2805 4405 autent,
2841 4337 2960 4392 Non
2989 4339 3042 4391 in
3072 4338 3154 4393 die
3178 4342 3322 4408 festo,
3358 4354 3420 4390 ne
3453 4338 3691 4392 tumultus
3717 4339 3856 4406 ﬁerd
3880 4340 3933 4393 in

2352 4432 2562 4501 populo.
2607 4431 2795 4486 Vidisti
2825 4433 3109 4485 maximam
3154 4430 3497 4485 Judaicarunt
3540 4448 3719 4487 rerum
3748 4448 3933 4488 corra-

2354 4524 2627 4592 ptionem?
2658 4523 2762 4578 Res
2791 4524 2997 4592 iniquas
3024 4521 3413 4593 aggredientes,
3451 4522 3517 4575 ad
3545 4538 3815 4583 stunmum
3844 4541 3929 4580 sa-

2352 4613 2623 4670 cerdotem
2653 4614 2888 4680 veniunt,
2916 4613 3040 4667 dum
3072 4612 3193 4667 inde
3217 4612 3400 4667 volunt
3444 4623 3760 4682 potestatem
3790 4616 3931 4671 acci-

2354 4721 2480 4776 pere
2509 4705 2647 4760 unde
2679 4704 2920 4774 impediri
2958 4705 3255 4775 oportebat.
3296 4703 3362 4758 Et
3391 4712 3521 4772 quot
3558 4714 3711 4759 erant
3740 4707 3934 4761 summi

2353 4796 2693 4852 sacerdotes?
2720 4796 2828 4850 Lex
2857 4797 2999 4850 enim
3020 4811 3182 4849 unum
3204 4809 3323 4851 esse
3348 4798 3457 4849 vult
3481 4813 3495 4849 :
3518 4794 3612 4849 sed
3635 4807 3762 4851 tunc
3785 4798 3931 4853 multi

2353 4900 2522 4944 erant.
2552 4870 2702 4946 Unde
2732 4890 2901 4958 palam
2921 4898 3021 4953 est,
3053 4888 3268 4943 Judaica
3295 4888 3403 4958 jam
3435 4887 3650 4944 dissolvi
3678 4895 3930 4962 cmpisse.

2343 4979 2559 5052 ‘Moyses
2588 4982 2752 5043 enim,
2784 4989 2842 5035 ut
2869 4979 2998 5045 dixi,
3026 4994 3187 5034 unum
3214 4994 3334 5034 esse
3356 4980 3513 5049 jussit
3543 4998 3558 5033 :
3588 4997 3697 5051 quo
3724 4994 3931 5038 mortuo

2354 5072 2513 5126 alium
2565 5072 2747 5142 deligi,
2792 5072 2843 5125 in
2893 5071 3155 5142 hujusque
3194 5072 3300 5125 vita
3341 5072 3583 5127 exsilium
3627 5076 3930 5130 terminavit

2353 5178 2533 5219 eorum
2583 5164 2672 5235 qui
2739 5164 3088 5219 involttntarie
3152 5178 3339 5218 necem
3398 5164 3554 5218 alicui
3607 5166 3927 5223 inutlisscnt.

2354 5256 2629 5324 Quomodo
2676 5257 2833 5325 igitur
2882 5268 3005 5308 tunc
3060 5254 3204 5309 multi
3256 5256 3556 5309 sacerdotes
3594 5256 3719 5327 (et)?
3766 5258 3928 5313 Amani

2355 5349 2604 5419 deinceps
2630 5350 2751 5405 facti
2779 5359 2922 5403 sunt.
2959 5348 3065 5402 llas
3094 5348 3407 5418 sgnificauit
3431 5350 3779 5418 evangelista,
3814 5368 3925 5405 cum

2355 5442 2420 5498 de
2449 5442 2700 5498 Zacltaria
2748 5444 3073 5513 loqueretur,
3104 5442 3288 5497 dicens
3318 5442 3466 5496 illum
3514 5442 3676 5497 luisse
3722 5442 3798 5497 De
3838 5446 3930 5496 uice

2418 5600 2490 5660 la)
2518 5597 2569 5647 In
2592 5604 2754 5647 amco
2776 5598 2960 5660 legitur
2984 5610 3173 5661 «19.1,.
3212 5598 3257 5645 id
3300 5604 3394 5661 est,
3429 5595 3603 5648 md
3638 5600 3924 5661 succiduas.

2356 5658 2719 5731 Clit-vsustomus
2740 5658 2953 5731 utpatet
2993 5658 3501 5731 canosquentibmt,
3528 5662 3730 5721 putum

2355 5736 2473 5770 nam
2496 5724 2686 5770 Joannis
2710 5721 2927 5783 Baptista:
2949 5728 3137 5784 patrem
3169 5721 3316 5771 inissa
3339 5733 3577 5772 suntcum
3604 5722 3925 5775 neeum

2350 5787 2449 5841 Alit
2475 5800 2619 5839 secus
2656 5786 2960 5838 existimant.
3004 5788 3059 5841 ν.
3088 5787 3265 5841 Adnot.
3292 5788 3449 5853 Furtd,
3472 5792 3531 5842 ad
3550 5807 3601 5855 ιι.
3627 5793 3737 5844 78L
