4172 6508
263 450 362 505 ἸἨ

264 564 392 618 Abiu
416 562 573 636 (Luc.
604 564 655 620 l.
686 562 764 632 5).
810 558 1087 628 Principes
1124 556 1285 627 igitur
1325 554 1661 611 sacerdotum
1695 552 1857 607 fuisse

264 655 397 710 dicit
442 671 559 721 eos,
609 654 698 727 qui
743 652 813 708 de
856 649 1186 721 principibus
1233 647 1570 702 sacerdotum
1625 645 1854 699 fuerant.

264 748 421 814 Quod
451 755 628 802 autem
655 744 938 798 consilium
971 740 1239 797 inierunt?
1269 748 1327 793 ut
1367 754 1489 794 eum
1525 738 1659 792 clam
1701 751 1861 806 cape-
1897 811 1916 824 ⁸

264 840 424 893 rent?
443 846 534 892 aut
568 834 987 890 utoccidercnt?
1010 832 1306 900 Utrumque
1334 847 1348 883 :
1376 828 1636 885 timebant
1663 827 1807 883 enim
1838 826 1854 857 ί

248 929 496 1000 plebem.
551 927 674 981 Ideo
712 927 986 998 praeterire
1037 924 1227 979 festum
1280 922 1559 986 volebant;
1611 920 1858 975 dicebant

263 1022 428 1085 enim,
472 1018 594 1074 Non
619 1020 672 1073 in
706 1020 789 1073 die
815 1021 962 1090 festo.
1003 1016 1138 1071 Nam
1176 1014 1439 1078 diabolus,
1474 1030 1541 1069 ne
1571 1012 1855 1068 manifesta

266 1112 445 1181 passio
472 1120 638 1171 esset.
663 1110 878 1165 nolebat
904 1108 1075 1163 occidi
1097 1108 1151 1162 in
1180 1106 1465 1177 paschale;
1499 1105 1573 1167 illi
1613 1120 1761 1170 vero,
1792 1120 1858 1159 uc

267 1203 524 1256 tumultus
545 1211 708 1258 esset.
750 1199 1131 1255 Animadverte
1154 1206 1331 1253 autem
1358 1196 1478 1253 illos
1513 1198 1723 1259 timere,
1750 1210 1854 1250 non

266 1293 460 1355 Deum,
506 1292 679 1363 nerine
706 1306 775 1346 ne
805 1291 978 1360 majus
1008 1290 1184 1345 scelus
1213 1299 1358 1346 esset
1387 1304 1416 1342 a
1446 1298 1726 1358 tempore;
1759 1288 1856 1343 sed

266 1387 462 1456 ubique
488 1384 716 1439 humana
741 1392 1001 1439 metuere.
1034 1385 1283 1439 Attamen
1332 1383 1513 1437 animo
1558 1382 1853 1447 ferventes,

237 1490 450 1548 -pnsma
500 1479 823 1533 sententiam
874 1466 1165 1531 mutarunt.
1210 1475 1341 1530 Cum
1385 1474 1647 1529 dixissent
1688 1473 1854 1538 cnim,

268 1569 390 1625 Non
425 1572 480 1625 in
528 1572 611 1626 die
660 1572 808 1642 festo,
856 1586 976 1626 cum
1028 1569 1353 1641 proditorem
1401 1570 1745 1634 invenissent,
1791 1569 1859 1625 de

266 1672 509 1731 tempore
544 1677 649 1717 non
676 1670 947 1727 curarunt,
977 1661 1070 1717 sed
1114 1661 1167 1715 iu
1217 1661 1333 1731 ipso
1363 1660 1501 1715 festo
1524 1660 1854 1715 occiderunt.

263 1752 373 1808 Cur
397 1763 576 1810 autem
610 1754 756 1809 illum
788 1764 912 1811 tunc
937 1755 1239 1821 ceperunt?
1280 1753 1342 1806 Et
1369 1750 1550 1806 furore
1578 1750 1853 1816 ardentes,

266 1854 323 1898 ut
348 1844 478 1909 dixi,
505 1854 561 1901 et
589 1844 729 1916 quod
759 1857 883 1899 tunc
908 1859 965 1899 se
990 1845 1135 1899 illum
1169 1844 1484 1899 inventuros
1516 1856 1636 1897 esse
1674 1856 1858 1911 Spera-

264 1944 406 2001 rent,
441 1945 601 2008 atque
630 1937 809 1992 omnia
839 1936 989 2006 quasi
1010 1937 1137 1991 caeci
1179 1934 1434 1990 facerent.
1478 1933 1590 1988 Etsi
1627 1933 1858 1987 maxime

266 2027 357 2081 ille
390 2028 625 2094 ipsorum
649 2027 886 2098 nequitia
913 2026 978 2081 ad
1011 2026 1277 2095 pr0priam
1309 2034 1547 2081 uteretur
1570 2025 1855 2094 dispensa-

263 2123 501 2185 tionem;
535 2135 641 2174 non
672 2118 792 2174 ideo
820 2119 938 2174 sine
980 2119 1134 2188 culpa
1174 2129 1345 2183 erant,
1388 2117 1481 2172 sed
1528 2116 1673 2171 mille
1711 2115 1858 2185 digni

261 2209 592 2265 cruciatibus
622 2209 690 2263 ob
719 2208 822 2265 tale
852 2200 1203 2279 propositum.
1232 2208 1455 2275 Quando
1482 2208 1641 2277 igitur
1668 2221 1858 2261 oumes

262 2302 535 2371 etiamque
565 2301 754 2356 noxios
776 2302 907 2356 solvi
933 2299 1233 2369 oportebat,
1270 2310 1395 2353 tunc
1414 2297 1491 2352 illi
1518 2300 1867 2353 innocentem

263 2393 597 2458 occiderunt,
628 2393 718 2462 qui
750 2392 878 2460 ipsis
919 2390 1066 2445 mille
1094 2387 1352 2444 beneﬁcia
1382 2388 1705 2455 contulerat,
1732 2388 1857 2457 qui-

263 2499 368 2552 que
391 2492 605 2552 propter
630 2482 749 2537 illos
776 2479 988 2536 interim
1017 2489 1203 2549 gentes
1241 2478 1519 2549 negligere
1554 2476 1854 2533 videbatur.

263 2573 391 2640 Sed,
424 2591 455 2629 ο
478 2576 857 2645 benignitatem
882 2575 895 2628 l
928 2573 1184 2629 scelestos
1215 2572 1335 2628 illos
1367 2573 1435 2626 ita
1461 2585 1677 2642 pravos,
1707 2572 1857 2627 mille

266 2666 422 2721 Iuniis
451 2678 697 2735 onustos,
728 2681 913 2722 rursus
950 2666 1125 2722 salvos
1155 2665 1300 2733 facit,
1343 2666 1610 2735 mittitque
1638 2676 1857 2735 aposto-

264 2755 349 2812 lus
376 2773 474 2828 pro
511 2758 639 2828 ipsis
674 2757 1016 2826 occidendos,
1044 2770 1098 2814 et
1127 2774 1224 2829 pro
1258 2759 1386 2829 ipsis
1412 2758 1857 2829 supplicationem

264 2849 480 2902 emittit.
511 2845 618 2902 Pro
649 2848 848 2904 Christo
877 2850 1017 2904 enim
1050 2850 1296 2921 legatione
1326 2850 1589 2921 fungimur
1620 2849 1697 2922 (2.
1735 2850 1853 2904 Cor.

256 2938 301 2994 5
339 2939 453 3011 20),
476 2941 661 3011 inquit.
686 2939 834 2995 'l'alia
854 2941 1013 3011 igitur
1027 2942 1269 3010 exempla
1289 2943 1563 3007 habentes,
1586 2957 1693 2997 non
1711 2942 1855 3009 dico,

266 3033 560 3087 moriamur
587 3049 684 3103 pro
729 3035 979 3099 inimicis,
1014 3035 1136 3090 licet
1166 3036 1269 3091 hoc
1295 3040 1506 3107 q‘uoque
1535 3046 1807 3105 oporteret
1840 3054 1855 3092 :

262 3123 363 3178 sed
391 3124 512 3195 quia
543 3124 860 3181 infirmiores
880 3142 1084 3191 sumus,
1116 3126 1243 3181 illud
1269 3128 1476 3183 interim
1498 3128 1639 3193 dico,
1664 3131 1854 3184 saltem

265 3232 337 3270 ne
361 3216 526 3271 livore
554 3216 812 3272 ducamur
841 3233 963 3287 erga
995 3218 1214 3282 amicos,
1247 3233 1313 3272 ne
1343 3218 1673 3275 invideamus
1701 3218 1860 3274 bene-

266 3308 574 3361 facturibus.
622 3306 867 3362 Nondum
894 3309 1034 3373 dico,
1066 3309 1203 3363 mala
1250 3310 1401 3363 nobis
1442 3309 1729 3367 inferentes
1757 3311 1855 3366 be-

266 3402 459 3456 nellcio
506 3401 844 3458 afﬁciamus:
875 3402 1002 3457 illud
1052 3414 1198 3458 certe
1250 3419 1538 3473 cuperem;
1586 3406 1680 3461 scd
1733 3407 1854 3476 quia

263 3495 557 3550 crassiores
619 3497 781 3559 estis,
817 3496 1008 3550 saltem
1051 3495 1171 3549 illos
1217 3512 1282 3549 ne
1328 3496 1681 3552 ulciscamini.
1716 3498 1853 3552 Num

246 3599 427 3640 gscena
468 3594 592 3640 sunt
623 3593 825 3652 nostra,
879 3602 1005 3640 num
1046 3586 1394 3641 histrionica?
1430 3586 1536 3642 Cur
1590 3624 1593 3627 -
1642 3586 1859 3648 veritati

248 3691 332 3732 .ex
360 3676 620 3733 diametro
663 3678 889 3748 oppositi
936 3679 1099 3733 estis?
1142 3677 1258 3731 Non
1302 3678 1418 3733 sine
1452 3691 1612 3732 causa
1656 3678 1856 3749 scripta

265 3776 393 3823 sunt
421 3780 531 3823 tum
556 3769 658 3823 alia
683 3770 883 3835 omnia,
919 3777 1027 3823 tum
1058 3783 1118 3823 ea
1150 3784 1267 3841 quae
1295 3770 1471 3824 crucis
1510 3778 1747 3838 tempore
1775 3769 1856 3827 fe-

247 3860 360 3922 ‘cit,
385 3873 502 3927 qua:
529 3860 824 3928 potuissent
850 3874 942 3913 eos
968 3872 1250 3924 revocare;
1280 3858 1376 3914 sed
1409 3868 1464 3913 ut
1492 3859 1716 3916 imiteris
1741 3861 1857 3930 ejus

262 3949 582 4015 bonitatem,
607 3959 662 4004 ut
687 3950 955 4005 mmuleris
978 3950 1377 4020 benignitatem.
1406 3950 1538 4006 Nam
1556 3961 1610 4008 et
1635 3954 1856 4022 supinos

264 4041 390 4096 illos
419 4042 666 4110 conjecit,
706 4051 758 4095 et
797 4042 1088 4095 auriculam
1126 4042 1321 4096 famulo
1350 4044 1603 4108 restituit,
1652 4054 1856 4099 etcum

262 4132 525 4188 modestia
557 4132 833 4202 respondit
857 4150 870 4185 :
902 4141 955 4186 et
983 4147 1172 4203 magna
1198 4133 1252 4187 in
1280 4147 1440 4188 cruce
1468 4143 1679 4189 erectus
1703 4136 1857 4190 mira-

254 4225 385 4279 cula
414 4224 599 4290 edidit,
625 4224 803 4279 radios
832 4224 1035 4279 solares
1075 4233 1341 4290 avertens,
1375 4234 1551 4294 petras
1581 4228 1851 4295 scindens,

254 4327 509 4372 mortuos
547 4317 829 4381 suscitans,
856 4315 1050 4385 iudicis
1076 4332 1299 4372 uxorem
1332 4332 1426 4387 per
1463 4318 1665 4372 somnia
1696 4320 1854 4373 terri-

264 4422 404 4473 taus,
430 4409 483 4471 iu
526 4409 641 4478 ipso
676 4409 879 4478 judicio
918 4423 1135 4464 onmem
1182 4410 1642 4463 mansuetudinem
1695 4409 1851 4463 exhi-

263 4503 419 4567 beas,
448 4520 566 4570 quae
610 4518 715 4556 non
768 4502 942 4556 minus
984 4518 1142 4572 quam
1188 4503 1443 4557 miracula
1491 4512 1670 4571 posset
1710 4504 1853 4573 ipsos

257 4593 552 4657 attrahere,
585 4594 747 4647 multa
780 4593 1075 4662 praedicens
1113 4594 1166 4646 in
1190 4592 1412 4663 judicio,
1446 4593 1497 4647 in
1541 4594 1654 4662 ipsa
1694 4610 1853 4650 cruce

252 4685 521 4747 clamans,
562 4683 739 4751 Pater,
783 4685 977 4737 dimitte
1010 4685 1110 4739 illis
1154 4685 1247 4737 Itoc
1277 4696 1534 4753 peccatum
1567 4684 1714 4758 (Lac.
1757 4687 1847 4743 9.5.

248 4777 380 4842 54).
413 4777 660 4846 Sepultus
712 4792 858 4841 vero,
907 4786 1037 4845 quot
1076 4776 1142 4831 ad
1175 4777 1383 4831 illorum
1408 4778 1655 4837 ,salutem
1699 4778 1851 4833 exhi-

262 4867 422 4921 buit?
453 4882 573 4920 cum
605 4868 983 4922 resurrexisset
1008 4877 1207 4933 autem,
1235 4882 1411 4921 annon
1438 4868 1618 4922 statim
1634 4869 1851 4927 Judazos

260 4958 503 5011 meavit?
534 4972 710 5011 annon
727 4959 933 5011 veniam
960 4967 1299 5028 peccatorum
1331 4958 1518 5012 dedit?
1539 4976 1715 5015 annon
1736 4977 1852 5016 sex-

258 5058 416 5103 renta
440 5048 573 5101 bona
596 5048 859 5103 contulit?
883 5049 1017 5115 Quid
1046 5048 1145 5104 hoc
1172 5050 1505 5105 mirabilius?
1535 5052 1633 5118 Qui
1678 5054 1849 5107 eruci-

260 5142 505 5204 lixerant,
538 5141 629 5210 qui
677 5157 861 5196 necent
904 5141 1196 5211 spirabant,
1244 5154 1525 5212 postquam
1572 5145 1850 5201 crucifixe-

258 5240 383 5286 runt
408 5247 550 5309 eum,
584 5232 677 5287 lilii
709 5234 800 5288 Dei
841 5234 961 5289 lacti
994 5243 1140 5289 sunt.
1182 5234 1318 5302 Quid
1348 5234 1471 5290 huic
1501 5236 1850 5306 providentia:

260 5340 359 5395 par
380 5325 508 5380 est?
537 5326 661 5381 llaec
703 5326 981 5383 audientes
1012 5343 1119 5398 pra:
1158 5328 1363 5398 pudore
1410 5345 1508 5384 nos
1554 5329 1851 5386 absconda-

258 5432 401 5480 mus,
434 5416 575 5488 quod
604 5426 806 5474 tantum
835 5418 1098 5474 distemus
1127 5419 1193 5475 ab
1224 5420 1331 5485 illo,
1360 5435 1520 5491 quem
1548 5420 1742 5476 imitari
1761 5424 1849 5491 ju—

258 5509 473 5564 bemur.
506 5507 792 5563 Videamus
825 5518 1019 5579 quanta
1058 5510 1127 5564 sit
1168 5510 1526 5579 intercapedo,
1562 5520 1615 5565 ut
1655 5512 1847 5567 saltem

258 5614 362 5653 nos
386 5597 722 5663 damnemus.
746 5615 811 5655 eo
841 5600 982 5670 quod
1010 5600 1130 5655 illos
1168 5601 1558 5671 impugnemus,
1602 5617 1699 5672 pro
1726 5605 1847 5673 qui-

259 5690 360 5743 bus
387 5689 632 5745 Cbristus
656 5690 888 5745 animam
919 5692 1124 5760 posuit;
1159 5705 1255 5745 nec
1279 5692 1381 5745 illis
1406 5693 1630 5746 velimus
1653 5709 1846 5748 recon-

325 5778 520 5853 Ἄρηα.
531 5779 651 5853 alios
671 5780 973 5853 sic‘eﬂ'ertgr
994 5782 1088 5852 thic
1119 5780 1255 5853 locus
1276 5796 1289 5831 :
1324 5788 1378 5832 Ut
1404 5795 1513 5853 eum
1536 5781 1690 5853 clam-
1701 5797 1846 5853 cope-

259 5847 375 5953 ἱεηὲ
390 5838 520 5915 feni
547 5851 596 5892 ut
620 5841 893 5894 occiderent
916 5842 939 5893 ?
960 5842 1058 5894 sive
1082 5848 1132 5893 ut
1154 5850 1407 5906 utrumque
1427 5844 1642 5905 facerent
1666 5844 1690 5895 Ρ
1714 5838 1845 5897 tiine-

293 5916 341 5951 ut
394 5916 538 5953 enim.

1188 439 1255 497 lN
1286 434 1701 517 MATTIIA‘ZUM
1736 429 1970 489 HOMIL.
2001 428 2241 486 LXXIX.
2281 430 2359 487 al.
2400 429 2617 487 LXXX.

3462 428 3562 485 721

1964 547 2155 613 ciliari,
2192 564 2326 619 quos
2366 557 2424 603 ut
2458 548 2864 613 reconciliaret,
2910 562 3013 602 nec
3063 549 3237 605 occidi
3274 560 3560 603 recusavit.

1963 642 2047 694 An
2072 655 2307 709 expensa
2334 649 2417 695 est
2440 649 2495 696 et
2519 640 2863 710 pecuniarum
2888 638 3152 709 prolusio,
3178 638 3394 709 quodin
3419 639 3564 695 eiec-

1963 745 2185 803 mosyna
2219 731 2512 787 obtenditis
2538 733 2561 787 ?
3360 741 3366 749 '

2033 825 2089 879 4.
2128 822 2447 895 Iniuriarum
2489 824 2718 878 remissio
2770 833 2816 877 et
2858 822 3039 877 oblivio
3085 820 3456 876 desiderantur.
3490 850 3564 865 --

1964 913 2146 984 Cogita
2191 930 2349 985 quam
2380 916 2570 969 noxius
2609 915 2704 981 sis,
2731 926 2783 969 et
2809 929 2912 969 non
2943 913 3104 968 modo
3136 929 3243 967 non
3280 915 3554 969 recusabis

1965 1006 2287 1062 laedentibus
2312 1017 2363 1062 te
2384 1008 2593 1062 veniam
2630 1008 2780 1072 dare,
2810 1006 2904 1062 sed
2933 1006 3095 1062 etiam
3124 1005 3191 1060 ad
3223 1005 3345 1061 illos
3369 1022 3558 1062 accur-

1965 1115 2072 1167 res,
2103 1111 2158 1155 ut
2195 1100 2287 1155 tibi
2317 1100 2368 1155 id
2396 1099 2465 1157 sit
2498 1100 2834 1155 remissionis
2859 1100 3095 1167 occasio,
3122 1109 3177 1153 ut
3207 1101 3551 1171 propriorum

1965 1194 2059 1249 tibi
2091 1194 2349 1250 malorum
2387 1195 2809 1251 consolationem
2835 1195 3094 1265 reperias.
3128 1195 3371 1252 Gentiles
3413 1212 3559 1270 saepe

1964 1286 2098 1341 nihil
2126 1289 2302 1357 magni
2322 1298 2717 1357 exspectantes,
2751 1288 2803 1342 in
2836 1287 2985 1343 hisce
3008 1290 3169 1343 rebus
3194 1287 3557 1360 philosophati

1965 1387 2087 1431 sunt
2116 1395 2129 1432 :
2156 1388 2210 1433 et
2232 1387 2307 1445 tu,
2337 1378 2425 1448 qui
2456 1377 2523 1433 ad
2566 1387 2768 1433 tantam
2806 1394 2955 1448 spem
3003 1376 3341 1449 profecturus
3364 1395 3445 1446 es,
3473 1398 3560 1436 re-

1967 1466 2105 1538 fugis
2142 1479 2194 1523 et
2228 1469 2529 1538 torpescis?
2554 1480 2609 1524 et
2643 1469 2785 1540 quod
2831 1480 3040 1539 tempus
3084 1469 3228 1536 facit,
3285 1470 3387 1527 hoc
3446 1488 3553 1528 non

1964 1561 2197 1617 sustines
2223 1572 2440 1632 propter
2467 1561 2565 1617 Dei
2589 1561 2761 1632 legem
2789 1570 2915 1617 ante
2947 1571 3158 1631 tempus
3174 1561 3370 1627 facere,
3396 1572 3451 1619 et
3480 1565 3561 1619 vis

1966 1656 2141 1724 potius
2171 1656 2289 1710 sine
2318 1654 2599 1720 mercede,
2630 1671 2788 1725 quam
2821 1670 2943 1710 cum
2976 1647 3225 1709 mercede
3247 1655 3553 1723 passionem

1968 1756 2111 1802 tuam
2132 1746 2441 1817 exstingui?
2472 1744 2654 1816 Neque
2700 1746 2919 1800 enimsi
2969 1746 3021 1799 id
3070 1760 3100 1799 a
3153 1755 3398 1815 tempore
3448 1744 3558 1812 liat,

1964 1838 2139 1907 majus
2156 1838 2428 1907 quidpiam
2458 1837 2552 1891 tibi
2576 1838 2864 1905 supererit,
2890 1836 2999 1892 imo
3027 1852 3188 1911 grave
3215 1838 3559 1907 supplicium,

1965 1932 2105 2001 quod
2137 1930 2187 1986 id
2228 1930 2369 2000 quod
2399 1939 2610 2001 tempus
2636 1930 2815 1985 facere
2858 1931 3049 2000 potuit,
3083 1930 3185 1984 hoc
3216 1930 3299 1985 lex
3330 1930 3423 1985 Dei
3459 1931 3551 1985 tibi

1968 2024 2144 2078 facere
2172 2039 2277 2077 non
2306 2022 2652 2092 persuaserit.
2677 2022 2829 2088 Quod
2847 2023 2891 2077 si
2918 2022 3143 2089 dixeris,
3166 2030 3217 2080 te
3240 2022 3559 2078 inﬂammari

1965 2130 2085 2170 cum
2112 2115 2454 2170 contumeliae
2484 2116 2784 2170 recordaris
2806 2156 2821 2181 ,
2848 2116 2899 2169 in
2928 2116 3240 2171 memoriam
3272 2130 3485 2182 revoca,
3516 2116 3563 2171 si

1964 2206 2088 2276 quid
2122 2205 2213 2259 tibi
2244 2206 2366 2260 boni
2395 2221 2426 2259 a
2456 2205 2685 2261 lmdente
2713 2206 3041 2272 accesserit,
3071 2215 3125 2261 et
3150 2206 3325 2275 cogita
3356 2216 3556 2276 quanta

1966 2305 2021 2351 tu
2048 2296 2169 2352 aliis
2198 2297 2336 2351 mala
2359 2296 2623 2352 intuleris.
2654 2296 2770 2353 Tibi
2796 2295 3089 2363 maledixit,
3123 2306 3174 2351 te
3196 2297 3398 2367 probro
3434 2295 3564 2351 alie-

1965 2388 2076 2441 cit?
2104 2386 2302 2442 Tecum
2334 2396 2522 2457 reputa
2553 2396 2606 2443 te
2631 2403 2844 2459 quoque
2872 2389 2989 2443 aliis
3018 2387 3385 2443 maledixisse.
3416 2388 3564 2455 Quo-

1967 2482 2126 2537 modo
2154 2498 2283 2553 crgo
2313 2484 2521 2539 veniam
2550 2485 2918 2554 consequeris,
2948 2499 3107 2555 quam
3156 2484 3277 2541 aliis
3319 2501 3424 2539 non
3455 2486 3555 2553 de-

1964 2572 2126 2627 disti?
2155 2572 2262 2629 Sed
2293 2573 2425 2628 nihil
2455 2574 2561 2629 tale
2590 2574 2806 2629 dixisti?
2833 2575 2941 2631 Sed
2966 2576 3130 2630 alium
3157 2575 3271 2630 hme
3297 2576 3565 2632 dicentem

1966 2664 2160 2719 audisti
2188 2706 2204 2730 ,
2236 2665 2395 2736 idque
2421 2666 2703 2738 amplexus
2729 2682 2809 2722 es.
2836 2667 3020 2735 Neque
3050 2668 3179 2721 illud
3206 2669 3362 2737 culpa
3391 2679 3564 2727 vacat.

1970 2754 2062 2811 \‘is
2089 2756 2295 2812 discere
2339 2770 2597 2828 quantum
2642 2760 2714 2814 sit
2757 2760 2955 2814 bonum
2988 2760 3302 2830 iniuriarum
3334 2763 3565 2834 oblivio,

1967 2855 2019 2900 et
2049 2862 2207 2915 quam
2240 2847 2379 2902 Deus
2404 2846 2507 2903 bac
2539 2849 2605 2904 de
2634 2865 2695 2905 re
2724 2848 2971 2905 laetetur?
3002 2850 3110 2906 Eos
3152 2853 3242 2923 qui
3286 2853 3567 2924 laetantur,

1965 2954 2088 2998 cum
2117 2940 2297 2996 vident
2322 2943 2586 3013 quosdam
2610 2945 2677 2999 ab
2705 2959 2770 2999 eo
2792 2944 2937 3015 juste
2958 2946 3231 3018 castigari,
3256 2949 3565 3007 ulciscitur:

1964 3034 2176 3089 etiamsi
2205 3030 2464 3091 enim'illi
2496 3036 2639 3106 juste
2686 3038 2992 3108 puniantur,
3039 3048 3091 3094 te
3128 3039 3197 3094 de
3228 3039 3310 3096 his
3337 3042 3568 3112 gaudere

1965 3141 2073 3181 non
2104 3135 2337 3197 oportet.
2370 3126 2583 3183 Etenim
2616 3129 2877 3200 propheta
2906 3130 3073 3184 multa
3103 3131 3435 3196 criminatus,
3467 3131 3568 3190 hoc

1964 3220 2239 3288 subjunxit
2260 3238 2272 3272 :
2301 3217 2451 3273 Nihil
2470 3221 2606 3291 passi
2628 3232 2743 3275 sunt
2766 3223 2818 3276 in
2840 3224 3139 3289 contritione
3154 3222 3345 3295 Joseplt
3368 3223 3565 3297 (Amos.

1965 3310 2017 3365 6.
2054 3311 2146 3380 6);
2192 3319 2246 3364 et
2288 3326 2523 3376 rursum,
2579 3310 2699 3365 Non
2726 3312 2875 3366 exivit
2912 3314 3075 3368 vicina
3118 3316 3185 3367 ad
3225 3316 3568 3388 plangendum

1966 3419 2121 3456 uuam
2162 3403 2367 3456 domum
2407 3404 2727 3473 conjunctam
2770 3404 2816 3457 ei
2864 3403 3051 3475 (Mich.
3086 3406 3137 3460 l.
3168 3406 3282 3476 11).
3315 3406 3569 3474 Quamvis

1964 3491 2186 3559 Joseph,
2224 3491 2277 3546 id
2305 3502 2407 3558 est,
2439 3493 2608 3546 tribus
2629 3508 2696 3547 ex
2730 3494 2823 3548 illo
2851 3503 2985 3549 ortae
3010 3510 3074 3551 ac
3102 3497 3281 3561 vicini,
3314 3498 3403 3553 Dei
3431 3509 3562 3554 nutu

1934 3572 1937 3575 ⁷
1967 3584 2322 3652 punirentur;
2365 3584 2457 3639 sed
2489 3586 2601 3639 vult
2632 3598 2730 3639 nos
2756 3585 2863 3641 illis
2892 3586 3200 3642 condolere.
3234 3586 3367 3643 Nam
3398 3589 3444 3644 si
3472 3603 3568 3645 nos

1964 3676 2053 3744 qui
2086 3676 2311 3746 improbi
2343 3691 2547 3742 sumus,
2572 3692 2693 3731 cum
2718 3693 2930 3733 servum
2960 3678 3303 3749 castigamus,
3335 3681 3377 3734 si
3407 3695 3567 3751 quem

1965 3782 2348 3824 conservorum
2380 3769 2642 3825 ridentem
2673 3770 2970 3837 videamus,
2995 3770 3165 3841 magis
3192 3769 3564 3841 indignamur,

1966 3868 2018 3915 ct
2068 3860 2119 3914 in
2170 3860 2318 3915 illum
2369 3861 2504 3914 iram
2554 3862 2961 3915 convertimus:
2996 3861 3163 3917 multo
3209 3864 3377 3932 [uagis
3424 3863 3567 3919 Deus

1966 3966 2153 4021 punias
2185 3961 2389 4021 repetet
2413 3951 2479 4005 ab
2504 3952 2588 4017 iis,
2614 3952 2701 4021 qui
2729 3952 2797 4006 de
2826 3951 3102 4021 suppliciis
3127 3953 3351 4007 aliorum
3375 3952 3569 4008 laetan-

1972 4055 2077 4099 tur.
2114 4043 2265 4111 Quod
2299 4045 2341 4097 si
2377 4044 2429 4098 in
2460 4057 2556 4099 eos
2581 4044 2671 4113 qui
2701 4059 2730 4097 a
2762 4043 2871 4098 Deo
2916 4044 3205 4113 puniuntur
3245 4061 3349 4099 non
3390 4045 3568 4101 insur-

1962 4152 2110 4207 gere,
2140 4135 2234 4191 sed
2268 4134 2372 4190 illis
2400 4135 2689 4191 eondolere
2716 4145 2949 4205 oportet,
2991 4132 3161 4189 multo
3191 4137 3357 4207 magis
3386 4136 3449 4191 iis
3476 4138 3564 4207 qui

1964 4239 2148 4283 contra
2175 4243 2270 4283 nos
2300 4236 2607 4298 pecearunt.
2630 4228 2742 4282 lluc
2763 4229 2904 4281 cnim
2928 4227 3166 4282 caritatis
3189 4239 3565 4299 argumentum

1962 4332 2065 4388 est,
2100 4320 2237 4375 hanc
2263 4335 2392 4375 vero
2426 4320 2679 4375 omnibus
2716 4322 2993 4387 anteponit
3019 4320 3178 4376 Deus.
3202 4319 3563 4386 Quemadmo-

1962 4412 2088 4468 dum
2134 4413 2275 4467 enim
2326 4412 2377 4466 in
2413 4427 2646 4481 purpura
2693 4412 2837 4480 regia
2890 4412 2965 4465 illi
3015 4410 3194 4477 ﬂores,
3246 4412 3317 4466 illi
3357 4414 3565 4469 colores

1962 4504 2183 4573 pretiosi
2213 4512 2356 4569 sunt,
2386 4504 2478 4573 qui
2504 4502 2839 4575 chlamydem
2869 4504 2945 4558 sic
2966 4515 3229 4557 exornant
3252 4504 3357 4559 :sic
3380 4515 3433 4559 et
3454 4507 3564 4562 illa:

1962 4597 2213 4666 pretiosa:
2259 4596 2483 4650 virtutes
2536 4604 2696 4659 sunt,
2747 4610 2867 4663 quae
2911 4596 3187 4649 caritatem
3232 4596 3559 4653 contineant.

1960 4687 2103 4743 Nihil
2135 4698 2313 4743 autem
2349 4687 2425 4742 ita
2453 4688 2727 4742 caritatem
2758 4696 2971 4752 servat,
3005 4696 3063 4741 ut
3092 4686 3288 4740 oblivio
3313 4701 3562 4756 peccato-

1960 4796 2112 4844 rum,
2161 4795 2281 4850 quae
2326 4780 2379 4834 in
2426 4794 2528 4834 nos
2572 4778 2805 4833 admissa
2851 4786 2997 4833 sunt.
3042 4780 3236 4833 Annon
3285 4778 3352 4834 de
3392 4783 3562 4838 altera

1961 4883 2113 4942 parte
2142 4871 2345 4927 curavit
2372 4872 2509 4927 Deus
2526 4872 2561 4942 ἲ,
2578 4886 2754 4926 annon
2784 4871 2928 4925 misit
2948 4869 3229 4927 laedentem
3252 4872 3318 4925 ad
3340 4873 3526 4927 laesum
3551 4877 3573 4927 ?

1962 4979 2139 5018 annon
2167 4964 2233 5018 ab
2260 4963 2413 5017 altari
2456 4962 2523 5016 ad
2552 4962 2801 5017 eumdem
2836 4962 3009 5031 ipsum
3049 4961 3214 5026 misit,
3246 4972 3297 5016 et
3326 4952 3447 5033 pust
3473 4976 3567 5019 τεο·

1958 5055 2386 5109 conciliationem
2419 5053 2483 5106 ad
2508 5068 2748 5108 mensam
2767 5062 2923 5107 voeat
2948 5052 3094 5106 illum
3116 5051 3329 5125 (Matth.
3352 5055 3406 5109 5.
3425 5056 3519 5124 9.5)
3537 5058 3563 5107 7

1958 5147 2030 5201 At
2060 5156 2111 5200 tu
2144 5162 2211 5201 ne
2241 5145 2361 5201 ideo
2391 5153 2677 5214 exspectes
2704 5144 2853 5199 illum
2880 5162 2894 5199 :
2919 5143 3151 5215 alioquin
3180 5153 3348 5200 totum
3378 5146 3558 5216 perdi-

1958 5236 2103 5293 disti.
2133 5237 2425 5308 PrOpterea
2448 5238 2591 5292 enim
2619 5235 2942 5293 ineffabilem
2972 5236 3064 5291 tibi
3090 5235 3393 5292 mercedem
3422 5253 3557 5292 con-

1958 5331 2149 5396 stituit,
2170 5328 2246 5384 Ὶιι
2278 5332 2578 5402 praevenias
2608 5331 2815 5402 ipsum;
2848 5329 2917 5385 ita
2952 5340 3003 5384 ut
3038 5329 3081 5384 si
3113 5340 3333 5400 rogatus
3362 5346 3556 5385 recon-

1957 5422 2156 5476 eilieris
2182 5463 2197 5487 ,
2229 5437 2335 5475 non
2358 5421 2467 5490 jam
2494 5437 2558 5475 ex
2588 5420 2679 5476 Dei
2714 5432 2985 5491 prmeepto
3012 5422 3243 5476 amicitia
3270 5421 3554 5493 jungatur.

1957 5513 2049 5568 sed
2078 5530 2143 5568 ex
2170 5514 2312 5568 illius
2340 5513 2550 5568 studio:
2574 5514 2925 5583 quamobrem
2950 5516 3297 5571 incoronatus
3324 5515 3554 5585 recedis,

1959 5604 2050 5659 illo
2076 5605 2261 5658 bravia
2298 5604 2623 5672 accipiente.
2651 5605 2787 5671 Quid
2819 5605 2989 5661 dicis?
3030 5606 3308 5661 inimicum
3348 5605 3553 5675 babes,

1958 5710 2056 5748 ttcc
2084 5703 2134 5748 te
2165 5694 2362 5763 pudet?
2388 5696 2581 5749 Annon
2611 5694 2807 5749 sufﬁcit
2834 5695 2989 5751 nobis
3014 5696 3277 5762 diabolus,
3309 5706 3367 5750 ut
3390 5697 3554 5753 etiam

1956 5800 2286 5855 congeneres
2334 5785 2486 5841 nobis
2529 5786 2776 5843 inimicos
2817 5788 3187 5845 amabamus?
3233 5788 3442 5843 Utinam
3486 5804 3556 5844 ne

1962 5879 2047 5933 ille
2074 5879 2285 5942 quidem
2314 5880 2594 5936 uobiscum
2628 5881 2788 5937 vellet
2832 5898 3099 5954 pugnare,
3147 5882 3347 5936 utinam
3380 5897 3555 5952 neque
