4172 6498
646 427 749 484 723

649 539 740 594 ille
769 535 1010 594 diabolus
1029 542 1191 590 esset.
1217 531 1404 589 Nescis
1432 539 1624 602 quanta
1655 531 1725 585 sit
1750 539 1868 600 post
1896 526 2210 583 reconcilia-

652 629 856 684 tionem
897 625 1178 696 voluptas?
1217 623 1350 692 Quid
1394 625 1573 690 enim,
1614 623 1656 677 si
1688 623 1741 676 in
1773 622 1900 690 ipsis
1925 617 2211 675 inimicitiis

650 720 736 773 illa
760 732 875 772 non
904 717 1161 787 apparet?
1188 715 1317 772 Nam
1343 716 1486 786 quod
1515 715 1729 771 suavius
1757 715 1825 768 sit
1849 713 2125 767 lzedcntem
2153 724 2211 763 se

644 824 845 867 amare.
868 823 1025 878 quam
1046 808 1169 862 odio
1190 806 1404 870 habere,
1426 817 1702 877 postquam
1717 805 2009 859 inimicitiae
2023 803 2212 857 soluta:

642 901 857 963 fuerint,
895 909 1017 953 tunc
1040 898 1235 970 poteris
1267 899 1428 966 probe
1456 899 1681 952 discere.

705 991 769 1045 τε.
794 989 920 1059 Ἰρεα
948 1000 1084 1045 uetus
1111 990 1190 1044 lea:
1211 990 1509 1061 injuriarum
1547 988 1878 1042 recordationi
1899 987 2204 1041 adversatur.

649 1077 699 1130 4⁷
701 1081 745 1133 ir
771 1081 926 1135 bonus
951 1063 1085 1134 nihil
1113 1080 1233 1133 ntali
1271 1081 1374 1149 pati
1414 1091 1591 1149 potest.
1610 1110 1681 1120 -—-
1698 1079 1806 1133 Cur
1834 1093 1960 1148 ergo
1987 1079 2211 1132 furiosos

641 1164 952 1235 imitamur,
997 1170 1084 1240 qui
1132 1185 1190 1226 se
1228 1179 1410 1223 mutuo
1455 1171 1715 1234 lacerant,
1751 1170 1836 1238 qui
1865 1170 1916 1222 in
1945 1169 2207 1236 propriam

640 1255 860 1315 carnem
888 1261 1188 1314 insaniunt?
1204 1262 1340 1314 Audi
1362 1272 1551 1329 quanta
1574 1261 1790 1331 hujusce
1811 1261 1886 1315 rei
1907 1277 2029 1315 cura
2043 1262 2206 1316 etiam

651 1352 702 1404 in
733 1352 890 1406 veteri
919 1352 1031 1420 lege
1062 1351 1236 1405 fuerit.
1277 1351 1410 1412 Vite,
1451 1353 1655 1421 inquit,
1683 1354 2048 1406 recordantium
2077 1353 2210 1405 mala

643 1445 700 1497 in
722 1454 923 1497 mortem
947 1441 1128 1515 (Prov.
1149 1444 1235 1497 12.
1251 1443 1361 1512 28).
1388 1443 1551 1496 Ilomo
1573 1444 1762 1497 homini
1785 1453 2038 1497 conservat
2058 1445 2206 1506 iram,

648 1547 697 1588 et
717 1553 748 1587 a
779 1534 885 1589 Deo
922 1536 1096 1605 quierit
1130 1535 1375 1588 medelam
1403 1537 1419 1604 (
1446 1535 1604 1588 Ereti.
1633 1535 1722 1590 28.
1752 1536 1784 1588 5
1809 1535 1847 1603 ).
1897 1535 2050 1603 Atqui
2077 1550 2206 1588 ocu-

648 1623 755 1676 lum
784 1638 879 1692 pro
901 1624 1075 1688 oculo,
1105 1632 1159 1678 et
1182 1625 1391 1678 dentem
1421 1640 1516 1692 pro
1545 1624 1701 1678 dente
1730 1625 1992 1679 concessit
2015 1624 2204 1693 (Exod.

645 1713 736 1768 21.
768 1714 858 1784 2A)
883 1733 896 1767 :
919 1716 1182 1784 quomodo
1209 1715 1366 1785 igitur
1386 1718 1634 1770 accusat?
1662 1719 1792 1784 Quia
1816 1718 1902 1771 illa
1925 1718 2204 1779 concessit,

650 1819 753 1858 non
784 1813 842 1859 ut
864 1806 1002 1860 alter
1029 1805 1178 1860 alteri
1212 1806 1490 1869 iaciamus,
1525 1806 1615 1860 sed
1648 1817 1702 1860 ut
1736 1806 2011 1860 formidine
2040 1821 2208 1875 ptume

649 1911 677 1948 a
703 1897 794 1949 tali
821 1911 951 1951 ausu
978 1897 1354 1951 abstineamus.
1398 1898 1638 1966 Alioquin
1681 1910 1854 1955 autem
1891 1900 1975 1953 illa
2006 1911 2209 1968 tempo-

646 2001 822 2040 ranete
841 1985 1111 2054 cujusdam
1135 1988 1226 2040 ira:
1241 1996 1382 2052 sunt,
1400 1987 1704 2056 injuriarnm
1721 2000 1895 2043 autem
1913 1990 2207 2047 recordatio

650 2076 838 2130 animm
881 2077 1172 2145 nequitiam
1213 2077 1531 2131 meditantis.
1563 2077 1664 2133 Sed
1692 2079 1828 2133 male
1867 2088 2083 2134 vexatus
2111 2081 2208 2134 es?

644 2167 752 2222 Sed
778 2183 882 2221 non
915 2177 1116 2222 tantum
1162 2168 1252 2222 tibi
1300 2170 1420 2223 mali
1462 2170 1670 2235 intulit,
1717 2179 1966 2239 quantum
2011 2181 2064 2225 tu
2094 2171 2207 2240 ipse

651 2257 762 2321 tibi,
795 2259 837 2312 si
874 2258 1082 2326 injuria:
1121 2259 1426 2314 recordatus
1471 2259 1648 2315 fueris.
1697 2261 1937 2330 Alioquin
1975 2277 2101 2316 vero
2127 2263 2208 2316 vir

650 2347 816 2400 bonus
845 2348 973 2402 nihil
997 2348 1120 2403 mali
1144 2349 1246 2417 pati
1272 2359 1463 2417 potest.
1492 2348 1570 2404 Sit
1593 2351 1732 2404 enim
1757 2352 1894 2417 quis,
1919 2367 2135 2406 uxorem
2154 2361 2208 2406 et

652 2436 839 2492 liberos
870 2437 1088 2502 habens,
1110 2439 1204 2507 qui
1236 2439 1651 2506 philosophetur,
1684 2440 1978 2510 habeatque
2008 2443 2199 2496 multas

648 2524 823 2579 damni
850 2528 1138 2596 accipiendi
1163 2529 1468 2583 occasiones
1491 2570 1504 2594 ,
1538 2529 1788 2598 pecunias
1814 2531 2035 2596 multas,
2066 2533 2208 2600 prin-

647 2616 874 2683 cipatum
895 2657 912 2682 ,
942 2619 1138 2673 amicos
1164 2619 1355 2672 multos
1375 2659 1389 2683 ,
1421 2618 1751 2688 honoresque
1781 2619 2045 2686 obtineat;
2075 2629 2209 2675 atta-

648 2718 769 2758 men
823 2706 1243 2774 philosoiibetur;
1299 2708 1399 2762 hoc
1439 2710 1583 2762 enim
1629 2709 2027 2778 supponentlum
2075 2722 2202 2764 est:

647 2811 910 2849 acuminis
956 2797 1026 2850 illi
1073 2799 1326 2852 accedere
1369 2799 1646 2868 ﬁngamus.
1694 2799 1923 2854 Accedat
1947 2801 2202 2869 quispiam

647 2886 906 2940 scelestus
951 2885 1106 2940 homo
1136 2889 1227 2956 qui
1258 2887 1503 2942 damnum
1533 2890 1583 2943 in
1614 2891 1805 2959 opibus
1831 2889 2021 2944 inferat
2045 2912 2058 2944 :
2081 2891 2203 2960 quid

647 2975 747 3031 hoc
774 2977 837 3030 ad
869 2978 1036 3032 virum
1074 2980 1162 3048 qui
1207 2981 1455 3048 pecunias
1499 2980 1630 3034 nihil
1673 2989 1816 3036 esse’
1838 2981 2014 3051 putat?
2045 2983 2205 3037 Filios

645 3066 873 3120 occidat:
910 3067 1033 3135 quid
1061 3068 1158 3120 hoc
1179 3067 1244 3122 ad
1270 3069 1459 3134 virum,
1481 3071 1568 3139 qui
1597 3071 1735 3125 circa
1763 3073 2202 3127 resurrectionem

648 3156 1085 3228 philosophatur?
1123 3158 1350 3215 Uxorem
1382 3161 1586 3231 jugulet
1619 3180 1632 3216 :
1664 3163 1787 3232 quid
1831 3163 1932 3218 hoc
1973 3165 2039 3219 ad
2080 3182 2199 3220 eum

650 3264 3814 3290 Μ

1381 420 1439 476 S.
1475 416 1748 475 JOANNIS
1781 411 2252 473 CliRYSOSTOMl
2279 411 2592 470 ARCHIEP.
2620 415 3145 476 CONSTANTINOP.

3793 425 3896 480 725

2318 526 2406 595 qui
2437 526 2621 583 doctus
2636 537 2724 583 est
2748 546 2858 584 non
2898 531 3153 602 lugendos
3179 546 3299 589 esse
3327 533 3687 590 dormientes?
3718 533 3892 590 Dede-

2316 632 2412 672 cus
2437 619 2510 672 il-li
2535 619 2947 691 conferat:quid
2986 622 3086 678 hoc
3111 623 3265 679 laedat
3294 640 3415 681 eum
3439 668 3454 690 ,
3486 625 3575 696 qui
3604 629 3894 697 presenti:

2318 712 2493 764 omnia
2535 710 2721 767 ﬂorem
2747 727 2872 768 esse
2916 711 3044 769 fmni
3075 717 3258 783 putat?
3299 716 3355 771 Si
3395 718 3475 771 vis
3503 719 3663 773 etiam
3694 733 3890 785 corpus

2318 803 2612 869 percutiat.
2655 811 2709 856 et
2754 802 2805 856 in
2836 817 3102 859 carcerem
3139 805 3389 875 conjiciat
3413 825 3425 858 :
3448 807 3572 876 quid
3604 808 3708 862 hoc
3731 808 3892 862 lthCl

2317 905 2458 955 eum,
2483 893 2570 960 qui
2597 892 2856 956 didicerit,
2886 894 3092 948 etiamsi
3119 897 3350 949 exterior
3373 907 3554 950 noster
3580 898 3738 951 homo
3761 912 3889 951 cur-

2317 997 2609 1053 rumpatur,
2643 985 2943 1040 interiorem
2973 997 3142 1040 tamen
3171 989 3411 1042 renovari
3429 990 3506 1055 (2.
3533 985 3654 1042 Cor.
3684 987 3736 1041 ι.
3771 987 3883 1057 l6),

2317 1078 2728 1132 ettribulatione
2756 1077 3114 1147 probationem
3160 1079 3296 1134 effici
3340 1078 3514 1147 (Rom.
3547 1080 3598 1134 5.
3648 1079 3741 1147 '5)?
3771 1080 3884 1148 Ego

2315 1182 2444 1221 sane
2481 1169 2736 1236 polliceor
2770 1170 2927 1224 talem
2972 1169 3238 1224 hominem
3288 1170 3340 1222 in
3383 1169 3526 1223 nullo
3566 1169 3751 1224 laesum
3784 1170 3883 1225 iri:

2316 1259 2485 1311 oratio
2527 1267 2700 1312 autem
2749 1259 2881 1312 ultra
2930 1259 3220 1327 procedens
3263 1259 3496 1314 ostendit
3543 1259 3716 1328 ipsum
3761 1260 3884 1313 hinc

2316 1352 2535 1403 multum
2578 1349 2786 1418 juvari,
2830 1350 3072 1404 renovari
3115 1360 3169 1405 et
3215 1351 3568 1419 probatiorem
3615 1350 3773 1403 efﬁci.
3806 1347 3886 1404 Ne

2317 1441 2486 1509 itaque
2511 1441 2647 1509 apud
2669 1441 2802 1494 alios
2826 1441 3062 1495 dolorem
3087 1449 3324 1494 nostrum
3347 1440 3704 1509 exprimamus
3726 1459 3739 1493 :
3761 1439 3884 1494 hinc

2314 1533 2455 1587 enim
2487 1546 2581 1586 nos
2612 1532 2754 1600 ipsos
2785 1532 3022 1587 ltedimus
3043 1573 3058 1596 ,
3101 1533 3438 1599 animumque
3466 1538 3704 1584 nostrum
3737 1529 3886 1583 infir-

2315 1623 2534 1675 miorem
2555 1621 2839 1676 reddimus.
2864 1622 3024 1675 Dolor
3039 1622 3178 1675 enim
3198 1621 3285 1675 ille
3307 1636 3410 1674 non
3434 1630 3538 1674 tam
3559 1635 3625 1674 ex
3650 1621 3880 1686 proximi

2316 1713 2567 1782 nequitia,
2598 1730 2752 1784 quam
2784 1731 2845 1767 ex
2892 1714 3094 1784 ignavia
3145 1724 3323 1768 nostra
3371 1713 3626 1782 procedit.
3660 1711 3802 1777 Ideo,
3834 1712 3878 1766 si

2312 1804 2431 1873 quis
2456 1818 2554 1856 nos
2582 1804 2897 1858 contumelia
2924 1802 3140 1867 alliciat,
3170 1804 3524 1873 lacrymamur
3549 1811 3602 1858 et
3627 1802 3878 1872 deprimi-

2312 1910 2466 1959 mur;
2497 1898 2541 1950 si
2571 1895 2690 1964 quis
2715 1907 2892 1949 nostra
2917 1895 3102 1965 rapiat,
3131 1894 3352 1962 idipsum
3382 1895 3629 1964 patimur,
3658 1892 3879 1964 perinde

2312 1996 2469 2055 atque
2498 1987 2696 2055 pueruli
2730 1987 2800 2039 illi
2822 2025 2835 2049 ,
2882 2000 3015 2055 quos
3055 1984 3329 2039 liberiores
3357 1984 3505 2053 pueri
3537 1985 3756 2038 incitant
3785 1998 3878 2050 pro

2312 2090 2371 2129 re
2400 2075 2594 2129 nullius
2624 2076 2877 2130 momenti
2918 2074 3157 2128 dolorem
3188 2073 3502 2138 inferentes;
3535 2075 3579 2127 si
3611 2087 3736 2128 vero
3762 2073 3878 2126 illos

2311 2165 2546 2221 rixantes
2576 2165 2840 2230 viderint,
2870 2165 3116 2219 mordere
3147 2179 3249 2218 non
3277 2172 3520 2227 cessant;
3560 2163 3604 2216 si
3645 2163 3879 2218 ridentes

2311 2257 2544 2320 videant,
2575 2267 2698 2312 tunc
2726 2257 3005 2311 desistunt.
3031 2258 3100 2310 At
3127 2269 3223 2310 nos
3250 2257 3330 2308 his
3359 2255 3784 2324 insipientiores.
3811 2252 3878 2308 de

2312 2352 2375 2406 iis
2399 2351 2468 2404 ob
2499 2365 2616 2420 qum
2639 2349 2812 2404 ridere
2834 2357 3122 2417 oporteret,
3140 2348 3361 2401 multum
3389 2347 3648 2401 dolemus.
3674 2345 3878 2413 Quam-

2311 2442 2496 2496 obrem
2542 2455 2692 2510 rogo,
2746 2440 2848 2493 hoc
2888 2438 3074 2508 puerili
3119 2437 3325 2508 abjecto
3367 2437 3566 2502 animo,
3594 2437 3757 2490 ctelos
3780 2450 3879 2506 ap-

2313 2532 2724 2603 prehendamus.
2745 2531 2873 2585 Nam
2905 2530 3145 2585 Christus
3171 2543 3266 2584 nos
3297 2544 3414 2584 esse
3444 2529 3585 2583 viros
3609 2535 3788 2597 optat.
3823 2535 3880 2582 et

2311 2629 2452 2677 viros
2479 2625 2757 2692 perfectos.
2781 2620 2868 2676 Sic
2895 2622 3034 2675 enim
3056 2619 3204 2689 jubet
3226 2628 3280 2674 et
3307 2620 3532 2673 Paulus:
3562 2617 3784 2684 Fratres,
3816 2631 3882 2670 nc

2309 2719 2417 2771 sitis
2445 2717 2585 2785 pueri
2611 2724 2790 2779 mente,
2822 2714 2909 2769 sed
2936 2713 3127 2765 malitia
3153 2711 3347 2782 parvuli
3369 2720 3526 2764 estote
3546 2710 3621 2777 (l.
3641 2710 3760 2765 Cor.
3790 2709 3876 2766 Η.

2309 2809 2419 2874 20).
2442 2806 2672 2861 Infantes
2687 2819 2814 2873 ergo
2829 2804 3024 2857 malitia
3040 2802 3226 2866 simus,
3245 2811 3299 2856 et
3315 2801 3599 2870 nequitiam
3617 2799 3878 2869 fugientes

2310 2900 2558 2952 virtutem
2582 2896 2978 2964 amplectamur.
3003 2902 3062 2946 ut
3086 2901 3281 2946 mterna
3307 2905 3691 2960 consequamur
3714 2891 3878 2956 bena,

2309 2989 2474 3058 gratia
2502 2997 2554 3042 et
2584 2987 2907 3055 benignitate
2936 2983 3140 3038 Domini
3172 2981 3338 3036 nostri
3366 2981 3490 3035 Jesu
3521 2979 3748 3045 Christi,
3783 2982 3872 3035 cui

2307 3081 2471 3150 gloria
2497 3088 2549 3134 et
2579 3077 2857 3148 imperium
2891 3075 2942 3129 in
2973 3073 3164 3129 sarcula
3195 3072 3528 3128 smeulorum.
3559 3073 3749 3127 Anien.

1697 3347 2033 3410 HOMILIA
2075 3351 2339 3413 LXXX.
2387 3351 2470 3414 al.
2516 3348 2807 3410 LXXXI.

643 3484 769 3540 CAP.
814 3486 901 3540 26.
949 3501 999 3539 ν.
1032 3486 1082 3539 6.
1125 3485 1248 3540 Cum
1291 3496 1454 3541 mitem
1499 3497 1622 3541 esset
1670 3487 1818 3542 Iesus
1855 3491 1904 3542 in
1959 3490 2204 3545 Bethania

713 3577 764 3627 in
790 3575 936 3630 domo
967 3575 1187 3630 Simonis
1227 3579 1412 3644 leprosi
1429 3617 1443 3639 ,
1477 3578 1526 3631 7.
1565 3563 1768 3631 accessit
1791 3580 1857 3631 ad
1885 3596 1993 3632 eum
2025 3583 2203 3636 mulier

713 3668 895 3722 habens
925 3667 1226 3721 alabastrum
1252 3669 1490 3735 unguenti
1517 3670 1737 3738 pretiosi,
1767 3681 1812 3724 et
1849 3670 2026 3736 e/fudit
2054 3690 2204 3744 super

712 3769 859 3827 caput
884 3759 991 3822 eius
1020 3759 1354 3810 recumbentis.

716 3850 766 3902 1.
798 3848 982 3902 Mulier
1019 3865 1129 3918 qua:
1167 3849 1314 3916 pedes
1341 3847 1525 3904 Christi
1553 3850 1708 3903 abluit
1729 3892 1744 3915 ,
1784 3867 1897 3918 qua:
1922 3853 2004 3904 sit.
2037 3851 2202 3917 Quare

642 3940 780 4008 lepra
796 3939 1014 3994 Simonis
1027 3949 1070 3992 et
1085 3956 1258 3992 nomen
1265 3929 1405 3993 iubis
1418 3951 1764 3995 memorentur.
1773 3941 2071 3996 Peccatricis
2083 3962 2202 4014 erga

641 4027 836 4094 Iesum,
855 4040 900 4082 et
920 4028 1041 4082 Jesu
1068 4046 1181 4098 erga
1211 4032 1527 4098 peccatricem
1553 4032 1733 4100 agendi
1754 4035 1880 4085 ratio
1901 4046 2202 4087 commenta-

643 4131 743 4174 tur.
765 4150 835 4159 —-
857 4121 978 4174 Haec
1009 4123 1195 4174 mulier
1228 4137 1328 4174 una
1358 4122 1647 4191 eademque
1677 4123 1881 4177 videtur
1921 4138 2037 4177 csse
2063 4125 2200 4193 apud

642 4226 826 4266 omnes
855 4210 1233 4279 evangelistas;
1283 4209 1375 4264 sed
1417 4226 1538 4266 vere
1579 4227 1682 4266 non
1713 4223 1792 4266 eSt
1816 4230 1828 4264 :
1855 4227 2033 4266 verum
2065 4213 2200 4281 apud

648 4309 756 4354 tres
796 4300 1145 4368 evangelistas
1198 4315 1298 4352 una
1347 4314 1466 4354 meo
1507 4300 1705 4368 judicio
1752 4302 2040 4372 eademque
2087 4313 2197 4367 est;

643 4388 780 4458 apud
826 4387 1079 4441 Joannem
1137 4385 1288 4455 (Cap.
1333 4388 1418 4459 l2)
1461 4405 1587 4443 vero
1632 4405 1732 4444 non
1775 4391 1934 4454 item;
1976 4392 2069 4446 sed
2098 4394 2198 4448 alia

640 4477 876 4546 quaedam
907 4478 1160 4531 mirabilis
1191 4477 1410 4540 mulier,
1440 4492 1591 4532 soror
1615 4478 1793 4533 Lazari
1825 4480 1920 4551 (α).
1952 4481 2058 4536 Nec
2087 4485 2199 4536 sine

641 4583 795 4621 causa
844 4568 1038 4633 lepram
1085 4565 1316 4620 Simonis
1355 4578 1608 4621 memorat
1640 4571 1995 4639 evangelista;
2025 4572 2116 4626 sed
2147 4580 2202 4625 ut

644 4657 882 4711 ostendat
910 4672 1004 4709 cur
1037 4658 1256 4710 fidenter
1283 4657 1472 4712 mulier
1497 4661 1795 4714 accesserit.
1837 4660 2094 4726 Quoniam
2127 4663 2201 4716 le-‘

642 4762 733 4814 pra
779 4761 864 4798 res
903 4760 1022 4799 esse
1065 4746 1332 4800 immunda
1375 4758 1427 4801 et
1480 4749 1826 4803 abominanda
1877 4752 2190 4818 videbatur,

643 4835 877 4904 viditque
903 4833 1082 4889 Jesum
1111 4851 1322 4889 curasse
1352 4836 1650 4903 hominem,
1681 4839 1987 4910 lepramque
2024 4843 2199 4896 eliniio

640 4939 792 4978 nasse
819 4926 1011 4993 (neque
1040 4925 1179 4978 enim
1209 4926 1455 4980 voluisset
1487 4929 1621 4996 apud
1653 4929 1917 4998 leprosum
1949 4947 2192 4997 manere,

637 5014 812 5085 ibique
837 5015 1116 5086 diversari)
1137 5057 1151 5080 ,
1200 5017 1416 5070 coolidit
1454 5020 1641 5077 mulier
1670 5021 1838 5090 ipsum
1868 5023 2054 5076 animze
2085 5039 2194 5077 sua:

638 5105 1021 5160 immunditiam
1069 5103 1221 5161 facile
1262 5106 1617 5166 abstersurum
1663 5126 1802 5166 esse.
1852 5111 2032 5182 Neque
2083 5115 2197 5167 sine

637 5211 797 5251 causa
840 5212 1031 5251 nomen
1061 5198 1206 5252 urbis
1226 5238 1242 5262 ,
1275 5197 1541 5253 Bethania:
1570 5201 1799 5267 scilicet,
1844 5203 2073 5266 addidit;
2103 5203 2196 5258 sed

639 5298 692 5342 ut
720 5291 889 5342 discas
921 5290 1088 5357 ipsum
1114 5289 1336 5345 libenter
1361 5290 1427 5344 ad
1447 5291 1742 5362 passionem
1769 5293 2038 5348 accedere.
2065 5293 2194 5348 Nam

638 5379 727 5448 qui
756 5387 880 5432 ante
909 5378 1159 5448 ell‘ugerat
1189 5381 1307 5434 illos
1331 5420 1346 5444 ,
1389 5381 1598 5450 quando
1628 5385 1853 5439 maxime
1883 5384 2075 5438 invidia
2105 5400 2194 5438 ar-

714 5471 788 5537 (a)
805 5469 1231 5537 Crandlsqutrstio
1245 5481 1408 5537 utrum
1421 5473 1666 5536 peccalrix
1681 5476 1785 5537 illa,
1797 5490 1906 5537 qua:
1923 5473 2102 5526 Christi
2124 5488 2212 5537 pe-

649 5525 739 5580 des
751 5525 924 5599 abluit,
939 5525 1110 5581 eadem
1127 5537 1228 5594 ipsa
1250 5535 1334 5589 sit,
1348 5525 1458 5599 quin
1471 5549 1610 5599 soror
1623 5537 1737 5585 ιω
1745 5525 1784 5584 ri
1800 5525 1967 5599 {quam
1984 5525 2209 5599 tractare,

635 5595 898 5702 praesentis
923 5608 1017 5642 non
1041 5604 1118 5642 est
1142 5595 1375 5645 instituti.
1405 5596 1596 5646 Mariam
1611 5606 1773 5647 autem
1801 5595 2129 5661 M'agdalenam
2153 5598 2213 5646 ab

679 5658 719 5701 is
761 5657 1000 5702 diversam
1025 5668 1137 5702 esse
1166 5659 1302 5702 nauci
1331 5662 1422 5702 iam
1445 5669 1645 5702 nouant.
1684 5660 1870 5702 -~Vide
1902 5662 2213 5702 Monuments

647 5657 719 5722 his
745 5657 1000 5722 diversam
1025 5668 1137 5703 esse
1166 5659 1303 5722 pauci
1324 5662 1422 5722 iam
1445 5669 1645 5722 negant.
1684 5657 2213 5722 --Vide'Monuments

638 5714 820 5764 inedita
853 5729 937 5765 sur
962 5714 1228 5780 l'apostolat
1250 5721 1309 5769 de
1325 5714 1490 5770 'sainte
1513 5714 1984 5771 Mario-Madeteinc
2008 5723 2210 5771 enPro-

637 5785 936 5838 venre,auct.
966 5781 1018 5829 li.
1041 5780 1224 5828 Failion
1238 5784 1484 5831 societatis
1500 5784 1547 5830 S.
1566 5785 1766 5844 Riiipicii
1785 5786 2057 5832 sacerdote.
2074 5784 2209 5832 Εοιτ.

2311 3491 2507 3546 dcbant
2527 3529 2543 3554 ,
2573 3500 2697 3542 tunc
2725 3501 2889 3557 prope
2928 3484 3151 3541 accessit
3191 3484 3338 3555 quasi
3368 3481 3434 3537 ad
3459 3481 3624 3538 stadia
3650 3481 3879 3552 quinde-

2308 3583 2409 3636 cim
2432 3598 2445 3644 ;
2475 3582 2653 3648 sicque
2676 3582 2819 3646 prior
2840 3591 3078 3632 recessus
3098 3576 3162 3630 ad
3183 3577 3530 3632 ceconomiam
3555 3575 3874 3645 pertinebat.

2311 3670 2506 3723 Videas
2535 3683 2659 3735 ergo
2686 3667 2830 3720 illum
2861 3667 3068 3731 mulier,
3100 3666 3326 3734 hincque
3363 3675 3629 3734 assumpta
3659 3664 3874 3729 ﬁducia,

2308 3760 2549 3814 accessit.
2592 3757 2720 3811 Nam
2753 3757 2796 3810 si
2837 3756 2923 3809 illa
2950 3770 3067 3824 qua:
3093 3756 3364 3824 sanguinis
3393 3754 3587 3809 ﬂuxum
3631 3755 3876 3824 patieba-

2307 3859 2391 3903 tur
2411 3891 2424 3914 ,
2471 3850 2569 3902 etsi
2607 3847 2798 3900 nullius
2830 3843 3189 3913 hujuscemodi
3218 3843 3315 3898 sibi
3347 3844 3557 3898 conscia
3583 3852 3723 3897 esset
3743 3885 3758 3907 ,
3802 3844 3880 3898 ob

2305 3945 2473 4007 illam,
2521 3958 2637 4009 quae
2681 3940 2932 3993 naturalis
2955 3938 3231 3993 videbatur
3258 3953 3408 4000 esse,
3439 3936 3824 3990 immunditiam
3853 3975 3870 4000 ,

2309 4046 2544 4090 tremens
2594 4040 2938 4098 metuensque
2988 4032 3205 4084 accessit
3237 4046 3249 4080 :
3281 4029 3446 4082 multo
3488 4027 3656 4096 magis
3700 4026 3869 4090 hanc,

2306 4142 2422 4195 quae
2447 4125 2544 4178 sibi
2572 4122 2694 4177 mali
2725 4122 2932 4175 conscia
2975 4129 3088 4175 erat
3111 4161 3123 4180 ,
3173 4120 3410 4174 timuisse
3453 4119 3735 4174 verisimile
3761 4128 3870 4173 est.

2307 4217 2508 4270 idcirco
2539 4223 2654 4284 post
2683 4212 2876 4266 multas
2905 4212 3154 4265 mulieres
3175 4251 3187 4272 ,
3220 4208 3626 4272 Samaritanam,
3656 4207 3870 4262 Chana-

2307 4321 2493 4367 tnnam,
2521 4320 2634 4358 eam
2660 4318 2776 4372 qum
2797 4302 3064 4370 sanguinis
3086 4300 3279 4354 ﬂuxum
3303 4299 3618 4368 patiebatur,
3636 4298 3872 4368 aliasque

2307 4395 2557 4464 plurimas
2586 4394 2820 4457 accedit,
2867 4390 3006 4459 quod
3047 4389 3142 4444 sibi
3191 4404 3392 4458 magna:
3441 4387 3785 4442 immunditia:
3815 4399 3873 4442 et

2306 4483 2532 4538 lascivia:
2570 4482 2783 4536 conscia
2816 4489 2988 4541 esset;
3017 4494 3115 4532 nec
3147 4478 3374 4547 publice,
3397 4477 3488 4532 sed
3512 4479 3562 4529 in
3591 4476 3770 4530 domo.
3805 4476 3874 4530 Et

2306 4589 2425 4628 cum
2470 4573 2556 4626 alii
2600 4586 2784 4624 omnes
2830 4584 2923 4637 pro
2965 4571 3192 4623 sanitate
3234 4569 3472 4637 corporis
3521 4565 3869 4628 accederent,

2307 4664 2520 4718 honoris
2548 4671 2750 4715 tantum
2777 4675 2931 4714 causa
2963 4658 3266 4722 accedebat,
3296 4667 3349 4713 et
3374 4668 3433 4711 ut
3460 4657 3649 4713 animt:
3673 4658 3873 4712 sanita-

2307 4766 2411 4808 tem
2441 4762 2873 4821 conscqueretur.
2905 4749 3056 4803 Nulla
3095 4749 3235 4800 enim
3276 4749 3515 4815 corporis
3556 4747 3871 4818 mgritudine

2305 4843 2953 4910 tenebaturzquapmpter
2994 4835 3302 4891 admiranda
3347 4837 3575 4917 maxime
3602 4836 3868 4893 videatur.

2301 4930 2480 5000 Neque
2509 4932 2655 4984 illum
2685 4939 2740 4983 ut
2785 4928 3052 4982 hominem
3100 4935 3301 4980 tantum
3341 4924 3487 4990 adit;
3519 4941 3690 4996 neque
3723 4927 3869 4980 enim

2301 5021 2506 5088 capillis
2535 5019 2897 5082 abstersisset;
2926 5017 3016 5072 sed
3047 5025 3102 5070 ut
3129 5017 3343 5070 homine
3363 5015 3638 5084 majorem.
3663 5013 3872 5071 idcirco

2301 5109 2535 5164 omnium
2561 5109 2917 5163 membrorum
2947 5108 3329 5162 nobilissimum
3353 5113 3514 5177 caput
3533 5121 3686 5161 suum
3712 5105 3868 5178 pedi-

2302 5203 2399 5256 bus
2421 5201 2616 5257 Christi
2648 5201 2896 5255 admovit.
2925 5200 2979 5254 8.
3017 5199 3250 5254 Videntes
3274 5208 3442 5254 autem
3469 5198 3707 5267 discipuli
3729 5200 3867 5268 ejus,

2302 5293 2486 5362 inquit,
2515 5291 2759 5359 indignati
2795 5300 2928 5356 sunt,
2972 5290 3192 5344 dicentes
3212 5290 3326 5344 :Ad
3348 5290 3470 5361 quid
3489 5290 3704 5361 perditio
3723 5289 3872 5347 hac?

2301 5384 2354 5438 9.
2400 5382 2571 5436 Potuit
2613 5383 2746 5436 enim
2785 5391 3092 5452 unguentum
3135 5381 3228 5434 hoc
3268 5381 3558 5436 venumdari
3583 5381 3779 5445 multo,
3822 5389 3868 5436 et

2301 5477 2412 5528 dari
2448 5475 2767 5545 pauperibus.
2812 5473 2898 5528 l0.
2943 5471 3120 5528 Sciens
3165 5483 3332 5527 autem
3366 5472 3518 5527 Iesus
3564 5471 3690 5526 dicit
3717 5486 3739 5526 ι
3763 5471 3868 5526 Cur

2301 5569 2494 5622 molesti
2530 5567 2648 5620 estis
2686 5566 2800 5618 huic
2837 5565 3075 5618 mulieri?
3107 5562 3246 5634 Opus
3276 5564 3409 5618 enim
3447 5564 3632 5617 bonum
3658 5573 3870 5632 operata

2301 5669 2371 5711 est
2400 5658 2451 5710 in
2479 5674 2574 5710 me.
2605 5657 2688 5710 Η.
2722 5655 2978 5724 Pauperes
3005 5655 3134 5708 enim
3163 5669 3355 5724 semper
3378 5653 3568 5708 habetis
3593 5652 3868 5717 uobiscum,

2301 5765 2378 5804 me
2405 5760 2568 5802 autem
2597 5764 2693 5801 non
2723 5764 2913 5817 semper
2940 5748 3148 5800 habetis.
3183 5746 3269 5800 12.
3302 5744 3587 5799 lmmittem
3616 5743 3749 5823 enim
3773 5745 3870 5800 hoc
