4172 6498
241 418 343 478 125

241 546 552 606 unguentum
582 535 635 587 in
658 547 838 601 corpus
881 546 1041 583 meum
1068 569 1081 593 ,
1112 529 1179 581 ad
1207 524 1546 597 sepeliendum
1582 535 1658 572 me
1684 515 1820 587 fecit.

242 626 331 680 15.
364 626 520 679 Amen
550 625 663 678 dira
684 622 840 686 rubis,
865 622 1160 689 ubicumque
1189 617 1518 689 pra'dicatum
1548 612 1699 682 fuerit
1730 610 1825 664 hoc

240 715 551 786 euangelium
572 715 625 767 iu
646 714 874 767 universo
903 711 1112 773 nmudo,
1136 719 1187 764 et
1212 706 1346 778 quod
1365 708 1473 760 ha’c
1491 706 1609 769 [erit
1630 704 1826 757 dicetur

241 806 293 859 in
315 806 606 861 memoriam
630 806 757 869 eius.
788 805 848 859 Et
880 803 1023 858 unde
1049 801 1165 856 inec
1194 800 1296 854 illis
1324 796 1575 869 cogitatio
1602 794 1822 849 snborta

238 896 362 950 est?
400 894 694 950 Audierant
736 894 1002 950 dicentem
1043 892 1384 962 Magistrum,
1421 883 1822 942 Blisericordiant

240 986 373 1052 volo,
393 995 439 1040 et
466 1002 566 1041 non
593 987 896 1056 sacriﬁcium
918 984 1071 1056 (Osee
1112 983 1165 1040 6.
1198 984 1275 1055 6),
1303 980 1623 1049 luti-eosque
1643 979 1823 1033 inere-

239 1086 480 1147 pantem,
507 1076 632 1147 quia
664 1076 867 1145 majora
894 1073 1229 1145 negligeltant
1249 1112 1263 1135 ,
1288 1071 1546 1142 judicium
1568 1109 1583 1133 ,
1613 1067 1825 1124 miseri-

236 1166 480 1220 cordiam
505 1175 560 1221 et
586 1166 742 1222 fidem
764 1205 780 1231 ,
811 1175 875 1239 et
904 1164 1069 1219 multa
1100 1164 1151 1218 in
1182 1172 1361 1218 rrrtnrte
1390 1161 1459 1216 de
1481 1161 1821 1229 eleemosyna

239 1257 548 1327 loquentem
576 1274 588 1308 :
614 1257 842 1329 hincque
864 1255 1005 1327 apud
1042 1270 1102 1311 se
1140 1254 1463 1326 colligebant
1487 1250 1819 1322 cogitabant-

238 1361 347 1416 que
366 1388 381 1411 ,
411 1348 456 1401 si
483 1346 790 1402 holocausta
819 1355 875 1402 et
902 1355 1139 1401 veterem
1168 1344 1370 1399 cultum
1398 1357 1505 1397 non
1537 1340 1818 1405 admittat,

241 1440 416 1494 multo
443 1439 619 1495 minus
656 1439 909 1509 unguenti
940 1438 1263 1494 unctionem.
1291 1435 1396 1493 Sed
1424 1434 1476 1489 hi
1502 1434 1717 1505 quidem
1741 1434 1820 1493 sic

236 1531 564 1602 cogitabant,
588 1532 702 1602 ipse
717 1533 845 1587 vero
868 1538 1102 1586 mentem
1120 1529 1237 1599 ejus
1260 1527 1572 1598 respiciens,
1593 1525 1816 1582 dimisit.

235 1621 371 1677 Nam
395 1622 557 1677 multa
586 1622 754 1694 pietas
780 1632 894 1678 erat
919 1632 975 1678 et
1000 1620 1267 1677 inell'abile
1288 1619 1521 1675 studium
1555 1636 1571 1673 :
1595 1618 1820 1688 ideoque

233 1714 357 1785 ejus
385 1714 593 1770 affectui
632 1731 691 1773 se
733 1722 1131 1785 attemperans,
1170 1711 1439 1767 concessit
1480 1718 1542 1765 ut
1581 1712 1636 1765 in
1660 1717 1820 1780 caput

232 1806 407 1876 ipsius
432 1806 612 1861 oleum
638 1803 1015 1861 etfunderetur.
1044 1804 1176 1859 Nam
1204 1804 1248 1858 si
1289 1802 1452 1858 homo
1479 1800 1596 1858 ﬁeri
1615 1843 1631 1866 ,
1663 1812 1821 1857 utero

231 1901 455 1969 gestari,
498 1899 633 1953 lacte
680 1898 868 1953 nutriri
899 1911 1005 1953 non
1035 1896 1323 1960 recusavit,
1370 1894 1495 1966 quid
1523 1893 1736 1949 miraris
1770 1891 1820 1947 si

234 1990 341 2046 hoc
386 2006 492 2045 non
527 1989 798 2060 depellat?
840 1989 1298 2060 Quemadmodum
1329 1988 1472 2045 enim
1512 1988 1671 2043 Pater
1702 1986 1821 2057 ejus

233 2082 479 2137 nidorem
508 2090 563 2137 et
588 2081 811 2149 fumum,
836 2082 914 2137 sic
955 2088 1006 2136 et
1037 2080 1151 2151 ipse
1184 2080 1521 2151 meretricem
1547 2078 1813 2148 suscepit,

230 2173 351 2242 ejus
383 2182 614 2229 mentem
645 2182 697 2229 et
719 2173 977 2239 animum,
1008 2180 1065 2226 ut
1086 2171 1214 2234 dixi,
1251 2169 1574 2243 approbatis.
1606 2168 1817 2225 Eumim

227 2265 401 2320 .lacuh
449 2264 666 2337 cippum
715 2265 825 2321 Deo
867 2264 1094 2329 inunxit,
1135 2273 1192 2320 et
1229 2264 1285 2319 in
1313 2262 1591 2319 sacriﬁciis
1635 2262 1818 2319 oleum

225 2354 571 2422 oﬂ‘ercbatur,
600 2355 1015 2425 sacerdotesque
1031 2362 1298 2426 unguento
1315 2354 1649 2424 angebantur
1663 2352 1815 2425 (Gen.

226 2445 323 2500 9.8.
371 2447 467 2515 l8;
510 2445 671 2503 Lerit.
699 2446 755 2501 2.
786 2446 821 2502 4
863 2455 910 2501 et
945 2446 1001 2502 8.
1032 2446 1127 2516 10)
1171 2464 1184 2501 :
1226 2460 1410 2500 verum
1452 2447 1699 2518 discipuli
1724 2446 1815 2517 qui

227 2537 470 2594 mulieris
498 2540 735 2594 animum
763 2554 870 2595 non
898 2540 1314 2609 cognoscebant,
1342 2540 1645 2611 importune
1670 2540 1813 2596 illam

225 2630 671 2699 criminabantur,
703 2641 759 2688 et
798 2631 1099 2689 accusando
1147 2633 1388 2690 mulieris
1436 2633 1813 2692 liberalitatem

223 2722 532 2777 ostendunt.
563 2723 695 2778 Cum
719 2723 902 2778 dicunt
926 2724 1090 2792 enim,
1122 2724 1337 2781 Poterat
1365 2726 1619 2783 trecentis
1645 2727 1816 2782 derra-

224 2812 323 2866 riis
349 2812 698 2879 venumdari,
747 2814 1037 2870 ostendunt
1077 2826 1332 2883 quantum
1375 2816 1721 2887 insumpserit
1757 2816 1811 2872 in

226 2911 556 2974 unguentum
584 2904 719 2960 illud
746 2944 761 2971 ,
792 2914 849 2961 et
875 2915 1125 2976 quantam
1153 2906 1458 2964 exhibuerit
1486 2910 1810 2966 munificen-

222 2994 376 3048 tiam.
401 2993 758 3062 Quamohrcrn
788 2995 930 3067 ipsos
951 3000 1202 3068 increpat,
1230 2998 1415 3056 dicens
1439 3018 1455 3056 :
1486 3001 1590 3057 Cur
1614 3002 1812 3058 molesti

222 3086 343 3141 estis
372 3086 488 3141 huic
508 3086 706 3144 mulieri
721 3088 748 3143 7
774 3089 840 3145 Et
866 3090 1123 3147 rationem
1145 3092 1345 3163 adjicit,
1378 3104 1433 3150 ut
1464 3094 1570 3151 illis
1593 3101 1807 3169 passio-

222 3179 308 3234 nis
339 3181 650 3237 memoriam
677 3193 953 3240 revocaret
980 3200 996 3238 :
1024 3184 1106 3239 Ad
1130 3186 1442 3256 sepulturam
1468 3190 1613 3246 enim
1640 3206 1807 3247 meam

221 3271 321 3326 hoc
362 3274 500 3346 fecit.
544 3274 781 3347 itemque
821 3276 964 3334 aliud
1010 3278 1343 3336 ratiocinium
1382 3282 1585 3339 addidit
1614 3302 1628 3339 :
1657 3283 1804 3341 Pau-

220 3382 365 3431 pcres
388 3367 521 3422 enim
544 3385 741 3440 semper
762 3372 1035 3438 vobiscum,
1071 3390 1152 3429 me
1177 3386 1345 3431 autem
1365 3393 1463 3434 non
1485 3395 1683 3452 scalper
1705 3383 1803 3437 Ira-

219 3456 363 3513 baia.
392 3459 479 3525 Et,
504 3458 814 3534 Ubicumque
828 3464 1156 3535 medicatum
1173 3469 1327 3539 fuerit
1351 3470 1446 3524 hoc
1464 3473 1800 3545 evangelium,

216 3551 551 3615 etquodlnrc
576 3555 696 3624 fecit
738 3555 950 3612 dicetur.
983 3557 1229 3615 Vidistin‘
1277 3564 1546 3631 quomodo
1591 3565 1800 3621 exitum

216 3640 281 3694 ad
309 3650 497 3712 gentes
523 3647 861 3714 pramuutiet,
898 3647 984 3704 hic
1030 3651 1192 3705 etiam
1231 3651 1506 3723 discipulis
1534 3654 1600 3712 de
1627 3667 1803 3716 morte

214 3745 310 3785 sua
362 3732 784 3801 consolationem
832 3739 1103 3797 alrerens?
1165 3741 1439 3813 Siquidem
1487 3755 1630 3803 tanta
1680 3760 1801 3818 post

213 3836 430 3879 crucem
460 3824 628 3881 virtus
649 3827 764 3898 ejus
791 3830 963 3887 futura
990 3842 1095 3901 est,
1129 3842 1185 3890 ut
1212 3836 1521 3906 praedicatio
1553 3841 1567 3871 ¹
1601 3855 1697 3911 per
1719 3849 1801 3896 to-

218 3921 327 3966 tum
355 3914 544 3971 orbem
572 3917 893 3979 ellundatur.
939 3924 1070 3993 Quis
1111 3928 1179 3983 ita
1220 3930 1384 3985 miser
1411 3941 1513 3997 est,
1550 3940 1608 3987 ut
1634 3943 1798 3990 tanta:

213 4005 422 4061 \critati
464 4011 756 4081 repugnet?
783 4013 921 4071 Ecce
960 4018 1103 4075 enim
1144 4021 1215 4081 id.
1247 4023 1388 4093 quod
1416 4024 1572 4092 dixit,
1604 4027 1797 4082 factum

210 4106 324 4160 est;
373 4108 428 4152 et
454 4114 789 4173 quocumque
844 4113 1109 4165 terrarum
1162 4112 1281 4180 ibis,
1336 4114 1473 4172 hanc
1519 4118 1796 4175 mulierem

212 4186 490 4251 pradieari
516 4191 701 4247 audies
733 4209 747 4246 :
776 4211 1094 4268 quamquam
1141 4202 1225 4257 illa
1274 4219 1382 4261 non
1425 4206 1648 4279 insignis
1676 4226 1797 4281 per-

209 4290 339 4333 sona
366 4292 530 4345 esset,
576 4299 673 4339 nec
694 4287 846 4343 multi
872 4299 1034 4347 testes
1062 4293 1309 4352 adessent
1335 4314 1349 4361 ;
1380 4313 1478 4355 nec
1501 4301 1554 4355 in
1586 4303 1797 4359 theatro

208 4369 441 4439 quodam
468 4386 556 4427 res
583 4384 729 4443 gesta
760 4388 925 4447 esset,
955 4383 1048 4437 sed
1076 4384 1127 4438 in
1149 4385 1334 4455 duum,
1359 4400 1411 4445 et
1439 4390 1493 4447 in
1518 4392 1679 4450 domo
1720 4396 1796 4452 le-

211 4460 373 4529 prosi,
407 4459 680 4533 discipulis
708 4476 909 4523 tantum
939 4478 1309 4541 praesentibus.

274 4554 329 4609 9..
370 4556 501 4625 Quis
530 4557 632 4614 hoc
662 4560 731 4614 ita
773 4563 1005 4633 vulgavit
1036 4576 1090 4621 et
1117 4572 1421 4638 przedicavit
1448 4576 1472 4630 ?
1503 4577 1795 4649 Loquentis

208 4644 393 4701 virtus.
440 4645 597 4704 Certe
641 4666 823 4721 regunt
870 4656 1156 4713 multorum
1206 4671 1261 4717 et
1304 4663 1535 4734 ducmn,
1565 4644 1792 4741 quorum

205 4735 363 4790 etiam
413 4752 751 4796 monumenta
795 4754 1042 4810 narrent,
1078 4763 1165 4805 res
1206 4764 1371 4822 gesta:
1411 4735 1689 4827 tacent-ur;
1730 4780 1795 4821 ac

206 4825 327 4882 licet
355 4828 517 4885 urbes
563 4835 915 4893 excitaveriot
934 4880 950 4906 ,
978 4856 1161 4897 muros
1193 4846 1709 4924 circumstruxerint,
1740 4858 1791 4913 in

207 4917 362 4977 bellis
393 4923 626 4981 victores
668 4928 905 4994 fuerint,
938 4943 1135 5003 tropma
1164 4942 1432 4996 erexerint
1452 4984 1467 5009 ,
1499 4917 1792 5021 gentesque

207 5011 401 5067 multas
428 5014 481 5068 in
508 5016 826 5077 senitntem
860 5023 1191 5094 redegerint,
1229 5044 1327 5086 nec
1361 5011 1537 5101 fama',
1568 5053 1664 5094 nec
1690 5011 1790 5095 no-

207 5104 349 5161 mine
387 5122 489 5161 suo
528 5110 638 5164 noti
668 5120 791 5166 sunt
810 5152 829 5179 ,
859 5115 1066 5171 etiamsi
1093 5131 1149 5174 et
1178 5130 1378 5179 statuas
1403 5130 1671 5185 erexerint
1692 5173 1706 5197 ,
1737 5143 1793 5189 et

209 5192 349 5265 leges
371 5197 619 5255 dederint
648 5218 662 5255 :
693 5204 834 5274 quod
857 5217 1034 5263 autem
1057 5215 1308 5269 meretrix
1339 5216 1513 5273 oleum
1546 5192 1791 5281 ell'uderit

209 5284 259 5339 in
285 5287 449 5345 domo
474 5292 666 5361 leprosi
690 5337 706 5362 ,
781 5295 968 5351 decem
1043 5301 1170 5355 viris
1196 5299 1545 5375 pméntibus
1570 5355 1585 5380 ,
1615 5315 1663 5369 id
1692 5331 1787 5385 per

209 5376 385 5433 urbem
431 5393 647 5437 cantant
675 5400 860 5442 omnes
884 5430 899 5449 ,
931 5403 993 5444 ac
1031 5404 1148 5461 post
1179 5404 1382 5452 tantum
1426 5376 1786 5472 temporis-rei

208 5480 365 5571 g‘estm
386 5476 640 5528 memoria
672 5493 777 5530 non
810 5481 1065 5537 minuitur
1094 5501 1107 5537 :
1132 5489 1223 5542 sed
1254 5490 1452 5558 Persm,
1480 5494 1616 5563 ludi,
1647 5498 1783 5571 Scy-

212 5555 334 5649 thae,
355 5562 611 5630 Thraces,
638 5568 985 5639 Sauromata,
1012 5575 1197 5643 Mauri,
1224 5583 1310 5649 qni
1342 5584 1671 5645 Britannicas
1702 5555 1753 5646 iit
1770 5624 1785 5635 -

210 5648 348 5704 aulas
378 5653 635 5723 incolunt,
667 5664 805 5728 quod
835 5661 885 5717 in
916 5663 1095 5721 Judrea
1129 5670 1180 5724 in
1218 5672 1378 5729 domo
1401 5679 1654 5749 quadam,
1688 5699 1788 5742 nec

277 5805 295 5839 r
318 5815 429 5871 [ιτα
446 5815 618 5874 manli:
638 5816 749 5869 ιιροὶις.
773 5821 851 5866 at“
956 5826 1113 5874 ξέοι-ει.
1143 5827 1334 5894 legunt,
1358 5837 1673 5901 evangelium.

496 5919 747 5980 r’a‘rttnt.
817 5922 859 5982 ε
877 5942 935 5983 n.
988 5929 1204 5995 Li’lll.

1127 409 1189 467 ΙΝ
1230 400 1631 489 ΜΑΧΤΪΙΙΑΞΠὩ
1675 393 1899 454 ιιυδιιιμ
1943 394 2155 451 LXXX.
2195 399 2264 453 al.
2309 399 2546 457 LXXXI.

3426 399 3530 455 7‘6

1935 511 2128 578 palam,
2180 529 2208 567 a
2261 516 2540 569 meretrice
2589 514 2784 570 factum
2842 526 2923 570 est
2953 557 2967 581 ,
2999 514 3309 584 pra-dicant.
3342 516 3528 588 Magna

1936 606 2145 661 Durniui
2175 608 2474 678 benignitas
2509 609 2844 664 meretricem
2887 607 2990 663 fert
3014 648 3031 673 ,
3061 610 3399 667 meretricem
3431 627 3523 683 pc-

1930 696 2027 753 rles
2055 700 2385 755 osculantem
2412 743 2426 767 ,
2456 702 2683 771 oleoque
2711 700 2973 770 rigantem
2999 742 3014 765 ,
3047 709 3101 755 et
3126 702 3523 774 abstergentem

1929 790 2169 858 capillis;
2202 792 2346 847 illam
2366 792 2619 859 admittit,
2653 802 2703 848 et
2743 800 3030 863 arguentes
3051 792 3290 864 increpat
3312 811 3326 848 :
3351 810 3525 866 neque

1929 884 2073 941 enim
2098 887 2335 957 Oportuit
2361 903 2460 958 pro
2491 897 2638 942 tanto
2662 888 2842 943 studio
2871 886 3150 952 mulierem
3180 890 3520 959 reprehendi.

1929 973 2012 1031 τυ
2039 991 2168 1033 vero
2187 977 2317 1032 mihi
2338 978 2648 1034 consideres
2668 978 2815 1038 illud,
2842 993 3002 1049 quam
3028 977 3241 1035 sublimi
3266 980 3444 1036 animo
3476 994 3523 1036 rt

1927 1065 1995 1121 ad
2034 1066 2454 1124 misericordiam
2499 1084 2671 1141 prono
2716 1080 2899 1141 postea
2943 1079 3147 1127 essent.
3179 1070 3245 1126 Et
3289 1086 3386 1128 cur
3415 1085 3521 1127 mo

1928 1158 2246 1228 simpliciter
2270 1159 2425 1225 dixit,
2456 1161 2660 1217 Bonum
2687 1175 2825 1232 opus
2846 1160 2976 1217 fecit
3007 1179 3022 1219 :
3052 1161 3147 1219 sed
3174 1164 3324 1234 prius
3342 1204 3358 1230 ,
3385 1164 3523 1233 Quid

1929 1247 2125 1304 molesti
2152 1252 2272 1306 estis
2300 1252 2545 1308 mulieri?
2570 1251 2638 1309 Ut
2660 1252 2933 1310 discerent
2955 1269 3064 1309 non
3091 1270 3121 1309 a
3148 1254 3411 1325 principio
3433 1272 3516 1313 su-

1926 1337 2173 1396 blimiora
2239 1340 2309 1397 ab
2359 1340 2714 1399 imbecillibus
2764 1358 2886 1400 esse
2932 1344 3184 1415 petenda.
3234 1344 3362 1402 Ideo
3414 1362 3518 1402 non

1927 1430 2096 1499 ipsam
2126 1447 2239 1489 rem
2270 1433 2586 1503 simpliciter
2611 1434 2881 1497 examinat
2905 1475 2923 1502 ,
2950 1435 3047 1492 sed
3075 1434 3253 1492 addita
3281 1437 3521 1493 mulieris

1928 1537 2176 1592 perscma.
2209 1522 2340 1579 Nam
2368 1524 2413 1580 si
2443 1524 2617 1593 legem
2650 1525 2832 1591 ferret,
2862 1525 2931 1583 de
2962 1526 3186 1584 muliere
3212 1542 3317 1584 non
3347 1528 3521 1601 teque.

1926 1622 2075 1669 retur
2102 1629 2119 1671 :
2144 1615 2239 1670 scd
2262 1625 2319 1670 ut
2344 1615 2521 1672 discas
2541 1615 2591 1671 id
2614 1624 2834 1687 propter
2862 1618 3031 1689 ipsam
3056 1617 3258 1675 dictum
3283 1635 3427 1687 esse,
3454 1625 3521 1675 ne

1924 1706 2311 1776 germinantem
2334 1708 2453 1778 ejus
2480 1706 2641 1765 tidem
2666 1709 2985 1775 obruerent,
3013 1708 3109 1767 sed
3152 1711 3326 1783 magis
3371 1711 3520 1768 fove-

1924 1805 2048 1852 rent
2074 1815 2088 1851 :
2118 1796 2242 1855 ideo
2267 1798 2347 1855 sic
2376 1799 2632 1870 loquitur,
2664 1808 2723 1856 ut
2758 1813 2859 1856 nos
2883 1799 3074 1857 doceat
3095 1840 3113 1869 ,
3144 1804 3522 1876 quodcumque

1922 1888 2123 1945 bonum
2163 1904 2195 1946 a
2242 1892 2431 1961 quovis
2471 1891 2584 1958 fiat,
2615 1892 2825 1949 etiamsi
2868 1908 2975 1948 non
3006 1893 3294 1950 admodum
3342 1896 3519 1966 perfe-

1923 1986 2073 2036 ctum
2100 1981 2189 2045 sit,
2222 1983 2623 2053 suscipiendum
2651 1997 2716 2041 ac
2742 1984 3029 2041 fovendum
3061 2001 3204 2055 esse,
3229 1996 3284 2043 et
3308 1988 3374 2042 ad
3400 2006 3519 2045 ma-

1921 2069 2037 2143 jora
2063 2071 2434 2129 deducendum
2459 2091 2474 2129 :
2500 2089 2679 2147 neque
2726 2076 2880 2131 initio
2917 2092 3136 2134 onmem
3178 2079 3521 2148 perlectionk

1923 2164 2316 2221 accuratiouem
2345 2180 2466 2222 esse
2492 2166 2856 2237 qttmrcndam.
2884 2161 3019 2224 Nam
3039 2168 3310 2225 Christum
3334 2172 3405 2226 ita
3431 2190 3520 2223 ru-

1923 2253 2088 2310 luisse
2112 2253 2239 2311 hinc
2269 2265 2453 2326 patet,
2480 2256 2622 2328 quod
2653 2271 2776 2313 cum
2806 2272 2912 2313 non
2947 2258 3204 2327 haberet,
3246 2262 3333 2317 ubi
3360 2276 3515 2333 caput

1921 2358 2077 2399 suum
2105 2344 2422 2409 reclinaret,
2450 2346 2657 2403 loculos
2684 2358 2865 2404 tamen
2900 2348 3237 2407 circumferri
3274 2352 3514 2421 jusserit.

1919 2439 2026 2496 Sed
2055 2449 2182 2498 tunc
2225 2441 2353 2497 illud
2382 2450 2594 2512 tempus
2621 2458 2728 2499 non
2756 2445 3105 2515 requirebat,
3138 2456 3195 2501 ut
3221 2461 3308 2501 res
3333 2461 3513 2502 eruen-

1919 2532 2159 2599 daretur,
2189 2533 2285 2589 sed
2314 2542 2370 2588 ut
2395 2536 2763 2607 susciperetur
2789 2545 3017 2593 tantum.
3047 2536 3513 2606 Quemadmodum

1918 2623 2061 2678 enim
2107 2625 2153 2680 si
2190 2626 2313 2697 quis
2348 2626 2416 2683 ab
2460 2641 2527 2684 eo
2576 2629 2933 2700 qumsivisset,
2976 2632 3204 2688 muliere
3256 2648 3362 2688 nun
3413 2631 3515 2687 huc

1920 2713 2092 2784 ipsum
2118 2714 2379 2784 faciente,
2409 2733 2516 2774 non
2547 2719 2619 2775 ita
2642 2718 2948 2778 faciendum
2979 2738 3102 2781 esse
3137 2722 3363 2781 dixisset
3392 2741 3407 2779 :
3435 2726 3513 2779 sic

1916 2806 2041 2876 quia
2063 2808 2152 2864 illa
2184 2810 2295 2880 jam
2329 2811 2548 2878 fecerat,
2577 2811 2631 2871 in
2660 2814 2713 2870 id
2742 2830 2905 2871 unum
2929 2826 3132 2873 tantum
3161 2819 3415 2889 respicit,
3444 2837 3513 2877 ne

1917 2898 2283 2970 increpatione
2321 2902 2706 2977 discipulorum
2752 2907 2805 2962 in
2845 2910 3118 2979 angustias
3144 2911 3463 2982 conjiciatur
3491 2954 3507 2979 ,

1914 2990 2009 3046 sed
2034 2999 2090 3045 ut
2120 2991 2236 3063 ipso
2277 3005 2499 3051 curante
2539 2995 2767 3054 alacrior
2804 2997 2939 3055 facta
2962 3037 2979 3065 ,
3008 2998 3061 3053 in
3093 2998 3287 3057 melius
3316 3017 3508 3073 proce-

1912 3081 2022 3137 dat.
2052 3082 2184 3140 Nam
2208 3094 2486 3158 postquam
2509 3087 2687 3145 oleum
2708 3088 2934 3146 etl‘usum
2962 3090 3080 3159 fuit,
3098 3090 3209 3161 jam
3238 3106 3346 3147 non
3375 3104 3511 3149 tem-

1911 3174 2116 3242 pestiva
2137 3184 2255 3232 erat
2275 3176 2486 3232 illornru
2510 3179 2823 3251 increpatio.
2837 3179 2905 3236 Et
2929 3190 2985 3237 tu
3012 3196 3229 3253 quoque
3251 3185 3297 3240 si
3318 3200 3477 3253 quem

1911 3267 2053 3336 piam
2096 3266 2279 3323 videas
2316 3283 2443 3324 vasa
2484 3284 2635 3325 sacra
2676 3270 3027 3327 adornantem
3057 3282 3113 3329 et
3146 3272 3504 3342 offerentem,

1908 3364 2002 3412 aut
2026 3356 2193 3413 alium
2230 3359 2472 3415 ecclesias
2499 3369 2744 3417 ornatum
2766 3362 2907 3418 circa
2933 3378 3117 3419 muros
3144 3371 3201 3420 et
3230 3365 3503 3435 pavimen-

1910 3456 2021 3505 tum
2051 3450 2461 3507 concinnantem
2487 3493 2502 3516 ,
2533 3467 2601 3509 ne
2623 3451 2816 3523 iubeas
2847 3453 2938 3510 illa
2965 3455 3301 3522 vcnmudari,
3331 3465 3425 3512 aut
3454 3458 3504 3513 id

1906 3539 2048 3611 quod
2077 3539 2274 3597 factum
2299 3550 2384 3597 est
2406 3543 2601 3611 everti,
2631 3557 2703 3601 ne
2741 3543 2884 3600 illius
2908 3544 3239 3603 alacritatem
3268 3548 3504 3603 minuas.

1904 3631 1959 3687 Si
1985 3646 2114 3688 vero
2144 3634 2449 3706 priusquam
2494 3634 2610 3693 lucc
2642 3636 2903 3705 adornet,
2935 3639 3217 3696 consilium
3255 3654 3287 3696 a
3326 3649 3380 3696 te
3412 3658 3502 3711 pe-

1906 3722 2069 3793 tierit,
2092 3726 2221 3796 jube
2244 3728 2568 3798 pauperibus
2586 3728 2702 3785 dari
2728 3749 2741 3786 :
2775 3747 2896 3786 ttam
2923 3744 2976 3788 et
3003 3734 3137 3804 ipse,
3165 3748 3232 3790 ne
3260 3734 3502 3792 mulieris

1905 3815 2169 3874 fervorem
2210 3820 2606 3893 exstingueret,
2636 3823 2707 3879 ita
2754 3824 2914 3891 lecit;
2942 3835 2997 3881 et
3035 3826 3292 3899 quidquid
3334 3827 3496 3897 dicit,

1900 3908 1970 3962 ad
2011 3909 2132 3978 ejus
2172 3911 2597 3969 consolationem
2629 3915 2820 3986 vergit.
2852 3916 3055 3973 Deinde
3081 3918 3207 3987 quia
3244 3918 3493 3984 dixerat,

1902 3998 1985 4052 Ad
2005 4001 2316 4070 sepulturam
2344 4019 2505 4058 meum
2536 4005 2653 4076 fecit
2675 4020 2696 4061 :
2723 4022 2791 4063 ne
2819 4007 3095 4064 videretur
3120 4010 3405 4069 mulierem
3447 4014 3498 4069 in

1901 4090 2121 4147 dubittrn
2148 4097 2417 4165 conjicere
2439 4138 2455 4164 ,
2482 4098 2609 4154 dum
2650 4100 2979 4171 sepulturam
3010 4111 3066 4158 et
3092 4114 3319 4160 mortem
3345 4121 3497 4162 totu-

1902 4194 2248 4253 mctnoraret,
2278 4186 2399 4243 vide
2423 4191 2693 4259 quomodo
2730 4194 2782 4247 in
2808 4195 3158 4264 sequentibus
3185 4197 3329 4251 illam
3358 4200 3499 4253 solu-

1902 4284 1991 4331 tur
2035 4277 2118 4331 his
2164 4277 2342 4333 verbis
2371 4296 2386 4335 :
2419 4280 2569 4348 Quod
2616 4285 2727 4338 Iiwc
2775 4285 2895 4356 fecit
2942 4287 3238 4342 narrabitur
3286 4290 3345 4342 ir.
3395 4300 3499 4345 tota

1900 4370 2112 4424 numdo.
2139 4370 2251 4425 lioc
2274 4381 2327 4427 et
2356 4372 2632 4443 discipulis
2658 4377 3011 4435 consolationi
3039 4389 3177 4446 erat,
3202 4396 3259 4437 et
3287 4384 3495 4439 mulieri

1900 4460 2039 4517 laudi
2076 4472 2132 4517 et
2173 4464 2443 4522 levamini.
2473 4466 2676 4525 Omnes
2695 4508 2713 4537 ,
2743 4469 2933 4542 inquit,
2964 4473 3108 4528 illam
3140 4485 3323 4545 postea
3349 4478 3494 4532 cele-

1900 4552 2165 4621 brabunt;
2196 4573 2337 4613 nunc
2365 4560 2666 4629 passionem
2699 4564 3096 4632 pra'nuntiavit,
3128 4566 3255 4622 dum
3285 4585 3347 4623 ea
3379 4587 3497 4638 qua:

1898 4648 1965 4703 ad
1986 4649 2316 4717 sepulturam
2342 4653 2609 4719 pertinent
2637 4655 2829 4711 obtulit
2856 4674 2871 4712 :
2899 4672 2969 4715 ne
2998 4658 3175 4732 itaque
3202 4662 3323 4731 quis
3350 4663 3496 4718 illam

1901 4739 2159 4810 increpet.
2204 4741 2434 4797 Tantum
2476 4746 2623 4799 enim
2670 4748 2825 4803 abest
2854 4758 2912 4805 ut
2960 4752 3102 4806 illam
3129 4752 3404 4822 damnent,
3444 4772 3491 4809 ιιι

1899 4847 2018 4901 qua:
2033 4833 2379 4899 malefecerit,
2406 4844 2459 4890 ut
2482 4836 2873 4906 reprehendam
2895 4849 2954 4896 ut
2973 4858 3092 4913 quae
3112 4843 3420 4916 deliquerit,
3443 4862 3496 4901 ιιι

1900 4935 2005 4975 non
2031 4922 2205 4979 sinam
2230 4925 2426 4983 factum
2449 4928 2637 4997 latere,
2666 4932 2760 4985 sed
2789 4932 3021 4989 mundus
3041 4936 3174 4991 sciet
3204 4936 3255 4992 id
3279 4940 3417 5009 quod
3444 4941 3494 4993 in

1898 5013 2062 5069 domo
2089 5024 2146 5071 et
2188 5017 2239 5071 in
2270 5019 2587 5076 abscondito
2615 5021 2814 5078 factum
2842 5034 2944 5080 est.
2971 5026 3103 5082 Nam
3140 5043 3171 5083 a
3203 5030 3287 5101 pia
3316 5043 3497 5084 meum

1898 5104 2014 5160 haec
2041 5105 2274 5176 profecta
2302 5121 2513 5174 sunt,et
2534 5127 2564 5167 a
2588 5111 2695 5168 ﬁde
2723 5114 2934 5171 ardenti
2954 5125 3009 5172 et
3030 5118 3213 5173 animo
3241 5122 3492 5176 contrito.

1895 5195 2007 5251 Cur
2032 5212 2161 5252 vero
2186 5198 2317 5253 nihil
2348 5201 2625 5269 spirituale
2652 5207 2899 5275 promisit
2926 5209 3161 5277 mulieri,
3188 5211 3282 5265 sed
3309 5227 3491 5281 perlue.

1898 5295 2044 5342 tuam
2073 5292 2428 5346 memoriam?
2448 5294 2550 5350 Per
2570 5295 2687 5353 haec
2717 5298 2770 5353 id
2798 5298 2999 5370 eﬂ'ecit,
3023 5312 3077 5356 ut
3104 5302 3174 5359 de
3201 5302 3304 5359 illis
3334 5307 3496 5361 etiam

1896 5392 2157 5447 speraret.
2186 5381 2321 5438 Nam
2365 5384 2413 5440 si
2453 5401 2587 5458 opus
2616 5389 2817 5447 bonum
2859 5392 3017 5460 fecit,
3042 5394 3183 5450 haud
3222 5396 3387 5453 dubie
3416 5400 3495 5450 ιιι.

1894 5485 2054 5541 gnam
2092 5474 2395 5530 mercedem
2424 5480 2665 5549 recipiet.
2699 5482 2786 5538 14.
2822 5483 2963 5539 Tunc
2991 5487 3249 5557 profectus
3278 5506 3407 5543 unus
3434 5505 3496 5541 (τι

1895 5561 2161 5617 duodecim
2184 5564 2355 5622 ludus
2374 5610 2388 5633 ,
2418 5570 2507 5639 qui
2535 5572 2796 5628 dicebatur
2821 5575 3117 5647 lscariotes,
3146 5581 3217 5633 ad
3241 5581 3497 5649 principes

1896 5656 2234 5724 sacerdotum,
2263 5660 2349 5714 15.
2380 5661 2550 5717 dixit:
2575 5664 2711 5732 Quid
2736 5668 2887 5724 vultis
2907 5669 3031 5723 mihi
3050 5672 3190 5735 dare,
3220 5681 3269 5726 et
3292 5688 3383 5742 ego
3404 5688 3495 5725 eo-

1896 5745 1969 5801 bis
1998 5751 2194 5804 trudam
2225 5768 2335 5807 eum
2357 5756 2383 5808 ?
2406 5754 2586 5823 Tunc;
2617 5762 2997 5829 quamionam?
3022 5762 3152 5817 Cum
3186 5763 3302 5819 haec
3341 5764 3496 5820 dice-

1899 5852 2103 5907 remur,
2136 5860 2254 5897 rum
2281 5846 2432 5913 dixit,
2470 5849 2547 5901 Ad
2586 5860 2895 5920 sepultura»:
2932 5870 3093 5908 meam
3121 5872 3139 5910 :
3170 5872 3340 5927 neque
3370 5858 3495 5915 inde

3085 5980 3158 6040 17
