4172 6488
650 401 756 458 727

650 520 997 583 compunctus
1020 521 1101 567 est
1135 529 1146 565 :
1182 526 1350 583 neque
1388 514 1590 578 timttit,
1620 526 1739 566 cum
1767 509 2002 569 audivit,
2030 504 2223 576 prmdi-

650 603 874 660 saadum
905 602 1099 672 ubique
1138 618 1256 658 esse
1282 603 1650 672 Evangelium.
1678 601 1809 655 Nam
1838 598 1979 668 quod
2017 597 2222 650 diceba-

651 707 737 750 tur
763 696 1109 750 virtutiscrat
1141 694 1417 749 inetl‘abilis
1449 712 1463 749 :
1504 694 1596 748 sed
1624 709 1741 748 cum
1772 692 2038 754 mulieres,
2075 690 2229 760 ipsae-

645 802 750 855 que
777 788 1089 841 meretrices
1111 795 1311 840 tantum
1329 785 1408 840 illi
1434 785 1808 852 impendebant
1838 782 2076 844 honoris,
2105 792 2227 834 tunc

648 877 742 932 ille
767 877 1084 932 diabolicum
1112 876 1316 931 facinus
1337 874 1548 931 edebat.
1567 875 1675 930 Cur
1698 884 1873 929 autem
1896 873 2010 941 ejus
2032 886 2226 941 cogno-

646 981 770 1022 rnen
795 967 1016 1023 dicunt?
1039 966 1173 1036 Quia
1200 967 1338 1022 alitts
1360 966 1525 1022 Iudas
1553 974 1686 1023 erat.
1713 965 1895 1036 Neque
1939 973 2110 1018 tamen
2145 961 2225 1014 di-

647 1071 771 1112 cere
788 1057 1053 1121 dubitant,
1082 1055 1256 1125 ipsum
1285 1071 1317 1112 e
1346 1071 1570 1111 numero
1612 1055 1890 1110 duodecim
1936 1052 2118 1107 fuisse.
2150 1050 2222 1106 Ita

647 1147 783 1204 nihil
809 1147 1076 1201 occultant
1100 1161 1284 1203 eorum
1306 1161 1423 1216 qua:
1448 1145 1703 1215 probrosa
1727 1160 1848 1200 esse
1877 1142 2220 1198 videbantur:

648 1253 966 1308 quamquam
993 1246 1239 1308 poterant
1261 1237 1573 1308 simpliciter
1603 1237 1799 1298 dicere,
1831 1237 2001 1306 ipsum
2029 1249 2092 1287 es
2122 1248 2223 1286 nu-

647 1343 798 1382 mero
826 1327 1208 1398 discipulorum
1257 1327 1440 1384 fuisse.
1469 1328 1635 1383 Erant
1672 1327 1864 1398 quippe
1903 1326 1990 1380 alii
2033 1332 2225 1394 praeter

646 1418 928 1476 duodecim
955 1420 1093 1475 illos.
1123 1421 1272 1476 Nunc
1299 1421 1518 1485 addunt,
1551 1421 1633 1475 Ea:
1659 1419 1960 1487 duodecim,
1988 1434 2049 1474 ac
2078 1419 2121 1475 si
2147 1418 2226 1472 di-

646 1521 850 1574 cerent,
881 1525 948 1566 en
977 1511 1148 1580 primo
1173 1511 1339 1566 choro
1368 1525 1556 1566 eorum
1580 1551 1595 1574 ,
1627 1525 1760 1580 quos
1801 1509 1954 1580 quasi
1996 1511 2225 1577 optimos

645 1601 825 1670 elegit,
855 1601 944 1670 qui
983 1616 1104 1656 cum
1147 1601 1301 1656 Petro
1324 1611 1377 1657 et
1402 1599 1607 1656 Joanne
1631 1609 1802 1655 erant.
1837 1599 2002 1656 Unam
2029 1597 2225 1668 quippe

641 1693 902 1747 curabant
927 1693 1224 1758 veritatem,
1257 1709 1355 1749 uec
1385 1708 1472 1748 res
1495 1702 1673 1763 gestas
1696 1692 2072 1748 obscurabaut.
2104 1693 2224 1745 Ideo

644 1784 797 1856 signa
822 1785 980 1839 multa
1005 1793 1436 1855 prmtercurrunt,
1454 1800 1518 1840 ex
1547 1784 1610 1839 iis
1627 1793 1803 1837 autem
1826 1799 1943 1852 qua:
1971 1782 2223 1852 probrosa

639 1887 763 1928 esse
791 1871 1104 1929 videbantur
1123 1875 1252 1929 nihil
1267 1876 1462 1939 celant,
1490 1874 1585 1929 sed
1605 1876 1716 1929 sive
1742 1873 2103 1935 verbum,sive
2127 1887 2221 1940 ge-

642 1972 804 2030 stum,
819 1955 930 2020 sive
941 1966 1152 2035 quidvis
1163 1967 1303 2022 aliud
1319 1982 1442 2021 cum
1463 1967 1704 2022 libertate
1715 1974 1769 2020 et
1786 1965 1972 2020 fiducia
1986 1973 2219 2020 narrant.

716 2054 769 2108 ὅ.
810 2054 991 2125 Neque
1031 2056 1082 2110 hi
1120 2065 1345 2122 tantum,
1379 2055 1472 2111 scd
1503 2057 1660 2112 etiam
1687 2056 1773 2126 qui
1802 2055 2112 2110 sublimiora
2146 2055 2225 2107 lo-

643 2145 906 2214 quebatur
932 2145 1184 2203 Joannes.
1217 2147 1310 2203 Ille
1335 2150 1476 2204 enim
1509 2150 1773 2218 prwcipue
1802 2157 1979 2202 narrat
2008 2158 2062 2202 et
2087 2163 2219 2203 con-

647 2236 890 2290 tumelias
934 2246 988 2290 et
1033 2237 1316 2308 cpprobria
1365 2253 1483 2308 quzc
1530 2239 1761 2308 pertulit.
1798 2239 1867 2293 Et
1916 2238 2038 2294 vide
2095 2238 2221 2292 mihi

643 2337 897 2396 quantum
936 2328 1006 2382 sit
1044 2327 1195 2383 Iudae
1238 2329 1441 2394 scelus,
1469 2344 1626 2400 quam
1671 2338 1861 2399 sponte
1902 2330 2219 2395 accesserit,

639 2418 853 2486 quando
882 2419 1123 2486 pactione
1145 2419 1384 2489 pecunite
1421 2429 1474 2474 et
1502 2420 1743 2490 pecuniae
1771 2421 1984 2475 tantula:
2012 2421 2110 2476 hoc
2147 2421 2225 2477 fe-

646 2506 738 2561 cit.
768 2506 934 2560 Lucas
965 2522 1092 2563 vero
1121 2509 1278 2574 dicit,
1313 2511 1484 2580 ipsum
1520 2524 1641 2564 cum
1689 2510 1910 2566 ducibus
1961 2511 2223 2582 pepigisse

644 2593 791 2664 (Lac.
821 2595 910 2651 9.1.
936 2598 969 2651 4
991 2596 1029 2665 ).
1076 2597 1298 2668 Propter
1342 2598 1632 2654 seditiones
1682 2600 1823 2655 enim
1874 2598 2178 2655 Judwurum
2205 2642 2220 2665 ,

647 2686 996 2755 praefecerunt
1027 2687 1247 2744 Romani
1280 2689 1505 2761 aliquos,
1543 2691 1631 2760 qui
1675 2690 1816 2746 bono
1841 2706 2018 2747 rerum
2046 2692 2220 2746 ordini

633 2776 1012 2846 advigilarent.
1045 2778 1175 2834 Nam
1215 2781 1537 2851 principatus
1580 2796 1765 2837 eorum
1808 2782 1919 2853 jam
1955 2783 2222 2838 defecerat

642 2869 933 2923 secundum
965 2871 1312 2939 prophetiam.
1343 2871 1454 2926 Hos
1483 2871 1637 2942 igitur
1675 2871 1860 2928 adiens
1883 2873 2015 2927 dixit
2043 2891 2056 2926 :
2088 2873 2222 2938 Quid

640 2958 790 3012 stultis
835 2960 958 3013 mihi
984 2960 1139 3026 dare,
1174 2971 1220 3016 et
1261 2978 1352 3033 ego
1382 2962 1518 3017 vobis
1566 2979 1679 3016 eum
1726 2963 1964 3018 tradam?
1992 2962 2081 3018 Illi
2111 2981 2221 3018 vero

641 3052 999 3106 constituerunt
1034 3054 1078 3107 ei
1121 3055 1327 3125 triginta
1367 3065 1646 3124 argenteos.
1679 3057 1765 3111 16.
1799 3054 1866 3109 Et
1894 3073 1956 3110 ea:
2002 3072 2059 3110 eo
2095 3066 2220 3110 tem-

645 3145 1040 3213 pore-qua'rebat
1076 3147 1499 3215 apportttititatem
1523 3187 1538 3214 ,
1563 3157 1617 3201 ut
1653 3148 1870 3203 traderet
1909 3164 2042 3203 eum.
2087 3149 2219 3202 Nam

645 3235 863 3288 timebat
892 3236 1301 3299 multitudinem.
1335 3237 1569 3309 nihilque
1588 3239 1728 3292 aliud
1750 3238 2040 3308 quaerebat,
2061 3255 2217 3308 quam

644 3335 702 3378 ttt
729 3325 873 3378 illttm
902 3336 1134 3395 caperet.
1166 3325 1212 3382 0
1235 3328 1551 3383 stultitiam?
1579 3329 1844 3397 quomodo
1874 3331 2016 3383 illum
2043 3345 2220 3385 exac-

640 3414 786 3468 cavit
807 3417 1042 3485 pecunia:
1065 3418 1254 3472 amor?
1282 3418 1411 3472 Nam
1437 3420 1524 3489 qui
1553 3420 1698 3474 illum
1727 3435 1868 3490 stt-pe
1898 3421 2098 3474 viderat
2129 3436 2222 3488 per

645 3507 846 3561 medios
877 3515 1257 3575 transeuntem,
1287 3526 1385 3565 nec
1423 3521 1656 3581 captum,
1687 3526 1905 3583 suaeque
1929 3512 2221 3566 divinitatis

643 3608 697 3650 ct
724 3598 972 3666 potentiae
1002 3610 1310 3668 argumenta
1338 3602 1500 3654 multa
1531 3602 1743 3658 dantem
1764 3643 1780 3669 ,
1810 3602 2042 3672 speravit
2073 3617 2129 3656 se
2157 3604 2220 3657 il—

644 3688 752 3740 lum
782 3701 972 3755 capere
1013 3703 1200 3758 posse;
1231 3693 1521 3758 pncsertim
1547 3707 1664 3746 cum
1694 3701 1770 3746 tot
1797 3691 1869 3746 illi
1909 3692 2069 3746 verba
2099 3708 2219 3761 pro-

645 3779 849 3833 tulisset
875 3779 1125 3834 terribilia
1155 3781 1312 3835 simul
1335 3794 1388 3837 et
1416 3792 1685 3837 mansueta
1707 3823 1722 3847 ,
1752 3792 1810 3837 ut
1845 3783 1981 3837 hanc
2025 3785 2218 3837 malam

645 3868 734 3923 ille
765 3869 1137 3937 cogitationem
1169 3870 1437 3939 abjioeret.
1469 3871 1648 3941 Neque
1677 3873 1818 3927 enim
1871 3873 1921 3926 in
1963 3887 2114 3928 omna
2153 3874 2218 3926 nl)

642 3974 708 4015 eo
733 3960 969 4015 curando
997 3961 1234 4028 destitit,
1264 3963 1358 4017 sed
1391 3979 1556 4032 usque
1596 3963 1662 4017 ad
1698 3965 1937 4018 ultimum
1968 3967 2106 4019 diem
2138 3965 2220 4018 his

643 4050 709 4104 de
737 4050 894 4106 rebus
923 4053 1093 4121 ipsum
1121 4053 1506 4122 alloquebatur.
1535 4053 1638 4109 Sed
1671 4055 1800 4109 nihil
1825 4057 1874 4110 id
1904 4056 1976 4110 illi
2003 4056 2217 4125 profuit.

642 4140 751 4197 Nec
781 4151 954 4198 tatnen
983 4144 1387 4200 ideo~Dominus
1415 4148 1646 4200 cessavit
1670 4163 1788 4218 qua:
1821 4163 1918 4202 sua
1961 4160 2114 4204 erant
2140 4150 2219 4202 fa-

641 4247 788 4288 cere.
817 4233 940 4289 lltcc
983 4235 1155 4305 itaque
1195 4251 1316 4290 cum
1361 4252 1459 4290 nos
1490 4238 1737 4304 sciamus,
1769 4239 1897 4294 nihil
1943 4255 2048 4294 non
2093 4257 2220 4312 aga-

646 4340 764 4380 mus
792 4327 858 4382 ad
881 4328 1208 4382 revocandos
1230 4341 1535 4398 peccatores
1558 4340 1611 4385 et
1637 4331 1873 4395 desides,
1908 4344 2183 4388 monentes
2203 4375 2218 4398 ,

634 4417 899 4472 docentes
921 4459 938 4483 ,
968 4417 1331 4484 obsecrantes,
1363 4419 1636 4475 hortantes
1660 4461 1674 4483 ,
1704 4423 1978 4477 consilium
2011 4425 2217 4491 dantes,

639 4508 739 4562 etsi
782 4507 913 4562 nihil
954 4509 1316 4578 proﬁciamus.
1345 4510 1476 4564 Nam
1511 4509 1753 4566 Christus
1801 4514 2106 4581 przcseicbat
2131 4515 2223 4569 Ju-

646 4600 767 4654 dam
799 4615 1083 4671 numquam
1105 4603 1496 4658 emendandum
1529 4602 1639 4658 fore
1668 4621 1681 4659 :
1710 4612 1763 4659 ct
1791 4614 1966 4660 tamen
1997 4622 2100 4660 non
2127 4607 2222 4662 de-

640 4690 862 4745 sistebat
881 4706 975 4746 sua
1001 4692 1195 4760 facere,
1220 4694 1505 4758 monendo,
1535 4697 1932 4761 comminando,
1967 4698 2218 4752 miserum

642 4781 891 4851 dicendo,
919 4791 973 4839 et
1002 4800 1287 4856 numquam
1313 4787 1476 4851 clare,
1503 4787 1596 4841 sed
1627 4789 1970 4845 subobscure.
1990 4792 2051 4846 .ln
2081 4792 2221 4861 ipso-

648 4889 753 4944 que
797 4876 1111 4944 proditionis
1155 4886 1430 4948 tempore,
1472 4880 1801 4935 osculantem
1844 4897 1901 4935 se
1934 4885 2085 4938 tulit:
2129 4884 2222 4940 sed

649 4966 779 5020 nihil
813 4967 899 5020 illa
925 4968 1193 5037 profuere.
1227 4969 1452 5023 Tantum
1480 4981 1562 5026 est
1587 4973 1805 5027 avaritia
1837 4975 2029 5030 malum
2064 4996 2076 5029 :
2110 4977 2223 5035 ha'c

640 5055 833 5124 quippe
849 5056 998 5111 illum
1015 5071 1065 5112 ει
1080 5059 1393 5129 sacrilegum
1416 5061 1806 5130 etproditorem
1825 5064 2013 5120 ell'ecit.
2036 5069 2225 5126 Audite

642 5162 825 5202 omnes
852 5151 1038 5218 avari,
1062 5151 1146 5219 qui
1174 5150 1325 5205 Judic
1361 5153 1546 5207 morbo
1603 5153 1859 5210 laboratis
1890 5174 1903 5210 τ
1958 5159 2133 5214 audite
2173 5173 2225 5218 et

643 5251 821 5295 cavete
841 5241 990 5297 vobis
1013 5243 1080 5297 ab
1107 5245 1196 5297 illo
1221 5245 1428 5299 morbo.
1457 5245 1585 5301 Nam
1613 5249 1654 5300 si
1697 5251 1741 5303 is
1768 5251 1853 5317 qui
1877 5265 1994 5303 eum
2019 5251 2227 5308 Christo

647 5330 894 5399 vivebat,
926 5334 1014 5403 qui
1045 5333 1194 5404 signa
1210 5333 1457 5390 ediderat
1480 5376 1494 5400 ,
1526 5337 1615 5406 qui
1657 5348 1798 5393 tanta
1833 5339 2105 5395 fruebatur
2129 5343 2226 5397 du-

641 5422 831 5486 ctrina,
863 5427 980 5493 quia
1009 5427 1075 5481 ab
1089 5427 1198 5481 hoc
1219 5428 1405 5482 morbo
1427 5443 1532 5482 non
1556 5446 1613 5484 se
1632 5433 1919 5500 expedivit,
1944 5433 1994 5487 in
2029 5445 2226 5489 tantum

641 5511 942 5568 barathrum
965 5517 1208 5587 delapsus
1226 5527 1326 5582 est;
1350 5519 1516 5572 multo
1539 5523 1704 5590 magis
1725 5538 1839 5589 vus,
1867 5525 1952 5592 qui
1977 5541 2071 5580 nec
2092 5528 2231 5581 St-ri-
2268 5583 2272 5587 ,

644 5611 826 5670 pturas
850 5605 1091 5671 audistis,
1116 5609 1205 5678 qui
1225 5623 1435 5678 semper
1447 5613 1801 5679 praesentibus
1823 5615 2015 5669 addicti
2037 5615 2223 5682 fuistis,

642 5694 706 5748 ab
735 5695 832 5751 hoc
862 5697 1051 5753 morbo
1073 5697 1227 5756 facile
1254 5701 1555 5772 eapiemini,
1585 5705 1687 5760 nisi
1707 5705 1920 5762 assidue
1951 5708 2048 5778 ipsi
2079 5710 2227 5765 adi-i-

642 5785 833 5853 giletis.
853 5788 1098 5857 Quotidie
1122 5791 1206 5849 illc
1229 5808 1344 5848 cum
1363 5794 1577 5851 Christo
1597 5806 1728 5864 erat,
1755 5801 1844 5868 qui
1869 5813 1971 5854 non
1997 5798 2228 5856 habebat

1354 399 1410 456 8.
1452 396 1728 456 .IOANNIS
1761 387 2236 452 CHRYSOSTOMI
2277 386 2589 445 ARCHIEP.
2631 385 3163 482 COiVSTANTlNOP.

3809 391 3919 446 γε.

2331 504 2419 558 ubi
2448 513 2602 574 caput
2632 520 2786 560 suum
2816 506 3099 560 reclinaret
3121 548 3136 570 ,
3184 514 3233 560 et
3267 504 3503 575 quotidie
3531 505 3600 559 ab
3644 505 3737 559 illo
3767 505 3917 560 insti-
3971 582 3976 588 '

2333 596 2574 651 tuebatur
2600 598 2847 667 operibus
2879 605 2935 651 et
2961 597 3161 663 verbis,
3197 612 3301 650 non
3328 607 3575 666 oportere
3603 611 3816 666 aurum,
3839 599 3918 650 vel

2331 694 2606 757 argentum
2635 727 2649 752 ,
2703 686 2787 740 vel
2819 686 2954 740 duas
3008 688 3213 740 tunicas
3243 686 3439 740 habere
3461 725 3478 750 ,
3527 700 3700 755 neque
3745 694 3922 740 tamen

2331 775 2554 846 resipuit
2584 794 2596 830 :
2624 784 2677 830 et
2723 775 2990 846 quomodo
3034 783 3089 830 tu
3115 790 3332 845 sperare
3379 785 3528 845 potes
3555 817 3571 842 ,
3615 786 3672 830 te
3712 776 3781 830 ab
3824 775 3924 830 hoc

2331 867 2518 922 morbo
2562 867 2892 922 liberandum
2922 882 3043 923 esse
3067 909 3082 934 ,
3113 867 3214 922 nisi
3246 868 3464 923 multam
3501 882 3682 923 curam
3712 879 3767 923 et
3805 868 3926 924 dili-

2328 958 2561 1026 gentiam
2586 956 2878 1012 adhibeas?
2904 957 3058 1013 Acris
3078 966 3180 1020 est,
3203 959 3343 1013 acris
3360 967 3506 1015 certe
3526 968 3608 1014 est
3634 958 3749 1014 haec
3769 958 3882 1015 fera
3907 978 3921 1014 :

2329 1053 2560 1100 attamen
2603 1046 2649 1100 si
2680 1047 2812 1101 velis
2837 1088 2850 1111 ,
2900 1045 3056 1102 facile
3087 1047 3287 1103 vinces.
3319 1048 3444 1104 Haec
3485 1049 3626 1104 enim
3656 1050 3925 1121 cupiditas

2328 1151 2434 1191 non
2466 1138 2770 1192 necessario
2797 1153 2827 1191 a
2867 1147 3054 1193 natura
3084 1138 3300 1210 prodit,
3343 1149 3400 1194 ut
3431 1139 3608 1210 palam
3649 1152 3732 1196 est
3763 1157 3831 1197 es
3858 1143 3924 1196 iis

2328 1227 2416 1296 qui
2447 1227 2534 1282 illa
2560 1238 2804 1298 expertes
2829 1238 2954 1284 sunt
2980 1247 2993 1284 :
3017 1244 3139 1285 nam
3165 1245 3331 1301 quam
3357 1241 3547 1286 natura
3576 1232 3924 1302 proﬁciscun-

2329 1324 2436 1382 tur,
2463 1324 2586 1371 sunt
2610 1319 2857 1373 omnibus
2884 1315 3222 1386 communia;
3256 1321 3370 1377 haec
3399 1336 3528 1378 vero
3555 1322 3824 1392 cupiditas
3850 1338 3916 1377 ex

2328 1405 2528 1462 desidia
2558 1407 2730 1463 solum
2759 1411 2996 1464 nascitur
3021 1429 3034 1464 :
3064 1410 3188 1466 inde
3215 1414 3472 1477 nascitur,
3506 1412 3632 1468 inde
3657 1424 3882 1484 augetur
3902 1456 3919 1480 ,

2327 1512 2525 1568 eosque
2553 1499 2642 1568 qui
2669 1498 2733 1553 ad
2758 1499 2926 1569 ipsam
2946 1499 3153 1556 inhiant
3177 1518 3296 1556 cum
3327 1503 3497 1558 semel
3527 1505 3751 1574 ceperit,
3782 1506 3924 1575 cogit

2329 1597 2521 1658 pra'ter
2539 1599 2778 1645 naturam
2801 1592 3000 1646 vivere.
3021 1591 3152 1647 Nam
3169 1608 3289 1647 cum
3309 1594 3556 1664 ignorent
3573 1595 3923 1662 contribules,

2329 1678 2556 1746 amicos,
2587 1679 2799 1749 fratres,
2827 1693 3101 1752 cognatos,
3130 1697 3316 1739 omnes
3345 1684 3697 1754 simpliciter,
3725 1695 3780 1741 et
3803 1701 3923 1742 cum

2331 1767 2417 1822 his
2441 1768 2602 1823 etiam
2629 1773 2857 1839 seipsos.
2891 1786 3070 1826 annon
3101 1774 3200 1827 hoc
3226 1784 3308 1828 est
3337 1784 3532 1844 przcter
3573 1785 3819 1830 naturam
3849 1777 3925 1831 vi-

2328 1859 2496 1914 vere?
2518 1859 2666 1916 Unde
2687 1863 2854 1931 palam
2872 1873 2973 1926 est,
2989 1865 3276 1934 nequitiam
3295 1879 3415 1920 esse
3437 1875 3631 1936 praeter
3655 1878 3922 1935 naturain,

2331 1964 2536 2005 necnon
2566 1953 2800 2007 avaritia:
2841 1955 3085 2008 morbum
3106 1995 3122 2021 ,
3159 1955 3210 2009 in
3240 1971 3398 2025 quem
3433 1958 3683 2027 delapsus
3715 1958 3880 2016 ludas
3903 2002 3921 2027 ,

2333 2041 2575 2109 proditor
2607 2042 2777 2098 factus
2798 2056 2900 2100 est.
2934 2045 3000 2100 Et
3025 2048 3293 2116 quomodo
3320 2048 3441 2102 talis
3470 2050 3640 2104 factus
3681 2061 3769 2106 est
3789 2093 3805 2117 ,
3836 2052 3923 2107 in-

2325 2134 2512 2204 quies,
2542 2145 2760 2191 vocatus
2799 2153 2828 2191 a
2853 2139 3107 2195 Christo?
3150 2140 3282 2208 Quia
3329 2141 3423 2197 Dei
3452 2144 3663 2198 vocatio
3707 2144 3917 2200 nullum

2326 2226 2505 2293 cogit,
2537 2242 2707 2296 neque
2751 2229 3054 2284 violentiam
3105 2231 3264 2286 infert
3292 2233 3548 2288 voluntati
3588 2250 3776 2291 eorum
3821 2238 3913 2306 qui

2328 2319 2516 2373 nolunt
2546 2321 2788 2376 virtutem
2826 2323 3023 2392 eligere
3047 2325 3193 2390 ,sed
3225 2323 3469 2381 hortatur
3506 2326 3702 2397 datque
3741 2329 3924 2383 consi-

2330 2410 2454 2463 lium
2476 2452 2490 2472 ,
2518 2419 2676 2480 atque
2703 2411 2879 2466 omnia
2918 2415 3041 2468 facit
3065 2423 3121 2470 et
3147 2426 3401 2483 operatur
3423 2457 3438 2483 ,
3471 2427 3527 2472 ut
3547 2419 3769 2475 suadeat
3795 2434 3920 2476 esse

2327 2499 2497 2553 bonos
2525 2520 2538 2554 :
2571 2501 2614 2554 si
2644 2515 2771 2555 vero
2796 2502 3007 2570 quidam
3042 2515 3370 2575 repugnent,
3405 2522 3511 2562 non
3538 2509 3919 2566 necessitatem

2327 2588 2508 2644 infert.
2541 2589 2600 2646 Si
2643 2592 2722 2645 vis
2751 2592 2959 2649 discere
2979 2635 2993 2658 ,
3027 2595 3166 2651 unde
3195 2596 3306 2666 ipse
3335 2598 3455 2653 talis
3482 2598 3653 2654 factus
3681 2600 3752 2655 sit
3771 2642 3785 2664 ,
3833 2601 3917 2654 in.

2326 2681 2508 2737 venies
2555 2683 2724 2752 ipsum
2782 2687 3122 2754 pecuniarum
3184 2687 3473 2758 cupiditate
3521 2691 3762 2760 periisse.
3811 2691 3918 2749 Sed

2324 2772 2593 2842 quomodo
2619 2814 2634 2836 .
2684 2774 2891 2845 inquies
2914 2817 2928 2840 ,
2982 2776 3079 2832 hac
3111 2778 3356 2845 passione
3400 2789 3583 2850 raptus
3628 2782 3753 2836 est?
3785 2782 3919 2847 Quia

2326 2865 2482 2920 deses
2506 2866 2884 2944 negligensque
2913 2867 3030 2923 fuit.
3066 2869 3197 2924 Ilinc
3221 2873 3364 2925 enim
3409 2874 3542 2927 tales
3573 2874 3703 2927 fiunt
3746 2887 3918 2927 tuuta-

2329 2958 2520 3017 tiones.
2557 2968 2611 3012 ut
2639 2949 2968 3014 contrarium
2997 2976 3060 3015 ex
3089 2962 3360 3032 diligentia
3386 2965 3580 3018 evenit.
3609 2964 3752 3031 Quot
3772 2971 3914 3019 enim

2326 3049 2414 3120 qui
2446 3048 2662 3104 violenti
2695 3058 2881 3114 erant,
2933 3066 3075 3106 nunc
3115 3063 3239 3106 sunt
3265 3053 3453 3108 ovibus
3489 3055 3918 3112 mansuetiores?

2325 3151 2455 3211 quot
2479 3141 2680 3207 lascivi,
2715 3153 2897 3212 postea
2925 3145 3053 3198 casti
3084 3144 3335 3200 fuerunt?
3358 3153 3489 3215 quot
3514 3147 3661 3201 avari
3691 3158 3745 3201 et
3769 3163 3920 3215 rapa-

2325 3247 2435 3300 ces,
2457 3249 2596 3289 nunc
2621 3248 2712 3289 sua
2737 3234 3096 3304 profundunt?
3117 3235 3452 3291 Contrarium
3477 3252 3603 3292 vero
3629 3253 3694 3292 ex
3715 3238 3918 3292 desidia

2325 3326 2512 3380 oritur.
2545 3324 2677 3379 Nam
2704 3325 2850 3380 Giezi
2892 3343 3012 3381 cum
3043 3328 3157 3382 viro
3198 3338 3383 3383 sancto
3421 3321 3668 3395 vivebat,
3723 3339 3778 3385 et
3809 3331 3920 3400 ipse

2326 3413 2599 3484 improbus
2625 3417 2814 3480 evasit,
2847 3418 2946 3472 hoc
2978 3418 3093 3486 ipso
3122 3420 3308 3474 morbo
3339 3419 3622 3487 laborans,
3653 3421 3741 3490 qui
3771 3432 3920 3476 certe

2325 3509 2562 3562 omnium
2602 3507 2926 3564 deterrimus
2958 3520 3040 3564 cst
3081 3511 3173 3582 (4.
3205 3510 3334 3583 Reg.
3375 3510 3470 3582 5).
3503 3512 3636 3567 Hinc
3657 3513 3922 3583 prodeunt

2324 3598 2688 3667 sepulcrorum
2719 3600 3031 3666 ctl‘ossores,
3062 3603 3185 3657 hinc
3207 3603 3504 3668 bomicidm,
3541 3606 3666 3660 hinc
3698 3607 3835 3661 bella
3863 3617 3917 3662 et

2326 3704 2533 3759 pugnae,
2563 3689 2686 3744 hinc
2706 3691 2929 3761 quodvis
2952 3693 3169 3747 malum.
3203 3694 3513 3764 llujusmodi
3541 3697 3703 3750 homo
3725 3699 3920 3768 ubique

2326 3781 2524 3837 inutilis
2550 3791 2652 3846 est,
2681 3792 2788 3837 tum
2815 3784 2880 3838 ad
2907 3786 3201 3840 exercitum
3227 3786 3551 3854 ducendum,
3585 3798 3695 3842 tum
3717 3788 3784 3843 ad
3813 3805 3918 3843 ma-

2323 3873 2574 3940 gistratus
2623 3873 2853 3927 urbanos
2897 3875 3162 3944 gerendus
3215 3894 3229 3930 :
3281 3877 3393 3931 imo
3442 3892 3547 3932 non
3599 3879 3650 3932 in
3697 3879 3923 3949 publicis

2326 3962 2485 4016 modo
2515 3962 2673 4017 rebus
2695 4003 2708 4027 ,
2742 3963 2833 4017 sed
2864 3963 2915 4017 in
2943 3963 3268 4020 domesticis.
3296 3966 3351 4022 Si
3382 3981 3514 4021 uxor
3539 3966 3780 4024 ducenda
3807 3971 3878 4024 sit
3903 4012 3920 4034 ,

2328 4069 2432 4110 nou
2463 4055 2678 4124 probam
2705 4055 2881 4120 ducet,
2911 4057 3004 4112 sed
3030 4060 3268 4112 omnium
3295 4059 3580 4128 pessimam
3609 4078 3621 4112 :
3655 4062 3698 4114 si
3730 4061 3924 4117 domus

2326 4146 2548 4202 emenda
2573 4188 2589 4215 ,
2621 4161 2724 4202 non
2755 4149 2922 4204 libero
2953 4149 3164 4219 dignam
3192 4161 3332 4206 emet
3353 4191 3367 4215 ,
3398 4152 3491 4208 sed
3518 4168 3636 4222 (παῖε
3665 4155 3922 4223 majorem

2328 4248 2639 4307 proventum
2682 4238 2873 4295 aﬂ'erre
2901 4242 3103 4308 possit;
3135 4242 3177 4296 si
3209 4243 3350 4296 servi
3389 4243 3604 4299 emendi
3630 4286 3644 4310 ,
3674 4245 3758 4300 vel
3789 4245 3919 4313 quid

2326 4330 2489 4394 aliud,
2517 4328 2656 4399 quod
2684 4331 2837 4384 vilius
2863 4332 2964 4384 erit
2985 4340 3145 4386 emet.
3168 4332 3303 4400 Quid
3337 4348 3465 4388 vero
3484 4333 3674 4403 loquor
3699 4335 3765 4390 de
3785 4335 3928 4393 duce

2326 4421 2611 4487 exercitus,
2643 4420 2710 4474 de
2739 4409 3071 4491 magistratu,
3098 4423 3164 4478 de
3184 4424 3342 4478 rebus
3362 4424 3713 4480 domesticis?
3736 4425 3794 4482 Si
3828 4443 3927 4483 rex

2327 4508 2503 4574 fuerit,
2535 4512 2771 4565 omnium
2804 4513 3138 4568 miserrimus
3164 4515 3287 4578 erit,
3316 4515 3464 4568 orbis
3492 4517 3781 4585 pernicies,
3808 4534 3927 4571 oni-

2331 4603 2580 4671 niumque
2598 4605 2982 4671 pauperrimus.
3005 4604 3131 4659 Nam
3153 4607 3288 4659 sicut
3315 4622 3450 4661 unus
3473 4624 3506 4663 e
3523 4609 3682 4679 vulgo
3699 4610 3928 4667 allectus

2329 4693 2450 4757 erit,
2482 4706 2583 4746 non
2606 4704 2802 4763 putans
2824 4694 3061 4748 omnium
3090 4696 3228 4750 bona
3256 4709 3352 4750 sua
3376 4710 3494 4752 esse
3515 4737 3532 4764 ,
3561 4697 3653 4753 sed
3679 4711 3737 4752 se
3759 4715 3926 4754 unum

2329 4799 2394 4840 ex
2425 4785 2604 4840 multis
2629 4827 2644 4850 ,
2672 4795 2726 4841 et
2751 4786 2876 4840 dum
2905 4787 3141 4841 omnium
3171 4786 3309 4841 bona
3354 4789 3561 4857 rapiet,
3595 4791 3841 4860 pauciora
3864 4807 3928 4846 so

2332 4874 2535 4942 putabit
2563 4877 2771 4929 caeteris
2795 4876 3042 4931 omnibus
3075 4875 3294 4931 habere.
3319 4876 3450 4933 Nam
3479 4879 3715 4950 illa‘qua:
3745 4884 3926 4953 possi-

2329 4963 2422 5019 det
2465 4980 2782 5035 comparans
2834 4982 2952 5020 cum
2997 4968 3060 5021 iis
3100 4983 3217 5038 quae
3269 4970 3413 5038 cupit
3457 4980 3514 5026 et
3556 4971 3793 5028 nondum
3838 4987 3929 5032 est.

2332 5056 2574 5125 adeptus,
2603 5057 2731 5110 nihil
2765 5057 2849 5110 illa
2881 5058 2962 5111 his
2993 5061 3348 5129 comparanda
3374 5061 3583 5130 putabit
3611 5078 3752 5119 esse.

2367 5148 2420 5200 4.
2441 5146 2591 5198 Avari
2603 5148 2784 5217 imago.
2806 5146 3023 5215 luﬁrma
3037 5151 3253 5218 nequitia
3269 5159 3360 5211 est,
3383 5152 3526 5221 fortis
3538 5153 3713 5207 virttis.
3725 5151 3929 5209 Damna

2331 5256 2445 5308 qua:
2465 5250 2654 5293 tantum
2674 5242 2741 5294 ad
2759 5256 2940 5309 corpus
2966 5242 3228 5308 pertinent,
3262 5244 3455 5295 minimi
3479 5246 3733 5314 facienda.
3750 5249 3930 5302 Anima

2335 5340 2449 5382 tunc
2476 5346 2665 5399 pauper
2684 5347 2795 5383 cum
2822 5332 3020 5384 divitias
3054 5333 3295 5400 possidet,
3326 5344 3442 5387 tunc
3467 5337 3601 5390 dives
3621 5354 3735 5389 cum
3765 5341 3921 5406 inops

2334 5420 2628 5476 est.-—-ldeo
2654 5422 2726 5475 ait
2751 5423 2986 5492 quidam,
3015 5426 3178 5477 Avaro
3202 5424 3326 5478 nihil
3355 5427 3574 5494 iniquius
3605 5426 3808 5498 (Eccli.
3837 5432 3927 5485 i0.

2336 5514 2410 5584 9).
2435 5514 2564 5569 Nam
2588 5515 2677 5586 qui
2698 5517 2816 5570 talis
2834 5524 2934 5582 est,
2958 5516 3188 5586 seipsum
3207 5533 3416 5586 quoque
3439 5519 3676 5584 vendit‘,
3699 5532 3755 5576 et
3776 5537 3924 5577 cum.

2401 5628 2498 5698 ‘_ln
2525 5627 2730 5689 vulgatis
2752 5628 3055 5698 Edtttonibus
3077 5629 3253 5698 graecis
3270 5629 3524 5698 Bibliorum
3558 5635 3756 5698 omnino
3794 5633 3929 5684 aliud

2339 5689 2535 5754 legitur,
2564 5703 2740 5750 nempe
2771 5705 2781 5737 :
2807 5689 3035 5750 Quoniam
3071 5689 3120 5739 in
3160 5689 3255 5740 vita
3293 5704 3382 5741 sua
3405 5692 3604 5754 proiecit
3625 5695 3796 5745 ultima
3818 5710 3919 5746 sua.

2337 5753 2556 5815 Qlllt‘tlﬂlll
2599 5759 2759 5815 autem
2807 5755 3107 5815 exemplaria
3139 5754 3209 5800 sic
3257 5754 3653 5815 lubentzararo
3696 5757 3819 5807 tri/ti!
3858 5766 3926 5808 est

2341 5812 2581 5863 scelestius
2599 5825 2616 5873 ;
2642 5813 2717 5862 hie
2741 5813 2866 5863 enim
2889 5820 2936 5863 et
2959 5812 3170 5862 animm
3192 5826 3330 5864 suam
3359 5814 3566 5867 venalem
3587 5819 3722 5882 faxit.
