4172 6504
677 361 771 416 75!

665 492 727 532 se
754 491 859 531 non
886 490 1162 545 passurum
1189 471 1349 529 fuisse
1369 474 1413 528 si
1438 473 1709 529 voluisset.
1733 472 1862 528 Nam
1886 473 1976 544 qui
2008 474 2243 528 animum

671 568 814 621 illius
855 567 1029 622 verbis
1057 577 1257 620 tantum
1290 564 1532 630 induxit,
1594 573 1651 618 ut
1688 564 1804 618 illos
1836 565 2119 632 reciperet,
2151 579 2249 619 cur

673 676 777 713 non
807 675 899 715 eos
926 661 1013 728 qui
1045 675 1102 714 se
1128 659 1503 730 crucifigebant
1532 668 1804 721 mutasset,
1837 659 1879 711 si
1910 657 2012 726 pati
2041 658 2245 712 noluis-

668 753 784 806 set?
811 754 1068 823 Quodque
1093 754 1232 808 circa
1275 754 1477 808 asinam
1508 753 1722 814 iecerat,
1755 753 1840 805 hic
1864 767 2076 820 quoque
2099 751 2241 805 fecit.

666 843 738 895 lbi
767 860 991 915 namque
1017 845 1149 899 dixit
1173 863 1186 898 :
1213 845 1273 900 Si
1290 862 1400 914 quis
1417 846 1554 898 vobis
1572 843 1829 913 quidpiam
1849 843 2052 907 dixerit,
2075 844 2240 906 dicite,

667 935 808 1003 Opus
832 945 901 989 est
924 934 1143 989 Domino
1161 935 1372 1003 (Matth.
1392 935 1452 989 2i
1468 973 1481 988 .
1505 936 1587 1004 5);
1606 935 1681 989 sic
1698 933 1874 988 ethoc
1895 934 2012 988 loco
2037 934 2240 1005 :Magi—

657 1035 758 1079 sier
799 1027 940 1092 dicit,
969 1027 1121 1097 Apud
1149 1038 1195 1081 te
1219 1030 1349 1098 facio
1379 1027 1586 1096 pascha.
1620 1027 1731 1097 Ego
1765 1041 1893 1081 vero
1920 1040 2022 1080 non
2058 1025 2108 1079 id
2148 1042 2235 1079 so-

663 1118 769 1170 lum
801 1119 988 1184 miror,
1035 1119 1171 1188 quod
1200 1119 1431 1187 ignotum
1469 1120 1784 1187 susceperit,
1818 1118 1908 1171 scd
1947 1117 2085 1186 quod
2116 1131 2235 1170 eum

661 1220 860 1262 tantam
888 1210 1171 1264 adversum
1194 1225 1253 1265 se
1275 1211 1406 1265 iram
1427 1211 1680 1264 concitari
1709 1219 2066 1278 exspectaret.
2086 1218 2140 1262 et
2168 1208 2239 1261 ir-

658 1298 1055 1354 reroneiliabile
1081 1294 1309 1365 bellum,
1339 1302 1622 1354 multorum
1669 1299 1855 1354 odium
1897 1309 2235 1367 contempse-

656 1390 747 1442 rit.
779 1389 977 1445 Deinde
1009 1391 1369 1461 ignorantibus
1412 1393 1616 1460 signum
1667 1391 1847 1454 dedit,
1894 1389 2050 1460 quale
2087 1390 2232 1446 Sauli

657 1481 910 1550 propheta
943 1500 956 1537 :
987 1481 1252 1537 lnveniens
1281 1484 1530 1536 hominem
1573 1485 1956 1547 ascendentem,
1987 1493 2034 1537 et
2071 1493 2232 1536 utrem

654 1569 915 1625 trahentem
936 1573 953 1642 (
973 1574 1020 1626 Ι.
1040 1573 1164 1644 Reg.
1190 1575 1274 1629 10.
1297 1575 1386 1644 ὃ);
1413 1574 1497 1628 hic
1516 1589 1662 1641 vero,
1693 1574 2002 1644 Amp/rorant
2024 1587 2232 1644 portan-

655 1671 751 1714 tem
775 1661 922 1731 (Luc.
955 1663 1041 1716 2‘2.
1074 1663 1180 1734 lO).
1215 1663 1311 1718 llic
1348 1666 1507 1719 etiam
1530 1664 1648 1719 vide
1668 1665 1920 1734 potentiae
1943 1680 2232 1734 argumen-

657 1763 788 1807 tum.
820 1753 931 1807 Non
954 1755 1092 1808 enim
1109 1755 1280 1809 solum
1302 1755 1453 1822 dixit,
1479 1755 1680 1810 Pascha
1708 1758 1841 1826 facio
1859 1773 1878 1810 :
1904 1758 1995 1812 sed
2025 1757 2226 1826 adjicit,

653 1848 872 1916 Tempus
898 1864 1059 1900 meum
1077 1864 1234 1919 prope
1253 1859 1344 1902 est.
1369 1849 1481 1903 lloc
1504 1857 1682 1905 autem
1708 1851 1954 1917 faciebat,
1989 1859 2044 1904 ut
2071 1850 2228 1905 simul

650 1937 922 2005 discipulis
967 1939 1272 2006 frequenter
1310 1941 1613 2009 passionem
1655 1948 2137 2005 commemoraret,
2174 1951 2230 1996 ut

651 2042 716 2081 ex
762 2028 1124 2096 prmdictionis
1148 2031 1442 2101 frequentia
1467 2043 1849 2088 exercerentur
1897 2033 1950 2088 in
1997 2034 2225 2088 medita-

653 2119 796 2172 tione
827 2121 900 2174 rei
937 2121 1160 2187 futuras;
1194 2133 1353 2192 utque
1395 2125 1702 2179 ostenderet
1730 2125 1852 2191 illis,
1884 2133 1939 2179 et
1990 2139 2050 2179 se
2076 2125 2224 2180 exei-

648 2209 831 2280 pieuti,
884 2213 1236 2282 omnibusque
1270 2213 1499 2280 ludzeis,
1526 2199 1599 2269 ut
1638 2230 1782 2284 satpe
1827 2215 1958 2280 dixi,
2006 2230 2066 2270 se
2118 2231 2223 2269 non

649 2302 871 2356 invitum
903 2303 966 2358 ad
999 2305 1302 2373 passionem
1340 2306 1543 2360 venire.
1592 2306 1809 2361 Addidit
1851 2317 2026 2361 autem
2049 2348 2066 2374 ,
2099 2307 2224 2362 Cum

646 2396 912 2465 discipulis
960 2399 1102 2462 meis,
1145 2407 1201 2452 ut
1249 2397 1518 2453 sufficiens
1562 2410 1847 2469 apparatus
1886 2410 2048 2464 esset,
2092 2414 2226 2456 neve

644 2486 971 2542 existimaret
994 2488 1104 2554 ille,
1135 2488 1308 2558 ipsum
1335 2490 1568 2546 latebras
1588 2506 1848 2560 quazrere.
1877 2491 1968 2547 20.
2008 2491 2224 2563 Vespere

645 2585 808 2629 autem
830 2581 983 2648 facto,
1008 2578 1347 2633 discumbebat
1374 2597 1483 2633 cum
1501 2581 1786 2650 discipulis.
1812 2583 1855 2636 0
1876 2582 2025 2636 Judin
2053 2584 2225 2653 impu-

644 2664 908 2720 dentiam!
939 2667 1069 2722 Nam
1095 2676 1151 2723 et
1194 2669 1280 2724 ille
1313 2670 1431 2725 istic
1455 2671 1661 2737 aderat,
1688 2673 1939 2742 venitque
1961 2675 2231 2741 particeps.

644 2755 851 2811 iuturus
880 2766 935 2811 ct
961 2759 1334 2829 mysteriorum
1365 2770 1419 2815 et
1461 2775 1661 2816 mensa:
1686 2777 1706 2816 :
1734 2770 1786 2816 et
1812 2762 1863 2815 in
1896 2763 2006 2830 ipsa
2036 2778 2222 2818 mensa

643 2850 985 2917 arguebatur,
1032 2851 1120 2904 ubi
1151 2851 1356 2907 etiamsi
1384 2851 1494 2906 fera
1521 2862 1693 2918 esset,
1721 2854 2048 2907 mansuetior
2081 2852 2222 2906 futu-

644 2952 737 2992 rus
759 2946 893 2992 erat.
927 2938 1158 3010 Ideoque
1187 2941 1300 3009 ipse
1325 2943 1649 3013 evangelista
1679 2942 1964 3013 signiﬁcat,
1997 2944 2221 2998 mandu-

643 3029 884 3085 cantibus
909 3031 1035 3099 illis,
1068 3032 1336 3088 Christum
1368 3034 1434 3088 de
1456 3035 1759 3104 proditione
1785 3037 2058 3107 loquutum
2091 3037 2221 3093 fuis-

642 3135 723 3184 se,
772 3131 828 3175 ut
851 3129 950 3175 et-a
978 3131 1220 3191 tempore
1264 3133 1318 3178 et
1346 3139 1374 3176 a
1406 3139 1587 3179 mensa
1616 3125 1900 3194 proditoris
1928 3130 2215 3198 nequitiam

641 3213 969 3270 ostenderet.
1014 3215 1300 3286 Postquam
1349 3218 1491 3271 enim
1537 3218 1771 3272 iecerant
1797 3219 2043 3290 discipuli
2083 3221 2219 3277 sicut

644 3305 747 3361 illis
773 3305 929 3362 Jcsus
981 3317 1340 3379 prareeperat,
1386 3323 1609 3378 vespere
1640 3310 1812 3378 iacto,
1852 3312 2220 3369 discumbebat

639 3413 760 3452 cum
805 3398 1085 3454 duodecim
1114 3399 1405 3469 discipulis.
1448 3401 1538 3457 21.
1585 3401 2012 3459 Manducantibus
2053 3417 2223 3459 autem

640 3490 747 3543 illis
770 3490 896 3544 dixit
913 3507 933 3544 :
957 3490 1114 3545 Amen
1140 3491 1251 3545 dico
1293 3491 1448 3562 vobis,
1481 3510 1614 3548 unus
1635 3511 1698 3548 ea:
1716 3495 1850 3550 vobis
1887 3513 1966 3550 me
1997 3498 2219 3551 traditu-

638 3597 732 3636 rus
753 3590 861 3647 est;
887 3591 1012 3638 ante
1039 3597 1245 3639 coenam
1286 3600 1411 3640 vero
1441 3585 1602 3656 pedes
1629 3588 1742 3656 ejus
1783 3587 1930 3644 lavit.
1959 3588 2091 3644 Vide
2115 3606 2219 3644 au-

641 3683 747 3729 tem
775 3675 1046 3746 quomodo
1097 3677 1352 3748 proditori
1382 3689 1583 3748 parcat.
1613 3680 1730 3736 Non
1761 3683 1902 3736 enim
1931 3682 2099 3750 dixit,
2124 3685 2215 3740 Ille

641 3782 726 3821 me
750 3767 955 3834 tradet;
996 3769 1090 3825 sed
1115 3810 1130 3836 ,
1183 3770 1430 3847 Unus‘ea:
1467 3775 1639 3837 vobis,
1677 3784 1732 3828 ut
1774 3792 1958 3831 rursus
2005 3777 2100 3846 ipsi
2129 3778 2210 3833 la-

641 3860 771 3914 tenti
815 3861 1102 3929 paenitendi
1132 3860 1428 3918 facultatem
1465 3865 1615 3920 daret
1645 3883 1658 3918 :
1695 3867 1982 3937 maluitque
2025 3883 2214 3924 omnes

641 3962 869 4015 terrere,
903 3962 959 4006 ut
990 3952 1129 4008 hunc
1176 3955 1380 4008 salvum
1405 3955 1624 4010 faceret.
1650 3955 1797 4012 Unus
1823 3972 1889 4012 ex
1917 3957 2067 4012 vobis
2087 3957 2221 4012 duo.

639 4043 832 4109 decim,
877 4044 1066 4114 inquit,
1096 4047 1184 4114 qui
1229 4047 1424 4115 ubique
1451 4063 1658 4101 meeum
1689 4058 1833 4113 sunt,
1864 4064 2091 4118 quorum
2122 4065 2213 4118 pe-

640 4135 738 4189 des
777 4136 912 4199 lavi,
953 4137 1145 4205 quibus
1190 4147 1265 4189 tot
1311 4146 1559 4207 tantaque
1589 4141 1830 4208 promisi.
1861 4140 2011 4195 Tunc
2043 4142 2214 4195 luctus

639 4232 823 4298 ingens
853 4243 1059 4284 sacrum
1086 4231 1228 4283 illum
1247 4231 1467 4284 chorum
1497 4232 1705 4286 invasit.
1735 4231 1967 4288 Joannes
1987 4235 2199 4304 quidem

636 4322 729 4382 ait,
762 4323 902 4390 ipsos
935 4321 1170 4378 turbatos
1225 4322 1404 4387 fuisse,
1456 4336 1502 4378 et
1551 4340 1610 4380 se
1638 4335 1821 4379 mutuo
1870 4328 2207 4396 reSpexisse,

635 4416 975 4484 singulosque
1022 4416 1194 4484 ipsum
1228 4418 1582 4488 interrogasse
1624 4421 1870 4475 timentes
1913 4421 2036 4484 sibi,
2086 4421 2208 4477 licet

638 4509 832 4563 nullius
856 4511 928 4563 rei
962 4509 1265 4579 hujusmodi
1308 4512 1408 4564 sibi
1455 4513 1699 4566 conscios
1726 4513 1920 4580 (Joan.
1954 4514 2039 4568 18.
2067 4513 2206 4586 22);

638 4604 725 4658 hic
753 4621 876 4658 vero
919 4606 989 4657 ait
1024 4622 1036 4656 :
1083 4605 1173 4658 2‘2.
1208 4605 1498 4658 Contristati
1540 4606 1684 4658 valde
1722 4617 1976 4676 eruperunt
2024 4609 2210 4678 singuli

635 4696 820 4758 dicere,
853 4697 1112 4767 Numquid
1139 4716 1226 4768 ego
1265 4717 1395 4763 sum,
1441 4697 1689 4753 Domine?
1715 4699 1804 4754 23.
1833 4699 1860 4752 1
1867 4716 1954 4769 pse
1982 4717 2094 4755 vero
2124 4719 2208 4756 νει

632 4798 884 4856 spondens
907 4789 976 4840 ait
1011 4805 1028 4842 :
1057 4787 1149 4842 Cui
1169 4805 1256 4858 ego
1286 4791 1545 4843 intinctam
1587 4790 1750 4844 cibum
1788 4807 2077 4861 perrexere,
2103 4795 2211 4863 ipse

635 4891 705 4935 est
732 4879 888 4952 (Ibid.
922 4876 1110 4949 v.96).
1149 4877 1278 4932 Vide
1309 4880 1519 4948 quando
1547 4881 1715 4950 ipsum
1749 4881 2039 4949 revelavit,
2087 4899 2205 4938 cum

635 4973 792 5026 vellet
821 4987 1011 5040 nempe
1035 4982 1258 5025 caeteros
1281 4987 1308 5023 a
1345 4972 1430 5024 tali
1459 4973 1620 5027 animi
1649 4974 1918 5031 anxietate
1942 4976 2203 5032 liberare:

638 5080 756 5117 nam
803 5079 996 5132 patore
1044 5063 1192 5132 quasi
1240 5064 1432 5118 mortui
1469 5076 1653 5129 erant;
1700 5067 1924 5137 ideoque
1953 5069 2208 5137 urgebant

637 5157 1042 5225 interrogantes.
1073 5157 1252 5224 Neque
1282 5166 1480 5209 tantum
1510 5166 1565 5210 ut
1591 5158 1709 5213 illos
1734 5175 1762 5211 a
1795 5169 1942 5214 tanto
1963 5171 2107 5214 metu
2141 5162 2206 5214 li-

629 5248 877 5309 beraret,
926 5247 1016 5301 sed
1064 5249 1219 5301 etiam
1253 5257 1311 5301 ut
1364 5248 1688 5317 proditorem
1733 5249 2074 5316 emendaret,
2107 5252 2207 5307 hoc

633 5341 776 5394 fecit.
809 5340 938 5407 Quia
968 5342 1106 5394 enim
1155 5356 1273 5395 cum
1314 5357 1455 5410 srepe
1495 5340 1800 5396 indistincte
1852 5343 1902 5397 id
1947 5344 2202 5410 audisset,

633 5450 735 5486 non
771 5433 1096 5496 movebatur,
1124 5444 1178 5486 ut
1208 5434 1538 5501 magisillum
1570 5433 1978 5502 perstringeret,
2005 5436 2202 5490 larvam

631 5526 746 5593 ejus
777 5525 991 5592 dejecit.
1039 5524 1171 5578 Cum
1203 5541 1328 5595 ergo
1359 5526 1432 5579 illi
1459 5538 1748 5580 tutereiites
1791 5527 2201 5597 interrogarent,

631 5616 893 5688 Numquid
919 5634 1010 5687 ego
1046 5634 1175 5679 sum,
1211 5617 1443 5682 Domine,
1471 5621 1774 5688 respondens
1809 5619 1937 5672 dixit
1959 5636 1977 5673 :
2007 5619 2105 5683 Qui
2129 5622 2208 5674 in-

630 5715 773 5784 tingit
818 5730 1008 5766 mecum
1049 5728 1252 5765 nutriunt
1292 5712 1343 5763 in
1396 5714 1682 5782 paropside,
1719 5705 1800 5765 hic
1827 5728 1904 5764 me
1930 5713 2206 5769 traditurus

631 5821 718 5862 est.
740 5810 826 5864 24.
863 5809 969 5866 Sed
993 5806 1162 5863 Filius
1179 5805 1379 5878 quidem
1399 5807 1610 5860 hominis
1641 5809 1797 5876 radit,
1815 5817 1941 5861 sicut
1962 5817 2202 5879 scriptum

1388 360 1444 414 S.
1481 358 1756 415 JOANNIS
1792 357 2259 417 CIIRYSOSTOMI
2298 361 2613 420 ARCIIIEP.
2655 363 3181 426 CONSTANTlNOP.

3835 377 3938 432 πε

2356 486 2428 529 est
2469 476 2532 529 de
2557 477 2644 531 illo
2664 495 2686 542 ;
2706 496 2778 534 me
2805 492 2970 535 mitem
2999 483 3191 538 homini
3219 485 3315 551 illi,
3340 502 3429 552 per
3452 504 3594 556 quem
3637 487 3806 543 Filius
3835 495 3929 547 ho-

2353 569 2500 622 minis
2520 574 2742 626 tradetur
2762 593 2784 628 :
2806 577 2986 630 bonum
3002 590 3106 632 erat
3131 581 3202 646 ei,
3226 581 3270 634 si
3291 591 3440 636 natus
3465 601 3565 638 non
3589 586 3766 653 [uisset
3789 587 3943 642 homo

2351 660 2459 713 ille.
2505 662 2730 727 Quidam
2765 680 2984 723 narrant
3007 671 3178 739 ipsum
3206 672 3275 727 ita
3299 674 3626 743 petulantem
3657 677 3850 740 fuisse,
3880 688 3929 732 ut

2350 755 2661 819 magistrum
2692 774 2795 812 non
2819 773 3174 829 revereretur,
3202 764 3295 819 sed
3337 782 3456 821 cum
3479 769 3594 836 ipso
3617 771 3927 841 intingeret;

2349 843 2480 897 mihi
2507 857 2682 900 autem
2726 851 2939 906 videtur
2968 853 3068 910 hoc
3113 857 3312 911 iecisse
3334 859 3617 925 Christus,
3675 873 3729 914 ut
3783 863 3926 917 illum

2347 935 2538 1003 majori
2571 937 2808 996 afficeret
2830 943 3051 1012 pudore,
3081 954 3136 1000 et
3161 947 3225 1002 ad
3260 949 3536 1004 meliorem
3570 951 3820 1008 aﬂ‘ectuin
3850 955 3928 1023 ip-

2345 1037 2462 1116 sum
2515 1030 2886 1099 pertraheret;
2936 1051 3040 1105 qua
3085 1037 3138 1092 in
3187 1053 3249 1094 re
3287 1040 3484 1112 aliquid
3514 1044 3688 1112 majus
3733 1045 3926 1116 deprc-

2346 1112 2614 1172 henditur.

2413 1209 2467 1264 2.
2511 1210 2614 1264 Ine
2639 1225 2804 1269 motus
2827 1217 3056 1272 sedandi.
3083 1250 3155 1261 —
3182 1221 3306 1277 Hice
3332 1238 3492 1292 porro
3517 1240 3623 1280 non
3663 1227 3924 1298 simplici"-

2345 1306 2424 1352 ter
2473 1306 2928 1369 prmtercurrenda
2973 1320 3118 1371 sunt.
3171 1311 3265 1367 sed
3312 1313 3362 1366 in
3413 1315 3607 1368 animis
3658 1316 3928 1386 inﬁgenda

2339 1391 2555 1454 nostris,
2599 1403 2654 1444 ut
2700 1395 2901 1450 nullum
2948 1402 3314 1469 umquamira:
3341 1403 3513 1458 locum
3545 1405 3754 1462 demus.
3796 1407 3935 1475 Quis

2339 1480 2478 1535 enim
2519 1497 2724 1539 ecenam
2753 1485 2899 1541 illam
2942 1499 3120 1546 mente
3159 1494 3456 1562 revolvens,
3489 1497 3930 1570 proditoremque

2339 1585 2460 1624 cum
2486 1575 2722 1629 omnium
2763 1576 3050 1635 Servatore
3091 1585 3521 1652 recumbentem,
3559 1604 3790 1660 eumque
3831 1593 3932 1660 qui

2335 1666 2640 1732 prodendus
2661 1680 2775 1724 erat
2799 1681 2904 1727 tam
2930 1673 3042 1727 miti
3068 1689 3316 1732 sermone
3342 1686 3598 1748 utentem,
3628 1696 3735 1736 non
3773 1683 3922 1738 virus

2337 1764 2506 1810 totum
2553 1758 2646 1813 irae
2691 1770 2851 1830 atque
2895 1763 3087 1818 furoris
3136 1766 3355 1834 ejiciat?
3389 1767 3522 1825 Vide
3558 1771 3719 1840 igitur
3756 1789 3925 1842 quam

2334 1859 2612 1904 mansuete
2639 1866 2940 1908 sermonem
2968 1854 3036 1909 ad
3065 1856 3236 1926 ipsum
3275 1869 3570 1914 convertat.
3608 1861 3777 1916 Filius
3803 1864 3920 1932 qui-

2333 1935 2446 1989 dem
2495 1939 2711 1994 hominis
2747 1943 2904 2009 vadit,
2949 1946 3079 1998 sicut
3123 1948 3367 2017 scriptum
3411 1960 3485 2004 est
3525 1953 3588 2006 de
3636 1951 3749 2005 illo.
3793 1953 3920 2008 "me

2331 2039 2494 2095 porro
2521 2029 2655 2084 dixit
2679 2041 2737 2086 ut
2759 2032 3048 2103 discipulos
3077 2040 3441 2107 conﬁrmaret,
3475 2049 3533 2096 ut
3557 2057 3623 2097 ne
3651 2044 3781 2098 illud
3814 2045 3916 2099 im-

2330 2116 2604 2174 becillitati
2646 2123 2958 2193 tribuerent,
2991 2136 3152 2198 utque
3191 2129 3349 2184 etiam
3379 2133 3707 2202 proditorem
3734 2153 3917 2193 einen-

2328 2208 2500 2263 daret.
2547 2209 2634 2266 Vw
2674 2225 2839 2269 autem
2865 2217 3058 2271 homini
3099 2220 3177 2272 illi
3202 2238 3292 2291 per
3325 2239 3470 2292 quem
3502 2225 3668 2279 Filius
3698 2227 3918 2282 hominis

2331 2302 2554 2356 tradetur
2577 2318 2595 2358 :
2617 2304 2799 2360 bonum
2823 2319 2931 2362 erat
2953 2309 3050 2375 illi,
3077 2311 3123 2365 si
3139 2321 3288 2367 natus
3312 2330 3413 2368 non
3437 2317 3615 2386 fuisset
3635 2318 3785 2372 homo
3805 2320 3914 2374 ille.

2330 2392 2462 2450 Vide
2492 2412 2700 2452 rursum
2732 2401 2784 2454 in
2812 2403 3083 2472 arguendo
3115 2405 3434 2463 ineﬂ‘abilem
3476 2410 3770 2467 lenitatem.
3797 2414 3922 2471 Non-

2329 2486 2469 2538 enim
2500 2486 2587 2542 hic
2628 2490 2844 2556 acriter,
2897 2495 2989 2548 sed
3023 2497 3310 2554 miserabili
3344 2503 3516 2569 potius
3562 2505 3720 2559 modo
3750 2508 3912 2562 verba

2328 2574 2475 2640 facit.
2524 2590 2686 2649 atque
2741 2599 2952 2639 rursum
3003 2589 3335 2647 subobscure
3378 2611 3392 2646 :
3429 2610 3748 2665 quamquam
3806 2617 3913 2659 non

2326 2669 2486 2723 modo
2511 2674 2755 2740 superior
2780 2679 3047 2744 vecordia,
3074 2680 3172 2736 sed
3197 2693 3250 2738 et
3272 2688 3535 2754 posterior
3559 2690 3923 2762 impudentia,.

2325 2757 2524 2829 ingenti
2565 2763 2721 2834 digna
2750 2777 2893 2822 esset
2937 2769 3318 2842 indignatione.
3367 2777 3500 2832 Nam
3529 2757 3807 2850 postquam
3842 2757 3910 2840 ita

2323 2852 2596 2908 convictus
2616 2857 2802 2922 fuerat,
2817 2859 2950 2915 dixit
2969 2881 2983 2916 :
3000 2862 3092 2918 25.
3113 2865 3376 2938 Numquid
3394 2887 3485 2942 ego
3500 2889 3632 2937 sum,
3657 2873 3920 2932 Domine?

2323 2940 2375 2996 Ο
2391 2944 2732 3001 vecordiam!
2759 2948 2957 3005 Horum
2993 2953 3090 3008 sibi
3132 2959 3380 3013 conscius
3415 2940 3746 3020 sciscitatur:
3787 2983 3912 3022 nam

2321 3037 2642 3106 evangelista
2683 3039 2800 3109 ejus
2828 3042 3099 3100 admirans
3127 3049 3472 3116 petulantiam
3498 3053 3612 3110 btec
3640 3057 3735 3114 ait.
3771 3059 3922 3125 Quid'

2320 3140 2448 3197 ergo
2497 3128 2803 3187 lenissimus
2854 3135 3270 3210 mitissimusque
3315 3141 3513 3199 Iesus?
3575 3145 3651 3201 Tu
3711 3150 3910 3208 dixisti.

2320 3218 2650 3292 Quamquam
2677 3225 2855 3282 dicere
2883 3232 3142 3299 potuisset
3170 3254 3184 3290 :
3210 3235 3444 3293 Sceleste
3479 3249 3533 3296 et
3556 3246 3906 3314 esseet-aude,

2319 3321 2478 3382 atque
2503 3314 2881 3387 impurissime,
2915 3330 3062 3378 tanto
3098 3332 3338 3397 tempore
3367 3329 3469 3388 hoc
3496 3334 3692 3390 malum
3724 3348 3910 3408 partu-

2321 3405 2484 3474 riens,
2517 3420 2638 3479 post
2667 3415 2966 3481 pactionem
2995 3417 3310 3476 diabolieani
3339 3405 3787 3500 numeratamque
3814 3445 3908 3501 [που

2318 3496 2551 3589 euniam,
2581 3514 2612 3554 a
2639 3517 2726 3558 me
2746 3508 3041 3575 convictus,
3062 3509 3228 3566 audes
3252 3511 3427 3568 adhuc
3453 3496 3783 3589 interrogare
3795 3496 3915 3578 τ-Ατ

2321 3584 2516 3644 horum
2553 3591 2685 3647 nihil
2725 3595 2858 3650 dixit
2883 3614 2897 3651 ε
2923 3597 3016 3653 sed
3061 3600 3223 3670 quid?
3263 3601 3340 3656 Tu
3385 3605 3582 3672 dixisti,
3631 3584 3711 3665 sic
3752 3610 3905 3669 ιιοιής

2318 3677 2463 3750 leges
2499 3689 2740 3738 statuens
2786 3685 3018 3743 ferenda:
3061 3691 3286 3759 injuriis.
3329 3693 3526 3751 Verum
3565 3698 3709 3756 dicet
3752 3703 3908 3773 quis-

2315 3771 2454 3839 piam
2482 3788 2496 3826 :
2527 3773 2582 3827 Si
2611 3777 2866 3846 scriptum
2912 3790 2994 3835 est
3022 3780 3289 3840 Clu-istum
3332 3786 3402 3841 ita
3432 3804 3709 3858 passurum
3753 3771 3910 3865 esse,

2314 3874 2412 3915 cur
2457 3875 2736 3922 accusatur
2762 3867 2926 3925 Judas
2950 3874 2974 3924 ζ’
3016 3888 3136 3928 nam
3162 3890 3279 3944 quia
3309 3878 3506 3947 scripta
3533 3892 3689 3938 erant
3723 3885 3904 3955 perfe—

2315 3954 2404 4007 cit.
2437 3956 2506 4008 At
2536 3972 2642 4012 non
2675 3959 2774 4013 hoc
2800 3961 2886 4015 ille
2911 3963 3090 4017 animo
3119 3965 3263 4032 fecit,
3296 3969 3389 4024 sed
3415 3985 3483 4024 ex
3525 3954 3753 4030 scelere.
3784 3975 3897 4033 Nisi

2315 4058 2491 4102 autem
2524 4050 2757 4104 animum
2795 4055 3180 4122 exploraveris,
3229 4060 3398 4126 ipsum
3427 4060 3696 4118 diabolum
3740 4081 3770 4118 a
3800 4069 3912 4122 cri-

2316 4144 2458 4196 mine
2491 4143 2757 4202 liberabis.
2807 4144 2913 4200 Sed
2957 4163 3060 4202 non
3105 4149 3195 4216 ita,
3229 4166 3340 4205 non
3381 4152 3453 4207 ita
3480 4162 3628 4211 certe
3665 4172 3754 4214 res
3795 4171 3904 4214 est.

2313 4235 2589 4291 Sescentis
2631 4240 2770 4292 enim
2813 4249 2868 4294 et
2912 4241 2997 4296 hic
3034 4251 3088 4296 et
3130 4243 3218 4298 ille
3260 4253 3383 4299 sunt
3416 4247 3558 4316 digni
3602 4251 3904 4320 suppliciis,

2314 4332 2518 4386 etiamsi
2561 4331 2706 4386 orbis
2751 4332 2875 4388 hinc
2917 4346 3163 4391 servatus
3206 4338 3295 4392 sit.
3343 4337 3527 4410 Neque
3566 4343 3709 4397 enim
3751 4344 3912 4402 luds:

2314 4422 2544 4493 proditio
2573 4425 2796 4479 salutem
2843 4425 2996 4480 nobis
3025 4437 3243 4496 operata
3283 4438 3386 4493 est,
3435 4431 3531 4486 sed
3575 4431 3772 4490 Christi
3809 4453 3910 4490 sa-

2312 4515 2532 4584 pientia,
2562 4517 2648 4585 qui
2672 4517 2802 4570 mira
2829 4517 3042 4572 solertia
3072 4519 3296 4573 aliorum
3329 4521 3624 4580 sceleribus
3653 4525 3719 4581 ad
3758 4527 3908 4582 salu-

2314 4614 2420 4660 tem
2469 4616 2704 4661 nostram
2744 4617 2825 4662 est
2853 4623 2997 4662 usus.
3028 4609 3165 4677 Quid
3205 4625 3353 4680 ergo,
3401 4613 3630 4684 inquies,
3663 4619 3707 4672 si
3735 4618 3915 4676 ludas

2313 4715 2418 4754 non
2475 4700 2819 4769 prodidisset,
2870 4716 3047 4755 annon
3101 4701 3237 4757 alius
3277 4704 3581 4772 proditurus
3629 4711 3784 4765 erat?
3833 4713 3904 4767 Et

2311 4791 2437 4863 quid
2478 4791 2580 4847 hoc
2621 4791 2686 4846 ad
2731 4808 2843 4847 rem
2885 4793 3203 4870 qiuesitam?
3244 4797 3308 4851 Si
3337 4797 3590 4869 crucifigi'
3618 4803 3909 4871 Oportebat

2311 4884 2598 4950 Christum,
2635 4883 2859 4954 inquies,
2906 4900 3002 4954 per
3029 4885 3312 4957 quemdam
3359 4890 3659 4958 oportebat.
3701 4892 3756 4948 Si
3801 4909 3902 4964 po:

2311 4975 2613 5046 quemdam,
2645 4990 2740 5044 per
2783 4975 3053 5030 hominem
3100 4975 3403 5046 bujusniodi
3437 4982 3806 5048 proculdubio.
3836 4984 3897 5040 Si

2313 5081 2471 5136 porro
2513 5066 2636 5120 boni
2686 5066 2910 5121 l'uissent
2946 5082 3154 5132 omnes,
3207 5068 3327 5124 hinc
3368 5071 3659 5128 cohibitum
3705 5074 3900 5134 fuisset

2311 5157 2495 5212 salutis
2520 5167 2717 5212 nostra:
2746 5157 3034 5227 negotium.
3061 5159 3233 5212 Absit.
3263 5158 3380 5230 ipse
3409 5177 3573 5228 enim,
3606 5167 3896 5235 sapientis-

2312 5250 2475 5305 simus
2505 5266 2632 5304 cum.
2669 5259 2835 5314 esset,
2884 5251 3088 5306 sciebat
3125 5255 3394 5321 quomodo
3423 5266 3602 5312 nostra
3644 5270 3787 5315 esset
3814 5263 3901 5318 di-

2312 5351 2656 5410 Spensaturus
2690 5374 2704 5400 i
2766 5341 2977 5396 etiamsi
3045 5357 3132 5398 res
3183 5343 3202 5376 ⁸
3249 5342 3320 5401 ita
3415 5349 3698 5405 cecidisset
3735 5370 3748 5405 :
3779 5355 3900 5424 ejus

2311 5434 2504 5503 quippe
2532 5433 2788 5502 sapientia
2816 5444 2864 5488 et
2905 5444 3092 5503 potens
3121 5442 3172 5488 et
3203 5433 3758 5506 incomprehensibilis
3787 5457 3893 5500 est.

2314 5527 2435 5582 Ideo
2463 5537 2636 5581 autem
2667 5542 2732 5580 ne
2764 5527 2882 5596 quis
2909 5534 3135 5594 putaret,
3162 5525 3352 5582 ludam
3383 5528 3539 5599 hujus
3578 5539 3896 5595 inconcinne

2311 5618 2476 5674 fuisse
2501 5618 2824 5682 ministrum,
2852 5618 3105 5672 miserum
3145 5617 3293 5673 illum
3323 5621 3596 5690 pradicat.

2372 5821 2389 5851 ι
2416 5819 2495 5869 Sic
2519 5820 2669 5871 Savil.
2704 5821 2878 5873 Morel.
2912 5829 3079 5874 autem
3106 5829 3158 5874 et
3178 5837 3304 5874 unus
3329 5824 3436 5875 rod.
3461 5826 3650 5878 habent
3670 5840 3769 5878 non
3789 5825 3879 5878 ita.
