4172 6512
337 475 443 531 7'53

413 589 580 654 Quare
629 585 761 640 Deus
799 583 1054 655 improbas
1092 584 1231 637 nasci
1273 584 1548 652 permittat.
1577 610 1648 621 -—
1677 583 1743 638 At
1788 579 1930 633 dicet

338 679 531 733 iterum
579 677 882 749 quispiam:
914 676 969 733 Si
1016 677 1214 732 bonum
1267 685 1383 732 erat
1425 690 1548 731 eum
1593 690 1698 728 non
1748 683 1928 728 uatum

337 772 521 837 fuisse,
565 786 666 826 cur
703 769 943 841 permisit
989 768 1138 823 illum
1183 767 1426 838 produci,
1478 781 1584 821 non
1628 767 1790 828 hunc,
1835 763 1929 819 sed

333 864 498 919 etiam
528 864 800 935 improbos
838 861 1067 917 omnes?
1095 859 1230 916 Cum
1259 866 1531 928 Oporteret
1575 865 1627 912 te
1656 854 1931 925 improbos

333 968 524 1009 omnes
551 955 816 1019 incusare,
844 954 986 1025 quod
1012 969 1131 1010 cum
1168 966 1323 1008 secus
1349 951 1524 1006 facere
1563 958 1801 1020 possent,
1833 949 1933 1001 im-

337 1045 489 1115 probi
518 1045 806 1109 evaserint,
839 1055 916 1113 tu,
957 1046 1060 1100 illis
1088 1043 1483 1114 prazwrmissis,
1516 1058 1636 1112 qua:
1663 1041 1730 1096 ad
1759 1041 1928 1095 Deum

333 1145 578 1204 spectant
603 1134 866 1190 curiosius
903 1134 1151 1204 inquiris,
1182 1148 1381 1205 gnarus
1412 1143 1587 1187 tamen
1627 1133 1831 1187 nullum
1861 1145 1930 1192 ex

335 1227 659 1281 necessitate
687 1226 886 1282 malum
928 1240 1069 1282 esse.
1100 1224 1230 1293 Sed,
1260 1225 1489 1295 inquies,
1519 1224 1689 1280 bonos
1721 1219 1928 1277 ta'ntum

337 1318 480 1372 nasci
506 1320 850 1389 oportuisset,
879 1333 1050 1388 neque
1078 1327 1204 1372 tunc
1239 1327 1383 1372 esset
1407 1316 1665 1388 gehennae
1695 1315 1932 1370 necessi-

334 1421 436 1475 tas,
465 1425 564 1466 nec
590 1427 762 1482 patum
791 1410 1126 1482 suppliciive,
1158 1425 1333 1481 neque
1359 1410 1525 1464 ullum
1551 1408 1803 1478 nequitiae
1832 1422 1928 1462 ve-

333 1503 583 1573 Stigium;
612 1504 780 1559 malos
805 1516 984 1559 autem
1016 1518 1303 1574 numquam
1327 1517 1448 1558 esse
1478 1519 1573 1573 par
1603 1501 1813 1568 fuisset,
1842 1502 1928 1558 vel

333 1597 379 1649 si
409 1596 516 1650 nati
543 1607 744 1660 essent,
775 1598 952 1652 statim
997 1597 1276 1652 recedere.
1311 1595 1490 1650 Primo
1521 1596 1611 1650 tibi
1639 1596 1927 1667 dicendum

332 1695 415 1742 cst
440 1687 789 1757 apostolicum
817 1687 944 1742 illud
975 1706 987 1742 :
1017 1688 1188 1758 Atqui,
1214 1705 1245 1742 ο
1267 1688 1437 1754 homo,
1469 1697 1522 1741 tu
1548 1690 1634 1757 qui
1655 1705 1708 1742 es
1733 1688 1820 1758 qui
1846 1705 1928 1743 re-

330 1780 586 1845 spondeas
616 1776 765 1831 Deo?
794 1777 936 1832 Nunt
967 1780 1098 1833 dicet
1137 1779 1434 1850 ﬁgmentum
1463 1781 1508 1832 ei
1547 1780 1633 1850 qui
1661 1796 1716 1834 se
1755 1780 1925 1849 ﬁnxit,

333 1869 439 1922 Cur
477 1885 555 1923 me
581 1871 653 1923 ita
683 1870 916 1938 formasti
937 1870 1111 1940 (Rom.
1138 1871 1191 1927 9.
1224 1870 1354 1941 20)?
1379 1870 1435 1926 Si
1481 1880 1662 1925 autem
1707 1872 1927 1927 ratioci-

329 1960 418 2013 nia
445 1963 662 2033 qua-ris,
695 1962 799 2018 hoc
824 1963 1139 2029 dixerimus,
1173 1963 1362 2033 majori
1386 1962 1727 2018 admirationi
1754 1963 1928 2020 bonos

327 2070 473 2119 esse,
505 2071 624 2110 cum
651 2056 806 2110 malis
838 2058 1132 2126 permixtos
1157 2074 1171 2110 :
1203 2071 1325 2110 nam
1354 2066 1480 2111 tunc
1511 2057 1725 2112 illorum
1755 2068 1809 2113 et
1836 2073 1928 2128 pa-

329 2148 513 2203 tientia
535 2157 587 2204 et
615 2148 948 2217 phiIOSOpbia
977 2149 1145 2218 magis
1164 2149 1471 2218 conspicua:
1495 2158 1637 2204 sunt.
1669 2148 1750 2204 Tu
1771 2163 1923 2218 vero,

325 2240 418 2308 qui
447 2240 559 2294 haec
584 2239 738 2304 dicis,
767 2255 981 2296 omnem
1014 2241 1158 2295 tollis
1183 2243 1534 2296 certaminum
1561 2243 1922 2299 occasionem.

327 2333 438 2388 Cur
466 2347 615 2401 ergo,
646 2334 872 2404 inquies,
909 2343 966 2388 ut
1003 2335 1094 2389 alii
1121 2335 1379 2392 meliores
1405 2337 1710 2406 videantur,
1744 2338 1798 2392 hi
1830 2355 1925 2409 pu-

329 2426 584 2480 nientur?
614 2426 799 2490 Absit;
840 2426 934 2482 sed
978 2427 1049 2482 ob
1091 2443 1243 2484 suam
1274 2430 1565 2499 nequitiam
1608 2433 1922 2501 puniuntur.

326 2517 512 2588 Neque
539 2519 682 2572 enim
709 2519 834 2589 quia
865 2519 973 2574 nati
1003 2531 1149 2588 sunt,
1182 2522 1412 2592 improbi
1440 2522 1684 2589 fuerunt;
1729 2525 1825 2580 sed
1854 2525 1925 2580 ob

328 2611 594 2679 ignaviam
619 2626 772 2667 suam
793 2613 834 2677 ί,
862 2611 1089 2682 ideoque
1115 2614 1439 2682 plectuntur.
1471 2615 1754 2684 Quomodo
1778 2617 1923 2672 enim

329 2719 436 2755 non
464 2705 723 2772 supplicio
751 2703 896 2773 digni
929 2705 1054 2768 sint,
1084 2707 1174 2776 qui
1200 2716 1278 2761 tot
1303 2707 1514 2761 virtutis
1543 2707 1796 2763 doctores
1824 2709 1922 2762 ha-

327 2796 512 2862 beant,
544 2792 780 2867 nihilque
807 2797 930 2851 inde
957 2798 1088 2853 lucri
1117 2797 1396 2856 referant?
1424 2799 1573 2856 Sicut
1594 2802 1736 2855 enim
1765 2803 1922 2872 probi

325 2887 529 2957 duplici
560 2888 626 2944 de
652 2902 812 2942 causa
856 2897 983 2943 sunt
1030 2892 1252 2959 praemio
1295 2891 1468 2960 digiti,
1503 2900 1612 2946 tum
1641 2893 1762 2962 quia
1794 2892 1923 2948 boni

325 2988 470 3043 sunt,
522 2987 630 3033 tum
675 2980 798 3050 quia
847 2981 976 3035 nihil
1025 2983 1094 3036 ab
1133 2982 1393 3054 improbis
1434 2993 1559 3039 sunt
1588 2984 1699 3040 laesi
1731 2985 1838 3040 :ita
1869 2994 1924 3041 et

325 3073 556 3142 improbi
582 3073 777 3142 duplici
822 3084 945 3129 sunt
971 3074 1114 3146 digni
1160 3077 1446 3146 supplicio,
1487 3086 1601 3134 tum
1641 3080 1764 3150 quia
1797 3080 1920 3134 mali

320 3174 472 3233 sunt,
511 3181 632 3221 cum
678 3181 798 3222 esse
842 3167 967 3223 boui
1011 3169 1329 3239 potuissent,
1378 3180 1437 3225 ut
1475 3187 1542 3228 ex
1591 3173 1748 3229 bouis
1792 3175 1922 3245 ipsis

325 3257 600 3326 probatur,
633 3267 744 3313 tum
767 3261 888 3330 quia
915 3261 1048 3317 nihil
1075 3277 1142 3317 ex
1163 3263 1423 3319 bonorum
1454 3268 1701 3337 exemplo
1730 3267 1921 3324 lucrati

321 3359 470 3403 sunt.
505 3353 572 3404 At
611 3351 888 3407 videamus
925 3353 1050 3423 quid
1094 3355 1237 3410 dicat
1281 3357 1447 3412 miser
1475 3359 1565 3414 ille
1601 3376 1632 3414 a
1662 3361 1922 3432 Magistro

321 3451 623 3509 correptus.
669 3443 806 3509 Quid
848 3459 978 3514 ergo
1018 3445 1186 3500 dicit?
1216 3447 1484 3516 Numquid
1527 3467 1619 3522 ego
1648 3470 1780 3520 sum,
1819 3454 1920 3510 Do-

321 3533 455 3586 mine
474 3533 501 3588 7
528 3533 591 3587 Et
618 3549 715 3589 cur
739 3549 844 3589 non
867 3536 944 3591 sic
973 3537 1040 3592 ab
1068 3538 1221 3594 initio
1260 3541 1653 3612 interrogavit?
1681 3544 1737 3600 Id
1766 3556 1922 3617 puta-

321 3623 413 3676 bat
441 3623 623 3690 latere,
656 3625 798 3695 quod
840 3626 1083 3694 dixisset,
1120 3628 1265 3685 Unus
1290 3643 1544 3699 vestrum;
1573 3650 1698 3692 cum
1737 3647 1918 3694 autem

321 3715 475 3770 illum
528 3716 878 3781 declarasset.
934 3736 1098 3776 ausus
1143 3732 1227 3779 est
1275 3724 1626 3798 interrogare,
1680 3731 1916 3790 doctoris

318 3811 716 3866 mansuetudini
749 3812 938 3877 fidens,
979 3829 1039 3868 se
1081 3830 1307 3885 sperans
1349 3833 1456 3874 non
1488 3821 1917 3894 redarguendum

316 3900 456 3958 fore.
489 3902 717 3974 Ideoque
740 3903 891 3960 illum
920 3905 1090 3962 Rabbi
1118 3909 1345 3964 vocavit.

393 3995 448 4050 3.
494 3993 731 4050 Pecunia:
772 4013 918 4050 amor
961 4013 1114 4068 quam
1162 4016 1314 4068 prave
1353 4002 1578 4058 animum
1617 4006 1822 4076 aﬂiciat.
1846 4040 1919 4051 —

315 4085 366 4142 Ο
391 4087 712 4142 czecitatem!
759 4103 1037 4157 quousque
1075 4089 1145 4145 ab
1185 4088 1273 4144 illa
1307 4091 1569 4162 impulsus
1611 4098 1732 4151 est?
1771 4098 1918 4156 Talis

314 4188 402 4234 est
431 4179 668 4248 pecunia
693 4194 846 4234 amor
871 4198 886 4235 :
916 4181 1109 4236 stultos
1131 4180 1317 4248 efficit,
1346 4186 1644 4253 petulantes
1673 4200 1727 4244 et
1753 4205 1916 4246 canes

313 4284 382 4324 ex
416 4269 756 4334 hominibus;
788 4271 897 4325 imo
927 4272 1150 4326 canibus
1179 4273 1499 4342 deteriores,
1526 4285 1579 4332 et
1601 4293 1665 4334 ex
1693 4280 1916 4337 canibus

313 4361 608 4416 daemonas.
645 4361 741 4416 Hic
770 4362 967 4432 quippe
988 4362 1258 4418 diabolum
1286 4365 1387 4421 sibi
1425 4365 1768 4425 insidiantem
1799 4371 1915 4427 adi-

312 4453 430 4518 bat,
462 4450 642 4508 Iesum
667 4461 850 4508 autem
888 4455 988 4510 sibi
1034 4455 1334 4511 beneficum
1376 4458 1631 4528 prodidit,
1675 4478 1799 4518 cum
1839 4480 1912 4521 ex

312 4545 722 4613 propositojam
750 4545 997 4602 diabolus
1042 4547 1267 4604 effectus
1307 4562 1472 4608 esset.
1519 4551 1677 4608 Tales
1715 4556 1913 4627 quippe

308 4637 481 4693 efﬁcit
511 4638 825 4693 insatiabilis
869 4639 1213 4708 pecuniarum
1244 4642 1530 4712 cupiditas,
1574 4647 1788 4712 stultos,
1821 4647 1910 4703 fu-

310 4729 510 4796 riosos,
561 4737 701 4783 totos
731 4730 973 4799 pecunias
1015 4731 1281 4798 addictos,
1311 4744 1367 4789 ut
1403 4735 1572 4792 Judas
1607 4737 1727 4797 fuit.
1759 4741 1910 4807 Quo-

309 4819 476 4876 modo
513 4829 692 4875 autem
736 4820 1018 4876 Matthreus
1048 4831 1103 4877 et
1151 4824 1240 4879 alii
1270 4824 1476 4896 dicunt,
1518 4838 1645 4886 tunc
1692 4831 1840 4888 illum
1878 4849 1908 4890 a

307 4913 527 4969 diabolo
566 4922 778 4985 captum
811 4916 994 4981 fuisse,
1025 4931 1148 4971 cum
1176 4917 1244 4973 de
1271 4920 1574 4989 proditione
1612 4934 1765 4994 pacta
1807 4928 1910 4983 ini-

306 5015 415 5073 ret,
444 5006 676 5062 Joannes
702 5023 852 5074 vero,
889 5006 1014 5062 Post
1053 5009 1330 5065 buccellam
1374 5013 1675 5084 ingressum
1712 5018 1779 5080 iu
1811 5019 1906 5076 illo

305 5113 436 5155 esse
455 5107 717 5166 satanam,
741 5115 862 5153 cum
890 5099 1020 5154 illud
1052 5101 1165 5170 ipse
1191 5104 1395 5158 sciret?
1421 5105 1590 5175 Supra
1621 5109 1763 5163 enim
1790 5111 1901 5166 ait:

306 5189 465 5246 Cena
487 5195 641 5260 facta,
670 5206 785 5244 cum
803 5191 918 5258 jam
948 5191 1180 5246 diabolus
1207 5195 1494 5250 inmisisset
1533 5199 1586 5252 in
1615 5216 1702 5253 cor
1725 5202 1902 5272 Judte,

305 5291 366 5336 ut
403 5283 617 5336 traderet
657 5299 774 5336 eum
805 5280 981 5351 (Joan.
1015 5283 1102 5337 I3.
1137 5283 1220 5354 2).
1254 5285 1536 5353 Quomodo
1580 5306 1708 5361 ergo
1747 5291 1900 5362 dicit,

306 5371 437 5428 Post
461 5373 752 5428 buccellan'
771 5375 978 5428 intravit
1020 5375 1072 5428 in
1111 5392 1227 5430 eum
1248 5389 1455 5434 satanas
1479 5381 1642 5451 (Ibid.
1684 5401 1732 5440 υ.
1765 5385 1904 5456 27)?

301 5465 440 5532 Quia
469 5482 572 5519 non
612 5466 892 5521 confertim
923 5467 1105 5530 intrat,
1150 5467 1244 5522 sed
1287 5471 1580 5537 perieulmn
1614 5475 1738 5530 facit
1777 5487 1905 5534 ante

301 5559 629 5627 diligenter:
659 5561 800 5628 quod
835 5561 919 5614 hic
959 5575 1176 5628 quoque
1220 5563 1463 5632 contigit.
1514 5565 1723 5622 Sensim
1755 5571 1902 5626 enim

300 5651 566 5706 accedens
611 5653 782 5716 initio,
827 5663 881 5706 et
929 5652 1132 5720 placido
1179 5664 1520 5723 congressus,
1556 5667 1613 5709 ut
1651 5658 1793 5712 videt
1840 5662 1904 5715 il-

297 5744 420 5801 lum
448 5742 514 5796 ad
559 5759 617 5798 se
666 5743 1032 5812 recipiendum
1073 5754 1337 5812 paratum,
1384 5754 1552 5800 totum
1595 5763 1653 5803 se
1684 5749 1902 5810 demum

368 5898 384 5929 ‘
413 5903 462 5945 tu
490 5896 653 5948 Itercl.
683 5897 879 5963 legitur,
909 5901 990 5951 sed
1016 5899 1076 5950 ob
1101 5901 1335 5955 malitiam
1357 5909 1402 5954 et
1427 5902 1666 5968 ignauiam
1689 5923 1845 5961 suam.

1269 467 1333 525 ΞΝ
1372 465 1778 525 ΜᾹΤΤΠίΕυΜ
1823 462 2050 517 IIOMIL.
2096 465 2336 526 LXXXI.
2378 470 2449 524 al.
2491 470 2756 526 LXXXII.

3549 482 3652 538 735

2040 580 2296 649 spirando
2327 583 2568 649 immisit,
2598 596 2652 642 et
2676 587 2839 658 plane
2867 591 3139 660 superavit
3169 593 3338 649 illum.
3366 595 3651 662 Quomodo

2039 682 2218 726 autem
2245 675 2290 728 si
2320 676 2516 744 pascha
2550 679 2930 746 comedebant,
2961 692 3146 736 contra
3185 685 3358 755 legem
3389 688 3439 742 id
3482 689 3647 744 facie-

2039 760 2203 817 bant?
2231 765 2346 820 Non
2396 768 2539 822 enim
2589 770 2963 827 recumbentes
3006 777 3290 842 oportebat
3330 781 3624 837 comedere

2037 853 2175 921 Quid
2201 872 2331 927 ergo
2370 857 2701 915 dicendum?
2731 862 2881 932 Ipsos
2909 873 3192 935 postquam
3223 871 3418 937 pascha
3463 888 3649 928 come-

2038 945 2264 1016 dissent,
2306 951 2504 1009 deinde
2547 955 2861 1014 recubuisse
2891 959 2958 1014 ad
2990 962 3337 1020 crenandum.
3367 967 3520 1022 Alius
3550 985 3646 1022 au-

2039 1046 2145 1093 tem
2173 1045 2500 1113 evangelista
2541 1047 2638 1111 ait,
2665 1049 2808 1117 quod
2836 1065 3062 1120 vespera
3092 1052 3182 1107 illa
3224 1069 3330 1109 non
3360 1059 3520 1113 modo
3545 1075 3647 1115 co-

2037 1133 2267 1188 mederit
2289 1137 2507 1205 pascha,
2539 1139 2636 1194 sed
2672 1141 2833 1197 etiam
2862 1143 3061 1199 dixerit
3092 1164 3104 1199 :
3139 1144 3408 1202 Desiderio
3438 1150 3640 1207 deside-

2036 1225 2144 1277 ravi
2174 1227 2269 1280 hoc
2296 1233 2489 1297 pascha
2511 1233 2824 1289 manducare
2848 1237 3100 1291 vobiscum
3136 1239 3287 1307 (an.
3317 1241 3406 1294 22.
3436 1245 3556 1312 I5);
3588 1246 3640 1300 id

2037 1325 2140 1381 est,
2174 1317 2277 1373 hoc
2305 1336 2467 1376 anno.
2511 1323 2729 1389 Quare?
2773 1326 2905 1394 Quia
2935 1338 3061 1383 tunc
3099 1330 3246 1386 orbis
3274 1334 3420 1388 salus
3467 1335 3638 1394 futura

2038 1419 2174 1472 erat,
2204 1415 2455 1483 mysteria
2477 1416 2754 1484 tradenda,
2782 1420 2950 1474 tristia
2976 1436 3072 1490 per
3090 1433 3318 1478 mortem
3349 1427 3638 1498 solvenda;

2037 1502 2115 1556 sic
2140 1503 2214 1556 illi
2241 1519 2372 1559 crux
2404 1523 2467 1560 ex
2497 1518 2624 1563 voto
2657 1511 2967 1567 accedebat.
3008 1513 3204 1569 Verum
3251 1517 3403 1573 illam
3445 1522 3639 1576 imma-

2039 1607 2160 1646 nem
2195 1593 2359 1648 feram
2389 1597 2523 1651 nihil
2553 1600 2837 1671 mitigavit,
2874 1603 3006 1657 nihil
3028 1604 3196 1661 ﬂexit.
3230 1608 3321 1663 Vae
3354 1621 3534 1666 autem
3567 1614 3639 1667 illi

2029 1677 2165 1739 dixit
2239 1685 2326 1742 his
2391 1692 2572 1748 verbis
2633 1711 2646 1748 :
2707 1690 2795 1746 Va:
2820 1693 3014 1748 ltomini
3047 1697 3145 1750 illi.
3173 1698 3389 1754 Terruit
3417 1719 3635 1773 qttoque

2036 1780 2184 1835 illum
2239 1783 2691 1840 dicenszBouum
2727 1783 2776 1837 ei
2814 1794 2948 1850 erat,
2987 1784 3034 1840 si
3101 1802 3251 1846 natus
3297 1811 3397 1848 non
3438 1797 3637 1863 fuisset.

2029 1866 2248 1924 Pudore
2288 1887 2416 1927 eum
2456 1871 2642 1939 allicit,
2691 1872 2880 1926 dicens
2905 1909 2922 1936 ,
2963 1871 3066 1926 Cui
3102 1890 3195 1944 ego
3245 1877 3468 1929 tinctam
3511 1877 3640 1929 buc-

2030 1959 2222 2015 cellam
2277 1980 2583 2032 perrexere.
2639 1968 2710 2016 At
2777 1963 2916 2017 nihil
2978 1964 3173 2018 horum
3236 1967 3415 2036 ipsum
3479 1981 3638 2021 coer-

2031 2053 2186 2121 cuit,
2227 2056 2321 2110 setl
2361 2056 2521 2124 quasi
2572 2056 2789 2110 insania
2834 2067 3027 2123 captus
3067 2067 3150 2111 est
3189 2059 3435 2113 avaritiae
3464 2103 3478 2125 ,
3526 2061 3640 2114 imo

2033 2145 2277 2213 graviore
2307 2147 2496 2220 morbo
2542 2157 2846 2220 correptus.
2895 2149 3028 2205 Nam
3061 2154 3277 2223 gravior
3319 2165 3466 2209 certe
3494 2156 3640 2212 furor

2035 2244 2137 2288 est.
2168 2234 2305 2302 Quid
2339 2237 2483 2292 enim
2530 2254 2782 2309 umquam
2833 2240 3009 2296 simile
3054 2240 3242 2298 furens
3273 2241 3436 2299 homo
3474 2244 3637 2300 fecit?

2033 2326 2149 2381 Non
2193 2329 2472 2385 emittebat
2516 2329 2603 2386 hic
2651 2347 2898 2402 spumam
2944 2349 3009 2388 ex
3048 2349 3164 2402 ore,
3217 2336 3314 2391 sed
3357 2338 3641 2394 emittebat

2035 2420 2246 2475 Domini
2273 2422 2476 2477 czedem
2507 2439 2521 2475 :
2551 2438 2658 2478 non
2692 2425 2975 2494 torquebat
3005 2442 3220 2494 manus,
3244 2429 3339 2484 sed
3373 2431 3489 2486 illas
3515 2442 3638 2488 ten-

2033 2511 2213 2577 debat,
2245 2521 2301 2566 ut
2325 2513 2617 2582 pretiosum
2647 2515 2961 2585 sanguinem
2996 2520 3272 2575 venderet.
3306 2521 3434 2576 Ideo
3465 2524 3642 2594 major

2034 2603 2183 2659 furor
2211 2616 2348 2670 erat,
2379 2609 2505 2676 quia
2543 2622 2707 2663 sanus
2730 2607 2964 2664 furebat.
2993 2609 3102 2666 Sed
3147 2628 3252 2668 non
3281 2614 3520 2684 loquitur
3551 2618 3631 2672 in-

2032 2697 2200 2762 sulsa,
2232 2699 2418 2754 dices?
2455 2701 2658 2770 Ecquid
2689 2701 2948 2758 insulsius
2977 2703 3068 2758 illa
3116 2720 3272 2774 voce,
3306 2706 3446 2772 Quid
3486 2711 3640 2766 vultis

2031 2789 2158 2843 mihi
2182 2790 2325 2858 dare,
2355 2800 2400 2844 et
2429 2807 2520 2861 ego
2540 2792 2676 2846 vobis
2702 2793 2902 2848 tradam
2930 2811 3044 2849 eum
3064 2795 3090 2848 ?
3118 2796 3369 2853 Diabolus
3399 2800 3638 2856 insonuit

2033 2895 2130 2950 per
2152 2895 2214 2935 os
2239 2882 2375 2949 ejus.
2402 2881 2506 2938 Sed
2547 2898 2652 2938 non
2680 2886 2946 2953 percussit
2984 2895 3185 2942 terram
3215 2890 3442 2959 pedibus
3468 2893 3639 2950 calci-

2033 2975 2220 3026 trans?
2248 2971 2318 3027 Et
2339 2982 2542 3043 quanto
2569 2977 2763 3031 melius
2790 2977 3096 3047 calcitrare,
3128 2997 3287 3051 quam
3316 2984 3394 3039 sic
3425 2995 3636 3043 rectum

2031 3063 2344 3120 stare?Sed
2382 3066 2651 3137 lapidibus
2673 3069 2912 3138 seipsum
2951 3086 3058 3126 non
3096 3077 3404 3142 percussit?
3437 3078 3636 3135 Verum

2031 3165 2232 3223 quanto
2256 3156 2451 3212 melius
2491 3156 2544 3212 id
2570 3156 2782 3225 fuisset,
2807 3175 2965 3230 quam
2998 3163 3102 3217 tale
3142 3161 3350 3222 facinus
3379 3171 3640 3240 aggredi?

2106 3246 2261 3300 Avari
2301 3247 2575 3305 deteriores
2619 3253 2970 3307 dtenwniacis.
2994 3283 3065 3293 -—
3097 3254 3269 3312 Vultis
3313 3259 3365 3312 in
3399 3262 3638 3319 medium

2029 3335 2360 3392 adducamus
2383 3338 2748 3395 daunoniacos
2788 3352 2842 3396 et
2867 3357 3080 3410 avaros,
3116 3353 3170 3400 et
3206 3357 3461 3419 utrosque
3486 3367 3637 3408 com-

2029 3429 2323 3498 paremus?
2365 3429 2471 3487 Sed
2519 3446 2679 3486 nemo
2723 3433 2775 3487 id
2818 3434 2871 3487 in
2916 3436 2997 3488 sui
3025 3441 3406 3494 contumeliam
3437 3426 3660 3500 vertat:

2029 3518 2145 3574 Non
2189 3521 2332 3575 enim
2366 3531 2614 3576 naturam
2653 3523 2952 3594 culpamus,
3000 3526 3096 3580 sed
3143 3544 3257 3583 rem
3302 3530 3635 3602 hujusmodi.

2027 3611 2329 3683 Numquam
2376 3614 2744 3671 dtemoniacus
2785 3617 3025 3673 vestibus
3074 3619 3332 3688 induitur,
3370 3624 3637 3696 lapidibus

2028 3706 2263 3774 seipsum
2285 3705 2522 3773 caedens,
2552 3721 2616 3762 ac
2643 3723 2742 3778 per
2768 3710 2908 3764 invia
2949 3720 3004 3766 et
3028 3727 3218 3782 aspera
3243 3714 3354 3771 loca
3385 3732 3632 3789 currens,

2027 3795 2381 3852 vehementer
2418 3813 2447 3852 a
2488 3799 2736 3854 damone
2763 3811 2936 3856 actus.
2981 3803 3176 3858 Annon
3220 3803 3336 3861 haec
3365 3807 3635 3868 horrenda

2028 3889 2324 3947 videntur?
2354 3890 2493 3959 Quid
2530 3906 2661 3963 ergo
2685 3893 2730 3948 si
2759 3895 3108 3952 ostendamus
3138 3913 3331 3956 avaros
3362 3901 3445 3955 his
3474 3903 3632 3962 dcte-

2026 3981 2220 4046 riores,
2266 3982 2450 4053 pejora
2497 3982 2554 4039 in
2599 3983 2835 4041 animam
2887 4001 3040 4042 suam
3071 3999 3306 4059 patrare,
3357 4002 3520 4064 atque
3561 3999 3632 4054 ita

2039 4069 2250 4140 pejora,
2271 4083 2331 4128 ut
2356 4073 2474 4131 haec
2496 4074 2660 4132 ludus
2685 4093 2810 4134 esse
2831 4079 3165 4136 videantur?
3194 4081 3389 4140 Nonne
3426 4086 3652 4158 fugietis

2040 4164 2206 4220 talem
2226 4166 2480 4224 morbum
2501 4169 2674 4241 ?Age,
2695 4171 3131 4245 videamusjquis
3145 4192 3336 4232 eorum
3352 4179 3424 4234 sit
3442 4181 3651 4238 tolera-

2039 4253 2226 4311 bilior.
2245 4257 2390 4314 Nihil
2410 4270 2561 4316 certe
2576 4264 2740 4316 ambo
2757 4264 3043 4321 dilferunt:
3070 4268 3234 4322 ambo
3255 4269 3401 4323 enim
3418 4286 3649 4329 sexcenc

2024 4349 2093 4404 tis
2115 4349 2272 4404 nudis
2302 4349 2609 4406 hominibus
2639 4359 2769 4407 sunt
2793 4351 3082 4423 turpiores.
3108 4352 3290 4425 Longe
3329 4357 3476 4411 enim
3516 4374 3634 4415 me-

2022 4441 2127 4499 lius
2147 4451 2230 4499 est
2249 4443 2452 4499 nudum
2471 4444 2710 4500 vestibus
2730 4460 2872 4513 esse,
2896 4461 3057 4516 quam
3081 4461 3146 4501 ex
3169 4449 3352 4518 rapina
3385 4451 3633 4506 indutum

2021 4535 2294 4603 incedere,
2328 4536 2470 4591 sicut
2499 4536 2824 4593 bacchantes
2852 4539 3126 4595 incedunt.
3159 4541 3631 4608 Quemadmodum

2021 4627 2166 4682 enim
2194 4627 2271 4682 illi
2303 4627 2481 4684 larvas
2534 4637 2590 4686 et
2625 4640 2803 4685 vestes
2849 4631 3139 4688 furentium
3183 4633 3402 4699 habent,
3453 4638 3532 4691 sic
3575 4647 3633 4693 et

2020 4716 2130 4773 isti.
2182 4721 2262 4774 Ac
2309 4719 2764 4791 quemadmodum
2813 4722 3272 4780 daemoniacorum
3324 4728 3622 4785 nuditatem

2019 4811 2169 4866 furor
2203 4810 2390 4877 eflicit,
2422 4813 2494 4868 ita
2533 4827 2748 4884 quoque
2773 4813 2998 4869 ethunc
3039 4815 3295 4870 amictum
3329 4818 3496 4874 furori
3529 4823 3629 4875 tri-

2017 4903 2290 4961 buendum
2316 4920 2514 4961 censeo
2539 4922 2552 4959 :
2577 4907 2669 4975 qui
2708 4906 2938 4962 amictus
2968 4907 3211 4965 nuditate
3243 4910 3355 4980 ipsa
3388 4911 3628 4970 deterior

2016 5007 2117 5053 est.
2154 4998 2208 5053 Id
2235 4999 2379 5069 quod
2411 4998 2536 5054 hinc
2562 4997 2941 5056 demonstrare
2968 5002 3229 5057 conabor.
3264 5004 3436 5070 Quem
3476 5008 3624 5062 enim

2016 5089 2250 5144 maxime
2294 5088 2475 5145 furere
2513 5088 2776 5157 dicamus,
2817 5105 2886 5144 an
2925 5091 3016 5161 qui
3062 5092 3299 5161 seipsum
3337 5096 3515 5161 eet-dit,
3557 5113 3624 5151 an

2016 5182 2108 5254 qui
2137 5197 2320 5238 secum
2360 5193 2588 5237 caeteros
2613 5197 2803 5238 omnes
2833 5182 3057 5238 obvios?
3089 5184 3311 5241 Planum
3353 5196 3456 5249 est,
3484 5189 3626 5244 hunc

2014 5289 2135 5331 esse
2164 5284 2518 5346 postremum.
2565 5274 2731 5348 Igitur
2776 5276 2851 5330 illi
2891 5291 3011 5332 sese
3055 5276 3347 5342 denudant,
3397 5278 3448 5334 hi
3496 5295 3623 5336 vero

2013 5367 2202 5422 obvios
2246 5382 2458 5422 oumes.
2504 5367 2579 5422 At
2626 5367 2700 5422 illi
2746 5368 3068 5424 vestimenta
3119 5370 3470 5427 discindunt?
3514 5375 3619 5429 Sed

2013 5469 2271 5531 quantum
2305 5460 2659 5517 mallentlmsi
2682 5461 2879 5531 singuli
2901 5463 3220 5519 vestimenta
3243 5479 3340 5520 sua
3366 5465 3617 5532 discindi,

2012 5569 2172 5623 quam
2214 5568 2404 5608 omnes
2450 5552 2552 5607 sibi
2605 5553 2891 5609 facultates
2937 5554 3150 5624 abripi?
3193 5557 3299 5612 Sed
3345 5559 3522 5628 plagas
3563 5559 3617 5613 in

2011 5645 2216 5701 vultum
2272 5662 2378 5700 non
2434 5646 2708 5701 inferunt?
2763 5647 2922 5716 Atqui
2972 5645 3076 5702 boc
3132 5652 3367 5705 maxime
3420 5650 3620 5705 faciunt

2011 5741 2156 5794 avari
2185 5740 2255 5794 illi
2295 5755 2538 5810 rapaces,
2570 5755 2677 5795 non
2718 5750 2897 5795 tamen
2925 5756 3134 5811 omnes,
3167 5744 3264 5800 sed
3309 5745 3361 5801 in
3402 5753 3620 5802 ventres

2079 5963 2094 5991 ι
2128 5959 2321 6021 llontﬂ,
2351 5963 2482 6011 Nam
2504 5960 2694 6014 scutitis
2721 5961 2818 6015 vim
2831 5965 3022 6018 morbi?
