4172 6490
691 412 800 472 135

686 525 913 580 aliorum
938 518 1092 577 famis
1118 529 1172 575 et
1198 517 1517 589 paupertatis
1537 517 1810 588 graviores
1838 515 2129 569 immittunt
2159 512 2258 567 do-

693 617 850 671 lores.
879 612 983 669 Sed
1008 627 1111 668 non
1141 610 1384 666 mordent
1401 609 1691 666 dentibus?
1719 608 1928 665 Utinam
1951 605 2260 662 morderent

687 706 952 770 dentibus,
982 712 1038 758 et
1061 717 1166 758 non
1194 703 1496 772 rapacitatis
1527 701 1671 767 telis,
1706 715 1824 770 quas
1854 699 2096 769 graviora
2128 696 2259 751 deu-

688 798 826 852 tibus
839 804 980 849 sunt.
998 793 1131 850 Nam
1154 793 1339 848 Dentes
1351 810 1522 848 eorum
1542 810 1686 847 arma
1704 802 1752 847 et
1770 793 1966 862 sagitta
1978 792 1996 861 (
2009 789 2148 846 Psal.
2165 790 2253 844 56.

685 887 763 958 5).
799 886 925 942 Uter
949 884 1117 954 magis
1145 883 1312 946 dolet,
1342 884 1429 952 qui
1460 883 1624 938 semel
1654 881 1947 946 mordetur,
1991 891 2045 936 et
2078 881 2252 934 statim

681 985 918 1039 curatur,
947 991 1014 1029 an
1046 975 1132 1045 qui
1160 990 1370 1044 semper
1390 974 1714 1043 paupertatis
1741 972 1990 1027 dentibus
2017 971 2255 1027 corrodi-

682 1067 805 1120 turi
835 1065 1121 1133 Paupertas
1149 1064 1343 1133 quippe
1386 1063 1742 1118 involuntaria
1785 1061 2002 1118 fornace
2031 1072 2084 1116 et
2123 1060 2252 1116 feris

679 1155 893 1226 gravior
920 1165 1021 1209 est.
1054 1153 1156 1210 Sed
1187 1171 1290 1208 non
1323 1169 1415 1222 per
1441 1153 1650 1208 deserta
1680 1163 1938 1223 vagantur
1965 1163 2020 1206 ut
2053 1151 2252 1206 damo-

681 1247 854 1301 niaci?
883 1244 1090 1302 Utinam
1115 1261 1208 1312 per
1238 1244 1470 1310 deserta,
1503 1259 1606 1298 non
1645 1260 1738 1313 per
1763 1244 1922 1299 urbes
1948 1253 2246 1308 currerent,

680 1349 735 1393 et
765 1349 887 1393 tunc
907 1351 1090 1392 omnes
1114 1337 1201 1406 qui
1231 1337 1282 1389 in
1306 1336 1523 1390 urbibus
1547 1345 1670 1389 sunt
1699 1336 1749 1388 in
1775 1335 1954 1406 quiete
1974 1335 2244 1405 degerent,

681 1445 821 1489 nunc
847 1444 974 1482 vero
1004 1429 1105 1482 illis
1131 1426 1378 1481 omnibus
1402 1425 1841 1480 iutolerabiliores
1868 1435 2012 1489 Slltll,
2047 1425 2166 1493 quia
2198 1426 2248 1478 in

682 1521 894 1575 urbibus
924 1522 1036 1572 hzec
1060 1518 1275 1580 faciunt,
1305 1517 1442 1587 quod
1471 1518 1543 1571 illi
1575 1517 1626 1571 in
1647 1515 1894 1582 desertis,
1924 1517 2064 1585 ipsas
2093 1516 2250 1570 urbes

680 1630 732 1668 tu
765 1613 973 1667 deserta
1015 1621 1298 1675 mutantes,
1337 1625 1400 1664 ac
1429 1610 1570 1664 velut
1611 1611 1660 1662 in
1706 1610 1920 1663 deserto
1962 1609 2050 1663 ubi
2093 1625 2249 1662 neum

678 1709 928 1761 cohibere
961 1714 1158 1777 potest,
1187 1706 1263 1758 sic
1290 1706 1524 1760 omnium
1557 1707 1693 1758 bona
1724 1704 2113 1772 depundantes.
2145 1703 2246 1756 Sed

678 1799 862 1852 obvios
908 1813 1009 1851 non
1040 1796 1297 1865 lapidibus
1326 1795 1575 1850 cadunt?
1607 1795 1669 1849 Et
1695 1795 1825 1864 quid
1867 1793 2006 1847 hoc?
2039 1797 2075 1846 A
2119 1795 2243 1861 lapi-

676 1888 830 1944 dibus
859 1888 996 1941 euitu
1039 1887 1137 1940 sibi
1177 1901 1368 1941 cavere
1411 1885 1567 1939 facile
1603 1887 1756 1948 estâ€˜;
1801 1899 1918 1951 quae
1955 1899 2081 1939 vero
2127 1899 2247 1936 cum

675 1981 855 2034 charta
885 1990 938 2032 et
965 1990 1258 2034 atramento
1285 1980 1493 2034 miseris
1521 1978 1838 2048 pauperibus
1869 1978 2086 2032 vulnera
2116 1978 2244 2030 inte-

673 2084 816 2137 runt,
847 2072 1071 2126 schcdas
1101 2071 1246 2125 mille
1279 2070 1441 2139 plagis
1462 2081 1680 2124 onustas
1703 2071 2102 2132 concinnantes,
2131 2068 2248 2138 quis

673 2165 839 2235 possit
861 2165 1048 2218 obvius
1075 2178 1264 2218 cavere
1291 2172 1345 2222 et
1369 2161 1647 2217 avertere?

743 2257 797 2312 4.
840 2255 1125 2310 Videamus
1152 2264 1330 2310 autem
1360 2262 1489 2323 quot
1518 2254 1617 2308 sibi
1659 2252 1788 2322 ipsis
1827 2254 1964 2306 mala
1992 2251 2242 2306 inferunt.

670 2349 806 2404 Nudi
845 2349 1114 2404 ambulant
1153 2363 1246 2417 per
1290 2347 1513 2403 urbem:
1542 2356 1740 2402 vestem
1791 2349 1984 2416 quippe
2037 2345 2245 2401 virtutis

672 2459 777 2496 non
819 2442 1033 2497 habent.
1053 2440 1204 2508 Quod
1233 2441 1276 2494 si
1303 2440 1352 2496 id
1380 2440 1488 2494 illis
1517 2448 1670 2508 turpe
1699 2453 1804 2494 non
1832 2437 2064 2492 videatur
2100 2453 2241 2501 esse,

670 2531 770 2586 hoc
807 2545 872 2586 ex
921 2531 1106 2600 grandi
1150 2531 1352 2584 insania
1402 2530 1663 2599 procedit,
1716 2530 1856 2600 quod
1905 2530 2243 2598 ignominiam

669 2638 773 2678 non
804 2624 1067 2689 sentiant;
1106 2623 1202 2678 sed
1227 2637 1452 2694 corpore
1478 2623 1605 2678 nudi
1644 2623 1986 2687 erubescunt,
2013 2622 2241 2676 animam

664 2724 796 2771 Vero
824 2714 1018 2769 nudam
1043 2714 1480 2769 circumferentes
1507 2713 1816 2782 gloriantur.
1859 2712 1914 2768 Si
1956 2715 2113 2768 vultis
2150 2730 2243 2767 au-

668 2817 795 2873 tem,
819 2823 914 2862 cur
937 2805 1136 2861 nullum
1163 2820 1378 2861 sensum
1409 2803 1673 2859 babeant'
1703 2803 1894 2859 dicam.
1925 2805 2053 2873 Quae
2083 2805 2241 2875 igitur

665 2911 824 2953 causa
860 2897 980 2951 est?
1028 2895 1171 2951 Inter
1221 2895 1418 2950 multos
1464 2896 1634 2950 nudos
1681 2896 1967 2962 nudantur,
2014 2897 2239 2965 ideoque

664 3003 771 3042 non
816 2987 1156 3051 erubescunt,
1203 2994 1262 3040 ut
1300 3001 1472 3056 neque
1509 3000 1606 3041 nos
1645 2986 1698 3042 in
1739 2987 1964 3042 balneis.
2001 2986 2153 3053 Quod
2192 2987 2237 3042 si

662 3078 814 3133 inulti
844 3087 1021 3133 essent
1048 3078 1241 3134 virtute
1283 3078 1469 3144 induti,
1516 3078 1688 3148 major
1718 3079 1845 3148 ipsis
1877 3081 2049 3150 pudor
2072 3091 2236 3137 esset.

662 3171 812 3226 Nunc
837 3181 1009 3224 autem
1041 3170 1165 3226 illud
1194 3171 1422 3225 maxime
1446 3171 1695 3242 lacrymis
1723 3171 1938 3242 dignum
1968 3183 2069 3238 est,
2097 3174 2236 3244 quod

662 3277 784 3316 cum
818 3260 967 3315 multi
993 3262 1098 3316 sint
1124 3262 1271 3324 mali,
1303 3261 1480 3316 nullus
1505 3270 1589 3316 est
1624 3262 1794 3332 pudor
1817 3279 1880 3318 ex
1911 3264 2070 3318 malo.
2103 3264 2234 3319 Cum

660 3354 781 3409 aliis
802 3354 943 3408 enim
973 3355 1074 3409 hoc
1110 3354 1268 3408 etiam
1295 3353 1420 3408 fecit
1445 3352 1709 3420 diabolus,
1737 3362 1794 3408 ut
1817 3369 1990 3426 neque
2015 3370 2234 3410 sensum

661 3445 918 3501 malorum
941 3446 1104 3500 ullum
1131 3444 1397 3511 habeant;
1428 3456 1590 3516 utque
1617 3463 1681 3504 ex
1709 3447 2070 3517 improborum
2098 3448 2235 3502 mul-

661 3537 885 3592 titudine
904 3537 1074 3607 pudor
1092 3537 1373 3608 obtegatur
1401 3555 1416 3592 :
1443 3553 1565 3594 nam
1596 3540 1643 3594 si
1669 3540 1722 3594 in
1750 3539 2086 3596 multitudine
2114 3540 2234 3610 phi-

659 3627 999 3698 losophorurn
1040 3638 1362 3695 versaretur,
1409 3643 1560 3685 suam
1601 3631 1690 3686 ille
1730 3630 2022 3686 nuditatem
2068 3633 2235 3702 magis

658 3729 860 3777 nosset.
891 3720 1112 3776 Planum
1157 3736 1285 3790 ergo
1323 3730 1406 3778 est
1444 3721 1564 3777 illos
1604 3721 1946 3778 daemoniacis
1982 3738 2100 3778 esse
2142 3738 2234 3776 uu-

657 3811 865 3874 diorcs;
896 3810 1034 3881 quod
1061 3819 1236 3866 autem
1279 3811 1491 3879 deserta
1523 3813 1638 3868 loca
1667 3812 2021 3884 frequentem,
2073 3831 2232 3868 nemo

657 3915 804 3960 certe
844 3905 1132 3975 negaverit.
1178 3904 1306 3960 Lata
1352 3905 1548 3976 quippe
1588 3918 1642 3961 et
1685 3907 1917 3976 spatiosa
1959 3907 2040 3960 via
2083 3908 2228 3962 omni

655 3997 871 4052 deserto
902 3996 1164 4053 desertior
1202 4007 1303 4053 est.
1345 3997 1457 4052 Etsi
1489 4011 1718 4069 namque
1759 3998 1990 4052 viatores
2034 3999 2229 4052 multos

656 4087 883 4155 habeat,
928 4088 1021 4142 sed
1067 4086 1337 4143 hominem
1391 4089 1632 4144 nullum:
1676 4103 1860 4145 verum
1912 4097 2226 4158 serpentes,

652 4179 984 4246 scorpiones,
1008 4177 1180 4247 lupos,
1203 4177 1433 4248 viperas,
1455 4178 1686 4247 aspides.
1711 4179 1870 4234 Tales
1893 4179 2087 4249 quippe
2103 4188 2230 4233 sunt

655 4268 691 4323 ii
729 4269 817 4337 qui
849 4268 1135 4338 nequitiam
1177 4277 1471 4323 sectantur.
1503 4268 1628 4324 Haec
1656 4284 1761 4325 non
1799 4270 2009 4326 deserta
2053 4271 2224 4325 solum

651 4371 754 4429 est,
784 4361 876 4417 sed
905 4363 1061 4417 etiam
1084 4363 1344 4432 asperior.
1378 4361 1432 4417 Id
1460 4362 1598 4433 quod
1629 4362 1752 4422 hinc
1781 4363 1951 4433 palam
1969 4372 2051 4418 est
2081 4386 2094 4418 :
2119 4379 2223 4417 non

648 4452 791 4506 enim
840 4452 1060 4522 lapides,
1107 4461 1393 4523 praerupta,
1441 4453 1716 4509 cacumina
1764 4453 2114 4509 ascendentes
2155 4455 2223 4508 ita

649 4543 903 4609 lacerant,
931 4552 988 4598 ut
1032 4544 1213 4613 rapina
1254 4553 1309 4599 et
1336 4545 1557 4600 avaritia
1585 4547 1788 4600 animas
1813 4561 1932 4614 qua:
1959 4546 2100 4599 illam
2138 4547 2224 4600 ad-

649 4635 884 4688 mittunt.
927 4633 1076 4702 Quod
1105 4644 1282 4690 autem
1327 4636 1464 4689 circa
1507 4636 1748 4706 sepulcra
1780 4638 1937 4690 vitam
1983 4647 2139 4706 agant
2168 4644 2224 4691 ut

648 4727 980 4789 daemoniaci,
1014 4727 1121 4782 imo
1161 4728 1334 4797 potius
1366 4726 1506 4798 quod
1542 4729 1640 4797 ipsi
1684 4728 1924 4800 sepulcra
1950 4729 2076 4794 sint,
2101 4728 2224 4784 hinc

649 4817 982 4872 manifestum
1004 4827 1106 4873 est.
1135 4819 1270 4888 Quid
1297 4819 1440 4874 enim
1470 4828 1553 4876 est
1571 4820 1915 4890 sepulcrum?
1945 4820 2102 4891 Lapis
2131 4821 2220 4891 qui

649 4919 978 4966 mortuorum
1020 4926 1242 4982 corpora
1280 4913 1538 4968 continet.
1573 4911 1630 4968 In
1672 4929 1778 4984 quo
1820 4929 1948 4985 ergo
1972 4915 2223 4970 dill'erunt

646 5006 858 5062 illorum
904 5020 1128 5075 corpora
1171 5006 1239 5060 ab
1281 5005 1582 5076 hujusmodi
1615 5005 1914 5078 lapidibus?
1953 5008 2065 5063 lmo
2105 5008 2220 5066 lucc

649 5098 753 5152 illis
791 5097 1175 5152 miserabiliora
1215 5108 1355 5152 sunt.
1389 5098 1502 5153 Non
1533 5099 1672 5154 enim
1704 5101 1839 5170 lapis
1885 5110 1967 5156 est
1993 5100 2221 5156 cadaver

645 5189 942 5254 continens,
987 5188 1082 5243 sed
1124 5203 1318 5258 corpus
1359 5189 1621 5260 lapidibus
1661 5191 2036 5255 insensibilius,
2078 5208 2221 5247 mor-

648 5290 788 5334 tuam
819 5281 1198 5336 circumferens
1221 5282 1473 5336 animam.
1495 5281 1851 5349 Quamobrem
1877 5299 1982 5338 non
2008 5285 2220 5340 aberrat

644 5373 689 5428 si
719 5373 836 5443 quis
857 5373 974 5428 illos
997 5375 1234 5443 sepulcra
1265 5374 1554 5429 vocaverit.
1585 5373 1718 5429 Nam
1757 5375 2010 5431 Dominus
2036 5386 2219 5432 noster

643 5479 723 5520 sic
751 5463 962 5520 Judznos
1003 5467 1245 5528 vocavit;
1292 5466 1517 5538 ideoque
1558 5465 1832 5536 subiunxit
1859 5483 1875 5520 :
1907 5467 2217 5522 Intrinsecns

641 5559 825 5628 rapina
867 5566 913 5612 et
941 5558 1149 5612 auaritia
1186 5559 1321 5628 pleni
1359 5570 1473 5614 sunt
1504 5557 1717 5629 (Matth.
1759 5558 1851 5614 25.
1887 5557 2001 5630 25).
2047 5559 2217 5615 Vultis

641 5649 854 5706 demum
894 5646 1170 5706 ostendam
1204 5650 1472 5724 quomodo
1500 5650 1764 5722 lapidibus
1802 5651 1974 5722 capita
2003 5666 2095 5708 sua
2132 5651 2213 5708 te-

717 5863 736 5940 :
761 5862 1021 5940 lâ€˜tidlorelz,
1051 5865 1236 5940 lapides
1256 5867 1384 5940 enim
1402 5869 1544 5940 facile
1567 5880 1643 5940 est,
1657 5876 1882 5940 emtgcre.

714 5924 736 5956 Â³
753 5924 862 5989 Alii,
887 5938 974 5978 cur
997 5924 1176 5982 tantam
1197 5924 1540 5996 impudentiam
1562 5924 1780 5994 Î™Î¹á½½á½²á¼±á¿¦á½–á½·

1521 406 1578 464 s.
1606 402 1882 462 JOANNIS
1920 399 2390 457 Cttuvsosrout
2429 374 2739 459 Attamen.
2781 405 3313 468 CONSTANTINOP.

3848 419 3960 476 756

2365 513 2537 569 riant?
2565 515 2838 572 Uudcnam
2861 521 2884 574 ?
2911 520 3015 575 Sed
3048 524 3220 591 primo
3247 525 3331 578 dic
3359 525 3488 579 mihi
3518 526 3660 583 unde
3688 527 3791 584 hoc
3819 535 3945 587 velis

2361 605 2587 673 discere,
2610 621 2637 660 a
2671 612 3104 678 praescntibusue,
3137 629 3204 669 an
3231 631 3260 670 a
3287 615 3520 672 futuris?
3548 619 3617 673 At
3648 619 3941 678 futurorum

2362 695 2435 748 illi
2457 712 2558 752 non
2577 713 2818 770 magnam
2841 704 3098 758 rationem
3118 706 3344 761 habent:
3361 707 3427 762 de
3442 712 3802 778 praesentibus
3820 730 3944 786 ergo

2361 788 2700 859 loquendum.
2725 791 2926 859 Quibus
2954 796 3218 865 lapidibus
3236 800 3511 868 graviores
3527 815 3632 855 non
3659 814 3785 857 sunt
3805 821 3944 860 cura:

2359 879 2484 947 illae,
2517 875 2633 953 quae
2657 900 2758 938 non
2791 887 2963 955 capita
2996 888 3212 952 feriunt,
3237 891 3330 945 sed
3358 893 3590 945 animam
3618 895 3943 952 corroduut?

2367 970 2577 1027 Timent
2596 975 2758 1038 enim,
2784 991 2850 1029 ne
2867 979 2987 1044 jure
3008 994 3070 1031 cx
3093 975 3253 1032 domo
3275 990 3467 1036 exeant
3493 981 3578 1035 illa
3607 997 3727 1053 quae
3746 985 3943 1053 injuste

2357 1071 2504 1130 parta
2545 1073 2700 1130 sunt;
2736 1075 2973 1121 extrema
3017 1066 3333 1136 formidant,
3377 1073 3710 1139 irascuntur,
3758 1087 3942 1130 contra

2355 1165 2502 1217 suos,
2548 1164 2732 1208 contra
2778 1166 3062 1211 extraneos
3105 1159 3378 1214 irritantur
3410 1179 3422 1214 :
3452 1177 3669 1228 "terror,
3717 1175 3941 1231 tremor,

2355 1239 2500 1296 furor
2528 1243 2626 1297 sibi
2659 1255 2845 1300 mutuo
2884 1247 3192 1316 succedunt,
3227 1260 3280 1303 et
3303 1253 3453 1321 quasi
3485 1268 3514 1306 a
3554 1255 3854 1325 prarcipitio
3891 1256 3941 1311 in

2356 1332 2702 1401 praaeipitium
2757 1345 3130 1402 transeuntes,
3197 1356 3316 1411 qua:
3374 1341 3608 1396 nondum
3666 1346 3945 1414 possident

2355 1424 2588 1491 quotidie
2627 1436 2961 1495 exspectant.
3003 1430 3340 1504 Quapropter
3377 1446 3550 1502 neque
3582 1434 3796 1503 placent
3837 1437 3938 1491 illis

2353 1530 2414 1569 ea
2455 1532 2573 1585 qua:
2601 1519 2892 1592 possident,
2924 1521 3064 1588 quod
3109 1533 3220 1576 tuto
3266 1525 3464 1578 servari
3512 1539 3616 1580 non
3645 1505 3936 1592 conï¬dant,

2352 1605 2600 1675 quodque
2641 1595 2753 1661 toto
2796 1611 2974 1663 animo
2999 1613 3063 1664 ad
3096 1628 3178 1678 ea,
3223 1629 3343 1683 quae
3374 1615 3609 1668 nondum
3641 1619 3938 1686 possident,

2353 1695 2620 1751 anhelent.
2646 1700 2722 1752 Ac
2745 1701 3191 1768 quemadmodum
3221 1707 3264 1758 is
3284 1705 3370 1772 qui
3394 1704 3641 1760 diuturna
3671 1709 3754 1760 siti
3782 1723 3938 1761 vexac

2357 1795 2437 1839 tus
2461 1796 2564 1849 est,
2598 1788 2803 1844 etiamsi
2838 1792 3034 1845 inultos
3057 1795 3364 1848 exhauserit
3389 1798 3584 1860 fontes,
3611 1799 3935 1868 voluptatem

2355 1893 2457 1931 non
2488 1879 2668 1942 sentit,
2700 1879 2841 1947 quod
2872 1882 3052 1935 satiati
3085 1894 3350 1952 nequeat:
3385 1885 3453 1938 ita
3481 1897 3536 1940 et
3560 1887 3609 1938 hi
3644 1904 3747 1940 non
3780 1888 3940 1941 modo

2356 1985 2460 2023 non
2496 1971 2846 2036 delectantur,
2892 1973 2984 2028 sed
3014 1989 3079 2027 eo
3122 1979 3286 2042 magis
3325 1978 3629 2031 cruciantur
3655 1993 3762 2046 qun
3789 1979 3946 2048 plura

2354 2070 2551 2126 tenent,
2577 2062 2715 2129 quod
2739 2062 2913 2115 nullus
2943 2065 3013 2117 sit
3038 2063 3342 2132 cupiditatis
3370 2066 3510 2122 linis.
3539 2068 3601 2121 Et
3625 2068 3739 2122 bare
3766 2085 3937 2139 quau-

2352 2161 2459 2205 tum
2498 2151 2564 2205 ad
2595 2154 2874 2221 prmsentia
2905 2171 2920 2208 :
2955 2170 3094 2209 nunc
3124 2156 3192 2210 de
3211 2154 3388 2210 futuro
3427 2157 3517 2212 illo
3543 2158 3628 2212 die
3667 2159 3934 2212 dicamus.

2349 2244 2494 2299 Licet
2518 2246 2657 2298 enim
2695 2245 2769 2299 illi
2799 2261 2902 2300 non
2935 2247 3244 2312 attendant;
3273 2257 3327 2302 at
3351 2263 3531 2318 Opera:
3565 2251 3793 2318 pretium
3836 2251 3944 2305 erit

2347 2336 2414 2391 de
2445 2336 2537 2390 illo
2565 2336 2762 2390 dicere.
2800 2337 2854 2390 In
2896 2337 3074 2392 futuro
3115 2338 3292 2410 itaque
3317 2339 3405 2394 die
3435 2340 3668 2410 undique
3701 2343 3775 2396 illi
3804 2359 3931 2398 cru-

2347 2427 2646 2480 ciabuutur.
2696 2425 2828 2480 Nam
2871 2441 2992 2481 cum
3034 2426 3184 2492 dixit,
3233 2425 3458 2494 Esnriri,
3494 2439 3542 2482 et
3581 2446 3682 2483 non
3728 2431 3946 2485 dedistis

2348 2517 2470 2568 mihi
2513 2516 2837 2581 manducare,
2891 2517 3042 2581 sitivi,
3093 2527 3139 2571 et
3179 2534 3278 2572 non
3331 2529 3505 2588 potant
3561 2523 3682 2573 mihi
3730 2523 3935 2576 dedistis

2351 2607 2562 2678 (Matth.
2607 2607 2700 2663 25.
2745 2607 2862 2678 42),
2898 2609 2980 2663 his
3010 2609 3187 2663 verbis
3213 2610 3471 2679 castigat;
3519 2621 3572 2666 et
3614 2627 3736 2666 cum
3783 2613 3935 2676 dicit,

2346 2697 2428 2752 Ite
2460 2699 2513 2753 in
2559 2701 2722 2770 ignem
2749 2710 2993 2753 aeternam
3023 2710 3259 2769 paratum
3306 2699 3508 2756 diabolo
3534 2700 3696 2772 (Ibid.
3739 2719 3786 2757 Ï….
3817 2704 3928 2771 41),

2343 2805 2436 2845 eos
2481 2791 2572 2862 qui
2618 2791 2756 2846 male
2800 2793 2965 2861 partis
3007 2790 3208 2845 divitiis
3251 2789 3478 2847 aliiuunt
3509 2793 3601 2848 illo
3646 2796 3826 2849 mittit.
3868 2795 3938 2849 Et

2343 2899 2534 2940 servus
2565 2884 2653 2938 ille
2684 2899 2934 2954 nequam,
2977 2884 3067 2955 qui
3097 2885 3372 2938 conservis
3412 2885 3548 2939 bona
3579 2885 3783 2941 domini
3824 2905 3934 2942 non

2342 2975 2581 3044 largitur,
2613 2976 2664 3030 in
2691 2975 2876 3029 eadem
2905 2984 2989 3030 est
3025 2975 3236 3043 classe;
3267 2992 3472 3032 necnon
3503 2978 3548 3032 is
3576 2983 3696 3048 quis
3725 2981 3814 3050 qui
3849 2992 3930 3034 ta-

2343 3067 2543 3121 lentum
2573 3067 2806 3134 sullâ€™odit,
2850 3079 2901 3122 et
2941 3068 3177 3138 quinque
3198 3069 3453 3138 virgines.
3483 3069 3549 3124 Et
3587 3086 3934 3142 quocumque

2340 3158 2558 3223 abieris,
2597 3163 2788 3212 avaros
2816 3158 2974 3228 plecti
3015 3159 3241 3214 videbis.
3291 3164 3367 3214 Ac
3399 3176 3537 3216 nunc
3580 3162 3798 3230 quidem
3829 3179 3927 3217 au-

2337 3247 2505 3311 dient,
2542 3248 2707 3303 Chaos
2745 3261 2819 3303 est
2842 3249 2972 3303 inter
3010 3266 3100 3304 nos
3126 3259 3174 3304 et
3217 3247 3593 3321 vos(an.16.
3626 3252 3719 3324 26)
3745 3271 3758 3315 Í¾
3789 3271 3928 3310 Î·Î¹Î¹Î¹Î¹Î¿

2350 3332 2593 3392 Recedite
2633 3357 2664 3393 a
2709 3356 2789 3392 me
2836 3341 2891 3392 in
2933 3355 3101 3407 ignem
3143 3337 3343 3408 [vobis]
3381 3349 3674 3405 paratum;
3717 3351 3772 3396 et
3805 3349 3936 3399 tum

2345 3425 2395 3478 in
2420 3425 2554 3478 duas
2576 3435 2754 3494 partes
2777 3424 2983 3480 discissi
3009 3425 3102 3480 illo
3132 3425 3282 3481 ibttnt
3313 3425 3401 3482 ubi
3429 3426 3630 3482 stridor
3663 3427 3924 3493 dentium,

2339 3528 2500 3588 atque
2528 3519 2764 3588 undique
2793 3518 2928 3588 pulsi
2953 3517 3296 3586 videbuntur,
3328 3533 3592 3591 nusquam
3621 3519 3800 3576 locum
3829 3524 3929 3576 ha-

2340 3610 2529 3664 bentes
2558 3609 2655 3663 nisi
2688 3611 2738 3663 in
2767 3611 3029 3677 gehenna.

2411 3700 2463 3753 5.
2508 3699 2656 3754 Sana
2678 3699 2804 3767 ï¬des
2825 3715 2924 3753 non
2942 3698 3145 3770 prodest
3168 3699 3278 3755 sine
3294 3700 3624 3770 operibus.â€”
3641 3699 3780 3769 Quid
3802 3716 3930 3772 ergo

2338 3791 2492 3845 nobis
2516 3805 2645 3844 sana
2687 3788 2820 3844 lides
2859 3789 3101 3859 proderit
3136 3788 3202 3844 ad
3233 3788 3488 3854 salutem,
3512 3806 3634 3845 cum
3675 3792 3792 3847 haec
3834 3809 3927 3845 auâ€”

2335 3884 2582 3940 diemusâ€˜l
2627 3882 2761 3947 illic,
2805 3881 3003 3936 stridor
3043 3880 3308 3946 dentium,
3337 3881 3574 3937 tenebrae
3603 3885 3928 3947 exteriores,

2335 3987 2391 4030 et
2445 3977 2580 4044 ignis
2635 3982 2851 4044 paratus
2897 3972 3132 4039 diabolo,
3186 3973 3452 4039 discissis,
3502 3975 3792 4044 expulsio;
3842 3975 3926 4031 hic

2337 4082 2486 4130 vero,
2533 4064 2842 4129 inimicitia,
2870 4064 3171 4128 calumniae,
3207 4064 3474 4135 pericula,
3506 4050 3928 4134 sollicitudines,

2337 4156 2578 4222 insidiae,
2625 4155 2805 4209 odium
2855 4155 3120 4220 onmium,
3145 4156 3474 4212 abominatio
3517 4157 3665 4227 apud
3707 4175 3917 4224 omnes,

2335 4250 2495 4303 etiam
2516 4262 2611 4303 eos
2634 4248 2722 4318 qui
2751 4247 2958 4302 adulari
2983 4247 3246 4302 videntur.
3275 4247 3426 4304 Sicut
3449 4250 3593 4306 enim
3623 4249 3798 4307 bonos
3817 4266 3926 4307 non

2333 4340 2458 4394 boni
2486 4339 2680 4405 solum,
2705 4338 2800 4394 sed
2831 4338 2991 4393 etiam
3023 4337 3249 4408 improbi
3275 4339 3580 4396 mirantur:
3609 4341 3690 4398 sic
3720 4343 3922 4412 impro-

2334 4433 2430 4488 bos
2455 4445 2560 4484 non
2585 4429 2712 4483 boni
2741 4438 2969 4495 tantum,
2990 4429 3083 4484 sed
3109 4431 3270 4484 etiam
3299 4429 3528 4501 improbi
3549 4430 3676 4486 odio
3698 4432 3920 4490 habent.

2331 4524 2461 4590 Quae
2484 4536 2572 4577 res
2599 4520 2735 4575 adeo
2761 4535 2886 4574 vera
2915 4528 3018 4585 est,
3053 4528 3110 4574 ut
3151 4534 3340 4575 avaros
3384 4522 3529 4591 ipsos
3572 4521 3803 4579 libenter
3842 4524 3924 4580 in-

2336 4626 2626 4684 terrogem,
2658 4628 2835 4667 anuon
2879 4612 3016 4666 alter
3055 4611 3209 4667 alteri
3256 4611 3460 4667 invisus
3505 4613 3596 4676 sit,
3625 4623 3681 4668 et
3722 4615 3767 4670 si
3812 4630 3923 4671 non

2333 4707 2554 4778 perinde
2580 4705 2688 4760 siut
2714 4705 2853 4760 inter
2880 4719 2938 4760 se
2970 4703 3192 4772 inimici,
3223 4718 3288 4759 ac
3315 4702 3362 4759 si
3404 4719 3465 4761 se
3508 4716 3695 4762 mutuo
3734 4705 3924 4764 admo-

2330 4802 2455 4857 dum
2483 4799 2767 4864 laesissent,
2799 4812 2980 4852 annon
3017 4812 3075 4852 se
3104 4805 3291 4850 mutuo
3331 4796 3705 4864 criminentur,
3736 4813 3922 4857 annon

2329 4890 2709 4948 contumeliam
2754 4904 2866 4943 rem
2908 4888 3100 4959 ipsam,
3144 4902 3304 4959 quam
3333 4895 3518 4958 agunt,
3563 4902 3685 4944 esse
3729 4891 3921 4945 existi-

2329 4991 2496 5050 ment,
2526 4997 2647 5037 cum
2676 4979 2796 5051 quis
2825 4979 2933 5035 illis
2967 4979 3069 5034 hoc
3098 4978 3445 5049 opprobrium
3474 4978 3677 5048 objicit.
3705 4979 3919 5050 Oppre-

2329 5077 2502 5133 brium
2522 5075 2718 5145 quippe
2755 5071 2856 5126 hoc
2878 5079 2961 5126 est
2984 5079 3309 5136 extremum,
3331 5079 3388 5126 et
3420 5085 3646 5126 summae
3672 5072 3921 5143 maligni-

2329 5170 2452 5224 tatis
2475 5175 2867 5238 argumentum.
2900 5161 3034 5218 Nam
3073 5163 3118 5217 si
3159 5162 3418 5233 pecunias
3437 5172 3786 5219 contemnere
3809 5177 3921 5220 rion

2328 5268 2498 5331 potes,
2527 5255 2798 5328 quomodo
2830 5255 3014 5309 vinces
3039 5253 3554 5325 concupiscentiam,
3579 5269 3770 5310 vanam
3799 5254 3920 5327 glo-

2327 5353 2483 5413 riam,
2515 5349 2770 5412 furorem,
2797 5347 2971 5400 iram?
2997 5346 3064 5401 Et
3089 5347 3360 5416 quomodo
3398 5346 3519 5417 qu'n
3544 5345 3628 5401 his
3668 5347 3724 5403 in
3752 5347 3919 5404 Ï„Î¿Î´Îµ..

2326 5439 2700 5510 obtemperet?
2728 5436 2864 5492 Nam
2891 5437 3383 5506 concupiscentiam
3411 5451 3732 5508 corporum,
3756 5438 3914 5507 iram,

2327 5534 2598 5599 furorem,
2631 5531 2808 5586 carnis
2859 5529 3218 5600 complexioni
3277 5529 3551 5596 tribuunt,
3613 5529 3917 5601 medicique

2327 5628 2451 5683 huic
2491 5625 2880 5681 vehementiam
2907 5633 3149 5679 motuum
3177 5622 3524 5689 adscribunt;
3567 5622 3916 5681 calidior-em-

2323 5734 2428 5792 que
2452 5726 2506 5773 et
2534 5716 2887 5771 humidiorem
2935 5715 3188 5769 lascivum
3219 5727 3340 5768 esse
3373 5721 3576 5782 putant,
3608 5728 3731 5768 eum
3760 5729 3914 5781 vero,

2324 5813 2413 5882 qui
2442 5810 2665 5865 sicciore
2692 5809 2763 5863 sit
2788 5806 3125 5876 intemperie,
3154 5805 3456 5871 ardentem,
3494 5805 3834 5873 iracundum,
3856 5816 3914 5864 et

2326 5905 2606 5963 furiosum.
2655 5903 2729 5961 De
2757 5902 2981 5958 avaritia
3030 5909 3209 5959 autem
3253 5899 3388 5957 nihil
3431 5897 3625 5959 horum
3653 5900 3850 5961 dicitur
3875 5914 3909 5957 Î¹
