4172 6506
280 425 382 482 737

281 537 532 593 medicis.
555 535 645 592 Si:
671 549 738 591 ex
770 532 986 603 ignavia
1013 539 1218 587 tantum
1245 538 1299 585 ct
1325 530 1489 585 animi
1517 539 1738 600 stupore
1765 529 1882 584 haic

280 627 544 698 azgritudo
590 625 848 680 nascitur.
878 623 1239 690 Quamobrem
1287 630 1496 692 precor,
1537 621 1654 676 huic
1698 621 1879 674 omnia

271 718 654 782 reiiieudemus,
679 724 1015 784 cmterosqtte
1037 714 1201 767 animi
1231 713 1448 767 morbos
1472 713 1560 782 qui
1582 710 1876 766 secundum

279 821 494 865 wtatein
518 810 792 873 accidunt,
816 809 866 860 in
893 807 1220 861 contrarium
1243 805 1652 860 transferamus.
1671 805 1728 860 Si
1751 819 1880 859 vero

278 917 375 969 per
421 901 660 970 singulas
696 902 819 954 vita:
861 910 1040 969 partes
1074 895 1375 968 navigando
1416 897 1631 951 virtutis
1663 895 1878 951 labores

276 993 601 1057 deviteinus,
632 1002 686 1046 et
712 990 908 1060 ubique
938 987 1214 1058 naufragia
1248 986 1526 1053 facientes,
1555 986 1623 1041 ad
1662 995 1876 1057 portum

276 1085 612 1155 appellamus
663 1083 920 1137 sarcinis‘
972 1080 1344 1149 spiritualibus
1402 1079 1586 1144 vacui,
1633 1087 1877 1145 extrema

281 1180 572 1247 patiemur.
619 1176 867 1232 Praesens
895 1174 1092 1244 quippe
1117 1174 1224 1228 vita
1258 1173 1480 1243 pelagus
1501 1179 1587 1226 est
1612 1171 1869 1241 amplum.

274 1271 342 1324 Et
373 1271 513 1325 sicut
558 1269 610 1323 in
642 1267 744 1324 hoc
789 1268 923 1323 mari
964 1266 1098 1321 varii
1142 1276 1269 1321 sunt
1314 1265 1485 1328 sinus,
1513 1265 1603 1334 qui
1632 1264 1875 1319 diversas

273 1360 484 1416 habent
513 1368 892 1430 tempestates:
921 1357 1273 1430 IEgteumque
1299 1371 1450 1412 mare
1479 1373 1507 1410 a
1540 1356 1715 1412 ventis
1745 1355 1879 1410 infe-

277 1462 484 1519 statur;
516 1452 855 1528 Tyrrhenum
885 1452 1099 1516 fretum,
1120 1459 1404 1521 angustum
1433 1461 1547 1513 est;
1575 1448 1878 1520 Charybdis

277 1559 428 1609 vero,
448 1559 568 1614 qum
586 1553 670 1599 est
693 1545 837 1598 circa
860 1543 1084 1614 Lybiam
1114 1542 1186 1599 ob
1215 1543 1394 1598 brevia
1427 1540 1666 1613 pericula
1687 1540 1872 1604 offert;

270 1633 563 1705 Propontis
607 1644 756 1689 extra
800 1633 1357 1701 Euxinum-Pontum,
1402 1639 1474 1689 ob
1520 1632 1777 1701 impetum
1823 1640 1878 1686 et

272 1727 670 1784 vehementiam
707 1743 891 1798 aqure;
935 1744 1056 1798 qua
1085 1736 1242 1784 extra
1263 1726 1462 1792 Gades,
1485 1726 1629 1798 quod
1656 1726 1877 1797 pelagus

270 1817 406 1874 illud
454 1819 524 1873 sit
553 1817 1009 1886 infrequentatum
1050 1827 1106 1874 et
1150 1819 1413 1889 ignotum,
1442 1818 1669 1887 aliaeque
1713 1816 1876 1871 maris

270 1917 459 1976 partes
486 1908 556 1963 ob
585 1908 719 1963 alias
748 1923 941 1964 causas
971 1923 987 1962 :
1031 1907 1113 1965 sic
1138 1917 1193 1964 et
1223 1910 1274 1964 in
1299 1909 1408 1964 vita
1446 1917 1631 1964 nostra
1657 1907 1872 1962 accidit.

272 1999 622 2070 Primumque
647 2001 869 2072 pelagus
898 2010 982 2056 est
1003 2001 1227 2071 puerilis
1255 2009 1406 2065 aetas,
1440 2016 1562 2072 quae
1593 2001 1773 2056 multis
1793 2011 1874 2056 est

267 2091 681 2159 tempestatibus
707 2091 958 2158 obnoxia,
987 2091 1058 2146 ob
1102 2092 1539 2161 imprudentiam,
1565 2092 1872 2147 facilitatem

270 2182 517 2247 nimiam,
545 2196 841 2253 parumque
875 2182 1033 2237 fixam
1064 2182 1320 2238 indolem.
1359 2183 1592 2252 Ideoque
1624 2184 1874 2252 paedago-

269 2288 370 2343 gos
391 2283 444 2327 et
468 2272 720 2328 doctores
763 2273 944 2343 pueris
973 2273 1280 2339 statuimus,
1309 2274 1401 2344 qui
1431 2273 1483 2330 id
1509 2274 1650 2340 quod
1695 2273 1746 2327 in
1774 2288 1874 2326 ηυ-

270 2375 388 2419 tura
421 2365 603 2420 deficit
629 2365 937 2436 suppleam,
962 2373 1021 2419 ut
1046 2365 1099 2419 in
1131 2366 1263 2419 mari
1287 2380 1382 2436 per
1406 2373 1577 2420 artem
1603 2364 1876 2434 guberna-

271 2457 488 2512 loriam.
519 2457 646 2512 Post
676 2457 815 2511 hanc
841 2464 1056 2511 aetatem
1088 2455 1470 2511 adolescentia:
1499 2470 1652 2511 mare
1680 2470 1871 2511 succe—

265 2548 372 2616 dit,
403 2548 490 2603 ubi
521 2549 667 2604 venti
698 2549 1065 2610 vehementes,
1095 2556 1153 2602 nt
1196 2547 1249 2602 in
1296 2544 1486 2615 1Eng
1530 2545 1687 2609 mari,
1715 2554 1871 2599 aucta

268 2655 467 2710 nempe
509 2639 968 2710 concupiscentia.
1012 2637 1071 2695 ln
1118 2639 1219 2694 bac
1258 2641 1490 2692 maxime
1534 2645 1695 2692 :etate
1734 2651 1873 2692 rarae

335 2835 353 2866 ⁸
381 2832 438 2884 In
464 2831 626 2883 storel.
652 2845 748 2884 non
772 2833 957 2898 legitur
978 2845 1092 2894 vox,
1113 2808 1338 2884 sarcinis.

1214 414 1277 471 IN
1318 412 1726 474 MATTIUEUM
1761 414 1998 472 IIOMIL.
2031 415 2297 472 LXXXII.
2342 418 2413 471 al.
2457 415 2738 472 LXXXIII.

3485 417 3590 472 73$

1985 540 2107 583 sunt
2136 531 2576 595 emendationcs;
2611 547 2716 585 non
2748 531 2906 584 modo
2931 532 3068 600 quod
3101 531 3189 585 illa
3221 531 3594 594 vehementius

1985 623 2322 692 exagitetur;
2355 624 2448 678 sed
2471 624 2613 694 quod
2643 632 2860 694 peccata
2886 639 2990 677 non
3015 633 3436 693 rcdarguantnr;
3467 637 3596 682 tunc

1986 714 2126 767 enitr
2160 713 2348 768 doctor
2375 725 2428 768 ct
2458 714 2780 784 ptedagogus
2813 714 3221 768 abscesserunt.
3247 715 3380 769 Cum
3413 722 3596 786 itaque

1985 816 2132 860 venti
2165 805 2540 860 vehementius
2569 807 2784 870 reﬂant,
2819 807 2863 861 si
2893 807 3222 878 gubernator
3250 809 3319 862 sit
3349 809 3588 864 imbecil-

1986 897 2108 964 lior,
2133 913 2400 966 nemoque
2431 898 2497 954 sit
2520 900 2611 968 qui
2635 899 2933 954 subsidium
2964 899 3173 964 afferat,
3195 899 3368 969 cogita
3396 912 3592 970 quanta

1984 991 2055 1044 sit
2087 991 2425 1060 tempestatis
2456 990 2791 1060 magnitudo.
2815 990 2952 1045 IIuic
2980 990 3224 1046 succedit
3248 988 3414 1045 altera
3439 1001 3591 1059 (etas,

1983 1097 2102 1151 qua:
2128 1093 2214 1136 est
2242 1084 2501 1144 virorum,
2534 1082 2584 1135 in
2613 1096 2716 1151 qua
2748 1081 2825 1136 rei
2857 1081 3141 1136 familiaris
3166 1081 3589 1146 administratio,

1984 1181 2096 1227 tum
2137 1187 2273 1228 uxor
2315 1172 2551 1238 ducitur,
2600 1173 2755 1228 liberi
2810 1185 3186 1241 procreantur,
3218 1171 3415 1226 domus
3462 1187 3589 1226 cura

1982 1265 2208 1335 geritur,
2257 1264 2509 1334 milleque
2557 1263 2949 1319 sollicitudines
2994 1264 3405 1333 superveniunt.
3440 1262 3593 1318 Tune

1982 1357 2218 1412 maxime
2244 1359 2427 1428 vigent
2453 1357 2676 1412 avaritia
2709 1365 2764 1412 et
2805 1355 3025 1412 invidia.
3067 1355 3122 1412 Si
3157 1355 3318 1426 igitur
3355 1356 3593 1425 singulas

1981 1450 2102 1504 vice
2160 1460 2343 1519 partes
2395 1463 2518 1503 cum
2577 1447 2872 1518 naufragiis
2921 1436 3264 1513 emetiamur,
3317 1446 3593 1516 quomodo

1981 1550 2308 1610 praesentem
2359 1539 2524 1594 vitam
2582 1538 2974 1594 transibimus?
3024 1539 3297 1606 quomodo
3348 1537 3591 1592 futurum

1981 1631 2302 1701 supplicium
2347 1631 2639 1686 vitabimus
2660 1618 2786 1685 i'Si
2813 1631 2959 1685 enim
2989 1630 3042 1685 in
3073 1631 3242 1698 prima
3274 1639 3432 1689 astate
3460 1630 3593 1684 nihil

1981 1723 2097 1777 sani
2125 1721 2494 1787 didicerimus,
2524 1721 2576 1775 iu
2613 1721 2905 1791 juventute
2934 1723 3281 1777 continenter
3310 1737 3416 1778 non
3445 1725 3596 1776 vixe-

1982 1813 2173 1879 rimus,
2207 1813 2416 1867 virilem
2457 1813 2639 1882 adepti
2683 1821 2900 1867 mtatem
2945 1813 3226 1867 avaritiam
3258 1829 3365 1869 non
3394 1813 3592 1869 viceri-

1981 1921 2137 1970 mus;
2172 1906 2221 1958 in
2252 1914 2586 1960 senectutem
2628 1905 2782 1975 quasi
2823 1904 2875 1959 in
2908 1906 3177 1961 sentinam
3209 1906 3443 1972 devecti,
3467 1920 3591 1960 cum

1983 2012 2080 2064 per
2109 1996 2209 2051 hos
2238 2011 2426 2050 omnes
2452 1997 2603 2066 quasi
2637 1997 2860 2066 laqueos
2902 1997 3098 2052 anima:
3148 1998 3451 2053 naviculam
3482 1999 3591 2054 IIII-

1983 2088 2314 2142 hecilliorem
2370 2088 2790 2154 reddiderinius,
2838 2088 3147 2160 tabulisqne
3195 2090 3489 2157 dissolutis,
3523 2091 3592 2145 ad

1983 2178 2132 2233 illum
2158 2190 2374 2249 portum
2416 2179 2818 2246 devenerimus,
2853 2195 2953 2250 pro
2993 2181 3365 2252 spiritualibus
3393 2184 3592 2239 merci-

1981 2273 2082 2327 bus
2126 2272 2353 2326 multum
2409 2282 2815 2342 coinportantes
2867 2274 3038 2329 lutum
3082 2293 3097 2329 :
3142 2275 3357 2330 diabolo
3401 2275 3590 2338 risum,

1983 2363 2140 2418 nob's
2189 2363 2390 2416 luctum
2445 2363 2776 2432 parabimus,
2807 2365 3278 2438 intolerabiliaque
3327 2369 3590 2438 supplicia

1981 2453 2291 2509 afferemus.
2318 2455 2396 2510 Ne
2423 2455 2603 2525 itaque
2633 2455 2750 2512 haec
2775 2457 2907 2511 fiant
2949 2472 3049 2513 nos
3076 2459 3314 2530 undique
3341 2462 3592 2516 munien-

1983 2557 2083 2610 tes,
2115 2547 2482 2618 adversusque
2511 2564 2702 2603 omnes
2739 2551 2904 2606 animi
2944 2550 3165 2606 morbos
3191 2562 3418 2620 stantes,
3451 2554 3592 2608 divi-

1981 2640 2176 2694 tiarum
2197 2641 2547 2709 cupiditatem
2579 2641 2880 2711 ejiciamus,
2905 2652 2965 2696 ut
2989 2643 3162 2697 futura
3195 2659 3593 2715 consequamur

1983 2729 2143 2790 bona,
2175 2736 2344 2800 gratia
2380 2740 2434 2784 et
2466 2731 2800 2801 benignitate
2845 2731 3060 2787 Domini
3102 2732 3229 2789 Iesu
3260 2734 3480 2802 Christi,
3505 2736 3592 2791 cui

1982 2820 2152 2890 gloria
2187 2822 2238 2874 in
2267 2821 2462 2875 saecula
2490 2822 2837 2891 swculoruin.
2870 2824 3066 2878 Amen.

269 2954 3590 2981 MM

1277 3032 1626 3094 HOMILIA
1668 3029 1998 3095 LXXXII.
2045 3030 2132 3092 aI.
2177 3030 2537 3094 LXXXIII.

265 3182 401 3238 Cn.
469 3180 560 3236 26.
613 3194 669 3234 v.
715 3179 805 3235 26.
875 3179 1198 3234 (latrantibus
1255 3189 1423 3234 autem
1476 3178 1620 3243 illis,
1674 3174 1869 3245 accepit

340 3273 493 3328 Jesus
523 3289 726 3342 partem,
758 3281 804 3325 et
833 3272 1024 3341 gratias
1061 3287 1234 3342 agens,
1272 3271 1420 3341 fregit
1449 3268 1684 3335 deditque
1709 3265 1866 3319 disci-

345 3363 501 3433 pulis,
549 3372 596 3416 et
643 3364 716 3415 ait
751 3379 770 3416 :
813 3363 1056 3432 Accipite,
1098 3362 1380 3424 concedite;
1421 3361 1514 3414 hoc
1561 3369 1632 3412 est
1683 3371 1869 3426 corpus

341 3471 531 3507 meum.
555 3453 646 3507 27.
675 3453 736 3506 fit
759 3453 1015 3522 accipiens
1044 3454 1271 3510 calicem.
1304 3452 1496 3522 gratias
1512 3451 1632 3520 egit,
1665 3458 1710 3502 et
1730 3447 1868 3500 dedit

343 3548 435 3609 eis,
468 3547 638 3599 dicens
667 3560 686 3598 :
725 3545 889 3598 Bibite
919 3562 982 3598 ea:
1006 3545 1100 3598 liae
1130 3562 1322 3599 omnes.
1361 3544 1452 3599 28.
1489 3543 1589 3596 llic
1634 3552 1705 3596 est
1732 3542 1869 3594 enim

342 3639 554 3709 sanguis
581 3655 721 3692 meus
761 3638 876 3692 novi
918 3638 1220 3699 testamenti,
1249 3638 1333 3709 qui
1366 3653 1458 3707 pro
1484 3635 1659 3690 multis
1696 3632 1868 3702 elimi-

345 3727 496 3781 detur
522 3727 576 3780 in
595 3729 942 3782 remissionem
969 3739 1305 3797 peccatorum.

348 3869 402 3921 1.
450 3866 626 3936 I’apm,
655 3875 850 3936 quanta
887 3865 1099 3920 carcitas
1129 3865 1451 3936 proditoris!
1493 3863 1866 3936 Mysteriorum

269 3974 521 4024 ευιιευτς,
547 3957 684 4013 idem
711 3958 1037 4028 permansit;
1069 3966 1124 4012 et
1146 3957 1273 4012 dum
1297 3956 1572 4011 tremenda
1604 3955 1870 4009 frueretur

271 4066 484 4114 mensa,
516 4067 620 4104 non
673 4059 908 4104 mutatus
955 4058 1059 4106 est.
1093 4051 1158 4104 Et
1209 4050 1310 4105 hoc
1361 4051 1530 4105 Lucas
1582 4048 1867 4120 significat,

270 4143 487 4206 dwcus,
522 4150 634 4208 post
691 4141 805 4195 huic
847 4141 897 4194 in
930 4156 1050 4194 cum
1084 4140 1384 4211 ingressum
1416 4140 1582 4195 fuisse
1626 4149 1870 4193 satanam

273 4231 431 4299 (an.
459 4231 549 4284 9.2.
582 4233 636 4300 ὅ)
665 4250 677 4285 :
721 4246 827 4286 non
857 4231 998 4300 quod
1025 4231 1353 4286 dominicum
1400 4245 1596 4300 corpus
1622 4229 1870 4301 despice.

275 4334 382 4383 rt-t,
399 4323 491 4375 sed
515 4323 654 4391 quod
683 4323 1069 4391 imprudentiam
1102 4323 1328 4392 proditOi
1345 4322 1390 4377 is
1416 4323 1684 4378 irrideret.
1703 4319 1873 4393 Majas

275 4415 420 4465 enim
480 4421 753 4481 pet-catum
795 4417 1044 4482 utrinque
1098 4413 1254 4469 flebat
1284 4431 1298 4468 :
1327 4423 1378 4468 ct
1407 4415 1549 4484 quod
1601 4430 1722 4470 cum
1780 4415 1872 4470 tali

274 4507 461 4560 animo
485 4505 551 4560 ad
581 4508 832 4578 mysteria
864 4508 1165 4572 accederet,
1203 4517 1255 4562 et
1285 4507 1426 4578 quod
1453 4523 1576 4563 cum
1606 4509 1870 4564 accessis.

276 4604 385 4659 set,
417 4609 517 4650 nec
549 4595 761 4662 timore,
809 4613 907 4651 nec
951 4596 1232 4662 beneficio,
1279 4612 1380 4652 nec
1429 4597 1635 4654 honore
1681 4599 1875 4654 melior

275 4686 552 4741 evaderet.
581 4685 825 4742 Christus
870 4702 996 4742 vero
1045 4688 1254 4744 etiamsi
1303 4689 1481 4742 omnia
1533 4701 1734 4755 nosset,
1765 4707 1870 4744 non

275 4777 587 4848 prohibuit;
621 4789 675 4832 ut
711 4778 887 4833 discas
928 4780 1100 4848 ipsum
1144 4779 1276 4833 nihil
1309 4795 1494 4834 eorum
1549 4783 1872 4850 praetermit-

278 4879 417 4933 tere,
441 4884 557 4938 qua:
586 4869 648 4922 ad
690 4871 1122 4925 emendationem
1166 4869 1473 4926 conferunt.
1519 4871 1641 4927 Ideo
1666 4884 1719 4928 et
1748 4885 1873 4930 ante

277 4971 330 5015 ct
376 4971 554 5030 postea
585 4961 894 5032 frequenter
915 4963 1084 5032 ipsum
1110 4968 1316 5018 monuit
1336 4980 1398 5019 ac
1421 4966 1871 5032 retinuit,verbis,

277 5051 556 5121 operibus,
591 5052 801 5118 timore,
851 5054 1032 5118 minis,
1075 5054 1282 5109 honore
1324 5064 1378 5108 et
1402 5057 1571 5110 cultu.
1604 5058 1707 5112 Sed
1743 5059 1873 5112 nihil

275 5159 402 5196 cum
430 5158 458 5195 a
490 5155 592 5196 tam
637 5145 783 5214 gravi
814 5147 1001 5200 morbo
1032 5146 1265 5201 reduxit.
1296 5147 1500 5203 Idcirco
1540 5149 1630 5203 illo
1656 5150 1872 5204 demum

260 5236 487 5300 "relicto,
514 5235 790 5305 discipulis
823 5252 917 5306 per
946 5240 1202 5308 mysteria
1236 5255 1424 5295 necem
1456 5256 1606 5296 suam
1638 5258 1875 5299 comme-

265 5333 473 5386 morat,
503 5335 554 5378 et
596 5326 736 5379 inter
764 5327 1084 5381 coenandum
1132 5329 1199 5383 de
1238 5345 1398 5385 cruce
1444 5331 1700 5401 loquitur,
1734 5350 1871 5401 prae-

263 5416 526 5470 .lictionis
558 5415 852 5487 frequentia
888 5420 1189 5488 passionem
1223 5437 1374 5476 suam
1407 5424 1637 5478 toleratu
1669 5426 1875 5481 facilio-

265 5524 390 5561 rem
443 5509 694 5566 reddens.
746 5511 879 5566 Nain
928 5516 972 5568 si
1002 5525 1124 5584 post
1153 5524 1231 5568 tot
1261 5529 1348 5569 res
1390 5529 1568 5586 gestas
1597 5532 1648 5575 et
1679 5523 1875 5592 prmdi-

261 5620 284 5633 η
307 5602 480 5655 tiones
515 5601 709 5657 turbati
743 5614 887 5670 sunt,
911 5605 955 5660 si
1000 5606 1131 5660 nihil
1165 5607 1358 5660 horum
1388 5610 1715 5676 audissent‘,
1749 5615 1874 5683 quid

262 5708 381 5746 non
423 5695 632 5763 passuri
679 5696 870 5752 erant?
903 5697 968 5751 Et
1014 5701 1440 5757 manducantifms
1473 5703 1574 5757 illis
1624 5706 1876 5775 accipiens

339 5853 357 5878 '
385 5850 499 5914 Aiit,
526 5865 566 5902 si
590 5865 649 5903 ne
671 5852 778 5906 lore
804 5854 997 5918 quidem
1020 5858 1294 5920 audissent;
1323 5874 1415 5911 non
1448 5867 1591 5912 male.

1977 3189 2161 3243 panem
2191 3175 2362 3244 fregit.
2391 3173 2502 3229 Cur
2523 3185 2650 3231 tunc
2683 3185 2924 3247 tempore
2953 3179 3223 3248 paschalis
3255 3181 3356 3240 hoc
3387 3195 3588 3257 mystc-

1977 3268 2119 3321 rium
2164 3267 2502 3322 celebravit?
2547 3267 2620 3324 Ut
2663 3270 2903 3341 undique
2944 3273 3142 3338 discas,
3194 3271 3351 3330 illuni
3379 3277 3591 3334 Veteris

1977 3357 2306 3412 'I‘cstamenti
2338 3357 2506 3430 fuisse
2533 3359 2918 3430 legislatorem,
2939 3373 2996 3419 et
3020 3379 3081 3419 ea
3111 3381 3232 3434 qua:
3257 3367 3310 3422 in
3340 3367 3434 3423 illo
3462 3382 3591 3425 sunt

1975 3459 2196 3519 propter
2242 3448 2359 3505 haec
2411 3450 2726 3507 adumbrata
2780 3453 2968 3511 fuisse.
3008 3455 3242 3528 Ideoque
3285 3460 3376 3515 ubi
3430 3471 3590 3533 typus

1975 3548 2110 3604 erat,
2143 3539 2217 3595 ibi
2247 3540 2527 3596 veritatem
2556 3543 2857 3600 constituit.
2894 3544 3130 3616 Vespera
3183 3557 3364 3606 autem
3414 3552 3590 3622 pleni-

1977 3633 2177 3688 tudinis
2203 3643 2506 3704 temporum
2543 3635 2755 3706 siguum
2789 3647 2926 3705 erat,
2959 3639 3340 3714 indicabatque
3370 3659 3458 3701 res
3489 3647 3587 3703 de-

1977 3740 2125 3780 mum
2149 3725 2216 3780 ad
2247 3725 2410 3781 finem
2439 3725 2720 3785 accedere.
2750 3729 3072 3803 Gratiasque
3092 3735 3224 3804 agit,
3255 3735 3457 3793 docens
3487 3754 3587 3794 nos

1974 3815 2250 3887 quomodo
2278 3827 2525 3887 oporteat
2556 3820 2659 3875 hoc
2702 3823 3024 3893 mysterium
3065 3826 3367 3894 celebrare,
3399 3841 3586 3886 osten-

1975 3908 2112 3986 dens
2138 3923 2198 3964 se
2225 3925 2333 3964 non
2365 3911 2588 3966 invitum
2616 3913 2683 3967 ad
2707 3915 3020 3984 passionem
3048 3921 3255 3989 venire,
3274 3922 3589 3979 instituens-

1976 4016 2082 4071 que
2108 4016 2228 4068 nos,
2248 4010 2305 4056 ut
2326 4003 2581 4073 quidquid
2605 4007 2896 4075 patiamur,
2915 4024 3039 4064 cum
3060 4013 3352 4081 gratiarum
3374 4015 3590 4073 actione

1977 4089 2235 4158 feramus,
2270 4095 2577 4164 bonamque
2625 4097 2749 4153 inde
2791 4114 2942 4169 spem
2972 4101 3225 4158 afferens.
3259 4105 3390 4160 Nam
3419 4108 3463 4162 si
3509 4119 3588 4180 ty-

1977 4197 2080 4252 pus
2105 4193 2160 4239 et
2189 4183 2358 4255 figura
2388 4202 2418 4240 a
2455 4196 2600 4242 tanta
2646 4190 2819 4258 potuit
2848 4193 3112 4250 servitute
3141 4195 3392 4265 liberare,
3422 4201 3590 4254 multo

1979 4275 2152 4345 magis
2178 4277 2382 4331 veritas
2404 4279 2593 4334 orbem
2646 4281 2916 4349 liberabit,
2949 4284 3110 4356 inque
3149 4287 3466 4345 beneficium
3498 4309 3581 4362 ge-

1981 4365 2128 4421 neris
2157 4367 2326 4421 nostri
2353 4367 2616 4424 tradetur.
2653 4370 2856 4427 Idcirco
2887 4389 2992 4428 non
3019 4377 3248 4433 antehac
3276 4383 3590 4450 mysterium

1980 4456 2152 4525 dedit,
2177 4459 2272 4514 sed
2298 4474 2420 4515 cum
2455 4461 2649 4531 lcgalia
2685 4473 2807 4532 post
2850 4465 2968 4521 haec
2993 4477 3268 4524 cessatura
3295 4483 3493 4527 essent.
3529 4475 3587 4530 Li

1980 4560 2142 4620 caput
2188 4552 2589 4609 solemnitatem
2636 4569 2825 4610 eorum
2879 4559 3059 4625 solvit,
3110 4560 3176 4615 ad
3229 4563 3387 4618 aliam
3445 4564 3588 4634 ipsus

1982 4643 2318 4700 transferens
2369 4661 2609 4701 mensam
2661 4649 3141 4719 terribilissimam,
3184 4657 3404 4724 aitque:
3438 4658 3584 4709 Acri-

1984 4735 2107 4803 pite,
2138 4739 2420 4797 comes’ite;
2448 4739 2542 4792 lioc
2569 4749 2642 4793 est
2671 4757 2858 4810 corpus
2888 4759 3075 4808 nicum,
3107 4748 3240 4815 quod
3285 4765 3378 4816 pro
3417 4750 3584 4804 vobis'

1983 4829 2242 4896 frangitur
2270 4827 2481 4894 (I.Cor.
2502 4831 2719 4901 “.25).
2748 4833 3219 4903 thnomodunon
3245 4839 3438 4895 turbati
3466 4853 3586 4895 sunt

1984 4915 2086 4972 hoc
2116 4920 2436 4975 audientes?
2467 4920 2602 4989 Quia
2643 4925 2809 4980 multa
2859 4943 3158 5000 magnaque
3186 4946 3250 4987 ea
3281 4933 3349 4989 de
3391 4951 3450 4991 re
3477 4936 3586 5006 jam

1985 5012 2114 5080 ipsis
2142 5011 2374 5068 dixerat.
2409 5013 2535 5069 Ideo
2564 5031 2670 5070 non
2704 5017 2835 5072 illud
2865 5019 3002 5074 ultra
3048 5023 3266 5089 statuit;
3311 5025 3435 5096 quia
3479 5029 3588 5097 jam

1983 5105 2113 5158 satis
2143 5105 2447 5161 audierant.
2475 5106 2709 5164 Causam
2737 5127 2868 5166 vero
2916 5115 3183 5182 passionis
3213 5117 3365 5186 dicit,
3401 5135 3579 5189 pecca-

1983 5204 2159 5249 torum
2190 5212 2383 5266 nempe
2411 5200 2814 5256 remissionem.
2845 5204 2914 5260 Et
2938 5209 3254 5277 sanguinein
3280 5213 3401 5266 novi
3432 5224 3590 5268 testa-

1978 5286 2148 5342 menti
2181 5297 2361 5353 vocat,
2386 5288 2442 5343 id
2472 5297 2578 5358 est,
2606 5293 3045 5363 pollicitationis,
3079 5311 3238 5351 novae
3273 5297 3430 5368 legis.
3465 5296 3580 5350 lloe

1983 5377 2126 5432 enim
2146 5378 2255 5446 jam
2283 5379 2414 5433 olim
2444 5381 2712 5449 pollicitus
2742 5394 2880 5450 erat,
2910 5393 2965 5440 et
2986 5403 3182 5441 novum
3209 5398 3590 5448 testamentum

1983 5468 2290 5522 confirmat.
2322 5471 2400 5524 Ac
2426 5473 2881 5540 quemadmodum
2914 5477 3080 5532 Vetus
3127 5495 3255 5535 oves
3304 5491 3359 5537 et
3398 5485 3591 5536 vitulos

1986 5559 2189 5627 habuit,
2223 5562 2304 5617 sic
2329 5573 2381 5617 et
2407 5562 2508 5618 hoc
2530 5563 2860 5622 dominicum
2897 5570 3235 5642 sanguinem.
3264 5574 3398 5629 Ilinc
3429 5577 3590 5630 etiam

1984 5653 2220 5707 ostendit
2260 5670 2319 5709 se
2359 5659 2678 5712 moriturum
2723 5675 2846 5716 esse
2891 5678 2906 5717 :
2955 5662 3076 5717 ideo
3113 5674 3168 5721 et
3212 5673 3592 5723 testamentum

1988 5755 2272 5806 memorat,
2304 5757 2358 5800 ct
2399 5750 2594 5804 vclcris
2622 5752 2783 5806 etiam
2819 5755 3150 5811 mentionem
3177 5756 3341 5813 facit:
3384 5777 3504 5815 nam
3539 5773 3588 5818 et

2054 5870 2068 5900 ¹
2098 5867 2211 5926 Alii,
2234 5885 2327 5934 pro
2352 5872 2530 5924 multis.
