4172 6534
659 447 767 506 139
1317 447 1382 490 δ.
1419 447 1694 490 ξυλιηινιιο
1722 447 2186 478 υιιιιιδυοιυαιι

662 555 791 611 illud
813 566 1022 622 quoque
1045 562 1147 618 per
1166 544 1468 614 sanguinem
1493 539 1790 593 dedicatum
1819 532 2005 622 fuerat.
2025 527 2222 622 lterum

662 612 872 715 quoque
900 612 1084 691 mortis
1104 612 1316 688 causam
1357 631 1504 693 diett,
1539 626 1637 691 Qui
1682 641 1771 693 pro
1800 621 1969 715 multis
1994 612 2224 715 eﬁ'undec

663 709 746 789 tur
769 709 820 787 in
849 729 1185 786 remissionem
1229 734 1542 795 peccatorum
1573 735 1593 773 :
1631 720 1824 786 aitque,
1862 712 1969 765 Hoc
1998 709 2144 780 facile
2173 709 2224 759 in

662 840 824 878 meam
862 816 1398 875 commemorationem.
1427 809 1621 865 Viden‘
1661 804 1927 875 quomodo
1947 816 1976 853 a
1995 797 2226 854 Judaicis

656 913 891 968 abducat
916 919 971 966 et
996 916 1184 963 avocet
1213 902 1483 959 moribus?
1522 899 1652 954 Nam
1692 897 1830 950 sicut
1858 891 2004 956 illud,
2035 888 2222 956 inquit,

662 998 1015 1058 celebrabatis
1054 997 1106 1050 in
1149 990 1706 1050 commemorationem
1751 981 2122 1038 miraculorum
2171 979 2222 1032 in

663 1092 898 1162 Egypto
923 1089 1207 1152 editorum,
1236 1084 1308 1139 ita
1334 1093 1386 1137 et
1417 1075 1527 1136 'hoc
1553 1081 1606 1134 in
1633 1092 1806 1133 meam
1835 1083 2224 1128 commemora-

659 1184 862 1237 tionem
888 1180 1060 1237 tacite.
1089 1176 1218 1231 Illud
1248 1173 1470 1229 effusum
1501 1181 1582 1225 est
1620 1169 1689 1223 ad
1713 1168 1933 1223 salutem
1958 1164 2224 1232 primoge-

662 1272 898 1326 nitorum
945 1286 958 1321 :
1009 1267 1111 1321 hoc
1150 1265 1216 1318 ad
1263 1262 1633 1318 remissionem
1678 1262 2012 1327 peccatorum
2066 1253 2224 1306 totius

662 1361 830 1416 orbis.
859 1358 958 1412 Hic
985 1365 1058 1410 est
1095 1355 1225 1408 enim
1253 1352 1456 1422 sanguis
1486 1365 1642 1413 meus,
1672 1345 1858 1414 inquit,
1890 1343 1976 1413 qui
2000 1341 2225 1409 effunde-

663 1463 747 1506 (αι’
785 1452 836 1505 in
875 1447 1212 1504 remissionem
1239 1453 1573 1515 peccatorum.
1609 1439 1720 1494 Hoc
1765 1451 1920 1508 porro
1963 1435 2119 1501 dixit,
2168 1442 2226 1488 ut

663 1541 822 1596 simul
847 1538 1151 1592 ostenderet
1185 1535 1483 1605 passionem
1509 1540 1564 1584 et
1601 1543 1812 1584 crucem
1859 1541 1979 1581 esse
2023 1533 2224 1594 myste-

662 1632 824 1692 rium,
847 1640 1012 1698 atque
1039 1627 1138 1680 hac
1161 1625 1363 1679 ratione
1387 1613 1577 1675 ittirum
1602 1616 1890 1686 discipulos
1920 1615 2224 1669 consolare-

666 1731 770 1775 tur.
804 1721 865 1774 Et
892 1721 1027 1774 sicut
1051 1717 1253 1787 Moyses
1280 1713 1372 1777 ait,
1405 1711 1516 1765 Hoc
1555 1710 1690 1763 vobis
1731 1707 2018 1761 memoriate
2035 1705 2223 1774 scrupi-

660 1822 861 1865 ternunt
890 1808 1080 1879 (Exod.
1110 1808 1163 1861 5.
1193 1803 1280 1875 15)
1303 1822 1321 1856 :
1351 1804 1427 1857 sic
1466 1811 1520 1858 et
1545 1801 1678 1872 ipse,
1721 1799 1785 1852 In
1821 1816 1982 1852 meam
2009 1813 2224 1850 comme-

664 1901 990 1954 morationem
1017 1896 1185 1968 (Luc.
1217 1894 1307 1948 22.
1337 1894 1402 1948 19
1431 1895 1471 1962 ),
1523 1893 1692 1946 donec
1743 1890 1969 1943 veniam.
2024 1887 2223 1941 Idcirco

661 1991 760 2055 ait,
808 1989 1064 2043 Desiderio
1094 1986 1372 2040 desideravi
1410 1985 1503 2036 hoc
1545 1984 1732 2052 pascha
1782 1979 2122 2041 manducare;
2172 1977 2222 2030 id

660 2087 766 2146 est,
797 2079 944 2133 vobis
969 2093 1054 2132 res
1073 2090 1237 2130 novas
1260 2075 1489 2134 tradere,
1513 2080 1566 2126 et
1609 2070 1800 2140 pascha
1831 2069 1977 2133 dare,
2002 2082 2107 2138 quo
2129 2081 2224 2120 vos

661 2170 965 2241 spirituales
994 2167 1234 2222 reddam.
1263 2166 1326 2220 Et
1356 2167 1469 2233 ipse
1503 2177 1711 2232 quoque
1736 2176 1800 2215 ex
1829 2160 1918 2215 illo
1959 2159 2108 2213 bibit.
2147 2157 2225 2213 Ne

662 2266 806 2322 enim
827 2265 938 2318 haec
952 2263 1224 2318 audientes
1235 2257 1502 2314 dicerent:
1519 2256 1651 2323 Quid
1665 2257 1824 2326 ergo?
1843 2254 2220 2322 sauguinemne

665 2356 915 2420 bibimus,
942 2362 998 2409 et
1040 2368 1251 2408 carnem
1302 2349 1715 2404 manducamus?
1755 2357 1807 2402 et
1851 2347 2219 2409 turbarentur;

661 2457 785 2498 nam
816 2457 938 2497 cum
982 2441 1079 2496 hac
1117 2442 1183 2495 de
1211 2456 1267 2495 re
1307 2441 1466 2493 verba
1521 2438 1734 2502 taceret,
1764 2436 1833 2491 de
1882 2436 2010 2506 ipsis
2049 2436 2226 2491 verbis

663 2533 810 2588 multi
840 2532 1022 2587 οπευεί
1050 2540 1173 2586 sunt
1200 2548 1212 2584 :
1244 2545 1311 2584 ne
1340 2531 1516 2598 itaque
1555 2537 1680 2583 tunc
1720 2529 2079 2594 turbarentur,
2108 2529 2222 2599 pri-

666 2639 786 2678 mus
814 2623 925 2694 ipse
968 2624 1068 2677 hoc
1107 2620 1250 2683 facit,
1281 2629 1337 2674 ut
1364 2619 1483 2672 illos
1507 2619 1574 2672 ad
1604 2618 1978 2690 mysteriorum
2015 2617 2226 2688 partici-

665 2717 932 2787 pationem
991 2714 1272 2784 tranquillo
1317 2712 1497 2766 animo
1542 2708 1868 2788 subeundam
1929 2710 2224 2763 induceret.

665 2807 790 2863 Ideo
819 2821 944 2876 ergo
979 2820 1131 2860 suum
1177 2804 1291 2873 ipse
1323 2804 1631 2873 sanguinem
1679 2801 1832 2855 bibit.
1863 2800 1997 2868 Quid
2043 2800 2223 2870 igitur,

668 2898 893 2969 inquies,
927 2912 992 2951 an
1021 2895 1121 2950 hoc
1149 2904 1204 2952 et
1247 2904 1398 2950 vetus
1423 2896 1550 2950 illud
1579 2894 1737 2949 simul
1779 2893 2075 2949 faciendum
2103 2892 2226 2947 est?

662 2988 1023 3058 Nequaquam.
1047 2986 1170 3041 Ideo
1196 3000 1424 3054 namque
1453 2985 1608 3047 dixit,
1639 2983 1748 3038 Hoc
1768 2985 1936 3053 facile,
1957 2993 2013 3038 ut
2040 2983 2108 3036 ab
2133 2982 2227 3037 illo

657 3078 968 3152 abduceret.
991 3076 1120 3130 Nam
1141 3076 1186 3130 si
1198 3076 1310 3130 hoc
1335 3074 1703 3130 remissionem
1728 3083 2060 3144 peccatorum
2081 3073 2223 3137 facit,

661 3177 723 3223 ut
750 3167 907 3222 etiam
935 3165 1080 3230 facit,
1109 3164 1430 3234 superﬂuum
1457 3163 1559 3216 erit
1586 3162 1734 3216 illud.
1773 3163 1920 3217 Sicut
1948 3176 2073 3233 ergo
2096 3162 2224 3217 olim

659 3257 803 3329 apud
823 3256 1053 3322 Judreos,
1071 3256 1148 3310 sic
1169 3263 1223 3310 et
1250 3270 1386 3309 nunc
1411 3268 1620 3323 quoque
1645 3252 1887 3308 beneﬁcii
1915 3253 2224 3308 memoriam

664 3347 919 3418 mysterio
943 3345 1227 3415 colligavit,
1260 3344 1384 3398 hinc
1409 3345 1778 3399 haereticorum
1804 3358 1896 3397 ora
1921 3344 2222 3397 obstruens.

660 3437 796 3492 Cum
825 3436 965 3491 enim
991 3436 1191 3499 dicunt,
1216 3433 1367 3490 Unde
1394 3434 1563 3502 palam
1588 3446 1672 3488 est
1697 3433 2023 3487 immolatum
2065 3432 2225 3486 tuisse

659 3526 970 3582 Christum?
1014 3541 1132 3579 cum
1171 3524 1318 3590 aliis,
1369 3524 1527 3577 etiam
1572 3537 1601 3575 a
1648 3522 1940 3592 mysteriis.
1991 3523 2223 3589 ipsorum

656 3617 984 3672 obstruimus
1031 3632 1144 3672 ora.
1194 3614 1325 3668 Nam
1366 3615 1412 3668 si
1455 3614 1610 3668 Jesus
1659 3627 1763 3665 non
1795 3621 2033 3666 mortuus
2060 3619 2220 3677 esset,

660 3708 816 3777 cujus
841 3707 1079 3778 symbols
1106 3715 1286 3761 essent
1324 3705 1408 3758 illa
1434 3719 1549 3773 qua:
1577 3702 1908 3758 oﬁ'eruntur't

729 3799 784 3853 2.
818 3798 996 3854 Viden‘
1025 3812 1143 3852 cum
1170 3807 1361 3866 quanta
1391 3809 1516 3848 cura
1545 3794 1816 3863 provisum
1847 3794 1934 3858 sit,
1965 3803 2021 3846 ut
2043 3806 2223 3846 recor-

655 3890 851 3945 demur
876 3904 1087 3958 semper
1116 3888 1286 3955 ipsum
1310 3875 1411 3956 pro
1438 3887 1590 3940 nobis
1616 3896 1879 3941 mortuum
1908 3899 2027 3939 esse
2046 3885 2070 3936 ?
2089 3884 2220 3951 Quia

654 3981 802 4036 enim
831 3981 1044 4045 Marcio,
1073 3979 1381 4034 Valentinus
1401 3988 1454 4033 et
1480 3978 1658 4032 Manes
1693 3979 1830 4032 hanc
1866 3979 2222 4031 meonomiam

659 4072 900 4139 negaturi
931 4079 1104 4134 erant,
1148 4070 1410 4138 passionis
1438 4069 1750 4123 memoriam
1771 4067 1982 4122 assidue
2010 4076 2224 4122 revocat

663 4162 821 4214 etiam
849 4174 942 4229 per
991 4159 1239 4228 mysteria
1262 4198 1277 4222 ,
1310 4167 1368 4210 ut
1397 4171 1552 4212 nemo
1596 4157 1773 4212 seduci
1807 4158 1989 4226 possit,
2021 4171 2224 4226 perque

660 4265 868 4306 sacram
901 4249 1042 4302 illam
1089 4263 1326 4302 mensam
1353 4247 1505 4302 simul
1533 4259 1709 4301 servat
1733 4259 1785 4301 ct
1817 4248 2064 4301 instituit.
2094 4247 2220 4300 Ete-

660 4344 769 4400 nim
795 4340 921 4396 illttd
949 4349 1107 4409 caput
1130 4340 1388 4394 bonorum
1419 4348 1521 4394 est.
1552 4338 1676 4393 Ideo
1704 4339 1899 4394 Paulus
1921 4339 2224 4407 frequenter

658 4435 760 4488 hoc
785 4433 994 4503 repetit.
1014 4429 1210 4485 Deinde
1237 4439 1510 4500 postquam
1540 4431 1770 4496 tradidit,
1796 4430 1923 4484 dicit
1950 4446 1964 4483 :
1988 4431 2074 4485 29.
2101 4429 2224 4483 Non

659 4524 821 4578 bibant
845 4524 909 4576 de
951 4522 1043 4575 hoc
1084 4522 1331 4590 genimine
1355 4522 1465 4574 uitis
1495 4538 1649 4588 usque
1681 4523 1732 4575 in
1758 4523 1888 4575 diem
1917 4523 2079 4587 illam,
2107 4539 2221 4575 cum

661 4613 788 4666 illud
812 4613 974 4666 bibant
1000 4627 1180 4665 novum
1206 4611 1452 4664 vobiscum
1480 4612 1529 4665 in
1558 4629 1710 4682 regno
1736 4612 1909 4667 Patris
1946 4615 2060 4666 mei.
2089 4613 2219 4667 Nam

660 4703 804 4780 quia.
826 4704 951 4772 ipsis
974 4703 1040 4756 dc
1069 4703 1310 4771 passione
1336 4711 1389 4756 et
1435 4718 1593 4756 cruce
1637 4704 1882 4772 loquutus
1908 4715 2014 4767 est,
2039 4721 2220 4758 resur-

661 4793 908 4848 rectionis
948 4808 1130 4847 rursus
1174 4792 1500 4846 mentionem
1547 4791 1706 4857 facit,
1741 4793 1988 4863 illamque
2020 4795 2103 4848 hic
2131 4810 2219 4848 re-

659 4899 818 4952 gnum
845 4891 1015 4935 vocat.
1048 4883 1113 4935 Et
1141 4898 1302 4950 quare
1329 4893 1444 4951 post
1473 4884 1914 4937 resurrecﬁonem
1945 4885 2116 4938 bibit?
2143 4885 2220 4939 Nc

660 4974 902 5029 rndiores
932 4981 1175 5042 putarent
1203 4973 1640 5026 resurrectionem
1694 4988 1811 5028 esse
1858 4974 2208 5042 phantasma;

661 5066 762 5119 hoc
801 5064 940 5118 enim
986 5063 1135 5116 multi
1172 5064 1185 5093 ¹
1214 5064 1417 5131 signum
1447 5079 1565 5118 esse
1592 5065 1994 5118 resurrectionis
2020 5075 2222 5122 statue-

661 5156 806 5209 bant.
831 5155 955 5209 ldco
985 5154 1208 5224 apostoli
1247 5164 1302 5206 ut
1331 5156 1697 5209 resurrectioni
1732 5155 1888 5210 ﬁdem
1942 5156 2178 5212 facerent
2202 5200 2217 5220 ,

664 5246 767 5300 hoc
799 5247 1043 5300 dicebant
1079 5264 1090 5298 :
1125 5246 1222 5311 Qui
1251 5246 1399 5300 simul
1437 5249 1760 5312 comedimus,
1790 5259 1836 5300 ct
1869 5249 2080 5302 bibimus
2107 5267 2222 5303 cum

665 5353 721 5390 eo
769 5336 903 5403 (Act.
955 5336 1039 5390 l0.
1085 5338 1200 5407 41).
1231 5335 1298 5392 Ut
1356 5338 1512 5406 igitur
1546 5339 1825 5404 ostendat,
1872 5340 2013 5410 quod
2053 5341 2222 5411 ipsum

658 5430 800 5483 clare
834 5437 950 5497 post
1003 5429 1441 5482 resurrectionem
1473 5429 1631 5482 visuri
1661 5433 1785 5494 sint,
1818 5431 1956 5500 quod
1979 5447 2096 5484 cum
2126 5434 2222 5486 illi"

661 5521 836 5573 denuo
859 5518 1066 5574 futurus
1093 5521 1184 5582 sit,
1217 5531 1268 5573 et
1295 5521 1436 5590 quod
1489 5522 1584 5588 ipsi
1615 5532 1666 5575 et
1696 5538 1756 5576 ex
1786 5525 1922 5585 visu,
1952 5535 2004 5578 et
2036 5541 2100 5578 ex
2135 5541 2219 5579 re-

662 5609 758 5662 bus
785 5608 850 5662 de
874 5608 936 5662 iis
967 5625 1081 5677 qme
1112 5619 1256 5676 gesta
1287 5619 1410 5664 sunt
1436 5611 1794 5666 testimonium
1818 5615 1927 5667 sint
1948 5615 2220 5681 reddituri,

656 5701 726 5754 ait
754 5719 766 5752 :
799 5699 969 5751 Donec
999 5699 1127 5756 illud
1155 5701 1316 5753 bibant
1344 5719 1522 5755 norum
1553 5706 1820 5771 vobiscum,
1846 5707 1997 5761 vobis
2033 5709 2222 5762 testiﬁ-

689 5803 811 5860 'Alii
840 5811 1040 5871 habent,
1067 5818 1258 5872 veteres,
1289 5826 1389 5874 pro,
1417 5814 1568 5864 mults.

1316 434 1382 490 s.
1419 426 1694 490 roANNts
1722 414 2186 478 cnursosrout
2229 414 2539 470 ARCIIIEP.
2580 413 3102 474 CONSTANTINOP.

3791 419 3894 476 πο

2329 526 2588 579 cantibus.
2629 526 2731 580 Vos
2771 527 2911 580 enim
2942 542 3027 581 me
3057 526 3302 582 videbitis
3331 536 3608 598 postquam
3661 543 3897 583 resurre-

2330 632 2477 671 xcro.
2503 618 2638 684 Quid
2667 629 2751 672 est
2774 627 2949 672 autem
2992 617 3142 682 illud,
3177 617 3416 673 Novum?
3443 619 3500 674 ld
3528 628 3633 683 est,
3668 635 3807 671 novo
3843 630 3896 673 ct

2329 707 2568 761 inaudito
2593 707 2769 772 modo,
2804 723 2906 762 non
2938 709 2990 762 in
3017 723 3240 778 corpore
3265 710 3521 779 passibili.
3547 709 3642 764 sed
3673 708 3894 763 immor-

2330 798 2417 851 tali
2449 808 2502 852 ct
2533 799 2935 867 incorruptibiii,
2985 814 3083 854 nec
3113 801 3231 854 cibo
3275 800 3466 869 egenti.
3502 799 3630 854 Post
3657 814 3895 854 resurreo

2328 890 2558 943 etionem
2601 890 2758 959 igitur
2790 905 2894 944 non
2921 904 2985 946 ex
3014 896 3334 946 necessitate
3362 891 3596 946 comedit
3641 901 3697 946 et
3729 892 3889 956 bibit:

2330 993 2502 1048 neque
2525 978 2668 1032 enim
2701 979 2763 1033 iis
2801 991 2924 1034 tunc
2946 980 3140 1053 egebat
3167 996 3398 1050 corpus;
3438 980 3532 1036 sed
3576 981 3642 1035 ad
3692 982 3890 1036 certius

2325 1071 2734 1125 resurrectionis
2750 1053 3150 1140 argumentum.
3205 1072 3309 1127 Sed
3345 1087 3441 1126 cur
3481 1081 3600 1142 post
3649 1088 3889 1126 resurre-

2328 1161 2592 1223 ctionem,
2627 1175 2733 1214 non
2779 1176 2990 1229 aquam,
3047 1162 3140 1216 sed
3181 1163 3363 1216 vinum
3408 1163 3582 1216 bibit?
3614 1162 3682 1218 Ut
3731 1162 3885 1215 aliam

2327 1249 2517 1302 malam
2550 1249 2791 1304 hmresim
2820 1251 3074 1305 radicitus
3096 1251 3372 1307 evelleret.
3417 1252 3552 1319 Quia
3581 1254 3724 1306 enim
3775 1252 3890 1321 qui-

2325 1339 2445 1394 dam
2467 1339 2518 1392 in
2545 1340 2812 1410 mysteriis
2835 1356 2968 1411 aqua
2997 1351 3231 1407 utuntur,
3261 1353 3318 1397 ut
3336 1343 3581 1397 ostendat
3609 1357 3668 1398 se
3693 1353 3749 1398 et
3773 1359 3889 1397 cum

2326 1435 2579 1505 mysteria
2611 1434 2828 1489 tradidit
2855 1437 2980 1489 vino
3007 1452 3162 1490 usum
3193 1437 3375 1502 fuisse,
3404 1446 3460 1491 et
3503 1446 3624 1507 post
3653 1452 3888 1492 resurre—

2326 1525 2555 1580 ctionem
2586 1527 2701 1581 sine
2723 1529 2988 1597 mysteriis
3017 1528 3070 1582 in
3097 1529 3300 1597 vulgari
3323 1543 3505 1582 mensa
3533 1527 3712 1581 vinum
3743 1528 3892 1582 adlu—

2326 1614 2526 1679 buisse,
2556 1613 2639 1669 Ex
2664 1617 2912 1686 genimine
2931 1617 3065 1683 uitis,
3093 1617 3280 1687 inquit.
3306 1617 3466 1671 Vinea
3490 1627 3668 1671 autem
3689 1619 3889 1683 vinum,

2326 1719 2434 1758 non
2477 1720 2666 1774 aquam
2719 1705 2905 1777 gignit.
2951 1707 3040 1762 30.
3072 1706 3140 1760 Et
3169 1709 3354 1778 hymno
3401 1709 3534 1761 dicto
3574 1711 3805 1762 exierunt
3842 1710 3892 1762 in

2329 1795 2550 1850 Montem
2596 1798 2862 1852 olivarum.
2897 1800 3130 1854 Audiant
3158 1811 3414 1870 quotquot
3440 1841 3454 1865 ,
3485 1815 3771 1871 porcorum
3818 1802 3897 1854 in-

2326 1899 2457 1950 star,
2484 1896 2669 1941 contra
2709 1901 2948 1943 mensam
2995 1890 3300 1944 sensibilem
3342 1891 3690 1945 eomedentes
3737 1890 3897 1944 calci-

2329 1987 2490 2043 trant,
2523 1987 2577 2032 et
2606 1979 2877 2033 temulenti
2909 1989 3134 2050 surgunt
3158 2021 3174 2046 ,
3205 1995 3325 2035 cum
3373 1991 3650 2052 oporteret
3698 1983 3896 2052 gratias

2324 2083 2486 2139 agere
2514 2078 2565 2124 et
2595 2071 2648 2123 in
2697 2058 2922 2140 hymnos
2968 2071 3233 2126 desinere.
3265 2071 3458 2127 Audite
3488 2081 3751 2142 quotquot
3796 2088 3896 2142 po-

2326 2169 2579 2215 stremam
2619 2163 2916 2216 orationem
2968 2163 3344 2234 mysteriorum
3375 2177 3482 2217 non
3527 2162 3893 2232 exspectatis:

2326 2268 2445 2323 qua:
2467 2254 2608 2308 illius
2631 2255 2928 2325 symbolum
2955 2263 3057 2309 est.
3091 2255 3301 2310 Gratias
3346 2255 3454 2325 egit
3497 2264 3780 2326 antequam
3816 2253 3898 2309 di-

2325 2346 2548 2416 scipulis
2573 2344 2745 2407 daret,
2774 2355 2831 2399 ut
2853 2345 3020 2400 etiam
3049 2361 3149 2401 nos
3173 2345 3376 2416 gratias
3416 2360 3656 2416 agamus.
3684 2345 3896 2401 Gratias

2325 2440 2437 2506 egit
2464 2446 2519 2492 et
2547 2437 2801 2509 hymnum
2825 2437 2956 2492 dixit
2983 2448 3260 2508 postquam
3288 2438 3528 2502 dedisset
3551 2481 3568 2502 ,
3613 2447 3670 2492 ut
3712 2447 3768 2494 et
3796 2451 3897 2493 nos

2330 2527 2431 2581 hoc
2453 2528 2622 2596 ipsum
2645 2528 2913 2582 iaciamus.
2937 2528 3041 2584 Sed
3066 2543 3162 2583 cur
3181 2530 3289 2584 exit
3312 2535 3367 2582 ut
3388 2527 3641 2584 ascendat
3663 2529 3716 2583 in
3743 2542 3897 2583 mon-

2330 2620 2482 2672 tem?
2523 2616 2653 2674 Sese
2700 2608 2978 2674 ntanil'eSte
3028 2618 3315 2674 ostendens
3341 2627 3400 2673 ut
3427 2618 3691 2689 capiatur,
3723 2633 3792 2674 ne
3818 2618 3897 2673 vi-

2329 2707 2516 2763 deatur
2544 2723 2663 2764 sese
2704 2711 2972 2765 occultare
3001 2727 3015 2762 :
3045 2709 3327 2766 festinabat
3360 2711 3556 2780 quippe
3603 2711 3666 2763 ad
3718 2709 3895 2764 locum

2328 2797 2477 2854 Iuda:
2504 2809 2707 2854 notum.
2735 2801 2822 2855 3|.
2855 2800 2992 2854 Tunc
3015 2801 3150 2855 dicit
3178 2802 3247 2854 eis
3267 2818 3285 2855 :
3319 2799 3421 2855 Vos
3449 2817 3619 2855 omnes
3638 2801 3899 2854 scandati-

2326 2889 2565 2942 zabimiui
2606 2890 2660 2942 in
2691 2905 2787 2944 me.
2819 2889 3019 2945 Deinde
3045 2889 3193 2945 addit
3226 2889 3601 2961 prophetiam:
3629 2889 3896 2960 Scriptum

2329 2987 2401 3034 est
2442 2981 2576 3033 enim
2601 3022 2616 3045 ,
2651 2981 2927 3051 percutiant
2964 2991 3251 3051 pastorem,
3287 2991 3337 3036 et
3383 2981 3735 3053 dispergentur
3779 2997 3897 3036 oves

2329 3069 2512 3142 (Zaclt.
2559 3073 2645 3126 l5.
2700 3073 2796 3143 7);
2837 3088 2958 3128 cum
2988 3073 3201 3152 ut'illis
3249 3074 3489 3141 suadeat,
3534 3089 3750 3146 semper
3775 3090 3896 3132 esse

2330 3161 2619 3232 Scripturis
2646 3163 3050 3230 attendendum,
3085 3175 3190 3220 tum
3221 3174 3281 3220 ut
3305 3166 3583 3236 signiticet,
3617 3181 3675 3223 se
3705 3183 3771 3223 ex
3803 3168 3895 3224 Dei

2328 3253 2601 3306 voluntate
2628 3253 2864 3323 crueiﬁgi
2892 3295 2906 3319 ,
2935 3262 3094 3324 atque
3124 3255 3356 3325 undique
3385 3256 3673 3311 ostendens
3700 3273 3760 3312 se
3789 3274 3894 3312 non

2328 3357 2447 3398 esse
2476 3359 2504 3396 a
2547 3343 2662 3412 lege
2709 3346 2874 3398 veteri
2901 3346 3152 3410 alienum,
3185 3361 3357 3416 neque
3385 3362 3415 3400 a
3448 3347 3556 3401 Deo
3585 3348 3675 3417 qui
3706 3348 3758 3401 in
3807 3348 3891 3402 illa

2329 3434 2731 3502 prmdicahatur,
2756 3436 2984 3504 itemque
3005 3438 3144 3506 quod
3172 3448 3293 3493 tunc
3325 3439 3480 3494 ﬁebat
3501 3455 3566 3494 ex
3596 3442 3893 3496 oeconomia

2332 3523 2462 3587 ﬁeri,
2494 3539 2554 3577 ac
2581 3525 2864 3594 prophetas
2891 3529 3095 3594 omnia,
3124 3545 3242 3598 qua:
3274 3539 3398 3584 tunc
3419 3531 3761 3600 gerebantur,
3785 3533 3892 3600 jam

2328 3616 2452 3669 olim
2489 3618 2803 3685 przedixisse
2827 3660 2842 3685 ,
2876 3628 2934 3673 ut
2961 3620 3081 3674 hinc
3129 3621 3203 3674 illi
3245 3621 3310 3675 de
3340 3621 3650 3678 melioribus
3707 3623 3895 3679 futuris

2325 3708 2612 3762 admodum
2661 3711 3015 3766 conﬁderent.
3052 3712 3320 3782 Docctque
3346 3729 3451 3782 quo
3502 3725 3656 3784 pacto
3692 3730 3891 3786 cogno-

2327 3811 2545 3854 scantur
2573 3802 2758 3870 quales
2785 3813 2930 3869 ante,
2980 3804 3166 3873 quales
3217 3814 3337 3873 post
3383 3821 3594 3860 crucem
3651 3805 3895 3876 discipuli

2326 3887 2543 3944 fuerint.
2575 3890 2704 3944 Nam
2734 3893 2824 3961 qui
2852 3907 2975 3946 eum
2992 3892 3386 3962 crucifigeretur
3414 3910 3479 3950 ne
3507 3905 3651 3951 stare
3676 3897 3889 3968 quidem

2329 3990 2634 4050 potuerunt,
2669 3982 2720 4036 hi
2773 3993 2892 4052 post
2939 3999 3150 4039 crucem
3182 3988 3383 4041 strenui
3411 3995 3465 4040 et
3489 3987 3774 4042 adamante
3803 3990 3897 4043 tir-

2328 4070 2524 4124 miores
2554 4070 2784 4126 fuerunt.
2813 4073 2911 4129 llic
2955 4085 3132 4130 autem
3163 4087 3336 4132 metus
3378 4088 3430 4133 et
3456 4077 3576 4148 fuga
3604 4079 3896 4149 discipulo-

2329 4177 2445 4217 rum
2471 4165 2657 4218 mortis
2686 4166 2801 4235 ejus
2830 4177 3203 4237 argumentum
3229 4179 3334 4225 est.
3363 4169 3419 4226 Si
3447 4170 3589 4225 enim
3620 4181 3899 4242 postquam

2328 4263 2406 4308 tot
2455 4263 2706 4324 tantaque
2753 4257 2892 4312 dicta
2922 4268 3063 4324 sunt,
3096 4261 3308 4330 quidam
3356 4261 3693 4332 impudenter
3718 4263 3900 4319 dicunt

2328 4347 2500 4415 ipsum
2546 4363 2650 4402 non
2699 4348 2860 4403 fuisse
2907 4352 3218 4406 cruciﬁxum
3249 4353 3328 4406 :si
3362 4353 3492 4406 nihil
3515 4368 3700 4408 eorum
3730 4355 3901 4409 conti-

2326 4439 2509 4509 gisset,
2532 4455 2637 4508 quo
2667 4456 2771 4494 non
2804 4442 3088 4510 impietatis
3109 4445 3514 4514 prorupissent?
3538 4444 3664 4501 Ideo
3696 4463 3801 4502 non
3831 4463 3899 4504 ex

2328 4545 2422 4584 sua
2455 4540 2657 4585 tantum
2689 4533 2955 4601 passione,
2989 4535 3080 4587 sed
3108 4535 3266 4588 etiam
3297 4551 3364 4590 ex
3409 4536 3472 4589 iis
3499 4551 3617 4606 qua:
3650 4537 3716 4591 ad
3743 4537 3898 4593 discl-

2328 4623 2479 4692 pulos
2499 4633 2761 4691 spectant,
2807 4639 3010 4678 necnon
3052 4641 3118 4679 ex
3148 4625 3418 4696 mysteriis
3444 4667 3459 4689 ,
3491 4636 3718 4681 mortem
3749 4643 3901 4684 suam

2326 4712 2628 4776 conﬁrmat,
2662 4713 3030 4768 Marcionistas
3053 4715 3286 4784 undique
3313 4715 3617 4785 protligans.
3655 4715 3781 4772 Ideo
3810 4733 3897 4773 co-

2328 4803 2600 4874 ryphaeum
2631 4819 2825 4874 negare
2855 4818 2913 4859 se
2959 4806 3233 4875 permittit.
3262 4805 3318 4860 Si
3369 4806 3514 4860 enim
3562 4822 3663 4862 nec
3693 4809 3904 4863 vinctus

2330 4910 2428 4948 nec
2453 4894 2738 4949 cruciﬁxus
2768 4893 2980 4959 fuisset,
3029 4895 3168 4951 unde
3195 4904 3368 4950 tantus
3387 4905 3443 4951 et
3487 4898 3561 4952 illi
3592 4907 3647 4953 et
3686 4899 3904 4969 reliquis

2331 4995 2503 5041 metus
2549 4985 2757 5039 futurus
2806 4987 2957 5040 erat?
3004 4987 3185 5057 Neque
3216 4998 3391 5044 tamen
3435 4990 3555 5045 illos
3584 4990 3636 5045 in
3668 5006 3906 5046 maerore

2331 5078 2564 5148 reliquit,
2590 5077 2684 5132 sed
2719 5077 2845 5148 quid
2883 5079 2997 5134 ait?
3028 5079 3117 5132 52.
3154 5078 3430 5149 Postquam
3475 5091 3644 5132 autem
3673 5097 3904 5134 resurre-

2329 5187 2472 5236 πετο,
2507 5172 2787 5240 prazcedam
2811 5186 2894 5223 vos
2911 5171 2962 5223 in
2993 5170 3277 5224 Galila'ant.
3311 5171 3490 5241 Neque
3510 5172 3649 5226 enim
3678 5188 3747 5227 ex
3772 5173 3906 5228 ωιἰο

2329 5261 2505 5317 Statim
2534 5270 2777 5329 apparet,
2808 5277 2980 5328 neque
3004 5263 3055 5314 in
3083 5262 3365 5329 quamdam
3400 5263 3668 5332 regionem
3699 5263 3905 5332 longiu-

2331 5367 2490 5421 quam
2517 5352 2645 5412 abit,
2679 5351 2772 5404 sed
2821 5351 2872 5403 in
2902 5351 3012 5419 ipsa
3040 5360 3202 5421 gente
3229 5351 3367 5420 apud
3420 5367 3578 5420 quam
3621 5354 3907 5407 cruciﬁxus

2332 5452 2433 5508 est,
2475 5443 2523 5497 in
2559 5443 2688 5510 ipsis
2723 5441 2830 5496 fere
2883 5441 3034 5503 locis,
3069 5451 3124 5493 ut
3169 5441 3326 5495 etiarn
3385 5443 3506 5495 inde
3561 5442 3904 5496 conﬁrmaret

2334 5538 2482 5604 ipsis,
2514 5534 2756 5588 eumdem
2783 5544 2834 5588 ct
2857 5533 3168 5588 cruciﬁxum
3195 5532 3382 5598 fuisse,
3414 5543 3469 5587 et
3497 5535 3858 5588 resurrexisse
3884 5574 3903 5597 ,

2333 5639 2387 5680 ιιι
2436 5626 2559 5681 hinc
2590 5637 2877 5683 pauentes
2918 5627 3085 5694 magis
3130 5626 3517 5679 consolaretur.
3551 5624 3791 5687 Idcirco.
3838 5623 3903 5677 In

2335 5720 2571 5782 (ἐαιὶιιτα,
2598 5719 2751 5782 dixit,
2790 5728 2900 5772 uta
2931 5727 3071 5770 metu
3116 5717 3421 5772 Judaeorum
3469 5715 3697 5776 liberati.
3746 5713 3900 5769 dictis

2342 5812 2638 5866 oroden-nt.
2669 5810 2772 5863 llac
2810 5809 2948 5863 enim
2979 5807 3046 5860 de
3078 5823 3233 5861 musa
3281 5808 3351 5861 ibi
3392 5805 3652 5875 apparuit.
3686 5803 3774 5858 35.
3814 5802 3899 5856 Ite-
