4172 6486
248 419 362 474 7“

244 537 516 603 spondeus
542 545 710 591 autem
744 535 924 591 Petrus
963 538 1091 591 dixit
1120 553 1138 591 :
1167 536 1277 591 Etsi
1308 554 1482 592 omnes
1512 539 1852 593 scandalizati

236 630 451 703 fuerint
476 630 527 683 in
558 640 625 695 te,
653 647 744 703 ego
770 639 936 684 tamen
956 647 1229 701 numquam
1248 632 1657 685 scattdttlizabor.

332 723 386 777 3.
416 721 555 788 Quid
586 723 689 787 ais,
741 723 898 777 Petre
923 723 946 775 ?
979 722 1241 792 propheta
1268 722 1425 787 dixit,
1480 722 1857 793 Dispergemttr

234 831 373 868 ores
392 830 413 878 ;
441 814 690 870 Christus
717 816 919 869 dietmn
959 816 1334 871 conﬁrmavit:
1368 826 1424 872 et
1453 829 1507 871 tu
1539 816 1692 881 dicis,
1742 816 1855 873 Ne-

233 921 526 975 quaquam
546 908 571 959 ?
600 923 705 961 non
735 907 868 960 satis
896 908 988 961 tihi
1016 916 1143 961 sunt
1171 907 1347 977 priora
1382 909 1468 963 illa
1496 950 1511 972 ,
1544 923 1664 963 eum
1696 907 1851 962 dice-

246 999 385 1063 lms,
416 998 679 1066 Propitius
697 1008 801 1051 esto
831 999 920 1053 tibi
947 996 1160 1068 (Matth.
1198 999 1285 1054 16.
1318 997 1435 1069 ξε),
1462 1011 1515 1053 et
1548 998 1852 1069 int-repatus

235 1088 445 1142 fuisti?
466 1088 590 1142 Ideo
621 1088 769 1143 illum
798 1090 993 1144 cadere
1013 1089 1161 1152 sinit,
1181 1100 1237 1145 nt
1252 1092 1441 1145 doceat
1465 1091 1609 1144 illmn
1638 1105 1855 1160 semper

228 1182 472 1236 Christo
494 1180 741 1247 credere,
765 1198 819 1235 et
845 1183 965 1250 ejus
994 1183 1315 1237 sententiam
1344 1184 1558 1251 prepria
1586 1182 1849 1237 sententia

233 1272 548 1327 tirtniorem
575 1282 781 1342 putare.
822 1273 1038 1343 Reliqui
1061 1289 1190 1329 vero
1230 1290 1335 1328 non
1365 1290 1553 1345 parum
1585 1272 1791 1330 fructus
1815 1288 1847 1328 a

226 1363 535 1432 negatione
573 1364 689 1432 ejus
715 1374 1061 1433 acceperunt,
1094 1366 1327 1419 humana
1351 1376 1647 1435 conspecta
1698 1366 1849 1420 intir-

227 1457 437 1508 lttilale
461 1496 477 1521 ,
514 1450 712 1524 Deique
744 1458 1057 1513 veracitalc.
1085 1458 1222 1513 Cum
1251 1459 1399 1514 enim
1448 1459 1538 1513 ille
1569 1459 1847 1539 quidpiam

233 1547 588 1614 praedixerit,
616 1563 721 1602 non
755 1548 893 1601 ultra
927 1548 1202 1617 disputare
1233 1558 1471 1619 Oportet,
1529 1565 1702 1619 neque
1749 1550 1846 1602 atl-

226 1653 442 1691 versus
473 1638 670 1693 multos
717 1638 998 1707 insurgere
1024 1658 1038 1693 :
1072 1638 1303 1694 Gloriam
1339 1642 1505 1704 enim,
1535 1641 1706 1710 inquit
1732 1681 1749 1703 ,
1794 1641 1846 1693 iu

226 1741 304 1794 te,
344 1738 392 1782 et
422 1747 519 1783 non
551 1731 603 1783 in
631 1732 737 1783 alio
766 1731 971 1786 habebis
1000 1730 1142 1802 (Cal.
1188 1732 1242 1787 6.
1276 1733 1354 1804 4).
1388 1732 1523 1787 Cum
1547 1735 1690 1787 cnim
1727 1749 1845 1803 pre-

224 1821 478 1876 candum
509 1832 676 1888 esset,
710 1838 775 1879 ac
820 1826 1107 1879 dicendum
1136 1868 1150 1888 ,
1187 1825 1390 1893 Atljuva
1426 1841 1544 1889 nos,
1571 1843 1638 1881 ne
1666 1828 1764 1881 abs
1793 1836 1845 1881 te

226 1912 584 1977 scindantur,
631 1914 721 1970 ille
760 1915 812 1969 in
860 1931 919 1971 sc
967 1917 1223 1984 Cottlidit,
1271 1928 1324 1972 ct
1354 1920 1469 1973 ait:
1499 1916 1613 1972 Etsi
1669 1936 1841 1973 omnes

222 2006 580 2060 st'attdalisati
593 2011 780 2078 fuerint
799 2008 852 2062 in
879 2018 945 2075 te,
975 2027 1065 2081 ego
1084 2022 1249 2064 tamen
1271 2028 1549 2082 numquam
1572 2030 1592 2078 ;
1618 2013 1835 2067 etiamsi

223 2112 437 2152 otttnes
466 2094 517 2152 id
555 2100 842 2168 patiantur,
876 2102 1071 2171 inquit,
1097 2119 1197 2173 ego
1224 2120 1328 2158 non
1356 2105 1525 2173 patiar
1550 2122 1564 2157 :
1594 2105 1738 2174 quod
1782 2105 1843 2159 ilo

227 2190 357 2243 lum
387 2190 456 2244 ad
489 2193 709 2245 nimiam
755 2193 1139 2249 conﬁdentiam
1174 2197 1428 2265 paulatim
1480 2198 1676 2253 evexit.
1730 2198 1844 2254 Hoc

226 2282 543 2350 reprimere
574 2280 816 2339 Chrisnts
835 2286 1041 2349 volens,
1074 2290 1416 2359 negationem
1448 2294 1689 2361 permisit
1714 2294 1837 2361 quia

222 2373 389 2425 enim
420 2389 594 2444 mque
637 2376 851 2431 Christo
901 2393 1079 2449 neque
1120 2392 1397 2451 propnette
1449 2386 1841 2453 obtemperavit

226 2464 392 2535 (ideo
433 2467 575 2519 enim
615 2467 779 2523 etiam
822 2470 1142 2540 prophetam
1182 2474 1504 2539 induxerat,
1555 2486 1712 2531 utne
1752 2475 1840 2530 ille

224 2557 617 2626 repugnaret),
650 2568 889 2613 attamen
922 2562 1046 2631 quia
1083 2563 1261 2616 verbis
1304 2579 1409 2617 non
1456 2574 1740 2634 potuerat,
1772 2581 1839 2621 ex

220 2644 401 2699 rebus
438 2646 567 2715 ipsis
593 2648 858 2704 eruditur.
884 2649 1036 2718 Quod
1066 2664 1243 2707 autem
1275 2654 1394 2707 ideo
1421 2656 1748 2724 permiserit,
1781 2667 1840 2711 ut

226 2733 394 2789 illum
430 2746 610 2805 postea
639 2742 975 2808 emendaret,
1009 2743 1133 2797 andi
1162 2745 1286 2815 quid
1321 2745 1503 2801 dicat:
1529 2748 1639 2817 Ego
1666 2759 1865 2802 autem-

218 2831 413 2899 rogaoi
434 2848 525 2899 pro
554 2842 619 2895 te,
651 2844 704 2887 ut
732 2850 832 2888 non
858 2836 1063 2904 deﬁciat
1112 2839 1239 2905 ﬁdes
1289 2849 1378 2892 tua
1420 2839 1571 2906 (Luc.
1595 2841 1687 2895 2:2.
1717 2840 1834 2911 32).

223 2918 347 2975 ΙΙυο
407 2922 551 2975 enim
608 2924 743 2978 dixit
774 2966 789 2988 ,
825 2936 881 2980 ut
912 2927 1293 2985 vehementius
1339 2932 1486 2986 illum
1546 2942 1832 3005 tangeret.

218 3014 655 3086 ostenderetque
697 3019 839 3075 illius
886 3021 1097 3091 lapsam
1135 3034 1453 3078 cautcrnrunt
1511 3026 1664 3095 lapsu
1713 3042 1837 3083 esse

223 3105 520 3171 pejorem,
573 3108 871 3181 majoriqne
918 3113 1119 3167 auxilio
1167 3130 1302 3184 opus
1353 3115 1571 3173 habere.
1625 3119 1831 3191 Duplex

219 3199 373 3250 enim
400 3200 605 3254 crimen
637 3213 773 3264 erat,
804 3216 858 3257 et
902 3206 1044 3275 quod
1070 3208 1480 3275 centradixerit,
1504 3222 1558 3266 et
1591 3212 1733 3281 quod
1774 3227 1835 3269 ut

219 3290 346 3344 aliis
392 3295 797 3363 anteposuerit;
849 3298 1062 3351 tertium
1103 3300 1319 3368 gravius
1372 3302 1547 3366 adest,
1577 3302 1721 3372 quod
1750 3310 1837 3359 to-

223 3391 342 3437 tum
370 3384 476 3438 sibi
506 3385 869 3457 adscripserit.
898 3388 992 3443 llis
1022 3398 1080 3443 ut
1105 3390 1405 3457 medeatur,
1434 3394 1642 3463 lapsum
1669 3394 1684 3425 ¹
1707 3410 1833 3449 cve-

224 3479 348 3530 nire
387 3476 521 3531 sinit
548 3494 563 3539 ;
593 3478 820 3549 ideoque
869 3480 1048 3536 missis
1077 3482 1233 3549 aliis,
1283 3483 1459 3554 ipsnnt
1504 3488 1827 3557 alloquitur:

221 3564 442 3629 Simon,
476 3566 679 3633 Simon,
713 3586 825 3625 ecce
854 3583 1061 3628 satanas
1088 3576 1323 3644 expetivit
1352 3593 1440 3631 vos
1493 3588 1545 3631 ut
1586 3578 1831 3634 cribraret

220 3657 351 3710 sicut
385 3660 610 3713 triticum
644 3660 747 3734 (Ib.
783 3680 828 3716 υ.
861 3663 993 3735 51);
1027 3665 1080 3720 id
1110 3677 1213 3730 cst,
1264 3676 1323 3721 ut
1354 3668 1629 3735 turbaret,
1658 3679 1830 3725 tenta-

222 3755 345 3804 ret:
390 3748 502 3820 Ego
553 3763 720 3806 autent
767 3771 861 3825 pro
891 3766 939 3810 te
986 3758 1182 3829 rogavi,
1215 3770 1270 3812 ut
1299 3776 1398 3813 non
1431 3760 1667 3831 deﬁceret
1697 3765 1828 3832 ﬁdes

220 3850 328 3894 tua.
367 3844 431 3897 Et
455 3861 571 3905 cur.
602 3846 645 3899 si
673 3863 863 3904 omnes
894 3852 1165 3917 expetivit,
1210 3868 1315 3906 non
1348 3853 1482 3908 dixit
1511 3874 1523 3910 :
1562 3855 1665 3910 Pro
1694 3872 1813 3910 om-

221 3934 384 3989 nibus
419 3938 641 4007 rogavi?
664 3941 853 3992 Annon
898 3942 1069 4010 palam
1096 3952 1200 4008 est,
1250 3944 1478 4015 idipmtn
1507 3962 1648 4012 esse,
1679 3949 1823 4019 quod

222 4044 388 4095 supra
418 4030 572 4083 dixi?
599 4031 666 4087 Ut
693 4031 900 4087 scilicet
923 4034 1248 4104 perstringat
1283 4052 1403 4091 cum
1428 4078 1442 4103 ,
1489 4047 1544 4094 ct
1572 4039 1825 4095 ostendat

218 4122 443 4187 gratius
468 4138 627 4191 quam
655 4133 883 4179 ea'teros
912 4124 1119 4195 lapsum
1148 4142 1289 4193 esse,
1322 4130 1387 4183 ad
1417 4131 1565 4185 illum
1610 4148 1821 4187 sermo-

223 4224 345 4263 nem
374 4211 580 4281 dirigit.
613 4212 676 4268 Et
701 4232 798 4270 cur
825 4232 932 4269 non
962 4216 1117 4281 dixit,
1143 4217 1382 4285 Egonon
1412 4224 1629 4290 permisi
1658 4266 1670 4285 ,
1699 4224 1819 4290 sed,

222 4302 467 4375 Rogavi?
490 4307 568 4360 .-\d
602 4309 907 4376 passionem
938 4311 1133 4374 iturus,
1170 4311 1392 4367 humilia
1442 4314 1680 4385 loquitur
1701 4358 1717 4383 ,
1764 4326 1822 4372 ttt

222 4394 616 4453 immanitatem
649 4416 799 4455 suam
831 4402 1191 4459 demonstret.
1237 4405 1367 4459 Nam
1396 4408 1488 4477 qui
1521 4410 1814 4466 Ecclesium

219 4502 386 4557 supra
437 4491 836 4549 confessionem
885 4496 1005 4565 ejus
1048 4497 1329 4553 aediﬁcavit
1357 4540 1372 4565 ,
1424 4501 1702 4573 ipsamque
1748 4506 1818 4559 ita

219 4582 468 4648 munivit,
502 4593 561 4637 ut
590 4600 688 4639 nec
713 4586 859 4640 mille
890 4588 1125 4656 pericula
1149 4630 1164 4653 ,
1198 4605 1296 4644 nec
1327 4592 1475 4647 mille
1506 4604 1709 4650 mortes
1757 4596 1820 4650 il—

219 4670 321 4726 lam
350 4676 567 4744 possint
595 4692 877 4748 superare,
931 4682 1022 4750 qui
1048 4682 1301 4738 canorum
1333 4684 1432 4755 ipsi
1454 4686 1635 4743 claves
1670 4689 1818 4745 dedit

217 4774 271 4817 et
297 4778 510 4824 tantam
544 4780 886 4841 potestatem,
938 4790 1115 4845 neque
1146 4776 1397 4845 precibus
1420 4765 1491 4833 ad
1522 4777 1638 4835 ιιωο
1681 4798 1819 4852 opus

220 4854 407 4915 habuit
429 4864 632 4932 (neque
657 4866 800 4920 enim
827 4875 955 4925 tunc
982 4867 1136 4933 dixit,
1168 4868 1365 4940 Rogavi
1387 4888 1405 4938 ;
1452 4872 1547 4928 sed
1576 4889 1697 4930 cum
1728 4892 1824 4931 att-

216 4953 493 5019 ctoritate,
543 4952 844 5025 Afdiﬁcabo
876 4959 1159 5015 Ecclesium
1199 4980 1383 5028 meam,
1409 4996 1417 5006 ο
1443 4976 1491 5020 et
1546 4968 1676 5021 dabo
1726 4971 1815 5023 tibi

218 5039 385 5097 claves
414 5046 705 5117 calorum),
733 5051 1005 5119 quomodo
1040 5054 1287 5110 oratione
1312 5072 1449 5126 opus
1472 5057 1726 5126 habebat,
1758 5072 1816 5115 ut

216 5134 557 5193 vacillantem
610 5142 767 5196 unius
820 5142 1053 5200 hominis
1084 5148 1316 5202 animam
1370 5152 1813 5222 constringeret?

217 5222 320 5277 Cur
350 5242 485 5300 ergo
512 5232 582 5285 ita
612 5232 863 5304 loquutus
903 5238 1023 5292 est?
1054 5238 1283 5309 Propter
1329 5257 1451 5296 eam
1491 5259 1652 5314 quam
1699 5247 1809 5318 jam

217 5315 327 5373 dixi
366 5338 621 5388 causam,
648 5336 704 5382 et
731 5336 952 5396 preptcr
980 5328 1191 5385 illorum
1226 5333 1594 5392 inﬁrmitatem
1622 5357 1634 5391 :
1668 5315 1807 5396 non-

219 5409 340 5465 dum
385 5417 530 5471 enim
562 5433 700 5482 eam,
754 5435 911 5487 quam
958 5421 1205 5492 decebat,
1258 5426 1327 5481 de
1378 5428 1469 5484 illo
1497 5432 1806 5500 opinionem

221 5498 501 5564 habebant.
531 5510 811 5578 Quomodo
835 5529 963 5584 ergo
987 5517 1195 5586 negavit
1221 5517 1243 5571 ?
1265 5518 1382 5575 Non
1404 5498 1577 5591 dixit,
1608 5524 1678 5581 Ut
1702 5543 1805 5581 non

220 5610 376 5667 neges
398 5643 415 5668 ,
472 5606 592 5670 sed,
638 5606 705 5661 Ut
753 5624 857 5663 non
887 5609 1101 5663 deﬁciat
1135 5612 1268 5667 ﬁdes
1295 5656 1309 5679 ,
1364 5623 1424 5669 ut
1453 5633 1557 5672 non
1589 5622 1809 5674 omnino

223 5700 415 5751 pereat.
466 5694 613 5753 Illius
658 5700 799 5755 enim
844 5718 971 5755 eum
1006 5701 1057 5754 id
1084 5702 1284 5760 faetum
1310 5718 1393 5763 est
1426 5727 1441 5763 :
1480 5726 1603 5767 nam
1633 5723 1806 5770 metus

285 5859 301 5893 ⁸
336 5866 469 5922 Alias
489 5874 689 5938 iegitur,
712 5878 1029 5938 negationem,
1059 5894 1160 5942 pro,
1189 5884 1394 5945 lapsum.

534 5955 803 6014 ΡΑτιιοι..
851 5951 967 6014 (in.
1026 5956 1233 6017 LVNI.

1190 420 1254 476 IN
1293 418 1703 477 MATTHIEUM
1742 421 1973 478 IIUMIL.
2017 424 2279 486 LXXXII.
2318 434 2393 490 al.
2435 435 2723 495 LXXXIII.

3461 452 3565 509 7ίὲ

1966 543 2146 597 omnia
2184 547 2348 617 ejecit
2382 568 2394 602 :
2424 552 2616 622 ingens
2658 557 2801 611 enim
2831 568 2985 627 erat;
3020 562 3207 634 ingens
3252 583 3381 624 vero
3418 567 3514 625 fuit
3550 614 3565 638 ,

1962 633 2086 702 quia
2122 639 2322 694 auxilio
2371 656 2470 697 suo
2505 646 2646 702 Deus
2683 650 2832 705 illum
2860 633 3152 710 admodum
3186 658 3443 714 nudavit:
3471 663 3567 718 ad.

1960 728 2179 783 modum
2208 746 2338 789 vero
2362 737 2600 804 mulavit,
2639 742 2763 811 quia
2802 746 3097 802 vehemens
3129 749 3179 804 in
3209 750 3300 805 iilo
3345 755 3567 811 morlms

1966 831 2083 874 erat
2109 827 2431 894 arrogantia:
2461 840 2516 884 et
2544 835 3015 894 eontradietionis.
3044 839 3113 897 Ut
3140 857 3270 914 ergo
3306 845 3563 902 radicitus

1962 909 2103 967 hunc
2126 919 2373 976 morbum
2406 925 2664 991 tolleret,
2698 930 2818 986 ideo
2851 936 3094 1004 permisit
3124 945 3180 989 ut
3207 936 3355 994 illum
3386 952 3565 1001 terror

1961 1007 2261 1065 invaderet.
2304 1015 2437 1082 Quia
2479 1021 2625 1076 enim
2668 1023 2963 1082 vehemens
2993 1029 3044 1082 itt
3079 1029 3170 1084 illo
3228 1032 3311 1087 hic
3338 1038 3561 1092 morbus

1958 1110 2095 1168 erat,
2123 1118 2231 1158 non
2260 1107 2421 1163 modo
2450 1121 2506 1167 et
2550 1117 2829 1186 prophetat
2857 1131 2910 1174 et
2940 1121 3157 1179 Christo
3186 1130 3557 1201 contradixit,

1956 1196 2051 1252 sed
2100 1199 2261 1254 etiam
2314 1214 2500 1273 postea
2532 1221 2653 1262 cum
2698 1209 2942 1269 Christus
2978 1215 3228 1285 dixisset,
3263 1221 3351 1275 δι.
3396 1196 3560 1280 Amen

1958 1290 2073 1344 dico
2101 1292 2453 1362 tibi,qnonittm
2481 1298 2579 1352 Itac
2606 1313 2752 1357 nocte
2776 1346 2789 1366 ,
2841 1318 3114 1379 antequam
3142 1312 3315 1383 gallus
3343 1327 3509 1371 cantet
3538 1362 3554 1387 ,

1946 1392 2031 1437 ter
2057 1402 2136 1439 me
2175 1391 2401 1459 negabis,
2434 1392 2714 1461 respondit
2740 1414 2752 1451 :
2783 1398 2873 1455 35.
2921 1399 3142 1457 Etiamsi
3170 1409 3449 1474 aportuerit
3482 1428 3561 1466 me

1956 1479 2089 1530 mori
2116 1488 2299 1543 tecum,
2329 1501 2430 1538 non
2458 1496 2505 1540 te
2534 1489 2747 1558 negabo.
2802 1491 2975 1549 Lucas
3004 1494 3158 1566 (Cap.
3188 1497 3278 1551 22.
3311 1498 3405 1569 δι)
3430 1518 3559 1556 vero

1952 1572 2119 1633 addit,
2163 1589 2361 1644 quanto
2392 1582 2563 1649 magis
2605 1582 2855 1640 Christus
2903 1588 3157 1658 negabat,
3211 1600 3359 1645 tanto
3389 1593 3560 1664 magis

1952 1664 2167 1720 Petrum
2190 1679 2376 1723 contra
2399 1674 2761 1731 contendisse.
2791 1676 2928 1744 Quid
2954 1682 3054 1736 hoc
3076 1692 3177 1747 est,
3208 1683 3407 1740 Petre?
3436 1701 3559 1741 cum

1956 1761 2195 1823 dicebat.
2223 1761 2368 1818 Unus
2398 1774 2619 1822 vestrum
2662 1786 2742 1824 me
2762 1762 3046 1829 traditurus
3074 1786 3168 1838 est,
3204 1778 3435 1834 timebas
3487 1796 3556 1835 ne

1953 1862 2006 1906 tu
2060 1854 2174 1925 ipse
2228 1859 2470 1927 proditor
2497 1875 2671 1926 esses,
2703 1873 2763 1918 et
2810 1865 3245 1938 condiscipulum
3290 1870 3558 1925 sciscitari

1948 1951 2202 2018 cogehas,
2230 1954 2354 2008 licet
2403 1955 2535 2010 nihil
2566 1954 2758 2011 hormn
2792 1957 2884 2013 tibi
2916 1959 3166 2016 Conscius
3196 1976 3379 2025 esses;
3413 1979 3555 2018 nunc

1948 2051 2125 2096 autem
2156 2044 2274 2115 ipso
2294 2048 2442 2103 clare
2470 2049 2739 2105 clamante
2765 2066 2830 2107 ac
2849 2051 3086 2118 dicente,
3122 2054 3310 2109 omnes
3334 2062 3558 2111 scanda-

1950 2132 2250 2200 lizabimini,
2276 2136 2621 2207 contradicis,
2655 2160 2756 2199 nec
2781 2146 2948 2202 semel
2981 2156 3187 2202 tantum
3207 2190 3221 2214 ,
3247 2149 3341 2205 sed
3386 2150 3469 2205 bis
3496 2164 3553 2207 et

1948 2227 2186 2300 plurius?
2218 2228 2331 2285 Iloc
2354 2233 2557 2304 quippe
2586 2235 2719 2292 dicit
2743 2236 2940 2295 Lucas.
2974 2238 3129 2295 Unde
3158 2256 3289 2313 ergo
3312 2241 3415 2297 hoc
3447 2244 3548 2312 ipsi

1946 2320 2215 2392 contigit?
2266 2320 2347 2378 Ex
2400 2328 2567 2381 multa
2614 2330 2863 2399 caritate,
2920 2348 2987 2389 ex
3046 2335 3212 2389 amita
3260 2335 3555 2405 voluptate.

1946 2421 2235 2489 Postquam
2266 2427 2411 2477 enim
2442 2422 2535 2480 illo
2568 2436 2776 2484 terrore
2805 2430 3069 2486 liberatus
3118 2430 3240 2497 l'nit,
3270 2448 3337 2487 ne
3368 2432 3555 2501 prodi-

1944 2526 2031 2572 tor
2052 2513 2166 2583 ipse
2189 2528 2354 2583 esset,
2389 2526 2444 2573 et
2470 2520 2803 2589 proditorem
2858 2523 3026 2590 novit,
3063 2540 3186 2581 cum
3215 2526 3541 2583 conﬁdentia

1950 2615 2135 2676 postea
2165 2607 2499 2676 loquebatur,
2524 2620 2579 2666 et
2598 2624 2789 2669 contra
2816 2614 2952 2671 alios
2987 2618 3299 2689 insurgebat
3313 2619 3504 2676 dicens
3534 2639 3548 2677 :

1949 2698 2059 2752 Iftsi
2084 2717 2256 2755 omnes
2286 2703 2626 2759 scandalizati
2647 2708 2859 2777 fuerint,
2893 2726 2987 2779 ego
3013 2728 3113 2765 non
3140 2712 3551 2768 setmdalizabor.

1942 2790 2056 2846 luto
2085 2793 2283 2865 aliquid
2308 2797 2619 2853 ambitionis
2649 2798 2734 2854 hic
2751 2811 2869 2855 erat
2894 2818 2908 2866 ;
2940 2818 3062 2857 nam
3091 2815 3144 2859 et
3169 2805 3220 2858 in
3250 2820 3403 2861 cmna
3431 2806 3553 2876 quis

1942 2900 2127 2940 eorum
2156 2888 2327 2959 major
2354 2903 2499 2947 esset
2528 2893 2936 2964 diseeptabant;
2970 2898 3041 2953 ita
3077 2898 3196 2953 illos
3220 2899 3304 2955 hic
3327 2904 3552 2959 morbus

1941 2976 2266 3048 exagitabat.
2304 2980 2507 3037 Idcirco
2555 2985 2702 3039 illurn
2734 2988 2999 3054 cohibuit,
3050 3007 3158 3045 non
3186 2992 3253 3046 ad
3304 2995 3553 3065 negatio-

1941 3082 2061 3124 nem
2095 3069 2421 3141 impellens;
2451 3073 2632 3141 absit;
2681 3076 2779 3133 sed
2807 3078 3014 3135 auxilio
3058 3095 3159 3137 suo
3202 3097 3431 3141 vacuum
3460 3102 3547 3143 re-

1940 3162 2210 3233 linquens,
2242 3166 2599 3239 humanaeque
2644 3180 2852 3231 natura:
2900 3174 3276 3233 inﬁrmitatem
3329 3180 3550 3237 demon~

1939 3268 2140 3314 strans.
2173 3258 2311 3317 Vide
2358 3271 2544 3318 autem
2586 3266 2864 3336 quomodo
2917 3281 3041 3340 post
3104 3271 3223 3339 hac
3277 3274 3549 3331 demissus

1940 3345 2115 3401 fuerit.
2152 3348 2285 3405 Nam
2319 3362 2443 3422 post
2470 3359 2953 3430 resurrectionem,
2995 3350 3213 3434 quando
3239 3363 3406 3433 dixit,
3444 3368 3549 3426 Hic

1937 3448 2104 3492 autem
2132 3443 2257 3512 quid
2289 3441 2469 3517 (Joatt.
2496 3448 2586 3506 2t.
2619 3449 2760 3522 Si)?
2803 3462 2857 3507 et
2885 3468 3169 3525 repressus
3190 3466 3295 3524 est,
3327 3475 3394 3514 ne
3414 3476 3549 3516 con-

1938 3532 2202 3591 tradicere
2230 3540 2449 3608 quidem
2496 3557 2661 3598 ausus
2700 3555 2805 3612 est,
2832 3557 2890 3601 ut
2918 3546 3026 3614 hic,
3056 3548 3152 3604 sed
3183 3554 3370 3606 tacuit.
3399 3553 3544 3608 Rur-

1935 3644 2136 3699 susque
2163 3644 2285 3703 post
2310 3637 2765 3693 resurrectionem
2810 3653 2934 3695 cum
2984 3640 3156 3709 audit,
3190 3640 3315 3698 Non
3343 3658 3418 3700 est
3462 3666 3545 3703 ve-

1936 3731 2269 3780 strumnosse
2294 3736 2525 3797 tempora
2562 3728 2642 3783 vel
2686 3743 2943 3786 momenta
2965 3733 3101 3802 (Act.
3140 3734 3191 3789 1.
3224 3734 3303 3805 7),
3356 3752 3544 3793 rursus

1935 3822 2119 3889 tacuit,
2141 3842 2237 3881 nec
2264 3828 2602 3883 centradicit.
2622 3828 2935 3900 Deindeque
2958 3831 3010 3884 in
3040 3833 3320 3887 caenaculo
3347 3844 3406 3889 et
3424 3838 3542 3892 sin-

1933 3918 2075 3976 done
2097 3937 2219 3977 cum
2250 3922 2494 3979 audisset
2523 3934 2711 3980 vocem
2760 3925 3031 3980 dicentem
3076 3928 3201 3993 sibi,
3240 3928 3369 3992 Quae
3401 3932 3541 3989 Deus

1934 4016 2267 4084 puri/ienuit,
2318 4025 2373 4069 tu
2415 4017 2706 4070 communia
2755 4033 2819 4071 ne
2856 4017 3048 4073 dixeris
3091 4017 3214 4089 (Ib.
3266 4021 3355 4077 10.
3407 4024 3533 4095 15),

1930 4124 2052 4162 cum
2097 4124 2204 4163 non
2257 4110 2403 4165 clare
2431 4110 2597 4165 sciret
2618 4109 2748 4180 quid
2771 4109 2875 4165 sibi
2907 4112 3073 4167 vellet
3100 4110 3257 4181 illud,
3291 4116 3495 4186 quievit
3519 4163 3535 4188 ,

1930 4215 2101 4270 neque
2129 4201 2430 4255 contendit.

1999 4295 2053 4349 4.
2105 4291 2351 4348 Voluntas
2377 4294 2487 4349 sine
2512 4295 2679 4367 gratia
2710 4312 2811 4350 non
2844 4297 2977 4368 agit,
3012 4308 3186 4355 utnec
3220 4303 3389 4373 gratia
3428 4305 3538 4361 sine

1926 4385 2198 4439 voluntate.
2246 4384 2506 4439 Christum
2543 4386 2742 4441 edimus
2791 4388 2845 4441 in
2898 4387 3246 4446 Eucltaristia.
3299 4424 3369 4435 —
3413 4396 3537 4452 H:ec

1929 4491 2091 4545 porro
2126 4476 2304 4531 omnia
2334 4476 2516 4545 lapsus
2549 4477 2637 4533 ille
2661 4488 2915 4547 operatus
2938 4480 3052 4535 fuit.
3086 4484 3255 4538 Antea
3284 4502 3414 4541 vero
3450 4502 3532 4544 to-

1928 4578 2037 4622 tum
2086 4568 2187 4623 sibi
2226 4569 2504 4635 adscribit,
2543 4572 2730 4626 dicens
2771 4591 2783 4625 :
2819 4572 2929 4627 Etsi
2979 4592 3152 4630 omnes
3195 4582 3533 4638 scandalizati

1925 4662 2149 4730 fuerint,
2181 4679 2272 4733 ego
2310 4678 2413 4715 nou
2458 4664 2868 4719 scandalizabor.
2901 4666 3114 4723 Etiamsi
3144 4676 3426 4740 oportuerit
3454 4693 3533 4730 me

1925 4755 2054 4807 mori
2076 4764 2377 4821 tecum,non
2400 4767 2447 4808 te
2477 4758 2707 4827 negabo;
2734 4772 2854 4812 cum
2878 4760 3059 4816 dicere
3086 4768 3435 4835 oportuisset,
3472 4770 3529 4825 Si

1923 4848 2088 4915 gratia
2133 4857 2219 4899 tua
2268 4847 2441 4911 fruar;
2491 4839 2687 4904 contra
2726 4868 2853 4907 vero
2896 4865 3076 4922 postea
3126 4858 3205 4912 sic
3249 4859 3527 4931 loquitur:

1927 4937 2063 5005 Quid
2092 4940 2233 4993 nobis
2255 4943 2536 5005 attenditis,
2566 4945 2713 5012 quasi
2746 4947 2953 5016 propria
2982 4948 3168 5004 virtute
3195 4956 3271 5007 vel
3300 4956 3484 5023 pietate
3512 4961 3524 4990 '

1921 5032 2189 5100 fecerimus
2233 5034 2365 5085 hunc
2410 5033 2674 5088 ambulare
2704 5036 2857 5108 (Act.
2888 5038 2935 5091 5.
2972 5040 3039 5094 12
3061 5043 3125 5111 )?
3162 5045 3407 5115 Magnum
3442 5050 3529 5105 hic

1921 5123 2111 5192 dogma
2131 5124 2445 5195 accipimus,
2467 5144 2572 5182 non
2594 5129 2844 5185 sufllcet'e
2863 5131 3094 5191 hominis
3118 5136 3407 5210 fervorem,
3424 5143 3525 5199 nisi

1920 5230 2151 5288 superna
2182 5218 2320 5272 adsit
2368 5221 2573 5291 gratia;
2622 5222 2859 5293 itemque
2899 5227 3032 5283 nihil
3080 5244 3177 5284 nos
3211 5245 3240 5285 a
3290 5248 3522 5305 superna

1918 5314 2086 5382 gratia
2106 5313 2303 5382 juvari,
2354 5316 2453 5371 nisi
2499 5320 2792 5374 voluntatis
2832 5322 3067 5377 studium
3106 5323 3263 5381 adsit.
3312 5328 3379 5383 Et
3409 5330 3524 5385 hmo

1919 5408 2079 5461 ambo
2102 5411 2394 5464 ostendunt
2420 5410 2585 5467 .Indas
2609 5425 2664 5468 et
2702 5413 2896 5470 Petrus
2929 5432 2941 5468 :
2974 5417 3061 5472 ille
3088 5434 3321 5492 namque
3356 5425 3523 5479 multo

1920 5501 2082 5555 fultus
2105 5502 2326 5567 auxilio,
2360 5503 2491 5558 nihil
2518 5504 2640 5560 hinc
2663 5506 2870 5563 fructus
2898 5512 3157 5579 percepit,
3189 5516 3311 5585 quia
3332 5518 3517 5582 noluit,

1919 5607 2022 5648 nec
2046 5610 2141 5647 sua
2169 5596 2425 5661 ctmtulit;
2471 5595 2559 5653 hic
2588 5614 2716 5654 vero
2737 5617 2858 5655 cum
2896 5605 3174 5673 prOposito
3207 5609 3515 5677 voluntatis,

1916 5688 2039 5755 quia
2066 5688 2211 5742 nullo
2230 5689 2391 5745 fultus
2421 5702 2537 5745 erat
2562 5695 2783 5760 auxilio,
2820 5697 2999 5765 lapsus
3030 5708 3133 5753 est.
3166 5699 3299 5756 Nam
3329 5718 3394 5757 ex
3428 5702 3517 5759 his

1916 5779 2122 5834 duobus
2150 5782 2319 5836 virtus
2338 5785 2664 5842 contexitur.
2702 5787 3038 5859 Quapropter
3068 5808 3216 5862 rogo,
3249 5809 3315 5851 nc
3337 5796 3518 5853 omnia

1984 5896 1999 5923 ι
2025 5892 2139 5954 Atii,
2166 5894 2239 5946 vel
2273 5903 2514 5958 potestate.
3080 5975 3153 6033 18
