4172 6496
332 402 437 461 7ιῦ

316 539 381 577 re.
396 522 603 587 videas,
621 535 722 576 nec
744 519 1065 591 indigneris,
1089 533 1191 575 nec
1208 518 1489 585 cohibens,
1507 532 1675 590 quam
1701 517 1919 574 veniam

318 614 626 669 merearis?
648 613 857 670 Idcirco
892 626 991 667 vos
1010 611 1154 668 Deus
1196 612 1299 669 hoc
1321 612 1529 667 honore
1559 611 1838 668 decoravit
1859 620 1921 665 ut

316 703 439 759 haec
450 701 931 761 discernstisdlaee
949 710 1130 758 vestra
1142 702 1381 774 dignitas
1390 701 1617 766 est,lIa:c
1626 701 1919 768 securitas,

316 796 438 853 haec
452 812 683 862 corona,
705 814 813 852 non
839 806 897 851 ut
919 798 1044 853 alba
1060 797 1489 868 spletidenteque
1521 798 1707 855 tunica
1736 796 1917 853 induti

311 887 693 944 circuiueatis.
715 887 1492 959 Etundenam,inquies,hunc
1509 897 1564 944 et
1579 888 1733 944 illum
1756 903 1923 945 nosse

320 981 525 1049 [messim
545 980 570 1035 ἲ
593 978 713 1036 Non
738 979 806 1036 de
836 978 1047 1053 ignotis,
1080 979 1175 1036 sed
1204 979 1275 1037 de
1298 980 1440 1036 notis
1464 979 1673 1051 loquor.
1705 982 1918 1051 Aliquid

322 1072 634 1127 horribilius
663 1073 838 1131 dicam
871 1091 887 1129 :
918 1074 1033 1130 Non
1062 1082 1169 1129 tam
1209 1088 1371 1145 grave
1405 1082 1491 1130 est
1526 1089 1919 1146 energumcnns

321 1168 467 1223 intus
490 1183 613 1225 esse
642 1210 660 1236 ,
687 1178 747 1225 ut
772 1169 871 1227 hos
894 1184 1032 1241 quos
1054 1168 1187 1226 dicit
1211 1167 1406 1224 Paulus
1429 1167 1449 1239 (
1483 1167 1647 1225 Hebr.
1679 1169 1769 1226 10.
1798 1168 1870 1226 9.9
1895 1168 1916 1243 )

315 1259 595 1316 Christum
620 1262 960 1327 conculcare,
987 1272 1043 1319 et
1068 1262 1379 1334 sanguinem
1422 1263 1727 1318 testamenti
1766 1279 1918 1319 com-

315 1369 482 1409 mune
509 1353 732 1427 dueere,
751 1364 910 1427 atque
939 1355 1172 1427 Spiritus
1196 1355 1423 1427 gratiam
1453 1358 1779 1412 contumelia
1796 1358 1911 1413 atii-

311 1460 461 1500 cere.
486 1425 836 1502 Dmmdniaeo'
846 1425 993 1504 enim
1010 1425 1255 1518 pejorest
1271 1449 1360 1518 qui
1390 1449 1630 1519 peccavit
1655 1460 1707 1505 et
1731 1465 1915 1507 acces-

312 1537 406 1590 sit.
422 1535 500 1591 ΙΙΙί
517 1538 661 1594 enim
679 1554 800 1595 cum
817 1555 846 1593 a
858 1538 1103 1596 dasnone
1118 1548 1399 1605 vexantur,
1419 1557 1526 1596 non
1544 1541 1666 1599 ideo
1679 1543 1912 1613 puniun-

311 1638 401 1683 tur
434 1646 448 1682 :
483 1630 535 1683 hi
575 1644 703 1685 vero
743 1632 789 1687 si
838 1630 1053 1705 indigne
1087 1632 1375 1698 accedant,
1406 1643 1614 1689 aitet-no
1649 1634 1911 1708 supplicio

310 1722 614 1778 traduntur.
641 1723 717 1781 Ne
744 1725 924 1797 itaque
948 1724 1048 1781 hos
1078 1734 1284 1782 tantum
1312 1726 1592 1797 pellamus,
1623 1727 1719 1785 sed
1747 1729 1909 1785 etiam

307 1828 502 1870 oiunes
520 1855 537 1880 ,
570 1830 709 1886 quos
734 1816 1027 1873 viderimus
1055 1817 1271 1890 indigne
1304 1817 1585 1876 accedere.
1615 1818 1786 1876 Nemo
1809 1836 1907 1877 eo-

308 1921 430 1960 rum
457 1907 546 1977 qui
576 1906 823 1977 discipuli
851 1924 957 1965 non
984 1919 1110 1965 sunt
1127 1911 1509 1967 communicet.
1531 1909 1721 1968 Nullus
1742 1912 1908 1969 Judas

304 1997 544 2064 sumat',
575 2014 646 2054 ne
675 1998 830 2055 Judre
868 2001 1005 2056 mala
1051 2002 1302 2071 patiatur.
1341 2000 1550 2070 Corpus
1583 2001 1780 2059 Christi
1822 2015 1907 2060 est

301 2091 424 2147 haec
449 2090 610 2146 etiam
649 2092 952 2149 multitudo.
987 2093 1120 2149 Vide
1147 2109 1279 2165 ergo
1307 2104 1383 2162 tu,
1407 2095 1496 2166 qui
1525 2096 1904 2167 mysteriorum

304 2179 552 2236 minister
586 2197 676 2250 es,
714 2198 784 2238 ne
825 2183 1112 2240 Dominum
1144 2184 1213 2238 ad
1255 2185 1387 2240 iram
1423 2185 1694 2250 concites,
1724 2186 1770 2242 si
1801 2186 1905 2243 hoc

298 2285 502 2342 corpus
544 2288 650 2326 non
694 2288 888 2345 purges
919 2291 934 2329 :
966 2290 1035 2330 ne
1071 2274 1308 2345 gladium
1338 2276 1438 2332 des
1476 2290 1575 2347 pro
1611 2275 1756 2333 cibo.
1794 2276 1901 2335 Sed

298 2364 520 2422 etiamsi
540 2364 1107 2437 praeiguorantia'ille
1117 2368 1644 2427 adeommuuionem
1656 2370 1906 2440 accedat,

369 2505 386 2574 ξ
410 2502 597 2574 ξυνῆμε-
616 2501 781 2574 imitus
808 2509 1057 2574 Διιι
1082 2504 1263 2574 ludas.

366 2567 388 2598 ³
418 2566 531 2615 Sav.
567 2567 685 2616 Ben.
718 2566 942 2616 stultitia.
979 2568 1274 2630 Suspicatur
1301 2567 1453 2620 Savil.
1486 2566 1780 2632 legendum,
1795 2580 1908 2635 pro

298 2627 609 2694 arroguntia.

1215 400 1283 457 IN
1320 396 1727 455 ΜΛΤἸῊιιΕυΜ
1770 394 2000 452 ιιοΜιι.
2043 395 2324 453 LXXXIII.
2363 400 2437 456 al.
2480 401 2765 464 LXXXIV.

3541 413 3645 469 748

2029 513 2221 570 cohibe
2263 516 2445 581 illuni,
2475 536 2544 575 ne
2588 524 2799 578 timeas.
2841 524 2997 582 Time
3038 527 3210 584 Deum
3236 531 3277 596 ',
3311 548 3417 588 non
3459 534 3637 589 homi-

2030 620 2174 662 nem.
2197 607 2251 664 Si
2278 610 2467 666 timeas
2490 612 2781 678 hominem,
2805 616 2877 671 ah
2895 618 2989 674 illo
3009 620 3349 692 irrideberis;
3371 628 3417 682 si
3444 628 3636 695 Deum,

2028 699 2193 755 etiam
2226 702 2531 763 hominibus
2556 711 2878 768 venerabilis
2905 715 3038 771 eris.
3064 716 3121 772 Si
3153 733 3259 773 non
3288 722 3475 788 audes,
3504 724 3636 779 mihi

2028 793 2225 859 adduc;
2253 810 2354 853 nec
2383 799 2690 867 permittam
2718 802 3023 874 bujusmodi
3052 825 3241 869 ausus.
3260 817 3508 873 Animam
3534 838 3635 892 po-

2028 889 2137 943 titts
2173 890 2419 946 amittam
2445 932 2459 955 ,
2490 909 2650 964 quam
2691 896 2910 970 indigno
2946 905 3262 975 sanguinem
3302 889 3633 971 dominicum

2028 980 2331 1079 praebeam;
2377 992 2432 1039 et
2472 987 2788 1079 sanguinem
2834 992 3015 1062 potius
3061 998 3423 1072 profundam,
3468 1024 3630 1079 quam

2028 1074 2369 1172 tremendum
2400 1077 2713 1149 sanguinem
2742 1082 2867 1139 dein
2894 1087 2979 1142 cui
3020 1103 3126 1144 non
3167 1106 3265 1162 par
3290 1105 3391 1151 est.
3420 1074 3634 1172 Si-post

2023 1163 2245 1220 multam
2279 1168 2720 1238 perquisitiouem
2758 1173 3037 1248 indignum
3068 1196 3175 1237 non
3216 1189 3467 1253 noveris,
3497 1163 3629 1249 nihil

2021 1254 2264 1311 criminis
2283 1259 2408 1315 erit.
2438 1259 2564 1318 "me
2585 1263 2654 1319 de
2683 1264 2749 1320 iis
2774 1268 2864 1337 qui
2887 1273 3158 1329 manifesti
3184 1287 3313 1333 sunt
3333 1280 3473 1337 dicta
3496 1287 3625 1341 sint.

2019 1344 2154 1401 Nam
2176 1350 2219 1403 si
2248 1348 2346 1405 hos
2366 1353 2720 1424 corrigamus,
2748 1358 2857 1414 cito
2885 1362 3042 1419 nobis
3067 1365 3206 1423 Deus
3231 1368 3444 1440 ignotos
3470 1387 3627 1434 notos

2022 1437 2174 1493 faciet
2202 1456 2216 1507 ;
2250 1440 2293 1495 si
2325 1452 2502 1499 autem
2530 1456 2687 1501 notos
2711 1449 2971 1516 sinamus,
3003 1457 3156 1526 cujus
3181 1437 3456 1534 reigratia
3484 1468 3627 1528 Deus

2020 1531 2175 1587 nobis
2198 1534 2333 1590 alios
2360 1547 2519 1593 notos
2538 1538 2733 1596 faciat?
2762 1543 2888 1601 llzec
2910 1563 3075 1617 porro
3098 1551 3241 1621 dico,
3259 1531 3365 1611 non
3385 1568 3443 1615 ut
3469 1577 3627 1621 coer-

2016 1636 2237 1681 ceamus
2272 1627 2356 1682 vel
2398 1642 2799 1700 sequestremus
2830 1646 3032 1696 tantum
3053 1684 3070 1710 ,
3098 1646 3193 1702 sed
3224 1658 3283 1704 ut
3309 1655 3626 1715 emendatos

2017 1716 2333 1775 reducamus
2355 1762 2372 1788 ,
2400 1734 2454 1778 Iit
2480 1741 2671 1782 eormn
2708 1745 2894 1787 curaui
2936 1734 3249 1809 habeamus.
3281 1742 3372 1802 Sic
3398 1752 3546 1808 enim
3570 1764 3629 1811 et

2017 1808 2186 1910 [leum
2207 1819 2493 1886 propitium
2524 1820 2863 1892 habebimus,
2884 1838 2939 1883 et
2968 1834 3166 1889 multos
3190 1838 3353 1910 digne
3380 1808 3625 1902 comma:

2016 1903 2259 2010 nicantes
2299 1911 2633 1979 reperiemus
2656 1956 2672 1981 ,
2701 1919 2972 1991 studiique
2996 1935 3049 1979 et
3075 1903 3458 1991 sollit-iiudinis
3496 1955 3621 2010 erga

2013 1994 2150 2051 alios
2194 2011 2395 2057 nostra:
2444 2006 2665 2063 multum
2711 2013 3033 2082 recipiemus
3075 2025 3379 2080 mercedem
3415 2048 3428 2081 :
3461 1994 3618 2099 «potin

2015 2102 2113 2192 nos
2153 2105 2344 2147 omnes
2388 2100 2601 2168 assequi
2647 2104 2953 2176 contingat,
2987 2113 3157 2173 gratia
3197 2126 3251 2171 et
3290 2118 3622 2192 benignitate

2014 2178 2224 2237 Domini
2254 2187 2421 2240 nostri
2446 2188 2574 2246 Jcsu
2601 2192 2819 2262 Christi,
2844 2199 2931 2253 cui
2957 2202 3124 2272 gloria
3151 2207 3200 2261 in
3226 2178 3619 2273 saeculuuswcu-

2013 2273 2207 2333 lorum.
2239 2281 2430 2335 Anien.

2075 2414 2091 2445 ι
2128 2413 2225 2463 ΑΙιί
2254 2423 2307 2466 ct
2330 2417 2651 2481 Morel.,timc
2693 2423 2949 2478 Dominum
2976 2438 3148 2481 Delon.
3242 2468 3245 2473 -

1261 2825 1608 2888 nonum
1656 2796 2016 2891 LXXXIII.
2064 2832 2150 2895 al.
2196 2833 2557 2899 LXXXIV.
2789 2805 2793 2809 ’

294 2928 428 2984 CAP.
454 2927 546 2983 26.
576 2945 628 2983 v.
657 2926 748 2985 36.
791 2927 935 2983 Tunc
975 2928 1105 2983 venit
1148 2944 1265 2982 cum
1311 2928 1384 2983 eis
1430 2927 1583 2983 Jesns
1625 2930 1678 2983 in
1727 2930 1901 2984 villain

368 3036 483 3091 qua
501 3021 686 3074 dicitur
705 3019 1049 3085 Gethsemam',
1076 3028 1121 3074 et
1143 3020 1267 3073 dicit
1285 3019 1549 3090 discipulis
1571 3037 1590 3074 :
1612 3020 1795 3077 Sedete
1813 3023 1894 3077 hic

366 3113 527 3168 donec
549 3112 731 3167 cadam
760 3114 885 3167 illuc
904 3154 919 3177 ,
947 3122 996 3167 et
1033 3128 1191 3168 orem.
1229 3113 1319 3168 37.
1353 3111 1419 3167 Et
1448 3124 1711 3184 assumpto
1743 3112 1895 3169 Petro

364 3216 413 3261 et
442 3206 638 3261 duobus
663 3207 787 3276 [iliis
814 3205 1048 3261 Zcbcdaei
1062 3247 1078 3267 ,
1104 3207 1255 3278 carpit
1292 3207 1582 3262 contristari
1609 3219 1659 3263 et
1687 3218 1895 3263 mestus

363 3317 489 3367 esse,
517 3300 609 3356 58.
636 3309 684 3355 et
708 3300 838 3355 dixit
866 3301 937 3355 eis
964 3314 984 3354 :
1004 3298 1189 3355 Tristis
1210 3309 1285 3355 est
1306 3300 1481 3355 animo
1504 3316 1617 3355 mea
1640 3317 1799 3369 usque
1824 3301 1896 3356 ad

364 3402 595 3449 mortem.
626 3392 832 3447 Manete
859 3392 961 3460 hic,
989 3403 1036 3447 et
1064 3390 1272 3465 vigilate
1296 3408 1511 3448 mecum.

367 3526 418 3582 Ι.
447 3524 582 3593 Quia
613 3524 712 3595 ipsi
739 3539 957 3595 semper
986 3523 1296 3589 hauebant,
1328 3524 1450 3581 ideo
1472 3524 1605 3581 dicit
1637 3542 1651 3581 :
1684 3524 1893 3582 Moneta

285 3618 401 3681 hic,
431 3617 597 3672 donec
625 3616 805 3671 eadem
835 3629 881 3669 et
905 3634 1068 3673 orem.
1100 3616 1317 3674 Solebat
1350 3619 1494 3675 enim
1533 3632 1777 3674 seorsum
1818 3619 1890 3676 ab

287 3710 397 3765 illis
423 3692 601 3765 arare.
635 3695 747 3765 Hoc
773 3719 953 3766 autem
995 3711 1258 3777 faciebat,
1296 3720 1355 3765 Iit
1396 3727 1496 3767 nos
1533 3712 1787 3779 doceret,
1818 3708 1899 3769 ad

285 3801 616 3872 precandum
655 3800 810 3858 nobis
836 3803 1070 3874 quietem
1097 3813 1151 3858 et
1181 3803 1619 3873 tranquillitatem
1662 3806 1883 3860 multam

281 3908 410 3949 esse
449 3893 763 3964 parandam.
806 3894 875 3950 Et
904 3897 1099 3965 accipit
1139 3905 1250 3953 tres
1287 3898 1617 3968 discipulos,
1647 3898 1887 3969 dicitque

284 3988 393 4043 illis
418 4005 432 4041 :
462 3987 642 4044 Tristis
666 3999 741 4045 est
767 3991 939 4050 anima
963 4008 1072 4046 mea
1096 4008 1255 4063 usque
1279 3994 1349 4047 ad
1377 4003 1611 4050 mortem.
1640 3994 1750 4049 Cur
1775 4011 1881 4050 non

281 4095 474 4135 omnes
497 4095 679 4135 secum
708 4081 971 4138 adduxit?
1000 4082 1077 4139 Ne
1108 4082 1477 4141 conciderent.
1505 4086 1609 4141 Sed
1640 4090 1737 4142 hos
1765 4096 1884 4142 tau-

282 4181 396 4227 tum
423 4173 655 4239 admisit,
686 4175 776 4245 qui
806 4175 989 4245 gloria:
1016 4193 1127 4231 sum
1161 4188 1492 4247 specuitores
1522 4179 1752 4235 fuerant.
1788 4182 1883 4234 At-

282 4276 462 4321 tamen
490 4266 589 4324 hos
614 4268 773 4322 etiam
816 4269 1087 4340 relinquit.
1122 4270 1190 4325 Et
1228 4271 1498 4338 paululum
1542 4271 1875 4340 procedens,

278 4366 404 4412 orat
429 4357 615 4414 dicens
642 4378 655 4414 :
685 4359 776 4416 59.
806 4359 988 4425 Pater,
1019 4361 1065 4416 si
1092 4361 1328 4431 possibile
1356 4374 1458 4426 est,
1487 4373 1711 4418 transeat
1737 4381 1770 4417 ιι
1800 4382 1879 4419 me

276 4449 417 4504 calix
440 4452 551 4506 istc.
591 4450 938 4507 Verumtamen
969 4470 1069 4508 non
1095 4455 1224 4509 sicut
1250 4472 1342 4528 rgo
1369 4458 1501 4520 vola,
1528 4457 1620 4511 sed
1642 4458 1771 4511 sicut
1799 4468 1874 4513 tu.

209 4590 239 4598 ,λ
276 4543 471 4601 40..1ἰι
496 4546 625 4605 reicit
650 4546 720 4600 ad
745 4562 830 4601 eos
850 4589 865 4608 ,
894 4558 939 4605 et
964 4548 1159 4605 inuenit
1191 4566 1274 4606 eos
1312 4550 1614 4611 dormientes
1633 4590 1649 4615 ο
1677 4562 1725 4612 ct
1753 4552 1880 4613 dicit,
1922 4607 1931 4615 ,

279 4634 438 4691 l’ctro
462 4652 480 4690 :
501 4637 587 4689 Ita
606 4642 719 4691 ’nou
751 4640 985 4707 potuistis
1011 4657 1112 4695 una
1135 4642 1261 4695 liora
1287 4642 1499 4711 vigilare
1519 4646 1755 4698 mecum?
1776 4647 1837 4701 M
1855 4688 1869 4702 .

287 4728 504 4799 Vigilate
526 4738 571 4782 ct
598 4739 758 4793 orate,
781 4741 837 4783 ut
859 4748 960 4784 non
980 4732 1175 4787 intmtis
1196 4735 1247 4786 in
1275 4735 1615 4787 (curationem.
1645 4735 1872 4806 Spiritus

270 4820 475 4891 quidem
504 4830 769 4891 promptus
797 4830 889 4885 est,
917 4838 1035 4877 caro
1068 4832 1234 4877 autem
1272 4824 1494 4892 inﬁrma.
1525 4824 1642 4880 Non
1675 4826 1868 4881 frustm

272 4912 490 4967 Petrum
536 4914 766 4967 maxime
804 4914 1124 4984 alloquitur,
1152 4916 1276 4973 licet
1302 4918 1390 4972 alii
1418 4934 1633 4990 quoque
1657 4918 1863 4976 dormio

271 5012 435 5068 rent;
478 5003 571 5058 sed
612 5016 669 5057 ut
710 5006 1031 5076 perstringat
1072 5006 1220 5061 illum
1254 5008 1326 5065 oh
1363 5025 1579 5067 causam
1620 5013 1870 5082 superius

268 5094 489 5149 dictam.
540 5094 742 5151 Deinde
787 5097 909 5167 quia
954 5097 1043 5151 alii
1086 5092 1300 5168 quoque
1345 5101 1573 5171 idipsnm
1620 5102 1864 5159 dixerant

272 5188 417 5258 (cum
444 5187 585 5241 enim
615 5188 802 5243 Petrus
824 5189 1067 5249 dixisset.
1097 5189 1312 5245 Etiamsi
1333 5195 1609 5261 aportnsrit
1634 5212 1713 5249 me
1738 5198 1868 5248 mori

269 5290 431 5331 tecum
456 5321 470 5344 ,
499 5296 597 5333 non
625 5290 673 5332 te
700 5282 892 5352 negabo
918 5298 937 5335 :
961 5281 1226 5349 similiter,
1256 5285 1461 5353 inquit,
1500 5296 1547 5339 et
1585 5303 1756 5340 omnes
1785 5288 1865 5341 di-

265 5372 449 5441 scipuli
485 5371 797 5439 dixerunt),
833 5372 1045 5429 illorum
1088 5374 1452 5430 inﬁrmitatem
1500 5378 1860 5448 redargneus,

267 5466 413 5533 ipsos
440 5479 630 5520 omnes
655 5465 963 5534 alloquitur.
994 5466 1126 5520 Nam
1157 5467 1247 5537 qui
1284 5469 1420 5523 mori
1448 5486 1567 5524 cum
1597 5470 1691 5525 illo
1716 5471 1865 5525 vole-

266 5557 394 5611 bant
414 5598 429 5622 ,
462 5558 661 5613 dolenti
691 5561 977 5614 comlolerc
1006 5578 1110 5614 non
1143 5572 1388 5630 poterant
1418 5564 1700 5633 vigilantes
1724 5607 1737 5630 ,
1766 5566 1860 5621 sed

267 5656 294 5692 τι
337 5644 673 5693 sonitiovuzti
702 5656 849 5695 sunt.
881 5644 997 5712 Ipsi:
1029 5662 1157 5696 vero
1180 5648 1443 5701 intentius
1482 5660 1603 5702 orat
1625 5668 1691 5705 ne
1718 5654 1866 5707 vide-

272 5741 421 5786 retur
484 5750 572 5786 res
600 5734 692 5787 illa
726 5751 848 5789 esse
882 5736 1164 5792 simulatio
1193 5755 1207 5805 ;
1244 5742 1435 5793 eadem
1478 5742 1545 5796 de
1577 5758 1743 5798 causa
1772 5762 1867 5799 su-

270 5823 367 5877 dor
436 5826 665 5889 decidit,
722 5835 777 5881 et
842 5844 909 5883 ne
951 5829 1195 5886 dicerent
1240 5832 1502 5901 haeretici,
1554 5835 1733 5907 ipsum
1768 5839 1835 5894 tri

2010 2933 2210 2990 stitiam
2253 2937 2558 3003 simulasse;
2586 2946 2819 3021 ideoque
2837 2951 3245 3015 sudorcserant
3265 2961 3405 3018 sicut
3446 2979 3615 3037 guttai

2003 3028 2299 3099 sanguinis,
2326 3043 2381 3088 et
2402 3038 2625 3107 augt-lus
2656 3038 2827 3109 ipsum
2854 3046 3165 3107 confortans
3189 3028 3612 3126 apparuitrsex-

2000 3132 2267 3192 centaque
2299 3124 2448 3182 fuere
2488 3129 2695 3187 timoris
2732 3134 2882 3205 signa
2906 3177 2920 3201 ,
2955 3155 3023 3195 ne
3063 3144 3185 3213 quis
3214 3124 3455 3217 diceret,
3487 3153 3614 3210 ficta

1997 3228 2121 3270 esse
2152 3216 2335 3272 verba.
2370 3218 2482 3275 liae
2506 3221 2667 3279 etiam
2697 3224 2767 3280 de
2792 3244 2963 3287 causa
2986 3243 3124 3289 orat.
3161 3237 3296 3293 (iuni
3328 3258 3458 3313 ergo
3485 3247 3561 3301 ait
3590 3268 3604 3304 :

1998 3303 2063 3360 Si
2101 3307 2341 3376 possibile
2365 3320 2460 3377 est,
2488 3320 2733 3384 transeat,
2762 3317 3148 3382 humanitatem
3180 3303 3451 3396 osteudii;
3482 3353 3605 3392 eum

1995 3406 2175 3454 autem
2201 3400 2354 3466 dicit,
2400 3402 2755 3463 Verumtamen
2784 3428 2886 3466 non
2915 3415 3044 3470 sicut
3074 3434 3166 3490 ego
3194 3422 3326 3487 colo,
3355 3427 3447 3480 sed
3474 3430 3608 3485 sicut

1996 3500 2081 3558 tu,
2113 3492 2363 3551 virtutem
2404 3496 2907 3575 philosophiamque
2936 3508 3156 3567 exhibet
3181 3514 3195 3545 ¹
3217 3556 3231 3579 ,
3274 3528 3565 3590 monetque
3587 3568 3602 3590 ,

1994 3587 2262 3644 renitente
2282 3606 2497 3661 quoque
2517 3604 2730 3661 natura,
2754 3598 2921 3654 Deum
2943 3616 3064 3659 esse
3086 3611 3443 3677 sequendum.
3467 3587 3600 3680 Quid

1993 3693 2122 3732 vero
2143 3694 2248 3736 non
2270 3691 2354 3737 sat
2375 3690 2495 3738 erat
2512 3686 2690 3741 stultis
2710 3689 2882 3745 solam
2907 3698 3184 3752 llttDI‘CilllS
3206 3700 3392 3755 faciem
3418 3716 3574 3762 osteu
3588 3738 3602 3747 -

1990 3770 2141 3840 dere,
2170 3774 2332 3830 verba
2360 3776 2525 3855 addit.
2556 3778 2760 3837 Rursus
2790 3784 2948 3838 verba
2981 3802 3086 3842 non
3119 3790 3480 3865 sufﬁciebant,
3503 3802 3598 3854 scd

1991 3878 2078 3918 res
2108 3864 2236 3933 ipsa:
2266 3865 2748 3941 desiderabantur,
2782 3873 2899 3932 hare
2938 3880 3099 3935 etiam
3145 3884 3321 3940 verbis
3357 3888 3598 3957 addidit,

1988 4048 2162 4116 ipsum
2188 4060 2239 4105 et
2274 4052 2545 4108 hominem
2588 4056 2785 4113 factum
2820 4069 2875 4116 et
2909 4075 3182 4121 mortuum
3213 4084 3353 4125 esse.
3383 4072 3516 4129 Nam

1986 4154 2107 4192 cum
2139 4140 2256 4197 ha-c
2284 4145 2461 4199 omnia
2492 4146 2642 4217 signa
2674 4148 2897 4220 fuerint,
2929 4170 3036 4210 non
3067 4157 3263 4215 desunt
3293 4171 3469 4220 tamen
3502 4173 3591 4235 qui

1986 4228 2087 4283 hoc
2117 4247 2223 4286 non
2253 4234 2508 4303 credant,
2543 4240 2710 4295 multo
2741 4244 2912 4314 magis
2950 4246 2997 4301 si
3040 4246 3156 4304 huic
3193 4267 3300 4308 non
3342 4228 3588 4312 fuissent.

1986 4320 2173 4379 Videu‘
2215 4340 2315 4396 per
2356 4338 2553 4399 quanta
2604 4337 2921 4392 oeconomiae
2970 4340 3250 4398 veritatem
3298 4349 3593 4406 ostendat?

1982 4413 2087 4469 Per
2116 4419 2312 4483 verba,
2348 4436 2443 4491 per
2468 4438 2528 4477 ea
2556 4441 2676 4493 qua:
2707 4428 2927 4497 patitur.
2967 4430 3173 4489 Deinde
3213 4439 3436 4495 veniens
3460 4442 3590 4500 dicit

1982 4507 2141 4563 l'etro
2169 4526 2183 4566 :
2217 4510 2307 4566 Sic
2336 4530 2435 4567 non
2461 4517 2671 4585 potuisti
2696 4535 2800 4573 una
2819 4521 2948 4575 liora
2969 4523 3179 4593 τίσειαν-ε
3204 4545 3398 4585 mecum
3414 4534 3440 4586 .9
3459 4534 3589 4590 Oui—

1980 4606 2076 4654 Iies
2106 4602 2465 4673 dormiebant,
2496 4619 2550 4661 et
2574 4609 2796 4665 Petrum
2834 4611 3095 4686 increpat,
3129 4614 3462 4680 subobscure
3483 4620 3581 4681 ἰοο-

1978 4708 2208 4763 arguens
2238 4713 2360 4751 eum
2388 4697 2457 4754 de
2486 4700 2548 4755 iis
2575 4717 2694 4772 qum
2722 4705 2952 4761 dixerat.
2986 4708 3116 4765 illud
3149 4728 3277 4769 vero
3296 4756 3311 4781 ,
3344 4715 3547 4773 Mecum
3570 4766 3583 4785 ,

1978 4800 2084 4839 non
2126 4788 2244 4843 sine
2282 4804 2443 4845 causa
2487 4795 2735 4862 punitur,
2769 4799 2864 4854 sed
2893 4816 2958 4856 ac
2989 4803 3035 4858 si
3065 4804 3275 4862 diceret
3302 4826 3319 4865 :
3352 4810 3585 4881 Vigilare

1977 4895 2083 4934 non
2112 4883 2328 4949 potuisti
2358 4902 2589 4953 mecum,
2621 4900 2677 4944 et
2702 4907 2799 4961 pro
2824 4910 2910 4950 me
2935 4897 3170 4955 animum
3200 4911 3342 4958 luant
3374 4914 3586 4976 pones?

1974 4973 2129 5063 Quod
2173 4991 2302 5030 vero
2340 4981 2618 5049 sequitur,
2652 4983 2886 5054 idipsum
2925 4989 3230 5049 subiudicat
3258 5013 3271 5049 :
3301 4973 3424 5053 nam
3464 5002 3539 5055 ait
3566 5044 3579 5063 ,

1985 5061 2239 5134 Vigilatc,
2261 5078 2308 5121 ct
2336 5080 2507 5135 orate,
2538 5083 2591 5125 ut
2622 5092 2684 5129 ne
2711 5076 2909 5134 intretis
2945 5080 2998 5135 in
3038 5088 3383 5143 tcutationcm.
3422 5061 3579 5145 Vides

1971 5159 2244 5225 quomodo
2269 5176 2480 5215 rursum
2508 5181 2604 5220 eos
2630 5167 2889 5236 instituat,
2922 5190 2989 5228 Iic
3016 5176 3067 5231 in
3094 5183 3454 5248 arrogantiam
3484 5185 3572 5239 de-

1970 5250 2193 5315 clinent,
2224 5252 2317 5307 sed
2355 5255 2589 5309 animum
2627 5270 2929 5330 conterunt,
2965 5264 3303 5339 liuuiiIeSque
3332 5272 3459 5335 sint,
3492 5286 3573 5326 to-

1972 5355 2192 5415 tumque
2239 5347 2349 5402 Deo
2396 5348 2751 5407 adserihant?
2796 5356 2862 5411 Et
2910 5375 3051 5414 nunc
3097 5363 3311 5431 quidem
3362 5366 3575 5422 l'etriuu

1969 5437 2276 5508 alloquitur,
2308 5454 2450 5495 nunc
2475 5444 2634 5498 simul
2664 5464 2875 5503 omnes.
2908 5453 3079 5522 Atque
3112 5456 3185 5508 illi
3218 5458 3430 5525 quidem
3461 5465 3572 5515 ait:

1971 5528 2172 5593 Simon,
2208 5531 2411 5596 Simon,
2444 5539 2677 5605 expetivit
2709 5555 2793 5591 ros
2819 5554 3055 5609 satanas,
3090 5556 3145 5599 ut
3174 5549 3419 5606 cribraret
3442 5554 3575 5607 sicut

1969 5622 2231 5678 triticum:
2251 5634 2300 5680 et
2327 5644 2418 5696 ego
2456 5643 2659 5699 propter
2684 5646 2731 5689 te
2758 5640 2897 5691 oravi
2924 5639 3083 5710 (Luc.
3120 5644 3209 5697 ἓξ),
3242 5646 3299 5699 51
3323 5645 3378 5717 );
3413 5648 3570 5704 simul

1964 5731 2096 5773 VCI‘O
2124 5721 2381 5778 omnibus
2421 5742 2437 5780 :
2480 5728 2661 5799 Uralc,
2706 5732 2880 5805 inquit
2908 5780 2922 5802 ,
2969 5756 3030 5793 ne
3066 5742 3277 5798 intrctis
3312 5746 3367 5797 in,
3397 5756 3575 5801 (cuto.-

2029 5834 2043 5866 ι
2083 5834 2252 5898 Aliqui
2286 5838 2487 5906 legunt,
2522 5848 2678 5904 (locet.
