4172 6498
644 387 744 443 τΠ

641 502 832 553 tionem
863 501 878 530 ¹
906 518 918 552 ;
950 498 1141 567 ubique
1168 496 1523 567 arrogantiam
1551 496 1757 551 illorum
1788 493 2001 564 frangit,
2026 506 2089 547 se
2113 489 2221 545 sol-

642 593 815 645 licitos
842 590 1029 645 reddit.
1060 588 1258 643 Deinde
1285 605 1351 643 ne
1378 590 1644 645 videretur
1668 590 1840 643 aet-iur
1864 603 2003 651 esse,
2032 585 2175 639 addit
2203 603 2217 637 :

640 682 864 751 Spiritus
886 680 1083 749 quidem
1109 665 1373 751 promptus
1395 691 1489 741 est,
1515 696 1632 732 caro
1654 689 1817 731 autent
1842 678 2063 743 inﬁrma.
2088 675 2218 729 Nam

639 773 807 835 siris,
838 773 1021 841 inquit,
1057 780 1280 827 mortem
1320 781 1685 833 contemnere,
1728 788 1831 825 non
1874 771 2090 840 poteris,
2117 768 2219 821 do-

639 878 738 918 nec
767 863 907 918 Deus
939 878 1151 917 manum
1182 864 1517 932 porrexerit:
1544 877 1670 917 caro
1697 863 1838 917 enim
1867 862 2099 915 animum
2125 859 2221 915 dc-

639 952 836 1021 pritnit.
882 953 1189 1023 Rursusque
1228 953 1330 1008 hoc
1370 955 1539 1022 ipsum
1571 953 1958 1013 subiudiearit.
1991 952 2173 1006 dicens
2202 970 2214 1005 :

636 1044 723 1098 η.
758 1042 914 1097 Pater
932 1085 947 1110 ,
974 1045 1018 1099 si
1044 1061 1143 1098 non
1170 1053 1331 1115 potest
1358 1045 1440 1097 hic
1474 1043 1612 1097 calt:
1648 1044 1862 1097 transire
1880 1084 1893 1106 ,
1931 1043 2030 1096 nisi
2056 1041 2218 1094 bibam

635 1135 803 1198 illum,
828 1138 920 1202 ﬁat
949 1137 1177 1190 uoluntas
1206 1145 1294 1189 tua
1320 1152 1339 1191 :
1370 1136 1455 1190 hic
1482 1134 1770 1191 ostendens
1796 1151 1856 1189 se
1880 1150 2000 1189 cum
2026 1134 2187 1188 volun
2205 1160 2216 1172 -

638 1238 745 1283 tate
776 1227 867 1282 lIei
897 1227 1179 1281 admodum
1210 1242 1542 1291 consonare,
1575 1236 1629 1280 et
1656 1226 1850 1296 ubique
1891 1225 2036 1279 illum
2067 1224 2216 1293 sequi

634 1329 913 1390 oportere,
948 1318 1176 1387 illudque
1214 1318 1507 1391 requirere.
1552 1317 1640 1372 45.
1680 1315 1743 1369 Et
1776 1316 2007 1377 uctiicns,
2034 1315 2219 1367 inreuit

634 1424 718 1461 eos
739 1408 1059 1461 dormientes.
1078 1408 1207 1462 Nam
1234 1416 1585 1477 praeterquam
1611 1408 1751 1478 quod
1779 1408 2090 1475 intempesta
2115 1419 2216 1459 nos

636 1508 786 1565 erat,
815 1498 954 1552 oeuli
981 1513 1163 1552 eorum
1205 1513 1315 1568 prae
1348 1512 1581 1553 mmrore
1608 1498 1807 1568 gravati
1835 1507 2009 1552 erant.
2040 1495 2221 1550 Tertio

636 1604 848 1659 quoque
876 1589 1058 1643 abiens
1085 1588 1185 1642 hoc
1213 1588 1383 1658 ipsum
1408 1589 1654 1658 loquutus
1682 1598 1785 1650 est.
1815 1587 2140 1643 confirmans
2161 1601 2221 1640 se

638 1684 907 1736 Immineat
940 1680 1134 1737 factum
1163 1696 1298 1736 esse.
1325 1680 1458 1737 Nam
1486 1680 1614 1735 illud
1642 1680 1876 1736 secundo
1901 1691 1957 1735 et
1982 1679 2142 1735 tertio
2168 1680 2218 1732 in

634 1775 923 1845 Scripturis
953 1775 1191 1845 veritatis
1213 1783 1296 1843 est
1321 1782 1525 1829 certum
1555 1772 1805 1827 iudicium
1839 1789 1854 1827 :
1884 1769 2023 1827 sicut
2050 1779 2107 1825 et
2131 1770 2221 1825 Jo-

633 1844 766 1935 sepli
801 1864 1063 1921 Pharaoni
1091 1844 1266 1919 dixit:
1296 1862 1405 1918 Tibi
1442 1864 1678 1941 apparuit
1714 1869 1966 1917 somnium
2002 1861 2224 1915 secundo

639 1956 791 2028 (Gai.
820 1956 910 2011 4t.
937 1957 1053 2024 52),
1084 1970 1181 2026 pro
1210 1956 1454 2017 veritate,
1481 1963 1536 2009 et
1566 1955 1665 2009 lioc
1691 1953 1883 2008 factum
1908 1962 1991 2009 est
2022 1962 2078 2006 ut
2102 1967 2221 2007 ere-

635 2050 734 2104 das
757 2048 806 2101 id
834 2048 1051 2103 omnino
1082 2046 1314 2101 futurum
1342 2060 1482 2100 esse.
1512 2044 1636 2099 Ideo
1664 2045 1777 2113 ipse
1802 2053 1857 2098 et
1882 2045 2048 2099 semel
2070 2052 2125 2097 et
2145 2044 2224 2097 bis

636 2149 693 2195 et
735 2139 889 2193 tertio
928 2139 1155 2207 idipsum
1195 2136 1443 2207 loquutus
1477 2146 1591 2201 est,
1626 2145 1683 2190 ut
1712 2137 2028 2190 (economia:
2068 2134 2222 2188 tidem

641 2232 857 2285 laceret.
891 2227 957 2283 Et
982 2244 1079 2283 cur
1118 2226 1355 2283 secundo
1391 2226 1576 2281 venit?
1602 2224 1670 2281 Ut
1702 2225 1821 2280 illos
1850 2225 2222 2296 redargueret,

639 2321 764 2389 quia
796 2323 865 2375 ita
896 2334 1130 2375 mmrore
1157 2318 1332 2373 obruti
1360 2328 1532 2379 erant,
1567 2326 1716 2371 utne
1747 2317 2079 2385 praesentiam
2106 2317 2226 2386 qui-

641 2415 766 2470 dem
794 2414 911 2484 ejus
939 2414 1217 2469 sentirent.
1252 2412 1361 2467 Nec
1387 2420 1562 2465 tamen
1594 2410 1885 2480 redarguit,
1916 2410 2009 2464 sed
2045 2412 2227 2480 paulu-

644 2506 748 2559 lum
777 2504 1018 2566 recessit,
1046 2502 1408 2558 incredibilem
1438 2516 1623 2556 eorum
1666 2501 2031 2555 inlirmitatem
2061 2502 2227 2571 signi-

644 2596 843 2662 ﬁcans,
868 2596 956 2666 qui
998 2610 1065 2650 ne
1108 2594 1361 2664 iucrepati
1403 2592 1615 2665 quidem
1658 2594 1953 2662 potuissent
1994 2594 2229 2665 vigilare.

645 2687 759 2742 Non
786 2684 1143 2756 expergefacit
1164 2694 1342 2739 autent
1371 2698 1469 2738 nec
1501 2684 1737 2753 increpat
1764 2683 1993 2753 amplius
2010 2725 2026 2749 ,
2056 2699 2123 2738 ne
2146 2694 2228 2737 at-

646 2778 843 2833 tonitos
862 2776 1039 2846 magis
1069 2774 1403 2845 percellerel,
1428 2773 1520 2829 sed
1546 2790 1668 2829 eum
1694 2774 1929 2837 abiisset,
1954 2783 2161 2828 orasset
2177 2785 2231 2827 et

647 2870 928 2934 rediisset,
966 2869 1039 2922 ait
1071 2884 1085 2920 :
1114 2867 1205 2921 b5.
1251 2865 1476 2941 meu'te
1507 2867 1621 2935 jam
1648 2875 1693 2919 et
1722 2866 2026 2933 requiescite.
2070 2865 2227 2935 Atqui

647 2973 773 3016 tunc
796 2960 1014 3030 vigilare
1043 2972 1176 3027 opus
1215 2966 1327 3012 erat
1351 2973 1368 3022 ς
1396 2955 1489 3010 sed
1529 2955 1760 3010 ostendit
1804 2956 1949 3024 ipsos
1991 2970 2058 3009 ne
2097 2969 2229 3008 cou-

644 3060 882 3123 spectum
905 3048 1119 3120 quidem
1142 3048 1401 3102 malorum
1428 3047 1582 3102 facile
1607 3047 1828 3111 laturos,
1856 3046 1948 3100 sed
1976 3045 2231 3116 fugandos

644 3160 767 3200 esse
789 3158 897 3213 pra:
925 3152 1131 3196 terrore
1150 3181 1165 3205 ,
1200 3155 1371 3210 neque
1401 3154 1460 3194 se
1491 3140 1702 3193 illorunt
1733 3155 1891 3209 egere
1912 3140 2113 3194 auxilio
2134 3182 2148 3203 ,
2179 3150 2233 3195 et

650 3236 785 3292 tradi
812 3251 870 3290 se
900 3234 1119 3289 «unuino
1147 3244 1415 3302 oportere,
1448 3232 1627 3302 aitque
1657 3249 1669 3285 :
1702 3231 1929 3286 Dormite
1946 3235 2059 3301 jam
2084 3242 2130 3286 et
2156 3249 2235 3286 re-

647 3327 898 3395 quiescite.
945 3324 1076 3379 Ecce
1098 3323 1519 3393 appmpinquavit
1557 3324 1703 3388 liora,
1733 3333 1780 3378 et
1814 3322 1859 3377 F
1860 3322 1980 3377 ilius
2018 3324 2237 3379 hominis

649 3417 872 3470 tradetur
898 3416 951 3468 iu
979 3430 1159 3468 manus
1188 3423 1523 3481 peccatorum.
1565 3412 1810 3468 Ostendit
1848 3430 2055 3468 rursum
2084 3430 2234 3469 (nco-

650 3509 842 3564 nomia‘.
874 3508 1037 3560 fuisse
1068 3504 1218 3559 illud.

720 3601 774 3654 2.
803 3598 1033 3654 Christus
1063 3612 1219 3663 neque
1248 3606 1449 3664 peccato
1471 3596 1735 3660 obnoxius,
1766 3612 1922 3665 neque
1950 3599 2238 3651 necessitate

651 3700 872 3753 coactus,
898 3688 987 3741 sed
1010 3696 1187 3756 sponte
1208 3701 1299 3738 sua
1320 3686 1605 3756 passionem
1629 3686 1798 3739 subiit.
1827 3685 2110 3741 Proditoris
2131 3705 2213 3740 site

653 3784 844 3836 Icratus
886 3779 1105 3831 animus.
1152 3776 1376 3852 Avaritia
1419 3775 1761 3846 redarguitur.
1797 3808 1864 3841 _——
1895 3777 2076 3847 Neque
2116 3777 2237 3833 hinc

656 3873 826 3925 Sttitllll
849 3912 865 3928 .
899 3874 989 3923 sed
1017 3868 1177 3921 etiam
1205 3866 1343 3936 quod
1384 3866 1552 3929 dicat,
1579 3865 1641 3919 In
1677 3883 1856 3921 manus
1885 3879 2200 3938 peccatorum
2221 3912 2232 3926 ,

658 3965 869 4018 illorum
892 3961 1046 4031 erigit
1068 3959 1295 4025 animos,
1320 3958 1605 4013 ostendens
1634 3960 1840 4014 illorum
1870 3962 2113 4029 nequitia.
2140 3962 2239 4016 hoc

660 4069 792 4122 opus
830 4068 949 4107 esse
972 4092 988 4116 ,
1021 4066 1125 4104 non
1159 4066 1286 4103 vero
1323 4050 1461 4119 quod
1504 4050 1615 4119 ipse
1648 4061 1865 4119 peccato
1895 4063 2037 4106 esset
2067 4052 2239 4105 obuo-

659 4148 797 4201 xitts.
829 4145 918 4199 Mi.
948 4141 1172 4211 Surgite,
1198 4157 1369 4194 eamus
1398 4142 1511 4194 hinc
1535 4156 1552 4203 ;
1578 4158 1687 4194 ecce
1712 4143 2130 4211 appropinquavit
2157 4147 2240 4211 qui

662 4253 741 4289 me
766 4234 942 4287 tradet.
974 4232 1065 4285 llis
1093 4230 1341 4285 omnibus
1371 4231 1489 4283 illos
1516 4231 1712 4294 erudit,
1745 4246 1848 4284 non
1886 4234 2238 4297 necessitatis,

666 4342 839 4397 neque
884 4322 1206 4378 inﬁrmitatis
1227 4364 1241 4387 ,
1272 4321 1363 4376 svd
1404 4322 1718 4375 inconomiae
1748 4320 2022 4391 cujusdam
2056 4308 2247 4377 iueﬂai

666 4421 785 4473 bilis
817 4433 927 4471 rem
958 4432 1076 4469 esse
1105 4433 1117 4467 :
1149 4415 1458 4483 praeseiebat
1482 4414 1625 4467 enim
1642 4426 1932 4471 venturum
1947 4432 2068 4472 esse
2088 4418 2243 4479 ’,nec

663 4513 833 4566 solum
864 4525 965 4563 non
998 4508 1147 4576 fugit,
1176 4506 1266 4559 sed
1298 4506 1503 4557 obviam
1540 4504 1655 4557 irit.
1685 4505 1773 4559 47.
1807 4503 1986 4557 Adhuc
2013 4504 2155 4559 enim
2186 4523 2243 4559 eo

663 4608 891 4675 loquente
911 4644 926 4665 ,
968 4616 1079 4653 cccc
1106 4597 1274 4651 Judas
1305 4616 1431 4650 unus
1469 4615 1527 4651 ρετ
1568 4598 1830 4649 duodecim
1860 4598 1990 4651 venit
2011 4640 2022 4658 ,
2051 4607 2096 4650 et
2129 4614 2242 4651 cum

662 4697 772 4766 ipso
803 4694 947 4747 turba
976 4694 1151 4754 multa,
1182 4707 1295 4742 cum
1330 4691 1513 4759 gladiis
1542 4699 1584 4741 ct
1613 4689 1847 4757 fustibus,
1879 4689 2017 4743 missi
2044 4706 2076 4741 a
2104 4691 2246 4760 prin-

664 4788 858 4857 cipibus
884 4786 1199 4839 sacerdotum
1236 4792 1281 4835 et
1310 4782 1587 4834 sanioribus
1620 4782 1811 4849 pepuli.
1847 4780 2066 4834 Pulchra
2098 4792 2243 4834 certe

666 4878 1001 4935 sacerdotum
1025 4877 1394 4937 instrumenta,
1414 4890 1535 4927 cum
1558 4873 1744 4942 gladiis
1766 4882 1817 4926 et
1839 4873 1993 4941 lignis
2016 4874 2239 4925 irruttnt.

670 4972 734 5026 Iit
761 4969 946 5033 ludas,
979 4966 1165 5034 inquit,
1193 4979 1310 5017 cum
1334 4965 1432 5026 eis,
1463 4980 1595 5015 IIIIUS
1621 4980 1683 5015 ex
1710 4962 2010 5017 duodecim.
2040 4961 2245 5016 Rursus

666 5064 813 5116 illum
846 5073 1007 5113 unum
1036 5068 1103 5110 ex
1129 5054 1403 5108 duodecim
1439 5054 1565 5107 dicit
1588 5095 1603 5113 ,
1636 5070 1804 5121 nequc
1838 5053 2123 5107 erubescit.
2154 5054 2243 5107 48.

670 5158 764 5221 Qui
804 5165 971 5206 autem
1019 5150 1242 5203 tradebat
1290 5164 1434 5211 eum,
1478 5146 1613 5197 dedit
1652 5148 1721 5198 eis
1756 5147 1988 5215 signum,
2029 5147 2243 5200 dicens.“

671 5254 1043 5313 Quemcumque
1088 5239 1341 5295 osculatus
1384 5243 1557 5309 fuero,
1611 5240 1716 5304 ipse
1759 5249 1866 5305 est,
1913 5251 2071 5292 tenete
2114 5258 2246 5295 eum.

673 5343 826 5405 I'upgc
852 5380 867 5402 ,
898 5346 1152 5407 quantum
1195 5334 1368 5388 scelus
1409 5330 1692 5401 proditoris
1731 5332 1940 5383 animus
1978 5331 2249 5398 suscepit?

672 5431 864 5502 quibus
889 5429 1056 5482 oculis
1087 5437 1211 5479 tunc
1236 5424 1540 5493 Magistrum
1573 5422 1814 5491 aspexit?
1840 5438 1946 5491 quo
1978 5438 2068 5474 ore
2100 5437 2249 5474 oscu-

674 5526 809 5578 latas
834 5522 959 5575 εκιῖ
994 5524 1035 5572 υ
1072 5518 1381 5572 sceleratam
1422 5516 1693 5569 mentem!
1732 5514 1853 5582 quid
1893 5514 2246 5566 deliberavit?

738 5626 753 5651 ι
789 5622 935 5667 Juxta
987 5633 1135 5664 unum
1175 5618 1391 5664 codicem
1446 5617 1708 5677 legendum
1762 5622 1914 5677 esset,
1949 5614 2096 5677 simul
2139 5628 2254 5667 vero

674 5682 891 5731 omnibus
926 5682 1169 5732 orandum
1199 5692 1300 5728 esse
1332 5677 1450 5728 dicit
1482 5674 1539 5727 tie
1570 5677 1741 5726 intrent
1773 5674 1823 5723 iu
1843 5675 2161 5727 Imitationem.

740 5748 757 5775 ³
792 5748 871 5794 Sic
902 5745 999 5793 duo
1022 5743 1162 5791 codd.
1186 5740 1378 5795 (laeti-ri,
1402 5739 1681 5804 prtesciebat
1715 5738 1839 5788 enim
1860 5747 2093 5804 reuturos
2122 5753 2253 5796 Ca”;

676 5822 785 5866 ιιιικπ
808 5817 952 5855 etiam
978 5807 1122 5854 lectio
1155 5810 1357 5866 quadrat
1396 5802 1451 5851 ad
1479 5804 1678 5861 stiricm,
1713 5816 1821 5850 naut
1855 5803 1932 5849 hic
1967 5805 2025 5848 dir
2050 5802 2168 5849 .loda
2202 5808 2254 5851 et

677 5873 821 5917 suetis
853 5878 1027 5920 aettur.

1338 383 1393 438 S.
1435 384 1709 441 JUANNIS
1745 379 2218 438 οιιιιῖδοδτωιι
2260 377 2571 434 ΑΙὶΕΙΙΙΙ-ᾇρ.
2612 377 3145 434 CONS'I'AN'I'INOP.

3808 380 3905 436 158

2324 491 2450 561 quid
2489 504 2651 544 ausus
2688 489 2806 545 est?
2846 488 2986 561 quod
3032 490 3333 561 symbolum
3374 489 3691 559 proditionis
3722 490 3907 546 dedit!

2328 585 2698 652 Quaneumqne
2740 581 2994 634 osculatus
3038 585 3181 650 [nera
3202 622 3217 646 ,
3266 581 3457 652 inquit.
3501 581 3819 637 Coulidebat
3859 583 3908 633 iu

2329 676 2549 730 leuitate
2578 675 2846 744 magistri:
2870 675 3009 745 quod
3034 676 3264 729 maxime
3290 676 3434 729 illmu
3457 674 3788 730 confundere
3815 676 3910 727 tie-

2328 767 2476 833 buit,
2503 777 2556 822 et
2585 767 2734 821 venia
2772 766 2917 821 omni
2957 770 3203 836 privare,
3242 769 3383 838 quod
3424 777 3531 822 tam
3572 758 3923 823 tuansneimn-

2326 860 2633 929 magistrum
2668 858 2981 929 prodiderit.
3018 858 3121 913 Sed
3152 874 3268 924 cur,
3307 861 3536 929 inquies,
3568 862 3670 913 hoc
3700 861 3907 929 signum

2324 952 2505 1013 dedit?
2525 952 2658 1021 Quia
2694 952 2891 1021 sa'pins
2914 951 2982 1003 ab
3012 951 3116 1005 illis
3143 952 3585 1021 comprehensus.
3615 950 3907 1021 pertrmsio

2326 1046 2433 1112 rit,
2461 1046 2589 1114 ipsis
2615 1044 2992 1100 nescientibus.
3030 1045 3277 1098 Attamen
3317 1051 3441 1099 tunc
3466 1059 3681 1114 quoque
3713 1041 3909 1097 factum

2326 1137 2528 1201 fuisset,
2562 1137 2607 1192 si
2643 1151 2746 1191 non
2780 1136 2893 1206 ipse
2917 1136 3048 1205 capi.
3064 1134 3345 1191 voluisset.
3387 1135 3452 1192 Ut
3486 1135 3589 1191 hoc
3614 1136 3786 1206 ipsum
3814 1134 3911 1190 Ju-

2322 1228 2444 1284 dani
2467 1228 2707 1291 doceret.
2730 1230 2914 1284 oculos
2934 1243 3120 1283 eorum
3150 1229 3435 1283 exctccavit
3460 1244 3475 1290 ;
3506 1229 3724 1297 ipseque
3750 1228 3913 1281 inter-

2327 1322 2576 1391 rogabat,
2611 1320 2771 1387 Qucm
2807 1320 3031 1391 qua'ritis
3061 1319 3241 1390 (Joau.
3279 1320 3364 1375 I8.
3394 1320 3448 1387 ὁ)
3467 1320 3492 1370 τ
3524 1320 3623 1389 Ipsi
3652 1334 3781 1373 vero
3809 1334 3911 1372 nos

2327 1422 2603 1477 noverant,
2631 1413 2875 1483 quamvis
2902 1428 3021 1469 cum
3056 1412 3274 1466 latentis
3298 1422 3353 1466 et
3379 1411 3709 1481 lantpadilms
3734 1420 3913 1464 essent

2314 1506 2619 1577 dudumque
2662 1520 2843 1559 secum
2888 1506 3167 1559 baberent.
3212 1504 3415 1558 Deinde
3451 1504 3571 1570 quia
3617 1501 3867 1556 dixerunt
3896 1544 3909 1561 ,

2323 1600 2520 1663 Jesum,
2548 1600 2621 1652 ait
2651 1600 2739 1653 ille
2767 1618 2780 1651 :
2809 1597 2918 1669 Ego
2939 1599 3115 1651 sumis
3136 1614 3281 1665 quem
3304 1598 3529 1666 queritis
3555 1594 3716 1666 (Ibid.
3749 1610 3793 1646 υ.
3822 1593 3909 1662 ἓ);

2324 1702 2379 1745 et
2403 1707 2606 1755 rursus,
2641 1690 2730 1744 ἑο.
2759 1688 2950 1752 Amice,
2978 1689 3046 1743 ad
3069 1689 3191 1760 quid
3218 1688 3393 1742 venisti
3413 1689 3438 1740 .’
3466 1687 3751 1756 Postquam
3770 1687 3911 1740 enim

2325 1782 2557 1837 ostendit
2601 1782 2890 1851 potentiam
2932 1796 3118 1843 suam,
3153 1790 3262 1833 tum
3302 1778 3515 1833 denmm
3557 1775 3607 1830 id
3654 1776 3851 1846 perutis
3873 1782 3912 1828 t.

2326 1873 2559 1927 Joannes
2588 1888 2716 1926 vero
2744 1871 2819 1925 ait
2842 1872 2882 1935 ¹,
2912 1870 3094 1925 Jesum
3123 1869 3189 1923 ad
3222 1869 3364 1923 illam
3401 1883 3569 1937 usque
3609 1867 3794 1920 horam
3819 1862 3909 1918 Ju-

2327 1964 2448 2019 dam
2471 1963 2757 2019 emendare
2784 1963 3016 2017 voluisse
3041 1960 3273 2017 dicendo
3298 1978 3309 2013 :
3335 1960 3502 2028 Iuda,
3529 1959 3700 2013 osculo
3731 1956 3916 2012 Filium

2329 2057 2549 2110 hominis
2572 2055 2729 2109 tradis
2757 2054 2910 2124 (Luc.
2940 2053 3033 2109 22.
3059 2054 3189 2122 48)ἳ
3215 2051 3324 2108 Nec
3349 2061 3401 2107 te
3433 2051 3594 2120 pudet
3618 2050 3706 2104 tali
3739 2048 3915 2117 prodi-

2331 2147 2489 2201 tionis
2520 2147 2681 2200 modo
2706 2145 2819 2199 uti?
2860 2145 3105 2199 Attamen
3134 2145 3254 2213 quia
3280 2159 3348 2199 ne
3374 2143 3475 2198 hoc
3499 2142 3716 2212 quidem
3746 2141 3915 2209 ipsum

2329 2237 2587 2299 cohibuit,
2616 2237 2854 2291 osculum
2880 2237 2997 2305 ejus
3025 2235 3257 2297 admisit,
3286 2243 3339 2287 et
3358 2236 3591 2302 seipsum
3622 2232 3794 2287 libens
3815 2240 3917 2283 tra-

2330 2328 2487 2384 didit.
2517 2329 2580 2385 Et
2608 2331 2921 2385 immiserunt
2945 2331 2997 2383 in
3019 2329 3164 2383 illum
3190 2345 3390 2391 manus,
3417 2337 3464 2381 et
3493 2322 3762 2380 tenuerunt
3784 2341 3916 2383 eum.

2332 2422 2518 2475 eadem
2568 2421 2691 2488 ipsa
2726 2428 2914 2484 nocte,
2956 2434 3058 2490 qua
3102 2418 3297 2488 pascha
3342 2418 3730 2479 romedebant;
3774 2422 3923 2468 tanto

2334 2523 2488 2567 rrant
2523 2520 2699 2566 lurore
2725 2512 2978 2581 correpti.
3012 2512 3259 2566 Attamen
3288 2510 3420 2564 nihil
3453 2509 3792 2580 potuissent.
3821 2506 3919 2559 nisi

2338 2607 2449 2672 ipse
2477 2604 2525 2658 id
2556 2605 2903 2673 peritiisisset.
2936 2603 3064 2658 Illud
3092 2614 3270 2657 tamen
3296 2602 3486 2657 Judatn
3510 2602 3577 2654 ab
3606 2597 3929 2653 intolerabili

2336 2695 2598 2762 supplicio
2626 2710 2731 2748 non
2761 2693 3042 2759 liberabit,
3073 2694 3167 2748 sed
3199 2694 3385 2763 majori
3424 2693 3713 2747 obnoxium
3752 2685 3930 2743 rctldst

2334 2785 2660 2839 damnationi
2694 2803 2706 2835 :
2738 2784 2879 2854 quod
2913 2799 3033 2839 cum
3075 2794 3275 2839 tantam
3310 2795 3367 2840 et
3405 2785 3657 2855 potentia:
3687 2793 3739 2836 et
3772 2796 3927 2835 man-

2336 2876 2633 2930 suetudinis
2672 2875 3013 2945 lettitatisque
3042 2875 3158 2945 ejus
3184 2874 3699 2932 demonstrationem
3727 2876 3931 2930 habue-

2338 2968 2438 3027 rit.
2469 2964 2578 3020 fera
2606 2966 2800 3020 εωνίοτ
2830 2965 3012 3020 fuerit.
3044 2965 3166 3020 “me
3200 2982 3322 3021 eum
3352 2967 3585 3021 sciamus
3604 3007 3620 3032 ,
3649 2966 3929 3019 avaritiam

2336 3055 2635 3126 fugiamus:
2667 3056 2781 3111 haec
2807 3056 2948 3112 enim
2977 3067 3101 3112 tunc
3126 3057 3297 3123 illum,
3327 3056 3462 3124 bzec,
3495 3057 3731 3128 inquam,
3762 3058 3815 3112 in
3841 3055 3932 3112 fu-

2338 3164 2513 3204 rorem
2538 3149 2767 3218 coniecit
2793 3166 2807 3203 :
2842 3149 2957 3203 bace
2982 3148 3050 3203 ad
3075 3160 3369 3204 extremam
3398 3150 3789 3204 immanitatem
3807 3164 3934 3203 cru-

2337 3239 2717 3307 delitatemque
2756 3240 2903 3294 illum
2943 3240 3276 3296 exercitavit.
3318 3230 3505 3310 Neque
3544 3240 3691 3293 illum
3728 3240 3891 3294 modo
3915 3281 3932 3304 ,

2340 3330 2432 3384 sed
2456 3332 2614 3385 etiam
2639 3346 2829 3385 omnes
2852 3332 2940 3401 qui
2969 3332 3059 3386 tali
3088 3332 3278 3386 morbo
3297 3333 3436 3402 capti
3465 3342 3607 3386 sunt.
3630 3330 3763 3386 Cum
3788 3334 3935 3387 enim

2340 3419 2405 3473 ad
2433 3420 2825 3490 desperandum
2854 3422 2923 3476 de
2948 3423 3121 3477 salute
3150 3422 3385 3487 inducat,
3416 3424 3584 3477 multo
3609 3424 3779 3493 magis
3803 3424 3936 3476 alio-

2344 3527 2459 3565 rum
2488 3512 2713 3567 salutem
2742 3512 3021 3582 despicere
3062 3512 3269 3567 suadet.
3300 3518 3475 3583 Atque
3514 3515 3583 3566 ita
3625 3516 3939 3584 tyrannicus

2344 3614 2425 3657 est
2466 3604 2716 3667 morbus,
2762 3614 2819 3657 ut
2865 3606 3024 3658 etiam
3076 3604 3602 3660 vehementissimam
3646 3620 3937 3674 corporum

2343 3710 2580 3750 amorem
2629 3694 2917 3764 aliquando
2960 3708 3198 3766 superet.
3241 3695 3601 3760 Quamobrem
3647 3695 3938 3751 admodum

2345 3787 2635 3846 erubesco.
2676 3787 2813 3857 quod
2860 3788 3011 3841 multi
3060 3787 3298 3856 pecuniis
3339 3797 3621 3856 parcentes
3661 3789 3938 3843 libidinem

2347 3876 2693 3942 refrenarem,
2724 3879 2813 3948 qni
2842 3887 3062 3947 propter
3086 3877 3180 3931 Dei
3206 3878 3450 3933 timorem
3478 3879 3767 3933 noluerunt
3789 3888 3942 3935 casto

2348 3970 2694 4041 modesteque
2737 3970 2939 4025 virere.
2984 3970 3107 4024 Ideo
3146 3969 3407 4040 fugiamus
3445 3970 3586 4024 illam
3609 4004 3637 4033 ο
3660 3972 3886 4025 obsecro
3922 3991 3935 4024 :

2349 4078 2521 4131 neque
2550 4062 2692 4116 enim
2726 4061 2827 4115 hoc
2852 4061 3061 4115 dicendi
3091 4062 3249 4114 linem
3281 4060 3488 4115 faciant.
3523 4063 3631 4115 (an
3654 4078 3874 4127 aurum,
3905 4080 3943 4118 ο

2351 4154 2530 4219 homo,
2554 4153 2901 4209 accnumlas?
2927 4168 3025 4207 cur
3063 4153 3372 4207 servitutem
3419 4161 3561 4207 tuam
3604 4155 3941 4209 acerbiorem

2351 4244 2565 4299 reddis?
2586 4259 2682 4298 cur
2705 4243 2999 4299 custodiam
3028 4244 3326 4313 graviorem
3349 4283 3366 4308 ,
3394 4258 3491 4298 cur
3517 4245 3938 4299 sollicitudinem

2348 4336 2680 4389 acutiorem?
2708 4334 2834 4389 Puta
2867 4344 2982 4388 tuas
3010 4349 3132 4390 esse
3160 4349 3347 4389 omnes
3376 4335 3490 4388 auri
3523 4351 3706 4397 \‘t‘ttns,
3736 4351 3853 4405 quae
3886 4336 3938 4389 in

2351 4427 2575 4481 metallis
2597 4435 2740 4488 sunt.
2766 4428 3049 4497 omniaque
3076 4426 3161 4479 illa
3185 4440 3302 4494 quae
3330 4430 3379 4478 in
3402 4428 3592 4480 aerario
3613 4427 3783 4495 regio.
3806 4425 3939 4481 Nam

2350 4518 2393 4569 si
2424 4515 2558 4568 hanc
2590 4526 2787 4570 tantam
2818 4515 3015 4569 molem
3040 4515 3154 4568 auri
3199 4514 3458 4575 haberes.
3488 4518 3789 4570 custodires
3821 4528 3935 4568 tan-

2355 4617 2495 4671 tum,
2525 4622 2630 4661 non
2662 4606 2906 4661 utereris.
2939 4607 3148 4661 Etenim
3188 4606 3232 4659 si
3268 4620 3411 4660 nunc
3440 4606 3503 4659 iis
3541 4621 3663 4675 quoe
3700 4608 3942 4676 possides

2353 4712 2458 4753 non
2488 4699 2673 4763 uteris,
2706 4698 2799 4753 sed
2829 4698 2897 4752 ab
2935 4698 2998 4752 iis
3026 4698 3261 4753 abstines
3287 4708 3343 4753 ut
3368 4698 3558 4753 alienis
3585 4716 3600 4755 ι
3628 4701 3793 4754 multo
3824 4718 3940 4754 nia-

2352 4792 2431 4858 gis
2457 4791 2500 4846 si
2536 4792 2685 4863 plura
2715 4791 2939 4846 haberes
2962 4834 2975 4853 .
3009 4792 3235 4860 idipsum
3276 4808 3484 4862 ageres.
3526 4792 3658 4847 Nain
3704 4796 3941 4862 pecunia:

2354 4896 2592 4937 amanzes
2620 4882 2815 4943 Solent.
2840 4898 2944 4953 quo
2971 4885 3090 4952 plus
3115 4885 3229 4937 auri
3258 4885 3553 4952 possident,
3579 4901 3645 4938 r0
3672 4889 3840 4957 magis
3866 4888 3938 4941 illi

2354 4994 2591 5048 parcere.
2623 4976 2727 5031 Sed
2764 4978 2904 5040 scio,
2946 4976 3186 5047 inquies,
3218 4978 3332 5031 haec
3371 4994 3487 5031 mea
3530 4994 3673 5033 esse.
3713 4981 3849 5049 I'Irgo
3891 4982 3939 5033 in

2355 5071 2492 5139 opini
2514 5084 2601 5124 me
2647 5080 2848 5124 tantum
2877 5112 2891 5135 ,
2926 5084 3027 5123 non
3068 5072 3117 5124 in
3159 5087 3255 5125 usu
3293 5072 3560 5140 possessio
3592 5088 3677 5126 tua
3707 5085 3805 5128 est.
3837 5072 3937 5129 Sed

2358 5164 2479 5217 hinc
2522 5162 2855 5223 hominibus,
2886 5161 3513 5230 inquies{formidabilis
3552 5166 3759 5221 futurus
3798 5183 3935 5220 sum.

2358 5256 2465 5309 ittIO
2487 5263 2641 5320 captu
2676 5253 2894 5318 facilior,
2926 5254 3197 5318 divitibus,
3236 5258 3575 5323 pauperibus,
3607 5258 3830 5323 furibus,
3858 5276 3941 5330 sy-

2355 5346 2656 5415 copliautis,
2684 5348 2857 5400 servis
2881 5346 3235 5415 omnibusque
3257 5346 3742 5411 deuittniiusidiari
3767 5353 3940 5407 volen-

2357 5439 2515 5491 tibus.
2560 5436 2692 5490 Nam
2732 5439 2773 5489 si
2817 5438 2894 5491 vis
2936 5454 3056 5490 esse
3096 5438 3443 5493 formidabilis
3467 5481 3483 5505 ,
3520 5442 3751 5509 praecide
3789 5460 3943 5496 ansas

2356 5532 2542 5598 quibus
2589 5539 2807 5597 possant
2848 5539 2899 5583 te
2939 5546 3134 5599 capere
3176 5543 3230 5584 et
3267 5548 3459 5586 vexare
3496 5548 3687 5589 ouiiies
3716 5534 3805 5603 qui
3846 5533 3942 5588 hoc

2358 5624 2524 5678 litSIllII
2561 5624 2734 5675 facere
2764 5623 2943 5674 \‘elinl.
2980 5624 3169 5676 Annon
3199 5623 3389 5680 audisti
3425 5624 3527 5681 hoc
3568 5628 3943 5697 proverbium,

2358 5712 2650 5780 Panperem
2694 5725 2747 5768 et
2789 5716 2987 5768 nudum
3037 5731 3141 5768 nou
3188 5725 3408 5784 possunt
3442 5727 3658 5771 centum
3699 5718 3797 5774 riri
3826 5735 3947 5790 spa-

2395 5856 2407 5881 ‘
2425 5854 2697 5910 ia'gt‘lldum
2716 5852 3481 5918 esset,t.ucasrcrouit;siquidmn
3498 5860 3634 5905 Luca:
3649 5857 3801 5906 verba
3819 5869 3947 5909 sunt.
