4156 6530
219 455 329 506 Ti!)

225 565 401 621 hare?
432 563 671 633 Magnam
699 559 896 629 quippe
923 554 1080 609 habet
1123 563 1398 622 patronam
1430 550 1820 617 paupertatem,

223 671 387 726 quam
416 670 483 709 ne
511 668 606 708 rex
635 652 846 722 quidem
877 649 993 718 ipse
1022 647 1187 714 possit
1219 643 1430 697 vincere
1458 641 1542 694 vel
1571 650 1785 708 capere.

301 748 355 802 5.
401 745 678 799 Avarorum
722 742 905 793 misera
943 737 1186 792 conditio.
1232 765 1303 776 -—
1346 736 1581 787 Avarum
1643 739 1823 783 autem

223 851 420 890 munes
444 835 600 888 simul
631 844 828 885 vexare
871 835 1135 898 possunt;
1190 840 1362 895 neque
1407 823 1658 877 homines
1701 830 1822 874 tan—

227 939 342 980 tum
373 925 516 988 dico,
565 922 664 978 sed
714 932 770 975 et
822 920 979 974 tinea:
1024 926 1080 972 et
1122 931 1354 971 vermes.
1398 913 1600 982 Ecquid
1652 911 1825 966 tineas

224 1017 396 1072 dico?
440 1016 661 1071 Multum
707 1023 919 1083 tempus
956 1010 1153 1075 solum,
1203 1010 1457 1078 nulloque
1508 1004 1698 1059 addito
1745 1003 1827 1056 in-

221 1108 540 1170 commodo,
569 1121 788 1161 avarum
832 1112 1011 1175 potest
1059 1102 1292 1158 maxime
1315 1099 1535 1154 hedere.
1564 1097 1696 1165 Qua:
1721 1096 1822 1166 igi-

223 1214 317 1257 tur
363 1210 450 1257 est
478 1201 785 1256 divitiarum
813 1196 1102 1266 voluptas?
1146 1195 1259 1264 Ego
1307 1191 1582 1248 molestias
1625 1191 1819 1253 video;

223 1305 284 1347 tu
315 1293 444 1348 mihi
478 1292 808 1359 voluptatem
836 1288 985 1342 illam
1012 1284 1242 1355 explica.
1293 1284 1359 1339 Et
1386 1298 1506 1352 qure
1539 1281 1820 1346 molestias,

223 1383 481 1460 inquies?
522 1379 943 1442 Sollicitudines,
988 1376 1218 1437 insidize,
1251 1372 1568 1441 inimicitias,
1599 1371 1781 1426 odium
1804 1412 1819 1435 ,

191 1473 413 1538 ‘timor,
457 1482 656 1526 mterna
697 1471 814 1526 sitis
858 1479 914 1524 et
955 1468 1132 1523 dolor.
1182 1466 1313 1522 Nam
1352 1465 1396 1521 si
1430 1465 1553 1533 quis
1589 1463 1820 1535 puellam

220 1565 642 1633 complectatur,
673 1577 772 1616 nec
802 1559 1292 1628 concupiyrrutiam
1341 1557 1562 1627 explere
1611 1556 1820 1626 possit,

221 1664 476 1708 extremo
513 1653 701 1708 dolore
729 1652 1020 1706 cruciatur.
1071 1651 1162 1706 Sic
1207 1650 1368 1704 etiam
1416 1648 1587 1714 dives,
1641 1664 1820 1703 rerum

222 1746 444 1816 quidem
475 1746 682 1815 copiam
716 1744 898 1811 habet,
928 1743 1181 1813 illamque
1208 1742 1584 1813 complectitur
1622 1757 1637 1795 :
1667 1742 1822 1810 cupi-

221 1838 454 1892 ditatem
483 1851 610 1889 vero
638 1850 792 1890 suam
813 1849 1029 1889 omnem
1061 1833 1279 1903 explere
1305 1833 1522 1903 nequit;
1555 1835 1649 1888 sed
1683 1832 1824 1887 idem

223 1927 513 1997 euntingit,
558 1926 699 1997 quod
754 1925 830 1979 ait
879 1925 962 1978 vir
1002 1926 1217 1994 sapiens
1255 1923 1566 1992 :Cupiditas
1607 1925 1825 1977 eunuchi

223 2022 534 2093 virginitatis
563 2021 741 2090 ﬂorem
772 2019 957 2091 puellae
983 2020 1178 2091 eripere
1216 2018 1404 2094 (Eccli.
1431 2019 1523 2074 20.
1555 2018 1636 2091 2).
1677 2019 1826 2077 Sicut

227 2112 515 2170 eunuchus
558 2112 817 2181 virginem
845 2111 1470 2182 amplcxusingemiscit,
1513 2112 1591 2166 sic
1630 2112 1824 2167 divites

227 2219 444 2258 otnnes.
499 2202 700 2271 Ecquis
748 2203 927 2256 dicere
969 2201 1134 2272 possit
1176 2202 1244 2256 de
1277 2204 1487 2258 caeteris
1529 2204 1826 2259 omnibus?

227 2292 506 2363 quomodo
533 2307 729 2347 avarus
758 2292 1006 2348 omnibus
1035 2290 1250 2348 fastidio
1285 2293 1357 2347 sit
1384 2294 1559 2348 servis
1577 2336 1591 2359 ,
1621 2295 1828 2365 agrico-

230 2387 321 2452 lis,
351 2385 541 2441 vicinis
565 2426 580 2448 ,
626 2385 895 2440 civitatem
922 2385 1252 2456 gerentibus,
1285 2385 1477 2456 injuria
1508 2386 1673 2454 lzcsis,
1719 2404 1824 2442 non

229 2478 399 2543 lmsis,
467 2478 621 2534 uxori
667 2478 900 2534 maxime
947 2479 1208 2547 omnium,
1259 2479 1445 2535 liberis
1491 2481 1611 2551 plus
1665 2499 1826 2554 quam

228 2569 482 2624 omnibus
515 2568 674 2624 aliis?
714 2567 829 2623 Non
860 2569 1002 2624 enim
1036 2563 1158 2624 illos
1182 2579 1240 2624 ut
1268 2571 1488 2637 liberos,
1534 2571 1631 2627 sed
1677 2573 1828 2642 pejus

229 2675 392 2730 quam
421 2674 609 2715 servos
637 2669 689 2715 et
722 2660 894 2730 pretio
922 2671 1132 2729 emptos
1155 2661 1370 2728 educat,
1399 2663 1546 2719 mille
1580 2665 1694 2731 irae,
1726 2665 1827 2719 do-

234 2751 389 2814 loris,
434 2748 652 2817 furoris,
685 2751 824 2807 risus
850 2752 1164 2809 occasiones
1191 2751 1482 2810 adversum
1513 2770 1574 2811 se
1600 2757 1825 2826 praebet,

231 2843 490 2898 omnibus
536 2844 696 2898 simul
747 2845 1113 2914 spectaculum
1156 2845 1349 2903 lactus.
1393 2847 1488 2903 Hae
1539 2860 1666 2905 sunt
1711 2851 1827 2921 ejus

233 2933 518 3000 molestiae,
563 2949 628 2990 ac
669 2933 898 2991 fortasse
936 2935 1156 3006 plures;
1196 2952 1373 3008 neque
1415 2939 1559 2995 enim
1603 2954 1827 3013 possunt

231 3042 425 3082 omnes
455 3027 746 3092 recenseri,
793 3025 889 3083 sed
927 3029 1257 3100 experientia
1306 3029 1544 3088 docebit.
1582 3033 1666 3090 Tu
1700 3051 1830 3091 vero

237 3117 368 3173 mihi
396 3117 725 3188 voluptatem
765 3135 886 3190 quae
926 3119 1051 3176 inde
1076 3122 1314 3191 carpitur
1356 3123 1624 3181 describe.
1671 3126 1830 3185 Dives

235 3225 358 3265 esse
403 3210 589 3266 videor
628 3220 684 3266 et
729 3212 1027 3268 existimor.
1060 3212 1241 3285 Ecqua
1282 3216 1528 3286 voluptas
1561 3219 1719 3275 talem
1753 3222 1829 3275 vi-

239 3301 393 3355 deri?
422 3301 637 3356 Invidia:
665 3312 812 3358 certe
836 3319 1032 3359 nomen
1061 3307 1376 3362 maximum.
1399 3308 1604 3366 Nomen
1636 3314 1832 3384 quippe

241 3403 449 3448 tantum
490 3403 614 3448 sunt
654 3394 875 3461 divitiae,
920 3411 980 3451 re
1015 3411 1264 3453 vacuum.
1294 3398 1400 3456 Sed
1425 3401 1494 3457 de
1523 3403 1609 3457 illa
1641 3408 1830 3460 existi-

245 3485 502 3552 matione,
533 3485 765 3555 inquies,
796 3486 992 3556 gaudet
1023 3487 1191 3544 dives.
1242 3489 1478 3547 Lmtatur
1525 3494 1593 3550 de
1641 3499 1835 3566 quibus

239 3577 531 3633 dolendum
569 3586 732 3632 esset.
789 3579 1107 3643 Dolendum.
1162 3581 1394 3652 inquies,
1439 3587 1647 3655 quare?
1698 3588 1831 3656 Quia

243 3669 372 3724 illud
402 3673 575 3740 ipsum
604 3670 672 3724 ad
700 3672 877 3724 omnia
907 3671 1146 3727 inutilem
1177 3673 1376 3739 reddit,
1397 3676 1661 3742 timidum,
1689 3680 1836 3750 igna-

242 3777 392 3828 vum,
423 3761 489 3816 ad
518 3763 1000 3832 peregrinationem
1027 3766 1444 3835 suscipiendam,
1494 3769 1562 3824 ad
1606 3781 1833 3828 mortem

243 3854 606 3910 obeundam:
663 3869 790 3908 nam
876 3858 1150 3930 duplicem
1238 3859 1328 3917 ille
1418 3874 1651 3921 mortem
1737 3880 1826 3921 re-

245 3955 416 4015 putat,
448 3948 795 4016 pecuniarum
825 3949 994 4019 magis
1022 3965 1178 4019 quam
1207 3949 1341 4004 lucis
1367 3953 1592 4023 cupidus
1622 3957 1662 4010 ⁸.
1686 3956 1836 4012 Hunc

246 4056 346 4096 nec
373 4041 563 4096 cadum
591 4041 845 4106 delectat,
876 4045 997 4112 quia
1028 4061 1133 4097 non
1166 4045 1266 4098 fert
1287 4061 1496 4110 aurum,
1527 4064 1699 4119 neque
1730 4054 1831 4117 sol,

247 4134 369 4202 quia
419 4149 612 4190 aureos
658 4135 836 4188 radios
881 4144 986 4188 no’n
1036 4136 1250 4190 emittit.
1302 4137 1408 4192 Sed
1439 4139 1654 4207 quidam
1687 4153 1834 4210 sunt,

247 4227 482 4297 inquies,
509 4226 599 4296 qui
640 4243 818 4282 rerum
860 4229 1012 4298 copia
1043 4228 1307 4294 fruuntur,
1336 4231 1544 4288 deliciis
1571 4243 1626 4289 et
1663 4239 1836 4292 ventri

247 4319 608 4390 indulgentes,
639 4321 767 4374 vino
803 4336 862 4375 se
910 4322 1320 4393 ingurgitantes,
1373 4325 1547 4380 lautos
1593 4339 1838 4399 sumptus

245 4409 604 4465 cﬂundentcs.
651 4411 870 4479 chores
904 4414 1115 4469 caeteris
1158 4416 1286 4471 mihi
1335 4432 1544 4474 narras.
1585 4419 1664 4475 llli
1696 4424 1837 4477 enim

248 4503 483 4557 maxime
508 4513 654 4567 sunt,
686 4505 775 4574 qui
807 4519 911 4559 non
940 4505 1210 4564 fruuntur.
1257 4509 1349 4564 Ille
1387 4527 1619 4583 namque
1648 4515 1838 4571 saltem

247 4591 314 4644 ah
341 4593 464 4646 aliis
487 4595 723 4669 abstinet
749 4597 924 4666 malis,
953 4599 1042 4651 uni
1073 4601 1309 4668 pecunia:
1341 4604 1511 4659 amori
1541 4606 1791 4664 addictus
1826 4629 1844 4666 θ

251 4682 324 4736 illi
369 4699 522 4749 vero,
569 4685 652 4739 his
700 4687 933 4757 pejores,
982 4701 1179 4758 praeter
1213 4693 1535 4762 supradicta,
1572 4696 1760 4753 duram
1789 4710 1844 4756 et

249 4775 597 4846 multiplicem
622 4777 718 4832 sibi
742 4781 1051 4834 servitutem
1076 4782 1370 4850 attrahunt,
1392 4797 1445 4840 et
1472 4801 1569 4842 ceu
1601 4792 1843 4860 tyrannis

249 4867 565 4932 quihusdam
609 4869 928 4925 immanibus
957 4886 1078 4928 sese
1103 4873 1302 4928 dedunt
1331 4879 1523 4945 ventri,
1553 4895 1843 4949 corporum

251 4960 446 5020 amori,
477 4962 745 5027 ebrietati,
776 4966 1092 5035 czcterisque
1115 4967 1256 5023 vitiis
1278 4971 1516 5040 quotidie
1536 4975 1846 5031 ministran-

252 5056 350 5114 tes,
383 5060 563 5105 scorta
593 5054 820 5121 alentes,
854 5056 1025 5112 lautas
1065 5075 1250 5118 coenas
1289 5077 1635 5134 apparantes,
1685 5084 1844 5139 para-

250 5142 403 5208 sitos,
437 5143 742 5200 adulatores
768 5159 1031 5213 ementes,
1065 5151 1116 5206 in
1144 5168 1356 5210 amores
1380 5169 1572 5226 praeter
1596 5172 1846 5219 naturam

255 5229 573 5296 incidentes,
626 5237 749 5292 hinc
791 5241 935 5293 mille
979 5244 1182 5297 morbis
1211 5256 1266 5300 et
1294 5263 1495 5319 corpus
1523 5263 1577 5307 et
1609 5256 1841 5314 animatr

253 5322 572 5381 allicientes.
599 5327 715 5382 Non
744 5332 886 5385 enim
916 5348 1012 5402 pro
1039 5339 1358 5395 necessariis
1383 5342 1522 5399 bona
1549 5345 1843 5418 insumunt,

285 5560 594 5639 :‘iiEdith-rri.
633 5562 856 5639 Mentel,
889 5569 968 5639 κ,ᾳὶ
989 5570 1090 5639 vim
1118 5573 1333 5635 κρεῖττον
1353 5578 1536 5639 ἡγεῖται
1562 5581 1723 5639 τοῦτο,
1758 5586 1850 5639 La-

257 5623 722 5704 E‘l‘rll'tﬂtttll‘ft'l‘r‘lFrui:
758 5641 870 5704 uani
892 5623 1091 5704 divitias
1122 5623 1223 5704 [ent
1253 5623 1725 5704 ciuiliuntoplinidui

437 5685 735 5766 adstupet;
764 5688 1238 5766 l’leldkad‘p..._795_.
1267 5701 1437 5766 Lucem
1471 5685 1558 5766 pri)

257 5747 663 5824 γεῆι-ιιι.
888 5754 970 5801 1οῑ
1018 5747 1850 5824 Objiriebalni"'iuldrd'mitw(igitur;

433 5807 637 5897 militum
668 5822 711 5860 el.
744 5815 917 5874 dolor,
969 5807 1366 5886 cogiiitmigfoi‘c
1901 5889 1904 5892 ,

258 5865 394 5926 Imm:
429 5865 569 5922 lucis.

1087 438 1150 494 ΙΝ
1189 433 1596 491 MATTIIEUM
1637 425 1866 485 HUMIL.
1911 424 2199 480 LXXXI”.
2242 425 2312 479 al.
2357 424 2640 480 LXXXIV.

3436 428 3542 484 77-0

1936 535 2032 594 sed
2079 552 2177 607 pro
2224 537 2289 592 iis
2330 553 2453 605 qua:
2497 550 2696 605 corpus
2735 543 2794 591 et
2838 534 3000 590 simul
3032 535 3266 590 animam
3300 551 3541 595 corrum-

1933 639 2068 702 punt
2110 630 2497 700 :idipsumque
2554 638 2717 699 agunt
2767 642 2832 684 ac
2872 627 2920 682 si
2970 627 3095 699 quis
3133 643 3331 701 corpus
3374 646 3539 688 exor-

1935 737 2090 788 nans,
2133 730 2285 790 putet
2333 719 2454 775 usui
2495 734 2595 774 suo
2639 718 2924 790 pecuniam
2969 719 3307 789 impendere.
3355 719 3541 791 itaque

1935 815 2022 868 ille
2050 814 2197 869 solus
2225 813 2500 882 voluptate
2528 811 2744 877 fruitur,
2789 825 3119 883 suarumque
3150 827 3332 869 rerum
3359 812 3536 869 domi—

1932 921 2032 959 nus
2058 913 2161 971 est,
2190 905 2280 976 qui
2319 905 2422 959 illis
2451 913 2509 957 ut
2536 919 2631 973 par
2655 913 2739 958 est
2771 901 2940 957 tttitur
2963 919 2979 968 ;
3005 901 3059 956 hi
3090 918 3221 958 vero
3246 903 3390 960 servi
3411 911 3557 960 sunt

1932 1005 1988 1052 et
2012 996 2207 1067 captivi
2236 1013 2251 1051 :
2283 1011 2406 1050 nam
2435 995 2679 1065 corporis
2722 993 3067 1049 inﬁrmitates
3089 1003 3145 1049 et
3167 982 3360 1050 anima:
3391 1011 3538 1049 mor-

1932 1088 2032 1143 bos
2076 1096 2294 1157 augent.
2327 1086 2611 1154 Quodnam
2654 1098 2784 1157 ergo
2813 1084 3026 1142 fruendi
3051 1100 3245 1156 genus,
3273 1088 3361 1141 ubi
3389 1087 3538 1142 obsi-

1930 1179 2042 1241 dio,
2073 1177 2297 1243 bellum,
2325 1186 2487 1249 atque
2519 1186 2813 1247 tempestas
2855 1176 3082 1232 marinis
3104 1177 3349 1245 procellis
3373 1180 3541 1235 vebc—

1933 1270 2207 1327 mentior’
2252 1270 2385 1326 Nam
2431 1270 2636 1327 divitia:
2677 1270 2722 1325 si
2750 1269 2973 1324 stultum
3001 1269 3278 1325 hominem
3306 1273 3532 1327 invene-

1931 1365 2060 1429 rint,
2092 1363 2396 1420 stultiorem
2429 1364 2657 1420 reddunt
2688 1380 2704 1430 ;
2751 1364 2796 1419 si
2828 1363 3112 1429 lascivum,
3163 1363 3527 1422 laseiviorem.

1935 1456 2134 1526 Ecqua,
2166 1454 2397 1526 inquies,
2435 1458 2655 1528 pauperi
2687 1471 2753 1512 ex
2786 1456 3069 1526 prudentia
3110 1457 3358 1512 utilitas?
3408 1459 3539 1514 lure

1932 1545 2058 1600 illud
2098 1546 2331 1616 ignoras.
2361 1545 2547 1618 Neque
2576 1547 2719 1602 enim
2746 1561 2925 1602 aecus
2955 1548 3078 1613 scit,
3108 1547 3235 1621 quid
3275 1549 3409 1604 lucri
3443 1550 3532 1605 lux

1930 1637 2135 1693 all‘crat.
2165 1638 2302 1693 Audi
2335 1639 2683 1694 Salomoitem
2710 1639 2980 1694 dicentem
3015 1656 3028 1692 :
3067 1639 3327 1708 Quantum
3355 1651 3426 1696 est
3458 1643 3539 1696 iii-

1933 1739 2008 1783 ter
2034 1729 2262 1784 tenebras
2291 1739 2338 1783 et
2371 1730 2535 1784 lucem
2567 1728 2812 1795 medium,
2859 1738 3070 1783 tantum,
3093 1730 3298 1802 sapiens
3326 1730 3538 1785 stultum

1931 1833 2134 1892 superat
2175 1820 2386 1891 (Eccte.
2414 1821 2470 1876 Ξ.
2510 1815 2644 1891 13)’.
2698 1821 2807 1877 Sed
2835 1838 2958 1876 eum
2975 1823 3079 1894 .qui
3111 1823 3163 1878 in
3197 1824 3434 1879 tenebris
3459 1837 3541 1881 εει

1932 1915 2203 1984 quomodo
2246 1916 2610 1971 docebimus?
2658 1915 2794 1970 Nam
2834 1917 3184 1987 pecuniarum
3215 1933 3368 1974 amor
3399 1935 3540 1974 τοι-ευ

1934 2008 2172 2062 ῑθηειιηε
2223 2016 2370 2074 sunt,
2424 2023 2547 2078 quze
2600 2023 2780 2062 rerum
2829 2008 3028 2064 nullam
3061 2009 3245 2065 sinunt
3271 2010 3542 2081 respicere

1931 2103 2103 2172 qualis
2157 2111 2260 2164 est,
2313 2102 2408 2157 sed
2459 2102 2567 2157 alio
2619 2103 2777 2175 longe
2828 2103 3013 2160 modo.
3075 2105 3538 2172 Quemadmodum

1930 2197 2074 2251 enim
2105 2195 2192 2264 qui
2223 2193 2276 2250 in
2307 2195 2548 2250 tenebris
2577 2203 2684 2264 est,
2713 2197 2926 2252 etiamsi
2956 2213 3052 2254 vas
3076 2213 3304 2254 aureum
3333 2199 3536 2264 videat,

1932 2290 2139 2344 etiamsi
2172 2288 2404 2360 lapidem
2433 2290 2755 2359 pretiosum,
2805 2290 3018 2346 etiamsi
3057 2293 3374 2347 vestimenta
3409 2307 3540 2361 pur—

1932 2397 2121 2453 purea,
2172 2396 2235 2437 ea
2289 2381 2424 2437 nihil
2470 2396 2592 2438 esse
2642 2381 2954 2448 existimat;
3002 2398 3109 2438 non
3157 2383 3301 2438 enim
3350 2399 3538 2437 eorum

1932 2474 2387 2545 pulchritudinem
2429 2473 2578 2530 videt
2608 2491 2623 2527 :
2656 2474 2736 2528 sic
2765 2483 2822 2530 et
2849 2475 3095 2546 pecunia:
3138 2489 3330 2529 amans
3376 2489 3542 2544 expc-

1933 2567 2214 2623 tendarum
2255 2583 2436 2623 rerum
2493 2566 2951 2638 pulchritudinem
2993 2577 3054 2622 ut
3104 2576 3380 2638 Oporteret
3429 2581 3534 2622 non

1932 2660 2098 2716 videt.
2149 2661 2357 2731 Dissipa
2391 2661 2524 2716 mihi
2554 2662 2838 2730 caliginem
2866 2678 2931 2718 ex
2977 2661 3080 2716 hoc
3115 2661 3306 2716 morbo
3335 2672 3532 2724 ortam,

1934 2766 1986 2810 et
2034 2763 2163 2811 tunc
2203 2755 2412 2810 videbis
2452 2771 2632 2811 rerqu
2683 2765 2954 2823 naturam,
2988 2772 3108 2828 quae
3154 2771 3417 2827 nusquam
3471 2757 3539 2810 ἱιι

1934 2849 2146 2905 videtur
2191 2857 2248 2904 ut
2289 2849 2341 2903 in
2389 2858 2744 2920 paupertate:
2793 2863 3054 2919 nusquam
3105 2848 3177 2903 ita
3220 2848 3542 2905 evincuntur

1935 2939 2070 2995 nihil
2099 2954 2221 2996 esse
2242 2954 2304 2995 ea
2334 2955 2457 3010 qua:
2485 2955 2607 2996 esse
2635 2939 2907 3006 videntur,
2941 2949 3001 2995 ut
3031 2940 3082 2995 in
3115 2939 3479 3011 philosophia.

2007 3033 2061 3088 ι.
2106 3031 2386 3087 Domorum
2424 3033 2575 3102 quale
2618 3050 2790 3088 rerum
2818 3033 2991 3098 decus,
3035 3035 3187 3102 quale
3229 3052 3403 3090 verum
3447 3037 3539 3090 de-

1935 3126 2109 3179 decus.
2137 3155 2209 3166 —-
2234 3124 2340 3182 Sed
2373 3141 2406 3179 0
2435 3125 2583 3180 stulti
2612 3125 2879 3192 homines,
2923 3126 3013 3197 qui
3055 3127 3383 3182 maledicunt
3410 3144 3538 3198 pau-

1939 3217 2187 3286 peribus,
2216 3227 2270 3272 et
2290 3217 2477 3272 dicunt
2507 3219 2571 3272 iis
2597 3229 2652 3272 et
2676 3218 2866 3272 domos
2897 3228 2952 3272 ct
2972 3219 3135 3274 vitam
3161 3219 3457 3289 deturpari,
3488 3235 3542 3272 ot

1932 3309 2121 3361 omnia
2140 3306 2510 3362 confundunt.
2541 3305 2682 3372 Quid
2704 3318 2789 3362 est
2835 3307 2982 3360 enim
3030 3307 3230 3363 domus
3256 3307 3546 3365 dedecus?

1936 3397 2056 3452 Non
2109 3397 2273 3452 habet
2315 3398 2581 3453 eboreum
2616 3397 2818 3452 lectum
2852 3437 2867 3462 ,
2915 3413 3026 3453 non
3080 3415 3208 3454 vasa
3243 3409 3544 3470 argentea;

1935 3490 2032 3546 sed
2088 3488 2276 3559 figlina
2329 3490 2516 3546 omnia
2570 3500 2623 3545 et
2673 3491 2874 3563 lignea.
2922 3490 3037 3546 Hoc
3096 3501 3244 3548 certe
3299 3495 3544 3549 maxima

1936 3581 2136 3637 domus
2187 3580 2359 3652 gloria
2417 3590 2475 3637 et
2519 3580 2786 3638 nobilitas
2835 3593 2941 3637 est.
2987 3579 3348 3637 Stecularium
3399 3583 3548 3638 enim

1940 3687 2124 3727 rerum
2161 3683 2506 3745 contemptus
2556 3673 2610 3730 id
2649 3688 2796 3744 saepe
2841 3671 3026 3739 el‘lleit,
3075 3681 3136 3727 ut
3182 3673 3360 3728 omnis
3415 3687 3545 3728 cura

1889 3793 1900 3805 -
1938 3765 2282 3836 studiumque
2326 3776 2497 3822 totum
2543 3765 2686 3820 circa
2732 3764 2966 3819 animam
3012 3765 3375 3834 impendatur.
3409 3764 3544 3820 Cum

1940 3873 2071 3929 ergo
2099 3859 2321 3913 multam
2354 3858 2407 3911 in
2440 3857 2805 3912 exterioribus
2836 3857 3253 3912 sollicitudinem
3307 3857 3545 3926 impendi

1941 3951 2164 4016 videris,
2215 3960 2342 4004 tunc
2383 3950 2647 4005 erubesce
2686 3949 2754 4004 de
2787 3959 2936 4004 tanto
2963 3949 3254 4005 dedecore.
3304 3949 3542 4004 Divittuu

1943 4043 2085 4099 enim
2135 4043 2329 4097 domus
2375 4057 2481 4096 non
2513 4041 2748 4098 debitam
2779 4041 3005 4098 formam
3037 4043 3257 4098 habent.
3293 4044 3424 4097 Cum
3469 4045 3549 4096 vi-

1944 4136 2087 4190 deris
2117 4150 2246 4206 ergo
2275 4135 2415 4204 ligna
2447 4134 2711 4203 tapetibus
2739 4135 2935 4198 velata,
2969 4134 3138 4190 Icelos
3178 4146 3402 4203 argento
3453 4152 3546 4189 or-

1946 4237 2100 4282 natos
2127 4227 2278 4297 quasi
2308 4227 2358 4280 in
2393 4227 2626 4290 theatro,
2658 4227 2809 4297 quasi
2840 4227 2890 4280 in
2925 4241 3117 4295 pompa
3146 4225 3386 4293 scenica,
3414 4227 3543 4297 quid

1948 4319 2070 4373 huic
2117 4319 2430 4389 turpitudini
2480 4334 2575 4388 par
2630 4317 2829 4374 fuerit?
2857 4319 2988 4386 Qun:
3025 4320 3194 4391 magis
3225 4319 3419 4373 domus
3457 4336 3551 4374 or-

1945 4412 2198 4477 chestrzc,
2229 4421 2284 4467 et
2315 4413 2380 4466 iis
2410 4428 2530 4482 qua:
2563 4412 2614 4466 in
2647 4410 2924 4466 orchestra
2976 4412 3110 4465 liunt
3136 4453 3149 4475 ,
3197 4412 3388 4466 similis
3428 4413 3550 4467 est?

1946 4504 2218 4570 divitisne,
2247 4514 2340 4559 aut
2369 4505 2663 4575 pauperis?
2703 4506 2898 4559 Annon
2947 4506 3123 4575 palam
3151 4516 3233 4560 est
3262 4514 3383 4560 esse
3411 4505 3552 4559 divi-

1949 4599 2055 4654 tis?
2103 4599 2226 4654 llaec
2265 4599 2426 4670 igitur
2462 4599 2621 4669 plena
2669 4598 3003 4668 turpitudine
3042 4599 3326 4667 esu-Qua:
3356 4598 3553 4653 domus

1948 4693 2098 4747 Pauli
2149 4703 2203 4747 ct
2246 4691 2536 4747 Abrahami
2587 4691 2836 4748 domibus
2878 4693 3071 4748 similis
3119 4693 3239 4748 est?
3295 4693 3555 4763 Pauperis

1951 4783 2345 4855 proculdubio.
2375 4784 2502 4839 Hme
2551 4800 2681 4854 ergo
2729 4784 2964 4840 maxime
3001 4796 3188 4842 ornata
3221 4795 3304 4842 est
3341 4796 3396 4840 et
3425 4801 3556 4840 cou-

1949 4877 2154 4946 spicua.
2205 4876 2270 4931 Et
2300 4887 2356 4931 ut
2387 4877 2564 4932 discas
2604 4877 2731 4932 illud
2778 4880 3013 4934 maxime
3062 4880 3258 4934 domus
3306 4885 3555 4937 ornatum

1949 4985 2092 5035 esse,
2135 4971 2419 5040 ingredere
2453 4973 2504 5025 in
2538 4973 2757 5026 domum
2804 4971 3074 5039 Zacchmi,
3115 4982 3171 5028 et
3212 4974 3360 5030 disce
3419 4990 3552 5045 quo-

1951 5061 2114 5117 modo
2145 5063 2422 5117 ornaverit
2465 5079 2583 5119 eam
2618 5065 2891 5119 Christum
2914 5078 3242 5135 excepturus
3274 5085 3286 5121 :
3333 5083 3438 5120 non
3467 5085 3560 5123 cu-

1951 5155 2124 5210 currit
2167 5156 2232 5208 ad
2272 5156 2499 5222 vicinos,
2547 5172 2644 5212 nec
2678 5157 2831 5226 petiit
2860 5167 3080 5212 ornatas
3108 5158 3303 5227 januas
3333 5159 3554 5223 bifores,

1952 5264 2058 5302 non
2089 5249 2373 5306 cathedras
2399 5261 2456 5306 et
2485 5250 2736 5305 subsellia
2767 5267 2831 5306 ex
2861 5251 3029 5307 ebore
3069 5253 3412 5317 concinnata,
3457 5269 3555 5308 nec

1951 5341 2137 5396 eduxit
2187 5358 2251 5397 ex
2305 5343 2573 5412 peuuariis
2618 5343 2880 5399 Laconica
2913 5343 3211 5407 velamina;
3257 5345 3350 5400 sed
3385 5355 3556 5408 totum

1952 5434 2169 5488 ornavit
2190 5445 2246 5489 ut
2265 5434 2535 5490 Christum
2560 5435 2806 5492 decebat.
2830 5437 2962 5503 Quis
2989 5438 3078 5492 ille
3101 5441 3358 5493 ornatus?
3387 5439 3555 5492 Dimi~

1952 5527 2114 5590 dium,
2149 5525 2342 5595 inquit,
2377 5527 2621 5582 bonarum
2645 5546 2894 5594 meorum,
2930 5528 3167 5591 Domine.
3223 5532 3288 5583 do
3318 5533 3554 5600 pauperi-

1952 5615 2044 5672 bus
2067 5634 2082 5679 ;
2112 5620 2220 5671 etsi
2248 5619 2370 5686 quid
2392 5620 2608 5688 aliquem
2636 5621 2958 5689 defraudnvi,
2984 5623 3195 5676 reddant
3217 5624 3558 5693 quadruplum

1953 5710 2106 5777 (Luc.
2143 5713 2227 5766 l9.
2259 5713 2338 5782 8).
2370 5712 2458 5768 Sic
2481 5724 2535 5768 et
2563 5731 2659 5769 nos
2683 5716 2874 5770 domus
2902 5733 3179 5780 orncmus,
3207 5729 3260 5772 ut
3289 5718 3559 5779 Christum

1951 5804 2326 5870 susupiamus.
2385 5807 2474 5857 llw
2507 5807 2882 5875 pulcherrimi:
2929 5809 3130 5864 bifores
3163 5823 3289 5864 sunt
3321 5830 3332 5864 :
3366 5810 3478 5864 hac.
3509 5813 3561 5865 in

1953 5896 2100 5951 t-u‘lis
2151 5909 2500 5966 apparantur,
2562 5901 2738 5970 ibique
2799 5911 3071 5958 texuntur.
3126 5903 3223 5959 Ubi
3259 5905 3370 5960 iure
3407 5913 3556 5971 sunt,
