4156 6512
205 470 353 526 733

201 585 409 654 igitur
463 576 629 633 multa
678 567 996 626 humanitati
1047 566 1409 636 competentia
1460 563 1680 622 fecerat,
1731 573 1836 612 non

194 672 606 728 verisimiliter
639 669 716 721 sic
749 665 890 734 loqui
922 663 1180 731 potuisset
1202 702 1218 725 ,
1260 662 1344 713 An
1377 656 1570 725 putatis
1616 669 1702 709 ine
1731 668 1837 706 non

204 779 410 835 posse
455 763 575 816 illos
605 758 869 830 perdere?
918 757 1044 811 lileo
1073 757 1244 809 dicit:
1287 752 1365 806 An
1404 751 1591 822 putatis
1615 765 1693 801 me
1735 763 1836 800 non

194 873 391 928 posse
419 870 561 909 nunc
591 868 771 924 rogare
805 849 1011 904 Patrem
1044 848 1252 902 meum?
1285 847 1351 900 Iit
1394 845 1494 899 huc
1522 845 1694 908 ipsum
1720 857 1840 894 rur-

191 962 327 1003 sus
382 947 653 1001 humiliter
683 942 888 1014 profert
933 942 1117 995 dicens
1168 939 1368 994 :Sistet
1402 936 1528 989 milii
1570 933 1837 988 duodecim

187 1043 462 1110 legiones
516 1037 835 1108 angelorum.
879 1034 1012 1088 Nam
1065 1033 1109 1086 si
1164 1045 1302 1086 unus
1354 1029 1575 1100 angelus
1618 1035 1835 1082 centum

192 1132 511 1199 octoginta
538 1128 773 1198 quinque
802 1125 965 1178 millia
1015 1123 1291 1177 hominum
1339 1130 1664 1175 armatorum
1693 1117 1838 1172 oeci-

189 1225 302 1278 dit
338 1223 425 1292 (1.
460 1220 589 1292 Reg.
620 1221 704 1274 l9.
739 1220 864 1288 55),
895 1233 962 1271 an
989 1217 1269 1270 duodecim
1299 1214 1537 1284 legiones
1557 1211 1837 1281 Oportebat

192 1326 430 1369 contra
484 1313 630 1366 inille
705 1309 990 1364 homines?
1039 1307 1155 1363 Non
1213 1307 1416 1377 utique.
1485 1303 1592 1360 Sed
1643 1318 1837 1357 secun-

191 1407 363 1460 dum
394 1414 594 1459 metum
638 1410 692 1457 et
738 1401 1100 1455 infirmitatem
1133 1415 1321 1454 eorum
1353 1405 1830 1452 serinonem‘tem-

197 1504 434 1567 perat:
469 1509 590 1548 nam
651 1493 842 1546 timore
883 1491 1111 1545 emortui
1156 1498 1328 1543 erant.
1368 1487 1490 1542 ideo
1531 1486 1835 1554 Scripturas

195 1587 275 1642 ad
319 1586 640 1640 firmitatem
662 1583 819 1636 affert
852 1581 1036 1636 dicens
1070 1600 1083 1634 :
1129 1579 1395 1646 Quomodo
1425 1595 1545 1649 ergo
1576 1577 1833 1648 implean-

188 1695 300 1736 tur
331 1677 668 1747 Scriptura?
699 1677 825 1730 hinc
851 1678 1130 1730 deterrcns
1159 1688 1274 1728 eos.
1306 1672 1437 1727 Nam
1466 1673 1510 1726 si
1541 1670 1834 1740 Scripturis

204 1771 286 1824 ita
333 1769 558 1822 videtur
577 1810 590 1832 ,
621 1784 718 1821 cur
745 1781 839 1821 vos
865 1776 1050 1820 contra
1080 1763 1369 1836 pugnatis?

275 1861 349 1916 2.
387 1862 511 1914 llzec
532 1860 830 1929 discipulis,
856 1860 962 1913 illis
981 1870 1157 1912 autem
1179 1858 1257 1912 sic
1286 1857 1555 1927 loquitur:
1585 1856 1672 1911 55.
1694 1855 1836 1910 Tau-

186 1971 383 2028 quam
418 1954 486 2005 ad
513 1952 761 2006 latronem
789 1953 959 2006 existis
985 1969 1099 2005 cum
1147 1950 1332 2021 gladiis
1360 1960 1408 2004 et
1451 1949 1667 2020 fustibus
1693 1965 1832 2002 com-

193 2046 550 2117 prehendere
570 2061 684 2098 me:
708 2045 931 2113 quotidie
964 2044 1016 2096 in
1054 2043 1241 2111 templo
1269 2042 1501 2095 sedebam
1524 2042 1738 2104 docens,
1787 2050 1833 2093 et

188 2155 316 2190 non
369 2153 453 2188 me
479 2135 731 2187 tenuistis.
760 2133 889 2188 Vide
914 2143 1110 2202 quanta
1134 2134 1290 2186 faciat
1317 2148 1436 2203 qua:
1466 2135 1674 2200 possint
1712 2131 1834 2186 illos

186 2231 462 2296 erigere.
487 2224 718 2294 Snpinos
743 2225 986 2293 proiecit,
1010 2240 1198 2278 aurem
1227 2226 1366 2278 servi
1396 2224 1620 2287 curavit,
1645 2238 1831 2276 necem

194 2320 322 2373 illis
347 2316 720 2372 comminatus
739 2324 823 2369 est
848 2334 860 2369 :
886 2313 1072 2369 Gladio
1101 2315 1354 2383 peribunt,
1387 2314 1576 2383 inquit,
1609 2316 1694 2384 qui
1722 2315 1834 2382 gla-

190 2415 361 2466 dium
387 2412 673 2480 accipient;
702 2409 842 2480 quod
860 2410 927 2464 ab
941 2409 1178 2464 auricula
1206 2409 1446 2463 restituta
1473 2409 1829 2471 confirmavit,

195 2505 532 2574 undique,a
553 2503 922 2572 przeseutihus,
953 2518 980 2555 τι
1013 2501 1226 2567 futuris,
1248 2502 1541 2572 potentiam
1569 2501 1831 2557 exhibens

191 2613 372 2651 suam
400 2637 416 2660 ,
452 2603 510 2648 ιιι
553 2594 800 2648 ostendat
842 2608 946 2648 non
999 2593 1212 2647 illorum
1246 2593 1570 2647 fortitudinis
1616 2593 1666 2646 id
1696 2610 1832 2662 opus

195 2703 334 2741 esse
364 2685 514 2754 quod
547 2686 691 2738 illum
718 2685 977 2754 ceperint.
1004 2685 1128 2739 Ideo
1173 2685 1406 2753 subjcxit
1435 2703 1447 2738 :
1480 2685 1716 2752 Quotidie
1740 2704 1830 2739 vo-

193 2781 418 2833 biscum
459 2794 600 2831 eram
638 2788 684 2831 et
711 2778 945 2831 sedebam
971 2778 1189 2842 docens,
1234 2787 1280 2833 et
1311 2796 1412 2832 non
1455 2796 1534 2833 me
1561 2781 1831 2843 tenuistis;

200 2867 363 2924 hine‘
387 2871 556 2924 etiam
591 2870 881 2924 ostendens
905 2870 1255 2939 permissione
1286 2888 1379 2925 sua
1412 2872 1605 2926 factum
1628 2890 1747 2928 esse
1776 2885 1832 2928 ut

195 2971 534 3032 caperetur.
559 2962 826 3015 Miraculis
855 2971 1032 3016 autem
1067 2965 1459 3032 przntermissis,
1491 2965 1558 3018 de
1587 2965 1828 3019 doctrina

201 3056 488 3124 loquitur,
531 3071 595 3107 ne
618 3054 821 3120 jactare
850 3069 909 3107 se
940 3054 1227 3107 videretur.
1260 3054 1390 3108 Cum
1420 3055 1692 3117 docerem,
1723 3076 1826 3111 non

201 3147 478 3202 tenuistis
507 3162 617 3208 ine;
642 3146 885 3201 silentem
911 3147 1146 3215 aggressi
1173 3147 1323 3210 estis;
1354 3147 1404 3199 in
1431 3149 1629 3217 templo
1656 3165 1824 3213 eram,

203 3251 262 3294 et
292 3254 472 3292 nemo
500 3237 695 3290 invasit
737 3251 860 3291 me:
897 3252 1036 3290 nunc
1057 3247 1236 3288 autem
1267 3237 1582 3306 intetnpcsta
1614 3237 1742 3293 hora
1776 3251 1830 3292 ct

202 3331 397 3386 media
433 3339 592 3383 nocte
623 3329 825 3382 irruitis
848 3343 968 3382 cum
999 3327 1189 3397 gladiis
1215 3335 1269 3382 et
1297 3325 1564 3381 fustibus?
1592 3329 1728 3394 Quid
1767 3331 1831 3383 il—

205 3427 277 3482 lis
309 3441 462 3495 opus
490 3434 604 3478 erat
628 3423 794 3476 armis
831 3421 1089 3476 adversus
1108 3437 1231 3476 eum
1261 3422 1352 3491 qui
1382 3422 1654 3475 vobiscum
1685 3436 1829 3476 scin-

205 3534 309 3588 pcr
335 3516 502 3571 erat?
529 3516 610 3569 his
637 3515 859 3576 docens,
884 3513 982 3566 nisi
1013 3527 1071 3568 se
1097 3523 1286 3582 sponte
1319 3514 1644 3577 tradidisset,
1675 3531 1831 3568 ninn-

203 3627 376 3680 quant
403 3609 649 3679 potuisse
678 3608 816 3677 rapi.
844 3607 1024 3675 Neque
1045 3608 1186 3661 enim
1218 3608 1270 3672 ii,
1298 3611 1388 3677 qui
1414 3610 1560 3662 illum
1587 3626 1693 3677 pne
1717 3625 1830 3661 tua-

207 3704 375 3758 nibns
431 3712 490 3756 et
543 3702 595 3754 in
641 3703 819 3757 medio
872 3703 1163 3766 habentes,
1207 3703 1666 3771 comprehendere
1721 3719 1826 3756 non

209 3804 535 3862 potuerant,
561 3804 685 3846 tunc
714 3794 1030 3860 potuissent,
1053 3794 1152 3848 nisi
1186 3796 1299 3862 ipse
1324 3794 1594 3848 voluisset.
1630 3794 1828 3847 Deinde

207 3887 630 3956 ambiguitatem
668 3887 845 3950 solvit,
878 3901 971 3940 cur
1005 3887 1056 3940 id
1081 3888 1327 3942 voluerit.
1362 3887 1447 3941 56.
1482 3885 1595 3940 lloc
1634 3891 1827 3957 factum

205 3989 308 4041 est,
343 3979 547 4047 inquit,
570 3989 624 4030 ut
651 3979 979 4048 implet-eatur
1002 3978 1291 4049 Scriptura:
1320 3980 1703 4047 praplietarum.
1738 3977 1826 4032 Vi-

207 4072 397 4124 distin’
430 4072 707 4140 quomoilo
752 4087 916 4140 usque
964 4072 1028 4126 ad
1070 4073 1310 4126 ultimam
1343 4071 1529 4127 horam
1557 4115 1572 4135 ,
1605 4087 1666 4127 ac
1694 4087 1816 4126 cum

210 4165 330 4232 ip~e
360 4163 692 4225 traderetur,
718 4164 896 4216 omnia
923 4163 1122 4219 faceret
1158 4165 1223 4218 ad
1253 4165 1464 4218 illorum
1493 4163 1827 4218 emendatio-

212 4271 363 4321 nem,
390 4271 616 4320 sanans,
646 4255 1052 4324 prophetizans,
1083 4256 1254 4310 minas
1281 4257 1550 4310 intentans
1582 4254 1680 4325 (In
1708 4257 1824 4326 gla-

209 4347 340 4412 dio,
393 4347 608 4418 inquit,
651 4347 950 4417 peribunt);
992 4347 1282 4402 ostendens
1326 4363 1388 4403 se
1437 4349 1663 4402 libenter
1719 4348 1824 4418 pati

211 4437 524 4505 (Quotidie,
558 4438 749 4507 inquit,
774 4438 1025 4491 vobiscum
1060 4456 1195 4492 erant
1235 4440 1477 4505 docens),
1511 4455 1662 4494 suam
1703 4456 1824 4494 cmn

214 4527 378 4582 l'atre
400 4528 751 4600 Concordiam
775 4530 1084 4594 ostendens,
1109 4528 1173 4583 Ut
1195 4531 1520 4596 implerentur
1543 4531 1828 4601 Scriptura:

213 4623 633 4689 prophetarum?
661 4621 769 4675 Cur
792 4634 968 4677 autem
1003 4641 1107 4677 non
1138 4624 1285 4676 illum
1321 4626 1372 4677 in
1401 4626 1602 4694 templo
1630 4634 1823 4680 tenue-

212 4714 384 4766 runt?
415 4714 556 4780 Quia
601 4714 668 4766 ibi
715 4730 818 4767 non
859 4715 973 4768 ausi
1005 4715 1225 4769 fuissent
1257 4725 1476 4785 prepter
1503 4716 1707 4771 turbas.
1741 4717 1825 4772 ld-

213 4805 364 4858 circo
398 4806 549 4858 foras
583 4807 767 4870 exivit,
810 4818 863 4861 et
903 4822 934 4861 ιι
969 4809 1084 4860 loco
1113 4818 1167 4862 et
1192 4824 1222 4863 τι
1256 4821 1495 4880 tempore
1523 4811 1822 4867 libertatem

213 4897 345 4963 ipsis
370 4912 594 4966 parans,
618 4909 672 4953 et
700 4913 866 4967 usque
885 4900 950 4954 ad
972 4911 1269 4956 extremam
1289 4902 1475 4956 horam
1501 4904 1628 4972 ipsis
1655 4920 1821 4959 exeu-

215 4988 483 5044 sationem
519 4993 833 5061 prazcidcns.
859 4992 985 5047 Nam
1010 4995 1096 5063 qui
1129 5011 1187 5049 se
1211 4996 1428 5050 tradidit
1458 5007 1514 5050 nt
1546 4997 1821 5066 prophetis

213 5079 651 5151 obtemperaret,
705 5085 974 5153 quomodo
1018 5087 1284 5141 contraria
1326 5087 1634 5144 docuisset?
1682 5089 1822 5143 Tunc

217 5185 390 5225 omnes
411 5173 700 5245 discipuli,
750 5177 840 5229 illo
885 5178 1092 5232 dimisso
1114 5221 1128 5244 ,
1161 5182 1418 5250 fugerunt.
1462 5180 1597 5236 Cum
1633 5191 1822 5253 captus

217 5258 344 5326 fuit,
375 5276 728 5330 manserunt;
757 5283 879 5322 cum
906 5280 1082 5324 autem
1113 5271 1226 5325 haec
1252 5271 1317 5326 ad
1349 5273 1529 5328 turbas
1571 5273 1820 5342 loquutus

217 5362 381 5417 esset,
409 5353 684 5427 fugerunt.
718 5358 976 5414 Viderunt
997 5362 1139 5416 enim
1168 5363 1382 5419 demum
1415 5382 1519 5420 non
1553 5367 1688 5421 ultra
1718 5367 1817 5438 ipsi

220 5439 454 5514 fugiendi
486 5451 796 5506 facultatem
836 5452 970 5518 fore,
1011 5469 1133 5509 cuiu
1164 5472 1224 5510 se
1248 5456 1360 5525 ipse
1390 5459 1621 5515 libenter
1650 5461 1816 5515 tradi—

221 5531 386 5592 disset
413 5539 539 5608 illis,
583 5553 640 5597 et
668 5543 870 5598 diceret
903 5544 1003 5600 hoc
1032 5547 1324 5601 secundum
1347 5549 1654 5618 Scripturas
1679 5552 1812 5606 fieri.

220 5622 348 5680 Cum
378 5631 712 5703 aufugisseut
741 5636 851 5702 illi,
899 5635 1101 5691 ducunt
1128 5655 1248 5692 eum
1288 5640 1353 5692 ad
1381 5641 1670 5708 Caiphaui;
1722 5645 1812 5699 58.

223 5711 402 5774 Petrus
427 5734 594 5780 autem
625 5738 862 5794 sequutus
884 5738 929 5780 et
950 5729 1205 5798 ingressus
1235 5740 1326 5796 est,
1358 5741 1409 5784 ut
1433 5733 1617 5786 videret
1639 5736 1809 5810 [ἱιιρυι.

225 5806 408 5878 lugens
434 5817 682 5889 discipuli
721 5821 939 5885 fervor;
985 5838 1105 5875 cum
1145 5821 1408 5890 fugientes
1448 5806 1682 5890 videret,
1708 5843 1811 5880 non

228 5898 370 5972 luxit,
404 5909 497 5964 sed
528 5913 674 5969 stetit
702 5923 756 5969 et
797 5928 918 5968 cum
951 5915 1053 5970 illis
1081 5916 1339 5972 introivit.
1370 5915 1504 5972 Nam
1526 5920 1624 5975 etsi
1650 5919 1812 5976 Joan-

1103 452 1168 509 ΙΝ
1209 446 1622 508 MATTIIIEUM
1663 441 1891 500 ll0.\llL.
1936 440 2226 496 LXXXIV.
2267 443 2318 498 al
2384 440 2648 497 LXXXV.

3446 449 3555 506 τηι

1951 570 2048 609 nes
2075 558 2092 626 (
2119 554 2252 626 Cap.
2285 556 2370 612 18.
2408 557 2515 628 15)
2543 571 2755 627 quoque
2780 556 2882 614 hoc
2903 557 3119 624 fecerat,
3141 560 3236 616 sed
3259 571 3418 617 notus
3437 575 3558 618 erat

1946 649 2206 716 pontifici.
2239 647 2306 701 Et
2333 663 2431 702 cur
2471 665 2594 702 eum
2625 651 2716 703 illo
2742 649 3101 716 adduxerunt,
3134 653 3221 707 ubi
3249 663 3404 708 erant
3431 669 3554 708 om-

1949 755 2047 795 nes
2067 745 2374 810 congregati
2398 743 2420 794 ?
2449 741 2516 797 Ut
2545 745 2724 796 omnia
2751 759 2816 798 ex
2851 745 3159 813 imutilicum
3182 749 3446 802 sententia
3469 747 3552 803 [ειν

1945 846 2153 891 cerent.
2198 835 2292 890 Ille
2322 852 2555 906 namque
2587 848 2712 891 tunc
2742 848 2858 891 erat
2887 853 3133 894 summus
3177 841 3451 906 sacerdos,
3498 851 3555 896 et

1944 941 2134 981 omnes
2162 927 2268 981 illic
2289 928 2580 982 manebant
2609 945 2622 981 :
2654 929 2734 983 sic
2759 931 3150 998 pernoctabant
3176 942 3229 985 et
3259 934 3550 1003 vigilabant

1945 1034 2044 1089 pro
2071 1034 2129 1074 re
2160 1019 2266 1074 illa.
2301 1018 2419 1074 Non
2445 1021 2590 1074 enim
2633 1023 2831 1091 pascha
2876 1033 3002 1076 tunc
3049 1023 3432 1091 comedersnt,
3470 1027 3552 1080 iii-

1943 1112 2082 1181 quit,
2114 1111 2210 1166 sed
2234 1126 2295 1166 ea
2323 1111 2391 1166 de
2434 1126 2597 1166 causa
2631 1113 2942 1181 vigilabant.
2963 1113 3097 1168 Cum
3119 1115 3342 1169 dixisset
3369 1118 3513 1171 enim
3535 1160 3548 1180 ,

1946 1200 2106 1256 Mone
2148 1202 2304 1270 facta,
2334 1201 2570 1258 Joannes
2615 1204 2821 1259 addidit
2847 1219 2863 1258 :
2893 1204 3017 1259 Non
3043 1207 3302 1258 intrarunt
3331 1208 3382 1260 in
3413 1227 3550 1278 pra--

1943 1294 2162 1359 torium,
2190 1302 2246 1347 ut
2291 1311 2391 1347 non
2440 1297 2907 1350 contaminarentur
2930 1337 2945 1360 ,
2973 1300 3062 1350 sed
3095 1310 3148 1350 ut
3189 1299 3552 1352 manducarent

1944 1383 2133 1452 pascha
2160 1383 2340 1452 (Joan.
2372 1385 2460 1439 18.
2479 1385 2592 1455 28).
2616 1386 2754 1451 Quid
2783 1401 2913 1456 ergo
2941 1387 3228 1442 tltCrttdunt
3251 1391 3376 1443 est?
3405 1389 3553 1459 Ipsos

1942 1476 2107 1529 altera
2135 1475 2222 1529 die
2251 1461 2588 1541 comedisse,
2623 1486 2678 1531 et
2715 1479 2786 1532 ob
2835 1478 2983 1532 necis
3014 1478 3171 1548 hujus
3201 1479 3551 1550 cupiditatem

1944 1571 2115 1639 legem
2145 1571 2396 1624 violasse.
2432 1569 2614 1640 Neque
2644 1571 2789 1624 enim
2819 1569 3064 1626 Christus
3093 1582 3302 1642 tempus
3335 1573 3548 1642 pascha:

1945 1674 2310 1734 transgressus
2338 1674 2451 1728 est;
2499 1665 2593 1719 sed
2630 1665 2702 1719 illi
2755 1665 2885 1718 nihil
2927 1681 3031 1719 non
3062 1668 3199 1731 ausi,
3247 1668 3550 1736 multasque.

1943 1755 2089 1824 leges
2117 1755 2404 1812 violantes.
2440 1755 2564 1824 quia
2603 1771 2798 1826 magno
2838 1757 3019 1811 furore
3045 1758 3324 1820 ardebant,
3353 1769 3406 1812 ct
3427 1775 3548 1812 cum

1939 1861 2084 1916 saepe
2112 1847 2360 1902 occidere
2389 1849 2761 1908 teutavissent.
2798 1866 2903 1903 non
2945 1861 3262 1918 potuerant;
3298 1864 3426 1906 tunc
3456 1869 3552 1906 an-

1942 1949 2047 1992 tem
2071 1940 2242 2008 ipsum
2268 1940 2540 2006 insperato
2563 1950 2775 2010 captum
2805 1950 3051 1996 tenentes
3069 1984 3082 2004 ,
3115 1943 3424 1998 maluerunt
3451 1959 3544 2012 pa-

1939 2030 2066 2084 scha
2101 2032 2468 2085 transmittere
2491 2073 2507 2098 ,
2555 2042 2611 2084 nt
2642 2047 2797 2085 suum
2828 2034 3104 2102 explerent
3145 2035 3550 2103 sanguinarium

1939 2125 2198 2177 animum.
2225 2124 2517 2192 Propterea
2549 2126 2857 2196 congregati
2903 2137 3028 2179 siint
3069 2141 3260 2182 omnes
3286 2137 3340 2181 et
3367 2130 3550 2182 conci-

1942 2216 2070 2268 lium
2098 2227 2206 2270 erat
2242 2217 2635 2286 pestilentium,
2667 2231 2729 2269 ac
2768 2217 3054 2285 quemdam
3089 2220 3459 2288 interrogant.
3493 2228 3551 2273 ιιι

1937 2310 2169 2378 aliquam
2192 2307 2378 2376 judicii
2413 2307 2638 2362 formam
2665 2309 2872 2362 insidiis
2901 2309 3012 2360 suis
3033 2309 3406 2364 conciliarent.
3443 2308 3548 2363 Ne-

1936 2417 2032 2466 que
2055 2401 2198 2455 enim
2222 2410 2386 2463 erant,
2422 2401 2614 2468 inquit,
2643 2401 2990 2454 convenientia
3018 2401 3303 2454 testimonia
3334 2402 3351 2470 (
3376 2401 3546 2457 Marc.

1939 2495 2026 2548 H.
2056 2491 2181 2563 58);
2230 2495 2304 2546 ita
2333 2494 2513 2545 fictum
2538 2492 2966 2561 eratjudiciinn,
2998 2494 3285 2565 omniaque
3316 2493 3546 2548 tumultu

1935 2590 2114 2656 plena.
2159 2585 2247 2639 61.
2291 2583 2552 2638 Venientes
2588 2596 2755 2638 autem
2795 2587 2916 2654 falsi
2944 2596 3092 2640 testes
3122 2587 3357 2641 dicebant
3388 2603 3407 2640 :
3437 2586 3548 2640 Isle

1936 2679 2088 2743 dixit,
2115 2677 2327 2730 Salvam
2358 2679 2604 2744 templum
2631 2677 2747 2739 hoc,
2771 2688 2818 2730 et
2848 2677 2900 2730 in
2929 2677 3089 2731 tribus
3115 2677 3292 2732 diebus
3313 2677 3546 2732 excitabo

1927 2776 2060 2830 illud
2098 2773 2267 2844 (Ibid.
2306 2792 2352 2827 υ.
2384 2774 2472 2827 57.
2500 2769 2613 2831 58l-
2654 2774 2877 2828 Dixerat
2922 2775 3203 2843 equidem,
3244 2773 3308 2826 In
3364 2776 3537 2826 tribus

1929 2867 2414 2940 diebus[cxcitnbo
2471 2860 2790 2933 illud];sed
2846 2879 2957 2918 non
3015 2865 3252 2926 dixerat,
3289 2865 3533 2928 Salvam,

1934 2961 2029 3015 sed
2064 2958 2266 3014 Solvite
2303 2956 2502 3027 (Joan.
2542 2960 2598 3011 2.
2643 2957 2710 3011 19
2741 2966 2800 3027 );
2842 2973 3021 3025 neque
3051 2957 3156 3009 hoc
3184 2957 3250 3009 de
3274 2956 3368 3010 illo
3395 2965 3538 3010 tein-

1932 3054 2043 3124 plo,
2089 3053 2184 3106 sed
2238 3053 2306 3104 de
2334 3065 2565 3119 corpore
2592 3065 2694 3104 suo
2731 3050 2974 3103 dicebat.
3011 3048 3152 3115 Quid
3189 3049 3358 3117 igitur
3381 3066 3539 3103 suni-

1936 3162 2058 3200 inus
2113 3143 2404 3214 pontifex?
2445 3143 2512 3196 [ι
2561 3157 2686 3196 eum
2736 3141 2802 3195 ad
2839 3142 3256 3210 responsionem
3283 3152 3530 3210 cogeret,

1933 3249 2077 3292 etes
2143 3237 2326 3290 verbis
2375 3235 2492 3288 suis
2540 3243 2762 3303 caperet
2828 3235 3002 3298 illum,
3068 3233 3201 3286 dicit
3236 3252 3248 3285 :
3279 3231 3371 3285 62.
3408 3232 3534 3286 Non

1945 3328 2100 3381 audis
2164 3326 2290 3396 quid
2330 3326 2417 3377 isti
2453 3332 2722 3378 testantur
2760 3323 3044 3376 adversum
3101 3324 3196 3378 te?
3225 3320 3328 3376 Ille
3353 3333 3535 3378 autem

1939 3418 2168 3473 tacebat.
2199 3416 2417 3472 Inutilis
2452 3417 2599 3469 enim
2655 3414 2946 3484 rcspdnsio
2986 3413 3170 3468 futura
3227 3412 3368 3476 erat,
3390 3414 3544 3468 nullo

1934 3510 2204 3564 audiente.
2251 3507 2445 3576 Figura
2476 3506 2678 3575 quippe
2708 3505 2987 3558 dumtaxat
3029 3503 3215 3573 judicii
3247 3513 3406 3567 erat;
3441 3503 3540 3557 sed

1935 3617 2119 3656 revera
2149 3602 2415 3654 latronum
2449 3601 2700 3668 impetus,
2731 3598 2822 3666 qui
2849 3595 2979 3652 etin
3005 3607 3162 3650 antro
3183 3605 3237 3650 et
3265 3596 3317 3650 in
3351 3598 3432 3649 via
3463 3595 3544 3649 ir-

1933 3703 2203 3763 rninpant.
2237 3692 2360 3745 ldeo
2400 3691 2644 3753 tacebat,
2692 3689 2930 3758 pontifex
2980 3683 3106 3742 vero
3160 3689 3545 3757 perseverabat

1933 3788 2118 3840 dicens
2148 3802 2160 3840 :
2186 3785 2274 3840 65.
2302 3785 2500 3852 Adiuro
2527 3797 2574 3835 te
2603 3800 2692 3854 per
2714 3781 2880 3836 Deum
2907 3783 3094 3846 vivum,
3120 3791 3174 3834 ut
3203 3782 3346 3836 nobis
3374 3783 3540 3848 dicas,

1931 3882 1974 3933 si
2019 3889 2072 3933 tu
2099 3895 2150 3932 es
2182 3878 2412 3931 Christus
2446 3875 2615 3930 Filius
2648 3873 2746 3928 Dei
2775 3877 2888 3928 vivi.
2921 3875 3006 3929 64.
3042 3872 3164 3943 Ipse
3191 3891 3304 3927 vero
3322 3891 3543 3944 respon-

1933 3972 2042 4035 dit,
2083 3970 2162 4024 Tu
2191 3970 2386 4024 dixisti.
2430 3967 2790 4022 Verumtamen
2827 3969 2942 4020 dico
2977 3968 3136 4031 vobis,
3181 3968 3367 4020 amodo
3398 3969 3542 4022 vide-

1933 4066 2047 4120 bitis
2075 4063 2269 4118 Filium
2300 4063 2518 4117 hominis
2546 4064 2800 4117 sedentem
2830 4081 2860 4115 ιι
2889 4061 3084 4117 dextris
3106 4063 3304 4115 virtutis
3331 4106 3343 4128 ,
3375 4074 3420 4115 et
3458 4080 3542 4117 ve-

1932 4158 2149 4210 nientem
2169 4158 2221 4209 in
2249 4155 2463 4209 nubibus
2487 4154 2619 4208 εωιὶ.
2662 4155 2753 4210 65.
2782 4153 2924 4208 Tunc
2952 4155 3188 4224 princeps
3219 4157 3539 4209 sacerdotum

1930 4251 2080 4304 scidit
2104 4251 2393 4304 vestimenta
2420 4265 2534 4313 sua,
2567 4248 2738 4300 dicens
2760 4265 2777 4301 :
2800 4246 3200 4316 Blaspliemavit.
3228 4246 3341 4301 Hoc
3379 4264 3542 4316 porro

1934 4342 2078 4406 fecit,
2113 4351 2168 4395 ut
2193 4341 2396 4397 crimen
2419 4341 2636 4411 gravius
2662 4339 2923 4405 cfticeret,
2945 4350 2999 4393 et
3023 4355 3087 4394 ex
3122 4356 3177 4393 rc
3201 4350 3351 4409 gesta
3375 4341 3539 4394 verba

1933 4435 2190 4489 lirmaret.
2223 4433 2355 4501 Quia
2381 4437 2523 4488 enim
2552 4433 2753 4487 dictum
2809 4431 2936 4485 illud
2982 4443 3186 4485 metum
3237 4432 3538 4486 incusserat

1930 4528 2286 4593 auditoribus,
2321 4527 2371 4580 id
2398 4525 2541 4593 quod
2576 4526 2626 4578 in
2659 4525 2934 4593 Stephano
2975 4526 3237 4597 fecerunt,
3264 4539 3421 4577 aures
3443 4523 3540 4577 ob-

1931 4629 2225 4680 struentes,
2256 4621 2332 4672 sic
2365 4617 2543 4671 ethoc
2571 4620 2686 4672 loco
2716 4619 2826 4673 7lle.

2003 4713 2056 4768 5.
2100 4713 2207 4767 Sed
2239 4728 2485 4781 quamam
2530 4721 2647 4766 erat
2678 4711 2792 4766 hinc
2824 4711 3200 4780 blziSpheinia?
3249 4712 3379 4767 Nam
3411 4723 3538 4766 ante

1929 4805 2270 4874 congregatis
2297 4804 2401 4858 illis
2422 4805 2634 4858 dixerat
2663 4821 2677 4858 ε
2715 4803 2857 4857 Dixit
2887 4803 3132 4857 Dominus
3155 4803 3379 4859 Domino
3403 4824 3535 4871 uico,

1931 4901 2066 4956 Sede
2087 4917 2117 4951 a
2148 4899 2340 4953 dextris
2363 4900 2506 4960 meis,
2534 4899 2696 4951 donec
2729 4915 2912 4966 ponam
2943 4900 3176 4951 inimicos
3199 4910 3312 4953 tuos
3339 4900 3535 4952 scabel-

1929 4995 2034 5047 lum
2075 4992 2259 5063 pedum
2284 5003 2486 5045 tuorum
2515 4991 2730 5059 (Matt/2.
2757 4989 2847 5043 22.
2881 4991 2984 5053 tib;
3015 4991 3156 5043 Psal.
3193 4991 3315 5046 109.
3345 4995 3394 5063 1)
3417 5011 3428 5046 :
3454 4993 3536 5047 di-

1927 5096 2180 5154 ctumque
2211 5084 2593 5152 interpretatus
2619 5092 2735 5148 est;
2772 5098 2872 5137 nec
2912 5083 2986 5136 illi
3013 5083 3127 5137 ausi
3152 5095 3276 5138 sunt
3307 5100 3532 5155 respou-

1927 5179 2078 5244 dere,
2111 5176 2206 5232 sed
2236 5186 2550 5243 tacuerunt,
2580 5185 2635 5230 et
2664 5192 2728 5231 ex
2761 5175 2854 5229 illo
2884 5186 3126 5246 tempore
3161 5178 3296 5231 nihil
3345 5189 3532 5233 contra

1925 5268 2195 5324 dixerunt.
2228 5267 2337 5323 Cur
2366 5282 2495 5337 ergo
2535 5267 2736 5321 dictum
2764 5267 2890 5321 illud
2938 5266 3322 5336 blasphemiam
3368 5284 3529 5323 voca-

1926 5361 2088 5417 runt?
2114 5377 2209 5416 cnr
2236 5375 2364 5415 vero
2390 5358 2636 5413 Christus
2667 5359 2735 5412 ita
2764 5358 3071 5427 restioudit?
3103 5358 3168 5413 Ut
3199 5376 3416 5414 omnem
3448 5361 3530 5431 ip-

1924 5457 2000 5510 sis
2027 5455 2239 5510 tolierct
2267 5454 2674 5516 defensionem;
2711 5469 2831 5507 nam
2865 5468 3034 5522 usque
3056 5453 3122 5508 ad
3151 5455 3392 5508 ultimam
3427 5455 3529 5507 lio-

1924 5566 2037 5604 ram
2075 5549 2331 5603 docuerat
2383 5562 2444 5601 se
2497 5562 2620 5603 esse
2669 5546 2964 5612 Christum,
3021 5562 3051 5600 a
3099 5547 3302 5603 dextris
3357 5548 3530 5602 Patris

1924 5641 2136 5704 sedere,
2169 5650 2221 5694 et
2254 5648 2538 5693 venturum
2571 5639 2749 5693 denuo
2776 5653 2898 5694 esse
2944 5650 2999 5692 ut
3041 5640 3246 5709 iudicet
3293 5640 3477 5694 orbein
3511 5661 3524 5696 :

1924 5753 2043 5805 qum
2075 5750 2319 5804 magnam
2354 5733 2466 5801 ejus
2515 5748 2636 5786 cum
2681 5734 2839 5788 Patre
2869 5735 3210 5789 concordiam
3256 5735 3526 5804 significa.

1924 5827 2071 5881 bant.
2101 5825 2444 5880 Vestiincutis
2471 5839 2600 5892 ergo
2623 5824 2860 5879 discissis
2879 5827 2971 5889 ait,
2996 5826 3132 5894 Quid
3153 5826 3286 5880 vobis
3304 5827 3530 5881 videtur?

1923 5917 2038 5974 Non
2070 5919 2173 5974 fert
2225 5932 2287 5971 ex
2338 5932 2396 5972 se
2443 5920 2803 5984 sententiam;
2852 5919 2946 5973 Sed
2977 5920 3128 5988 quasi
3157 5921 3210 5972 in
3243 5918 3530 5975 manifesto
