4162 6472
668 459 772 513 ’ῖὲῥό

671 580 884 640 peccato
911 574 962 619 ct
988 565 1132 618 clara
1165 560 1492 640 blasphemia
1515 601 1530 623 ,
1565 557 1774 612 illorum
1806 550 2122 607 sententiam
2152 564 2240 600 re-

669 662 848 732 quirit.
879 659 1008 725 Quia
1030 657 1173 711 enim
1204 635 1462 715 sciebant,
1495 649 1539 705 si
1571 664 1658 704 res
1690 648 1741 701 in
1787 659 2012 700 examen
2039 641 2244 694 veniret

668 730 823 820 atque
852 750 902 802 in
942 745 1206 810 notitiatn,
1232 743 1377 797 illum
1404 741 1470 796 ab
1492 739 1636 795 omni
1667 738 1889 793 crimine
1910 730 2241 787 liberandum

668 858 807 905 esse,
839 840 977 909 apvid
1021 839 1225 907 seipsos
1256 837 1400 890 illum
1445 833 1821 889 condemnant.
1871 826 2245 895 auditoresque

673 939 1039 999 prwoccupant
1068 929 1329 989 dicentes,
1362 923 1461 978 Vos
1484 922 1843 991 blasphemiam
1865 915 2098 980 audistis,
2131 925 2246 968 tan-

671 1034 778 1076 tum
808 1039 910 1076 non
941 1029 1192 1091 cogentes
1221 1028 1276 1073 et
1305 1017 1406 1069 vim
1431 1014 1717 1067 inferentes
1739 1011 1804 1064 ad
1833 1009 2149 1064 sententiam
2170 1006 2246 1060 fe-

672 1114 908 1167 rendam.
929 1112 1062 1177 Quid
1095 1111 1251 1178 igitur
1279 1105 1495 1160 illi?66.
1522 1103 1657 1157 Reus
1677 1113 1754 1157 est
1769 1103 1983 1165 mortis;
2013 1109 2070 1154 ut
2093 1099 2242 1168 quasi

665 1205 772 1275 jam
801 1204 1108 1258 damnatum
1142 1201 1411 1256 sisterent.
1447 1198 1778 1264 l’ilatumque
1815 1194 1882 1248 ad
1926 1191 2241 1247 sententiam

668 1297 940 1351 ferendam
987 1295 1314 1348 inducerent.
1365 1291 1472 1344 Hac
1503 1298 1678 1344 mente
1709 1299 1768 1348 ,ιιι
1811 1287 1997 1339 horum
2044 1283 2242 1337 conscii

665 1388 868 1451 dicont,
904 1385 1036 1438 lteris
1063 1394 1135 1437 est
1165 1383 1376 1444 mortis;
1405 1381 1499 1447 ipsi
1531 1378 1867 1436 accusabant.
1891 1374 1988 1442 ipsi
2019 1372 2241 1427 damna-

670 1479 814 1540 hant,
844 1488 896 1530 ct
926 1475 1238 1529 sententiam
1267 1471 1526 1532 ferebant,
1553 1469 1786 1521 omnium
1813 1465 1987 1519 officia
2011 1477 2242 1531 occupa-

671 1573 815 1622 haut.
848 1569 951 1622 Cur
979 1577 1155 1618 autem
1184 1564 1399 1618 sabbata
1426 1562 1475 1614 in
1516 1559 1746 1614 medium
1774 1571 1878 1610 non
1915 1553 2244 1608 attulerunt?

668 1659 796 1726 Quia
842 1675 981 1726 smpe
1025 1657 1140 1708 illos
1178 1656 1540 1708 (Oufutavcrat
1569 1665 1582 1699 :
1615 1649 1846 1718 alioqttin
1893 1661 2021 1700 vero
2063 1660 2128 1698 es
2181 1643 2246 1697 iis

666 1765 784 1818 qua:
805 1760 928 1803 tunc
953 1747 1262 1801 dicebantur
1280 1743 1526 1799 volebant
1545 1756 1666 1796 eum
1689 1755 1879 1808 capere
1899 1746 1952 1792 et
1969 1736 2242 1790 damnare.

669 1842 1050 1908 Pneoccupaus
1093 1838 1267 1906 igitur.
1318 1835 1529 1889 illorum
1556 1841 1769 1902 accepta
1805 1827 2088 1894 sententia,
2121 1841 2243 1880 cum

670 1949 764 1998 per
811 1933 1118 1986 scissiouem
1152 1930 1373 1984 vestium
1417 1927 1652 1980 omnium
1697 1924 1761 1977 ad
1791 1938 1848 1977 se
1877 1922 2083 1974 animos
2123 1935 2244 1990 per-

669 2024 935 2088 traxisset,
969 2032 1023 2074 ut
1053 2022 1356 2074 damnatum
1385 2017 1607 2071 abduxit
1631 2015 1696 2068 ad
1739 2015 2000 2075 Pilatum;
2035 2013 2102 2064 ita
2133 2025 2244 2064 rem

669 2115 964 2182 composuit
999 2132 1011 2166 :
1047 2123 1099 2164 at
1141 2126 1320 2166 Coram
1351 2109 1516 2162 Pilato
1555 2106 1683 2160 nihil
1714 2105 1885 2158 simile
1914 2103 2116 2156 dicunt.
2140 2100 2243 2156 Sed

668 2208 829 2274 quid?
860 2206 920 2261 Si
946 2223 1045 2258 non
1068 2214 1194 2258 esset
1224 2205 1304 2255 hic
1331 2201 1656 2270 ttialefactor,
1697 2215 1796 2250 non
1825 2197 1912 2249 tibi
1953 2195 2247 2248 tradidisse-

674 2313 784 2349 ums
810 2313 918 2348 eum
955 2293 1134 2360 (Joau.
1169 2293 1255 2347 18.
1285 2290 1374 2358 30)
1399 2308 1414 2354 ς
1445 2301 1500 2343 ιιι
1525 2305 1553 2340 a
1583 2287 1804 2357 publicis
1827 2284 2138 2338 criminibus
2163 2286 2245 2354 ip-

669 2405 786 2442 sum
814 2389 1034 2442 interfici
1056 2394 1323 2440 curarent.
1346 2383 1454 2438 Cur
1470 2398 1574 2436 non
1598 2382 1805 2435 occulte
1831 2377 2247 2432 interfecerunt?

675 2478 933 2533 Volebant
954 2491 1146 2544 nempe
1168 2475 1358 2528 malam
1387 2473 1458 2525 illi
1489 2485 1675 2537 parere
1707 2470 1918 2522 fatuam.
1949 2467 2080 2534 Quia
2107 2467 2248 2521 enim

675 2574 823 2628 multi
848 2573 991 2626 illum
1014 2570 1309 2632 audierant,
1333 2565 1725 2633 admodutnque
1756 2560 2103 2626 mirabantur,
2132 2560 2250 2614 ideo

674 2679 889 2733 operam
917 2662 1113 2715 dabant
1143 2671 1197 2712 ιιι
1229 2658 1439 2727 publice
1462 2669 1518 2710 et
1558 2671 1738 2710 coram
1768 2650 2108 2706 multitudine
2149 2667 2248 2704 ne-

674 2763 905 2807 caretur.
936 2747 1180 2806 Christus
1207 2762 1336 2802 vero
1361 2746 1411 2800 id
1453 2761 1558 2798 non
1590 2743 1882 2812 impedivit,
1913 2740 2004 2797 sed
2036 2740 2246 2795 illorum

679 2844 909 2913 nequitia
937 2841 1001 2894 ad
1029 2840 1271 2896 veritatis
1294 2839 1748 2894 confirmationem
1791 2851 1916 2889 usus
1947 2846 2047 2899 est,
2082 2835 2149 2886 ita
2192 2845 2249 2886 ut

679 2949 824 2990 umrs
851 2936 967 2999 ejus
990 2934 1237 2988 Omnibus
1261 2941 1403 2986 esset
1427 2930 1724 2984 manifesta.
1757 2932 1830 2982 Ac
1851 2938 2035 2981 contra
2059 2927 2250 2981 accidit

675 3042 834 3095 quam
865 3025 962 3092 ipsi
993 3024 1257 3080 volebant.
1295 3022 1370 3075 llli
1404 3035 1630 3090 namque
1677 3020 1822 3073 ilium
1852 3019 2108 3071 infamare
2149 3033 2244 3071 cu-

681 3119 912 3188 picbaut,
956 3129 1012 3171 ut
1041 3117 1305 3172 dedecore
1331 3118 1625 3184 replerent;
1652 3114 1737 3168 ille
1768 3129 1892 3167 vero
1920 3112 2016 3166 hac
2045 3114 2250 3167 ratione

682 3212 849 3281 magis
878 3210 1188 3277 Splendidus
1227 3212 1649 3277 conspicuusque
1674 3208 1860 3260 evasit.
1897 3212 1970 3258 Ac
1993 3207 2244 3273 quemad-

681 3304 893 3358 modum
917 3303 1183 3367 dicebant,
1211 3301 1514 3355 Occidaums
1534 3316 1665 3358 cum.
1694 3315 1754 3351 ue
1787 3300 1985 3352 veniant
2015 3297 2247 3358 Romani,

681 3406 726 3446 rt
767 3395 942 3447 tollant
968 3395 1215 3446 civitatem
1246 3402 1466 3446 nostram
1493 3402 1537 3445 et
1567 3402 1759 3462 gentem
1788 3391 1985 3459 (Joan.
2011 3393 2095 3445 ll.
2127 3391 2247 3460 48).

681 3501 732 3542 et
764 3497 1034 3556 po~tquaut
1066 3485 1372 3540 occidi-runt
1409 3500 1552 3547 eum,
1579 3482 1679 3537 hoc
1722 3484 1890 3552 ipsmn
1917 3484 2096 3536 evenit
2127 3501 2140 3535 :
2181 3484 2248 3534 ita

681 3588 734 3630 et
765 3592 901 3630 nunc
932 3576 1134 3644 publice
1161 3574 1306 3629 illutn
1335 3574 1731 3637 crucitixeruut,
1758 3582 1815 3626 ut
1841 3574 1954 3640 ejus
1976 3575 2250 3628 existima-

684 3668 878 3720 tionem
913 3666 1163 3720 l:cdcrcnt
1184 3705 1198 3728 ,
1231 3672 1285 3718 et
1313 3664 1635 3718 ccutrarium
1663 3664 1858 3716 evenit.
1890 3663 2045 3728 Quod
2074 3673 2249 3716 autem

683 3768 992 3827 piucstatem
1023 3759 1276 3812 haberent
1306 3772 1398 3826 per
1422 3758 1628 3826 seipsos
1670 3755 1815 3808 illum
1870 3755 2248 3816 intcrllcietnli,

682 3849 803 3902 audi
837 3849 1060 3903 Pilatum
1085 3848 1133 3902 id
1164 3859 1490 3902 asserentem
1527 3865 1540 3899 :
1584 3848 1804 3915 Accipite
1827 3863 1940 3899 eum
1969 3863 2073 3910 vos,
2100 3858 2147 3899 et
2175 3865 2251 3900 se-

681 3940 897 3992 cundum
922 3940 1076 4006 tegent
1102 3950 1310 3993 vestram
1325 3939 1556 4010 jitdicate
1575 3939 1736 4007 ipsum
1756 3938 1934 4005 (Joau.
1968 3938 2052 3994 l9.
2087 3940 2162 4009 6).
2185 3943 2250 3993 At

681 4030 731 4082 id
767 4031 836 4084 illi
869 4032 1168 4093 noluerunt,
1201 4041 1255 4082 ιιι
1280 4031 1429 4099 quasi
1460 4029 1690 4098 iniquus,
1713 4040 1968 4097 tyrannus
1992 4039 2046 4082 et
2070 4029 2252 4083 factio-

684 4135 775 4173 sus
803 4119 969 4173 occidi
991 4118 1277 4173 videretur.
1296 4120 1629 4188 Quapropter
1649 4118 1878 4171 latrones
1894 4133 2014 4171 cum
2035 4120 2121 4171 illo
2135 4135 2256 4173 cru-

681 4213 980 4271 cinxerunt;
1011 4211 1205 4270 idcirco
1226 4211 1500 4264 dicebant:
1529 4208 1651 4262 Noli
1667 4211 1878 4262 scribere
1894 4211 2029 4264 [tunc
2053 4227 2156 4263 esse
2175 4228 2254 4263 re-

676 4320 785 4372 gem
799 4301 1114 4366 Judcortou,
1133 4303 1220 4356 sed
1236 4301 1377 4355 illum
1393 4319 1445 4355 se
1455 4318 1617 4370 regem
1632 4301 1815 4355 dixisse
1836 4300 1990 4372 (.Iorm
2000 4342 2012 4354 .
2036 4301 2120 4356 19.
2139 4303 2198 4357 21
2211 4307 2251 4369 ).

755 4391 973 4446 Folsitns
995 4409 1082 4460 per
1109 4408 1162 4445 se
1189 4393 1371 4446 solum.
1403 4423 1471 4432 -—-
1501 4393 1622 4445 lla-c
1651 4407 1811 4460 porro
1837 4393 2011 4444 onmia
2039 4409 2137 4462 pro
2169 4409 2252 4447 vc-

677 4486 832 4539 ritate
863 4486 994 4537 facta
1021 4496 1162 4547 sunt,
1197 4494 1253 4536 ut
1279 4500 1344 4536 ne
1371 4485 1553 4537 umbra
1573 4483 1782 4551 quidem
1803 4485 1930 4551 ipsis
1950 4495 2254 4551 superesset

684 4576 1006 4645 impudentis
1032 4575 1378 4628 defensionis.
1420 4574 1476 4628 In
1523 4576 1770 4644 sepulcro
1824 4581 1948 4627 item
1981 4579 2250 4644 signacula

683 4677 734 4720 ct
755 4668 1006 4723 custodiae
1033 4669 1237 4722 veritati
1266 4668 1603 4737 splendorem
1632 4669 1920 4721 attulerunt
1945 4685 1958 4723 :
1993 4669 2132 4738 quod
2166 4671 2246 4738 ip-

681 4775 796 4810 sum
825 4758 968 4812 dicas
992 4758 1057 4812 de
1089 4758 1714 4818 irrisiOuihus.dicteriis.
1746 4759 2102 4812 couttuueliis.
2138 4758 2248 4812 Ilur-

674 4849 906 4915 jusmodi
929 4859 1009 4901 est
1037 4847 1236 4901 falsitas
1267 4868 1277 4901 :
1311 4865 1403 4916 per
1425 4865 1543 4918 quan
1584 4850 1799 4902 insidias
1832 4860 1974 4916 parat
2001 4891 2013 4905 .
2048 4866 2140 4917 per
2164 4867 2252 4904 ea-

675 4940 796 4994 dem
845 4939 1153 4993 dissolvitur
1189 4958 1198 4967 ν
1232 4941 1370 5000 quod
1403 4939 1488 4992 hic
1515 4941 1673 4992 etiam
1705 4942 1941 5008 contigit.
1994 4939 2122 4994 Nam
2158 4941 2248 5011 qui

677 5031 866 5083 vicisse
898 5029 1234 5099 putabantur,
1266 5029 1315 5081 hi
1345 5029 1575 5083 maxime
1603 5029 1803 5098 pudore
1829 5030 2002 5085 affecti
2026 5074 2040 5098 ,
2072 5041 2121 5087 et
2153 5048 2248 5087 su-

676 5122 841 5192 perati
877 5123 1176 5189 perierunt:
1209 5121 1297 5190 qui
1328 5138 1454 5174 vero
1485 5121 1655 5175 victus
1681 5136 1801 5176 esse
1820 5123 2131 5188 videbatur,
2164 5125 2249 5180 hic

678 5214 906 5268 maxime
935 5213 1138 5269 refulsit
1171 5225 1222 5266 et
1257 5215 1530 5267 victoriam
1555 5216 1754 5270 retulit.
1795 5215 1869 5270 Ne
1899 5232 2026 5286 ergo
2053 5218 2247 5288 ubique

676 5305 948 5358 victoriam
976 5322 1297 5374 quaeramus.
1333 5322 1427 5361 nec
1454 5322 1666 5378 semper
1696 5310 1932 5377 superari
1951 5324 2244 5364 vereamur.

677 5396 769 5450 Est
797 5412 917 5450 cum
948 5397 1164 5452 victoria
1219 5414 1409 5452 noxam
1450 5400 1640 5463 affert,
1669 5399 1850 5453 clades
1891 5414 2017 5454 vero
2047 5401 2246 5454 utilita-

675 5503 803 5548 tc-m.
832 5490 963 5547 Nam
991 5491 1126 5546 inter
1150 5507 1265 5556 eos,
1295 5493 1383 5560 qui
1417 5492 1487 5544 ira
1521 5491 1935 5558 inﬂammantur,
1973 5493 2017 5546 is
2059 5494 2248 5550 vicisse

684 5583 885 5638 videtur
913 5582 1004 5654 qui
1037 5584 1215 5652 plures
1242 5583 1860 5651 eoutumeliasjactavit;
1903 5583 1995 5638 sed
2023 5583 2108 5639 hic
2134 5584 2246 5653 ipse

671 5693 694 5723 :i
721 5675 1034 5744 gravissimo
1061 5674 1247 5729 morbo
1269 5685 1546 5742 superatus
1576 5685 1627 5728 et
1659 5673 1818 5728 ltnsus
1843 5686 1925 5728 est
1958 5693 1970 5726 :
2002 5676 2091 5745 qui
2122 5690 2247 5730 vero

679 5766 729 5818 id
752 5764 958 5820 fortiter
985 5766 1100 5818 tulit
1130 5807 1141 5826 ,
1174 5764 1216 5818 is
1247 5763 1368 5817 vicit
1396 5776 1446 5818 ct
1490 5768 1778 5833 superavit.
1805 5764 1868 5818 Et
1900 5765 1988 5821 ille
2031 5766 2244 5836 quidem

675 5875 845 5928 neque
865 5859 1131 5928 proprium
1163 5860 1401 5911 morbum
1426 5860 1761 5929 exstinguere
1790 5860 1954 5929 potuit
1977 5875 1989 5918 ;
2011 5859 2095 5914 hic
2116 5861 2242 5914 alie-

1385 448 1440 504 S.
1479 442 1754 508 JOANNIS
1787 432 2253 495 CllRYSOSTOMl
2297 431 2610 486 AltClllEP.
2651 424 3176 486 CONSTANTINOP.

3832 423 3930 479 τὲιθ

2352 583 2477 620 num
2514 565 2749 621 sustulit.
2810 563 2902 617 Ille
2944 577 2974 615 a
3022 577 3122 615 suo
3159 559 3328 612 victus
3371 567 3488 622 est;
3518 557 3603 611 hic
3649 555 3719 612 de
3759 558 3933 613 aheno

2353 657 2713 727 triumphavit,
2749 669 2847 708 nec
2877 652 3037 706 modo
3069 652 3183 720 ipse
3207 666 3312 702 non
3342 647 3565 702 adustus
3591 657 3675 704 est
3703 689 3718 709 .
3761 648 3852 701 sed
3883 659 3933 702 rt

2352 751 2568 804 alterius
2597 748 2861 802 flammam
2894 747 3255 814 insurgentem
3279 741 3548 795 restinxit.
3575 739 3630 794 Si
3661 747 3840 792 autem
3869 755 3928 794 ea

2352 856 2470 911 qua:
2494 840 2772 893 videbatur
2797 851 2917 891 esse
2938 835 3156 888 victoria
3191 833 3346 902 potiri
3375 831 3652 891 voluisset,
3670 832 3786 899 ipse
3806 847 3930 897 quo.

2349 948 2452 1003 que
2476 932 2644 986 victus
2674 930 2879 994 fuisset,
2903 939 2957 983 et
2985 926 3350 981 adversarium
3368 924 3536 993 magis
3553 921 3928 976 inﬂammasset

2350 1041 2413 1080 ac
2439 1025 2682 1090 laesisset,
2711 1033 2764 1078 et
2786 1032 2844 1077 ut
2872 1023 3108 1077 rixantes
3138 1020 3408 1082 mulieres,
3439 1017 3598 1072 ambo
3629 1025 3858 1083 turptter
3884 1026 3934 1068 et

2352 1114 2731 1169 miserabiliter
2753 1114 2822 1168 ab
2851 1113 2928 1167 ira
2957 1112 3208 1181 prOS'rati
3241 1109 3485 1162 fuissent.
3513 1107 3663 1162 Nunc
3698 1117 3875 1160 autem
3906 1125 3929 1157 ιι

2351 1209 2439 1262 tali
2463 1207 2729 1262 dedecore
2753 1217 2971 1274 ereptus
2999 1205 3044 1257 is
3068 1205 3157 1272 qui
3185 1199 3589 1270 philosophatus
3617 1209 3720 1259 est,
3752 1198 3927 1266 splen-

2351 1299 2532 1352 didum
2564 1309 2820 1368 tropzeum
2851 1307 2904 1350 et
2927 1298 2977 1350 in
3010 1311 3068 1348 se
3091 1308 3139 1349 et
3175 1295 3227 1348 in
3253 1292 3560 1346 adversario
3589 1302 3776 1344 contra
3803 1291 3930 1343 iram

2351 1391 2542 1454 erexit,
2575 1389 2793 1459 quando
2823 1387 3063 1456 superari
3098 1387 3240 1441 visus
3261 1395 3362 1438 est.
3421 1416 3443 1431 .

2420 1483 2473 1537 ι.
2519 1480 2647 1534 Vera
2699 1480 2903 1533 victoria
2948 1493 3039 1546 per
3092 1477 3385 1546 patientiam
3413 1483 3719 1541 reportatur.
3745 1501 3818 1514 —
3839 1472 3928 1537 Nc,

2350 1591 2556 1644 quarso,
2587 1575 2780 1644 ubique
2809 1573 3085 1627 victoriam
3111 1583 3432 1640 quaeramus.
3463 1565 3623 1622 Certe
3651 1566 3739 1632 qui
3773 1565 3926 1629 la-sit,

2352 1666 2536 1721 laesum
2558 1667 2703 1731 vicit,
2735 1664 2826 1719 sed
2854 1663 3154 1734 perniciosa
3175 1659 3396 1714 victoria
3417 1699 3434 1724 ,
3459 1674 3578 1729 qua:
3602 1657 3832 1712 exitium
3862 1657 3928 1708 vi.

2351 1760 2482 1814 ctori
2511 1757 2696 1812 afferat
2728 1774 2741 1810 :
2767 1757 2856 1826 qui
2887 1769 3016 1809 vero
3033 1754 3192 1807 laesus
3218 1761 3298 1806 est
3328 1761 3382 1805 et
3406 1750 3577 1803 victus
3603 1748 3817 1802 videtur
3849 1790 3863 1810 ,
3890 1749 3931 1802 si

2352 1849 2650 1920 philosophi
2688 1862 2838 1901 more
2879 1846 2929 1898 id
2960 1843 3126 1908 ferat,
3161 1842 3247 1897 hic
3274 1857 3398 1896 vere
3427 1854 3683 1894 coronam
3728 1837 3926 1892 retulit.

2352 1943 2507 2013 Saepe
2538 1959 2774 2014 namque
2817 1943 3060 2012 superari
3094 1941 3285 1994 melius
3325 1947 3445 1993 est:
3480 1937 3567 1991 hic
3608 1952 3773 2005 porro
3800 1936 3931 2001 Opti-

2352 2052 2469 2091 mus
2495 2045 2578 2090 est
2616 2036 2853 2090 victoria:
2888 2037 3098 2090 modus.
3129 2033 3258 2088 Nam
3290 2033 3402 2086 sive
3430 2031 3549 2100 quis
3572 2030 3742 2099 rapiat
3777 2069 3790 2093 ,
3823 2030 3932 2082 sive

2352 2128 2628 2197 percutiat,
2658 2130 2776 2182 sive
2807 2125 3041 2182 invideat
3074 2168 3086 2186 .
3133 2125 3221 2195 qui
3254 2125 3481 2177 vincitur
3505 2164 3522 2188 ,
3555 2137 3654 2176 nec
3689 2137 3790 2174 una
3812 2135 3931 2174 cum

2351 2219 2441 2273 illo
2459 2219 2754 2282 contendit,
2779 2219 2822 2272 is
2852 2233 2974 2273 vere
3003 2218 3173 2272 victor
3195 2225 3297 2272 est.
3325 2215 3520 2284 Ecquid
3547 2215 3739 2284 loquor
3758 2212 3828 2266 de
3855 2228 3938 2267 ra-

2352 2312 2473 2382 pina
2505 2321 2557 2367 et
2581 2312 2773 2366 invidia
2803 2312 2827 2364 ?
2853 2310 2952 2378 Qui
2981 2310 3047 2364 ad
3078 2309 3387 2380 martyrium
3417 2306 3648 2360 trahitur
3671 2346 3686 2367 ,
3717 2305 3790 2358 ita
3820 2306 3934 2357 vin-

2352 2405 2443 2467 cit,
2473 2405 2699 2465 vinctus,
2731 2403 3042 2474 flagellatus,
3074 2402 3340 2460 concisus.
3357 2398 3650 2469 iugulatus.
3684 2400 3748 2450 At
3773 2413 3856 2462 me
3881 2406 3933 2448 ut

2356 2492 2407 2547 itt
2435 2495 2588 2548 bellis
2613 2494 2752 2548 vinci
2778 2492 2971 2546 dicitur
3009 2492 3054 2546 is
3079 2492 3167 2562 qui
3195 2491 3337 2546 cadit
3365 2533 3380 2554 ,
3416 2489 3645 2559 idipsutu
3673 2487 3815 2555 apud
3844 2503 3935 2539 nos

2355 2585 2574 2638 victoria
2606 2592 2710 2639 est.
2744 2583 3014 2653 Nusquam
3046 2584 3188 2638 enim
3221 2582 3357 2636 male
3383 2589 3602 2648 agentes
3631 2580 3894 2632 vincimus
3917 2619 3932 2642 ,

2353 2677 2447 2731 sed
2477 2677 2670 2744 ubique
2694 2676 2828 2730 mala
2854 2679 3134 2745 patientes.
3159 2674 3307 2728 Tunc
3328 2671 3755 2741 splendidissima
3775 2672 3936 2725 victo-

2356 2768 2488 2822 torla
2511 2776 2612 2832 est,
2639 2783 2759 2823 cum
2783 2765 3032 2837 patiendo
3063 2776 3318 2822 nocentes
3349 2764 3631 2820 vincimus.
3672 2762 3807 2818 llinc
3847 2775 3933 2816 os-

2355 2862 2590 2916 tenditur
2615 2877 2643 2913 a
2677 2860 2788 2915 Deo
2825 2875 2945 2914 esse
2986 2858 3260 2912 victoriam
3287 2899 3302 2918 .
3335 2872 3452 2926 qua:
3493 2866 3736 2909 naturam
3780 2852 3937 2907 habet

2354 2953 2681 3006 cootrariam
2711 2962 2949 3006 externa:
2976 2950 3048 3004 illi
3083 2949 3317 3004 victoria:
3349 2965 3362 3000 :
3394 2946 3550 3017 idque
3573 2947 3804 2999 maxime
3833 2943 3936 2996 for-

2357 3044 2595 3096 titudinis
2620 3050 2989 3110 argumentum
3013 3049 3116 3094 est.
3145 3038 3233 3095 Sic
3255 3040 3471 3093 marium
3495 3046 3656 3107 petne
3674 3050 3936 3104 percussa

2356 3135 2548 3190 ﬂuctus
2588 3135 2887 3188 dissolvunt
2921 3151 2932 3183 :
2967 3131 3044 3184 sic
3071 3131 3240 3184 sancti
3271 3144 3458 3184 omnes
3497 3127 3754 3182 celebrati
3783 3141 3930 3180 coro-

2358 3243 2476 3278 nam
2501 3225 2814 3280 rciuleruut.
2849 3220 3231 3292 splendidaque
3250 3227 3448 3290 troptra
3468 3228 3776 3278 erexerunt.
3803 3217 3937 3272 hanc

2358 3333 2462 3370 non
2491 3315 2821 3368 contentiose
2848 3313 3120 3367 victoriam
3151 3311 3482 3381 consequuti.
3515 3309 3592 3364 Ne
3617 3320 3668 3364 te
3697 3323 3934 3371 moveas,

2361 3408 2524 3475 inquit
2554 3449 2568 3472 ,
2604 3422 2701 3460 nec
2729 3403 3076 3474 defatigeris:
3114 3405 3253 3457 licus
3281 3403 3417 3456 hanc
3445 3402 3537 3455 tibi
3570 3401 3933 3456 fortitudinem

2360 3498 2566 3558 indidit,
2601 3508 2656 3550 ut
2679 3511 2781 3549 non
2805 3511 2868 3550 ex
2890 3510 3176 3563 congressu
3202 3495 3404 3559 vincas,
3425 3493 3517 3549 sed
3541 3494 3790 3562 patiendo
3820 3504 3934 3548 tan-

2361 3600 2489 3643 tum.
2539 3589 2613 3642 Ne
2653 3591 2820 3643 ariem
2866 3589 3095 3642 instruas
3125 3628 3142 3652 ,
3189 3595 3245 3642 et
3285 3588 3558 3642 victoriam
3600 3588 3804 3642 referes
3833 3604 3846 3637 :
3872 3603 3936 3642 ne

2357 3683 2749 3751 congrediaris,
2783 3692 2836 3734 et
2873 3681 3252 3742 coronabcris;
3308 3681 3463 3748 longe
3509 3679 3701 3733 fortior
3749 3688 3935 3749 [mttu-

2362 3780 2568 3845 tiorque
2611 3791 2670 3829 es
2719 3775 3025 3829 adversario
3054 3784 3162 3828 tuo.
3196 3772 3304 3828 Cur
3330 3785 3381 3827 te
3411 3772 3678 3828 dedecore
3720 3773 3936 3827 afficis?

2360 3867 2433 3921 Ne
2461 3868 2557 3921 des
2586 3867 2659 3920 illi
2689 3867 2860 3920 locum
2890 3865 3101 3919 dicendi
3143 3875 3195 3918 te
3231 3879 3578 3935 congressum
3607 3864 3820 3926 vii-isse,
3845 3863 3932 3918 sed

2362 3959 2600 4025 relinque
2632 3957 2776 4009 illum
2823 3965 3124 4026 stupentem
3177 3966 3335 4025 atque
3387 3956 3638 4008 invictam
3688 3955 3933 4008 virtutem

2362 4062 2502 4103 tuam
2541 4050 2822 4102 mirantem
2854 4092 2868 4113 ,
2907 4049 3259 4117 omnibusque
3285 4048 3553 4102 dicentem
3581 4058 3630 4102 te
3659 4052 3777 4102 sine
3807 4063 3934 4103 con.

2359 4159 2543 4208 gressu
2577 4144 2783 4197 vicisse.
2819 4142 2906 4196 Sic
2927 4153 2980 4196 ct
3009 4144 3193 4196 beatus
3223 4140 3420 4209 Jusepll
3464 4140 3654 4211 ubique
3682 4140 3933 4210 pradica-

2362 4248 2445 4288 tur
2473 4278 2488 4299 ,
2524 4235 2664 4304 quod
2698 4234 2833 4287 male
2883 4233 3128 4301 patiendo
3178 4235 3374 4286 malum
3410 4234 3698 4286 inferentes
3729 4233 3930 4287 vicerit.

2359 4327 2487 4381 Nam
2520 4326 2852 4379 insidiatores
2883 4325 2954 4377 illi
2989 4325 3136 4378 t'ucre
3164 4324 3352 4376 fratres
3383 4333 3436 4377 et
3461 4322 3704 4393 Egvpfia
3724 4325 3931 4379 mulier:

2358 4435 2538 4470 verum
2568 4432 2754 4470 omnes
2794 4417 2881 4470 ille
2915 4417 3206 4482 superavit.
3244 4415 3320 4470 Ne
3347 4415 3475 4468 mihi
3501 4431 3774 4470 carcerem
3804 4456 3821 4481 ,
3851 4416 3932 4469 ubi

2357 4513 2642 4566 conclusus
2676 4513 2790 4575 fuit,
2825 4526 2889 4564 ne
2921 4511 3139 4579 regiam,
3174 4509 3259 4563 ubi
3288 4521 3493 4564 versata
3539 4522 3615 4564 est
3650 4511 3734 4564 illa
3758 4553 3774 4574 ,
3805 4513 3934 4566 allv-

2357 4618 2450 4671 gcs
2479 4619 2493 4665 ;
2527 4603 2618 4656 sed
2651 4601 2874 4656 omende
2901 4603 3026 4656 mihi
3059 4603 3177 4670 quis
3202 4603 3392 4662 victus.
3417 4603 3538 4672 quis
3557 4604 3724 4658 victor
3755 4602 3927 4666 fuerit,

2358 4696 2474 4764 quis
2506 4695 2556 4746 in
2586 4708 2814 4747 mmrore
2844 4693 3000 4746 fuerit
3031 4735 3045 4752 .
3083 4693 3203 4761 quis
3249 4693 3300 4746 in
3353 4694 3640 4764 voluptate.
3675 4694 3765 4748 Illa
3795 4695 3930 4749 enim

2357 4802 2460 4839 nou
2491 4785 2648 4838 modo
2675 4789 2896 4854 justum,
2928 4783 3020 4840 sed
3052 4799 3149 4836 nec.
3173 4784 3331 4836 animi
3364 4786 3606 4840 morbum
3633 4800 3790 4839 suum
3821 4789 3931 4838 vin-

2357 4894 2480 4932 cere
2510 4879 2718 4946 potuit:
2753 4878 2839 4930 illc
2883 4891 3011 4931 vero
3041 4888 3090 4928 et
3120 4875 3261 4929 illam
3294 4885 3348 4929 et
3381 4876 3758 4946 gravissimum
3791 4893 3932 4930 mor-

2359 4973 2479 5025 bum
2506 4971 2790 5039 superavit.
2821 4970 2874 5024 Si
2901 4970 2999 5030 vis,
3035 4971 3143 5034 ipsa
3174 4971 3330 5023 verba
3360 4969 3566 5033 audias.
3595 4981 3649 5025 et
3675 4979 3928 5038 tropaauu

2360 5062 2562 5116 videbis
2587 5062 2602 5094 ¹
2632 5079 2644 5112 :
2670 5061 2941 5114 Adduxiin
2962 5061 3102 5114 nobis
3122 5063 3219 5112 huc
3239 5076 3444 5125 puerum
3475 5059 3767 5128 Hebreum,
3792 5075 3848 5116 ut
3871 5062 3932 5114 il-

2356 5155 2548 5208 luderet
2571 5154 2712 5208 nobis
2743 5153 2894 5225 (Gen.
2927 5153 3017 5207 '59.
3056 5153 3163 5222 ll).
3194 5152 3306 5206 Non
3334 5153 3423 5208 ille
3447 5152 3634 5216 illusit,
3657 5171 3692 5205 ο
3717 5157 3929 5214 misera.

2353 5249 2444 5303 sed
2477 5247 2736 5309 diabolus,
2769 5247 2856 5316 qui
2879 5247 3031 5308 dixit,
3059 5256 3115 5300 te
3137 5259 3292 5316 posse
3313 5244 3650 5301 adamatam
3667 5247 3927 5318 frangere:

2355 5359 2460 5398 non
2481 5342 2568 5396 ille
2586 5342 2676 5395 tibi
2697 5340 2901 5394 induxit
2923 5355 3144 5408 puerum
3163 5338 3442 5393 Hehrmum
3467 5340 3553 5408 qui
3575 5340 3928 5399 insidiari-tur.

2355 5436 2446 5490 sed
2469 5433 2946 5502 malignnstla'ntou
2969 5431 3056 5499 qui
3074 5431 3333 5499 impuram
3350 5429 3618 5486 iaecivitttn
3647 5431 3857 5496 indidit,
3887 5433 3928 5485 is

2355 5527 2446 5580 tihi
2479 5526 2661 5580 illusit.
2686 5523 2821 5591 Quid
2849 5537 2978 5592 ergo
3006 5522 3202 5591 .loseph
3225 5522 3246 5574 ?
3269 5521 3432 5576 Tacet
3457 5562 3473 5586 ,
3515 5533 3676 5588 atque
3703 5524 3773 5577 ita
3802 5539 3924 5578 con-

2353 5620 2655 5682 demnatur,
2688 5615 3132 5686 qttetnatlmmlum
3187 5623 3239 5667 et
3291 5613 3554 5668 Christus.
3591 5613 3682 5670 Illa
3740 5614 3928 5687 quippe

2352 5713 2526 5770 omnia
2557 5711 2744 5764 horum
2765 5721 2912 5764 erant
2940 5709 3138 5778 ﬁgurm.
3166 5708 3228 5762 Et
3253 5705 3339 5763 ille
3363 5699 3577 5778 quidétn
3602 5707 3658 5763 in
3687 5709 3926 5774 vinculis,

2415 5872 2430 5900 ι
2459 5870 2570 5925 Atii,
2594 5875 2635 5915 et
2660 5864 2840 5914 ructus
2871 5863 3103 5927 Quomodo
3137 5861 3321 5912 cladem
3355 5868 3600 5925 acerptmst
3621 5869 3840 5925 argum.
