4156 6540
208 504 316 561 7S7

209 608 302 669 illa
330 614 382 667 in
403 609 548 682 regia
575 618 712 667 erat.
740 608 807 664 Et
836 606 963 679 quid
992 607 1139 663 hoc?
1167 606 1257 663 Ille
1316 621 1540 679 namque
1567 615 1684 661 erat
1706 620 1799 661 co-

208 714 407 762 ronato
434 704 626 775 quovis
648 701 1006 774 splendidior,
1028 701 1132 757 etsi
1151 700 1357 757 catenis
1380 709 1607 756 OllllSlus
1640 716 1654 753 :
1684 695 1800 753 haec

208 814 342 853 vero
367 798 545 852 vincto
572 794 763 865 quovis
783 792 1035 849 miserior
1063 794 1115 847 in
1148 792 1311 863 regiis
1340 792 1589 847 thalamis
1620 804 1801 847 versa-

209 900 390 945 natur.
418 888 523 944 Sed
548 903 652 942 non
682 885 805 941 hinc
836 887 1033 946 solum.
1061 884 1157 940 sed
1184 885 1253 940 ab
1273 884 1392 955 ipso
1418 883 1566 940 exitu
1586 892 1643 940 et
1671 882 1797 949 line,

206 989 264 1035 et
301 980 581 1034 victoriam
621 986 675 1032 et
716 975 924 1032 cladem
954 974 1136 1031 videre
1160 976 1304 1031 licet.
1330 975 1460 1044 Quis
1484 976 1628 1031 enim
1659 975 1801 1046 quod

205 1071 378 1126 voluit
402 1081 589 1125 nactus
616 1078 719 1135 est,
750 1068 962 1124 vinctus
989 1082 1057 1123 an
1079 1069 1263 1138 regina
1294 1069 1310 1100 ⁸
1335 1070 1360 1122 ἲ
1376 1068 1475 1125 llle
1500 1069 1800 1129 castitatem

204 1176 435 1216 servare
457 1170 684 1215 conatus
705 1168 788 1216 est
812 1200 826 1225 ,
858 1158 951 1215 illa
980 1158 1195 1229 eripere
1218 1158 1403 1215 voluit.
1433 1158 1564 1228 Quis
1588 1174 1717 1231 ergo
1748 1158 1802 1215 id

274 1362 291 1392 ι
325 1359 523 1419 Quidam
546 1359 789 1409 habent...
814 1364 989 1408 Nactus
1017 1362 1089 1408 est
1108 1352 1133 1405 .’
1153 1355 1355 1415 vitulus,
1372 1354 1459 1407 sed
1493 1367 1588 1407 non
1610 1354 1797 1420 regina.

216 1455 3250 1483 __________________________________________________

1097 495 1169 553 ιΝ
1208 493 1615 554 ΜΑῚἼἮΕΠΜ
1649 491 1878 549 1103111..
1921 490 2186 547 LXXXV.
2228 492 2299 545 al.
2344 489 2628 546 LXXXVI.

3407 487 3510 543 758

1903 604 2046 675 quod
2078 602 2287 659 volebat
2327 603 2506 660 cll'ccit
2532 604 2668 674 tqui
2709 602 2851 659 male
2901 616 3092 674 passus
3119 612 3202 659 est
3233 646 3249 671 ,
3290 618 3358 659 an
3386 619 3511 676 qua:

1903 695 2045 752 male
2071 694 2196 750 fecit
2221 695 2245 748 ?
2275 695 2500 751 Planum
2529 705 2613 751 est
2633 709 2757 752 eum
2780 693 2873 767 qui
2892 693 3035 750 male
3062 709 3251 765 passus
3276 704 3383 751 est.
3406 695 3505 752 llic

1904 803 2035 861 ergo
2063 799 2147 845 est
2171 789 2263 861 qui
2292 789 2438 845 vicit.
2463 789 2590 845 Haec
2614 804 2738 845 cum
2753 788 2991 845 sciamus
3018 829 3035 854 ,
3068 788 3207 844 hanc
3234 789 3513 861 patientia:

1905 880 2182 953 victoriam
2210 896 2595 951 persequamur
2624 898 2638 948 ;
2673 881 2819 937 illam
2844 895 2975 936 vero
2997 878 3243 950 iniuriam
3269 879 3511 938 inferen-

1907 976 2037 1032 tium
2084 974 2370 1046 fugiamus.
2415 974 2507 1030 Sic
2534 974 2681 1031 enim
2712 982 3037 1044 prasentem
3066 972 3234 1027 vitam
3275 974 3513 1044 negotiis

1908 1069 2131 1125 liberam
2166 1077 2223 1124 et
2260 1081 2488 1138 prorsus
2526 1065 2873 1135 tranquillam
2902 1064 3171 1121 ducemus
3204 1104 3219 1127 ,
3248 1073 3305 1118 et
3332 1064 3509 1120 futura

1906 1162 2047 1217 bona
2067 1166 2464 1231 consequemur
2486 1202 2501 1228 ,
2524 1161 2694 1231 gratia
2725 1169 2782 1214 et
2809 1156 3143 1229 benignitate
3169 1156 3382 1212 Domini
3406 1172 3511 1213 no-

1905 1256 2004 1311 stri
2032 1254 2160 1310 Jesu
2189 1252 2389 1309 Christi
2416 1296 2429 1318 ,
2463 1253 2551 1310 cui
2587 1253 2756 1325 gloria
2796 1264 2854 1309 et
2894 1252 3180 1323 imperium
3233 1250 3287 1304 in
3315 1251 3509 1306 mula

1906 1345 2247 1402 saeculorum.
2273 1346 2469 1400 Amen.

1244 1532 1591 1595 HOMILIA
1636 1531 1960 1593 LXXXV.
2005 1532 2091 1594 al.
2137 1531 2495 1593 LXXXVI.

200 1663 336 1717 Car.
388 1659 499 1715 26.‘
536 1673 588 1712 ν.
638 1657 727 1713 67.
774 1654 919 1711 Tunc
946 1664 1194 1725 spumat
1240 1658 1297 1708 in
1344 1654 1526 1726 faciem
1567 1655 1678 1724 ejus
1705 1695 1720 1721 ,
1750 1663 1798 1706 et

279 1749 520 1820 colaphis
549 1763 664 1802 eum
689 1747 975 1802 ceciderunt
1003 1762 1021 1807 ;
1062 1744 1154 1798 alii
1186 1756 1357 1799 autem
1395 1744 1592 1815 palmas
1633 1745 1687 1798 in
1710 1743 1799 1813 {a-

274 1844 406 1896 ciem
443 1842 555 1912 cjus
583 1838 850 1903 dederunt,
879 1836 976 1903 68,
996 1836 1215 1897 dicentes
1233 1851 1252 1889 :
1280 1835 1593 1904 Prophetisa
1617 1835 1758 1892 nobis
1777 1874 1795 1902 ,

274 1934 497 1997 Christe,
525 1931 639 2003 quis
659 1940 729 1985 est
758 1930 848 2001 qui
872 1939 919 1983 ts
941 1929 1188 1999 percussit
1214 1929 1241 1982 2
1277 1937 1385 1985 etc.

282 2039 333 2091 l.
366 2034 669 2087 Iudaeorum
694 2033 891 2103 objecta
916 2029 1209 2086 crudelitas.
1239 2027 1684 2101 Euangelistarum
1708 2044 1798 2083 ve-

204 2129 395 2182 racitas
413 2124 922 2181 admiranda.—Cur
948 2123 1049 2179 hoc
1074 2121 1375 2189 faciebant,
1408 2138 1529 2177 cum
1560 2122 1791 2177 occisuri

207 2220 361 2274 illum
387 2227 570 2274 essent
599 2216 769 2287 ?qaid
789 2230 928 2286 Opus
956 2213 1263 2285 huiusmodi
1287 2213 1577 2278 comtndia,
1611 2213 1713 2269 nisi
1743 2224 1802 2267 ut

206 2309 510 2381 petulantes
541 2308 754 2363 illorum
784 2323 964 2363 mores
991 2306 1043 2362 in
1072 2306 1322 2361 omnibus
1358 2313 1673 2376 perspectos
1701 2306 1801 2361 ha-

205 2406 338 2459 beas
362 2403 386 2456 ?
406 2403 494 2474 qui
518 2402 675 2474 quasi
702 2410 897 2457 venatu
927 2400 1163 2465 invento,
1191 2400 1271 2455 sic
1297 2414 1449 2455 suam
1474 2398 1800 2455 exercebant

204 2495 574 2566 petulantiam,
594 2493 903 2564 insaniaqne
923 2491 1132 2563 repleti,
1153 2490 1255 2547 hoc
1278 2490 1430 2561 quasi
1452 2489 1643 2546 festum
1660 2490 1802 2546 cele-

204 2588 454 2653 brabant,
466 2604 585 2643 cum
597 2587 867 2657 voluptate
880 2586 1164 2650 irruentes,
1179 2583 1609 2654 etsanguinarios
1623 2598 1799 2639 mores

201 2676 626 2734 cxbibcutes.’l‘u
640 2674 1312 2749 verodiscipulornm,b:ec
1327 2690 1449 2731 cum
1466 2683 1611 2731 tanta
1632 2690 1797 2732 accu-

203 2774 413 2829 ratione
434 2772 788 2838 narrantium,
810 2769 1202 2842 philosophiam
1226 2769 1458 2826 mireris.
1481 2769 1629 2826 Unde
1642 2784 1798 2825 amor

202 2864 444 2920 veritatis
459 2865 515 2919 in
545 2863 647 2919 illis
660 2862 1075 2929 demonstratur,
1108 2863 1231 2933 quia
1260 2877 1379 2933 qua:
1396 2862 1655 2932 probrosa
1675 2878 1798 2918 esse

203 2956 548 3022 videbantur,
573 2971 695 3011 cum
716 2955 861 3010 omni
878 2955 1102 3009 veritate
1119 2962 1362 3019 narrant,
1391 2952 1522 3007 nihil
1538 2952 1793 3019 celantes,

202 3067 310 3105 Ion
336 3049 736 3114 erubescentes,
758 3048 852 3104 sed
879 3048 1099 3118 gloriam
1135 3057 1380 3116 putantes
1400 3047 1710 3114 maximam,
1738 3056 1798 3102 ut

203 3156 391 3195 revera
412 3150 549 3204 erat,
575 3139 716 3210 quod
734 3139 989 3195 Dominus
1011 3138 1155 3195 orbis
1179 3138 1301 3193 talia
1320 3153 1414 3207 pro
1436 3137 1590 3193 nobis
1608 3152 1798 3208 passus

201 3241 364 3287 esset.
394 3230 505 3287 lloc
526 3232 643 3300 ejus
660 3230 1046 3301 providentiam
1068 3229 1392 3285 iueifabilem
1424 3271 1440 3294 ,
1473 3229 1797 3300 illormnqae

202 3323 495 3392 nequitiam
517 3322 671 3378 venia
695 3322 966 3393 indignam
994 3321 1326 3391 comprobat,
1352 3320 1446 3393 qui
1477 3320 1603 3376 talia
1623 3322 1793 3377 aude-

202 3403 337 3457 bant
394 3410 586 3457 contra
634 3402 818 3458 mitem
863 3414 1320 3474 mansuctumque
1373 3402 1548 3467 illum,
1593 3403 1787 3473 hisque

200 3489 327 3544 illos
356 3490 537 3545 verbis
575 3491 992 3561 compellantcm
1022 3508 1147 3564 qua:
1170 3493 1379 3548 leonem
1403 3508 1604 3563 agnum
1637 3494 1787 3551 face—

204 3595 263 3636 re
289 3581 619 3651 potuissent.
644 3579 789 3637 Nihil
810 3583 981 3649 enim,
1021 3582 1155 3638 nihil
1178 3584 1263 3639 vel
1289 3582 1382 3638 ille
1402 3586 1780 3640 mansuetudi-

202 3670 309 3733 nis,
324 3670 408 3727 vel
432 3671 506 3727 illi
521 3672 865 3728 contumeliae
876 3682 929 3728 et
941 3674 1284 3730 crudelitatis
1297 3687 1442 3731 retro
1454 3677 1792 3747 reliquerunt

202 3775 297 3816 seu
311 3760 476 3817 factis
493 3778 587 3817 seu
607 3763 812 3819 verbis.
832 3763 966 3831 Quae
980 3765 1163 3820 omnia
1178 3763 1352 3823 lsaias
1368 3768 1633 3839 propheta
1653 3786 1788 3841 prte-

201 3855 492 3919 nuntiavii,
533 3870 644 3909 uno
680 3858 847 3912 verbo
888 3871 1105 3913 omnem
1140 3861 1529 3916 contumeliam
1571 3863 1783 3919 descri-

206 3939 344 3995 bens
377 3961 390 3996 :
430 3939 893 4006 Quemadmodum
946 3943 1313 4014 obstupescent
1361 3963 1521 4017 super
1537 3959 1587 4003 te
1612 3949 1789 4017 multi,

200 4030 276 4084 sic
333 4032 595 4101 inglorius
646 4033 747 4087 erit
777 4034 919 4103 apud
980 4034 1218 4092 homines
1278 4048 1523 4107 aspectus
1562 4050 1709 4105 tuus,
1740 4053 1791 4096 et

198 4120 373 4189 gloria
399 4131 490 4174 tua
520 4122 658 4174 inter
678 4121 819 4191 ﬁlios
842 4124 1112 4179 hominum
1140 4127 1158 4196 (
1190 4125 1327 4183 Isai.
1353 4128 1441 4183 52.
1480 4128 1608 4199 id}.
1647 4131 1789 4198 Quid

208 4207 337 4262 huic
366 4210 716 4266 contumeliae
742 4228 838 4276 par
865 4214 1031 4268 luerit
1054 4213 1078 4267 ?
1099 4214 1156 4268 ln
1186 4215 1381 4271 faciem
1413 4216 1583 4283 illam,
1617 4237 1786 4289 quam

200 4293 387 4351 viduus
412 4312 559 4350 mare
578 4299 873 4353 reverituin
892 4309 1001 4365 est,
1022 4318 1190 4372 quam
1218 4303 1271 4358 in
1294 4319 1459 4361 cruce
1474 4306 1557 4361 sol
1574 4308 1787 4377 videns,

197 4381 380 4435 radios
429 4398 562 4437 suos
586 4384 694 4439 alio
726 4396 923 4442 avertit
954 4389 970 4419 ‘
995 4430 1011 4451 ,
1041 4390 1441 4460 conspuebant,
1476 4393 1663 4464 alapas
1685 4395 1791 4450 im-

201 4467 517 4548 pingebant,
537 4470 657 4539 ejus
679 4484 847 4543 caput
857 4477 1249 4544 percutiebant.
1270 4479 1484 4537 insania
1502 4498 1599 4538 sua
1623 4498 1788 4553 supra

208 4558 431 4613 modum
453 4558 687 4629 abrepti.
707 4560 902 4633 Plagas
918 4566 1064 4619 enim
1082 4568 1329 4622 omnium
1348 4572 1789 4628 contumeliosis-

203 4643 373 4701 simas
406 4646 733 4711 intulerunt,
786 4651 1032 4720 colaphis
1065 4654 1356 4719 euadentes,
1390 4660 1784 4726 percutientes.

200 4732 485 4807 plagisque
502 4746 790 4806 sputorum
808 4755 867 4793 ci,
881 4741 1118 4794 avicium
1135 4743 1479 4799 addiderunt.
1501 4745 1789 4818 Verbaque

202 4836 396 4879 mrsus
414 4823 712 4881 derisionis
732 4827 887 4894 plena
924 4827 1292 4896 proferebant,
1314 4832 1561 4887 dicentes
1586 4851 1601 4888 :
1644 4830 1786 4889 Pro-

202 4911 411 4976 phetiza
442 4912 616 4978 nobis,
652 4912 881 4973 Christe.
904 4918 1022 4983 quis
1056 4929 1133 4969 est
1161 4920 1251 4989 qui
1269 4923 1587 4991 tepcrcussil
1608 4924 1785 4993 ?quo-

198 4997 340 5050 niam
360 4998 546 5069 ipsum
573 5016 697 5055 esse
725 5002 1045 5071 prophetam
1068 5005 1312 5076 plerique
1327 5007 1608 5065 dicebant.
1629 5008 1788 5067 Alius

196 5080 366 5149 (Luc.
397 5085 490 5140 92.
517 5086 587 5142 64
618 5088 635 5154 )
662 5099 843 5144 autem
884 5092 1041 5155 dicit,
1092 5100 1240 5163 ipsos
1294 5095 1433 5153 facie
1481 5099 1602 5169 ejus
1638 5110 1787 5156 veste

193 5170 474 5242 obvoluta,
505 5176 581 5230 ita
602 5175 823 5241 fecisse,
847 5182 1007 5250 quasi
1031 5182 1291 5238 infamem
1313 5200 1376 5242 ac
1400 5189 1603 5243 nullius
1624 5191 1785 5259 pretii

196 5261 467 5346 nominem
496 5263 550 5318 in
598 5265 778 5346 medio
818 5268 1158 5325 habuissent.
1180 5266 1246 5324 Et
1271 5289 1381 5328 non
1413 5275 1568 5331 liberi
1598 5278 1785 5346 modo,

196 5340 288 5393 sed
310 5341 475 5397 etiam
498 5344 636 5397 servi
662 5343 779 5399 haec
798 5346 1096 5413 petulanter
1110 5361 1295 5404 contra
1322 5353 1494 5420 ipsum
1520 5340 1781 5417 iecerunt:

199 5424 320 5483 llaec
348 5430 588 5502 legamus
617 5433 927 5504 frequenter
948 5480 961 5501 ,
994 5437 1109 5494 haec
1133 5440 1415 5498 audiamus
1445 5452 1502 5498 ut
1530 5461 1623 5515 par
1647 5458 1733 5504 est
1766 5492 1779 5515 ,

199 5515 309 5573 hinc
336 5522 386 5576 in
406 5524 605 5579 animis
645 5530 847 5583 nostris
879 5530 1215 5597 scribamus;
1249 5533 1365 5591 haec
1386 5539 1584 5609 quippe
1629 5544 1783 5599 nobis

201 5610 524 5699 honorabilia
554 5630 702 5673 sunt.
741 5622 794 5675 in
825 5622 907 5677 his
934 5641 1033 5695 ego
1064 5629 1230 5683 altum
1262 5630 1445 5699 sapio,
1476 5649 1583 5690 non
1606 5638 1777 5694 solmu

198 5698 263 5755 de
286 5706 427 5762 mille
445 5711 673 5766 mortuis
701 5727 835 5783 quos
863 5716 1139 5773 suscitavit
1160 5762 1173 5781 .
1206 5720 1301 5776 sed
1328 5698 1494 5777 etiam
1538 5726 1605 5780 de
1648 5744 1776 5784 ειυς

199 5791 419 5853 ciatibus
449 5815 585 5871 quos
616 5817 816 5871 passes
837 5816 938 5862 est.
969 5808 1092 5866 llaec
1112 5813 1409 5883 srpissime
1436 5815 1629 5874 Paulus
1655 5836 1772 5876 ver-

257 5925 271 5958 '
308 5925 416 5987 Alii.
443 5933 609 5985 radios
626 5949 739 5987 suos
778 5952 783 5957 ’
824 5938 1023 5990 ':"t/zrtt.

502 6032 765 6094 Farne.
986 6036 1199 6097 Ll'lll.

1906 1662 2009 1721 sat,
2036 1668 2252 1709 crucem
2278 1652 2423 1719 dico,
2457 1663 2711 1719 mortem,
2744 1653 3014 1709 cruciatus
3037 1694 3055 1721 ,
3083 1653 3348 1727 convicia,
3380 1668 3513 1708 ron-

1904 1746 2172 1809 tnmelias,
2196 1745 2445 1802 dicteria.
2481 1745 2549 1801 Et
2574 1745 2736 1801 modo
2769 1744 2987 1814 quidem
3013 1744 3090 1800 ait
3110 1787 3124 1805 .
3160 1744 3423 1801 Exeamus
3443 1748 3512 1799 ad

1902 1838 2091 1905 ipsum,
2116 1836 2452 1909 opprobrium
2474 1838 2589 1905 eius
2617 1842 2835 1909 {ereum
2855 1836 3041 1911 (Hebr.
3076 1838 3165 1894 13.
3182 1836 3271 1910 l3)
3297 1854 3313 1903 ;
3350 1835 3514 1893 modo

1901 1938 2103 1994 autem,
2138 1929 2240 1997 Qui
2266 1947 2360 1999 pro
2387 1929 2579 2001 gaudio
2606 1930 2702 1983 sibi
2729 1929 2991 1999 proposito
3021 1945 3221 1984 ducem
3246 1930 3510 1993 sustinuit,

1900 2020 2182 2092 ignominia
2201 2029 2491 2092 contempta
2523 2018 2705 2093 (Ibid.
2737 2020 2828 2077 ιε.
2849 2019 2887 2074 2
2911 2020 2952 2089 ).
2996 2020 3088 2077 69.
3121 2018 3309 2076 Petrus
3338 2031 3510 2075 autem

1902 2113 2030 2183 foris
2072 2113 2278 2169 sedebat
2317 2114 2374 2169 in
2419 2113 2553 2169 atrio
2573 2131 2595 2168 :
2624 2124 2672 2169 et
2696 2116 2909 2168 accessit
2937 2122 3005 2167 aa
3034 2130 3147 2168 enin
3173 2130 3279 2168 una
3317 2114 3511 2169 ancilla

1902 2204 2117 2261 dicens:
2146 2204 2209 2260 Et
2234 2216 2290 2260 tu
2315 2222 2428 2262 eras
2456 2222 2572 2260 cum
2614 2206 2741 2260 Iesu
2789 2203 3028 2261 Cutiliae.
3073 2204 3166 2261 70.
3196 2204 3298 2260 Ille
3337 2216 3509 2259 autem

1902 2302 2101 2372 negavit
2124 2317 2297 2356 coram
2336 2300 2571 2357 omnibus
2610 2299 2785 2355 dicens
2815 2341 2833 2365 ,
2870 2298 3061 2355 Nescio
3084 2299 3210 2367 quid
3236 2300 3385 2354 dicis.
3414 2300 3507 2357 7i.

1901 2385 2030 2442 Cum
2070 2396 2237 2443 autem
2266 2388 2468 2442 exiisset
2498 2387 2553 2440 in
2576 2385 2878 2441 vestibulum
2912 2427 2926 2451 ,
2951 2386 3076 2440 vidit
3101 2385 3248 2439 illum
3276 2384 3383 2440 alia
3413 2426 3430 2448 ,
3461 2394 3511 2439 et

1899 2476 2023 2532 didt
2050 2477 2122 2532 cis
2149 2492 2168 2533 :
2199 2477 2264 2531 Et
2290 2478 2371 2532 hic
2388 2487 2633 2532 eratcum
2654 2476 2783 2532 Iesu
2808 2475 3105 2532 Nazarene.
3129 2475 3219 2534 72.
3241 2476 3311 2532 Et
3332 2494 3511 2532 rursus

1899 2570 2098 2641 negavit
2113 2586 2226 2624 cum
2230 2570 2549 2642 juramento.
2570 2570 2660 2626 73.
2688 2568 2751 2624 Pr
2768 2579 2813 2624 st
2830 2570 3073 2639 pusillum
3092 2578 3263 2625 autem
3282 2587 3399 2624 cum
3420 2586 3510 2624 ac-

1896 2662 2159 2716 cessissent
2174 2662 2262 2731 qui
2281 2661 2503 2728 stabant,
2518 2661 2757 2715 dixerunt
2777 2660 2935 2717 Petro
2956 2676 2979 2715 :
3004 2659 3133 2716 Vere
3152 2672 3206 2715 tu
3222 2678 3287 2717 ea:
3306 2661 3410 2716 illis
3431 2678 3509 2727 es;

1898 2768 2017 2806 nam
2048 2752 2250 2822 loquela
2274 2762 2363 2805 tua
2391 2752 2720 2822 manifestum
2750 2764 2798 2807 te
2827 2752 2952 2823 facit
2977 2754 3017 2805 ⁸.
3040 2753 3133 2809 π.
3176 2752 3323 2808 Tunc
3356 2754 3511 2825 capit

1896 2844 2326 2899 anathematizarc
2343 2854 2391 2897 et
2397 2845 2583 2915 jurare
2619 2847 2756 2914 quod
2778 2862 2880 2900 non
2901 2845 3120 2902 novisset
3134 2846 3411 2901 hominem.
3443 2845 3509 2901 Et

1893 2939 2135 2994 continuo
2150 2940 2318 3013 gallus
2349 2941 2591 2995 cantavit.
2608 2940 2700 2997 75.
2724 2940 2788 2996 Et
2803 2940 3100 2996 recordatus
3114 2950 3189 2996 est
3206 2939 3390 2997 Petrus
3404 2957 3510 2995 vcr-

1894 3029 1942 3085 bt
1957 3029 2084 3087 Iesu
2102 3034 2237 3102 quod
2247 3032 2446 3087 dixerat
2470 3075 2489 3098 ,
2507 3015 2825 3105 Priusquam
2839 3033 3007 3104 gallus
3022 3042 3211 3101 cantet,
3227 3044 3304 3089 ter
3314 3050 3393 3088 me
3410 3051 3505 3089 ne-

1893 3124 2057 3197 gabis.
2083 3125 2149 3181 Et
2174 3142 2404 3199 egressus
2424 3128 2588 3198 foras,
2610 3128 2749 3198 ﬂevit
2774 3130 2968 3182 amare.
2989 3124 3035 3184 0
3053 3143 3140 3182 res
3158 3144 3327 3185 novas
3341 3137 3396 3184 et
3421 3130 3506 3184 in-

1894 3219 2183 3276 credibiles
2202 3222 2216 3275 !
2237 3220 2374 3275 Cum
2396 3220 2796 3291 apprehensum
2813 3220 2949 3275 vidit
2964 3220 3274 3293 Magistrum
3298 3220 3500 3285 solum,

1896 3320 2102 3367 tantum
2124 3311 2345 3372 exarsit.
2365 3310 3044 3383 utstrlctogladioservum
3068 3312 3415 3381 percusserit,
3448 3322 3504 3367 et

1892 3402 2187 3458 auriculam
2210 3402 2520 3467 absciderit;
2538 3417 2662 3458 cum
2677 3411 2859 3458 autem
2875 3403 3047 3473 magis
3065 3402 3331 3473 indignari
3347 3412 3400 3458 et
3418 3404 3503 3456 in-

1891 3494 2046 3550 cendi
2082 3510 2180 3566 par
2203 3504 2320 3550 erat
2350 3538 2363 3558 ,
2395 3503 2541 3550 tanta
2567 3495 2795 3552 audiens
2823 3495 3066 3552 convicia
3098 3538 3113 3561 ,
3157 3506 3283 3552 tunc
3313 3508 3495 3569 negat.

1888 3584 2053 3654 Cujus
2072 3588 2213 3640 enim
2242 3584 2480 3641 furorem
2507 3601 2617 3641 non
2641 3585 2958 3642 incitassent
2985 3602 3048 3642 ea
3080 3602 3201 3657 qua:
3230 3596 3341 3643 tum
3366 3605 3498 3660 age-

1888 3678 2129 3735 bantur?
2157 3680 2411 3735 Attamen
2440 3680 2634 3735 timore
2660 3680 2834 3736 victus
2858 3680 3153 3753 discipulus
3180 3698 3287 3739 non
3333 3685 3498 3741 modo

1886 3786 1994 3824 non
2025 3769 2451 3841 indignationem
2479 3770 2684 3841 profert
2710 3812 2726 3837 ,
2758 3770 2853 3826 sed
2882 3772 3047 3828 etiam
3076 3783 3276 3844 negat,
3299 3790 3364 3831 ac
3388 3778 3492 3832 mi~

1884 3875 2021 3915 sera:
2078 3860 2307 3931 vilisque
2358 3860 2555 3933 puella:
2606 3861 2780 3916 minas
2832 3878 2939 3917 non
2988 3860 3138 3927 fert;
3182 3879 3282 3920 nec
3326 3870 3495 3922 semel

1885 3951 2081 4017 solum,
2111 3951 2207 4008 sed
2233 3952 2395 4007 etiam
2417 3951 2659 4008 secundo
2679 3962 2733 4008 et
2756 3953 2916 4009 tertio
2946 3962 3105 4038 negat
3130 3995 3144 4021 ,
3180 3955 3340 4025 idque
3367 3956 3493 4013 bre-

1887 4044 1934 4097 vi
1991 4052 2233 4114 tempore
2262 4060 2274 4095 :
2306 4060 2413 4099 non
2444 4059 2628 4100 coram
2664 4044 2940 4114 judicihus
2964 4087 2980 4112 ,
3016 4063 3137 4101 nam
3172 4046 3304 4103 foris
3334 4061 3451 4104 erat
3477 4070 3491 4105 :

1885 4137 2060 4208 ipsum
2082 4139 2227 4193 enim
2254 4154 2533 4205 egressum
2558 4137 2627 4193 ad
2671 4137 2997 4194 vestibulum
3044 4140 3447 4211 interrogarmit
3475 4162 3488 4199 :

1883 4245 2058 4302 neque
2080 4231 2259 4286 statim
2281 4230 2488 4302 lapsum
2510 4243 2663 4286 suum
2686 4230 2871 4286 sensit.
2890 4229 3043 4300 Quod
3060 4242 3116 4289 et
3142 4232 3315 4290 Lucas
3334 4234 3489 4307 (Cap.

1880 4322 1972 4380 22.
2004 4325 2093 4393 Gl)
2123 4366 2141 4393 ,
2188 4324 2336 4391 dicit,
2378 4324 2629 4381 nimirum
2667 4325 2901 4395 respexit
2941 4325 2992 4381 in
3042 4327 3192 4383 illum
3241 4329 3491 4386 Christus

1879 4416 2175 4473 ostendens
2204 4418 2376 4487 ipsum
2407 4433 2517 4473 non
2564 4416 2725 4474 modo
2774 4420 3053 4487 negavisse
3084 4462 3100 4488 ,
3153 4421 3246 4476 sed
3278 4423 3439 4477 etiam
3468 4466 3484 4483 .

1881 4517 2135 4564 cantante
2158 4511 2277 4566 licet
2308 4510 2451 4580 gallo
2483 4553 2498 4575 ,
2530 4509 2739 4580 lapsum
2764 4525 2919 4565 suum
2953 4527 3059 4567 non
3090 4513 3361 4580 sensisse,
3390 4516 3486 4571 sed

1882 4603 2090 4657 monitu
2139 4602 2377 4670 Magistri
2408 4617 2546 4673 opus
2595 4601 2868 4658 habuisse.
2902 4606 3170 4675 Aspectus
3212 4608 3333 4676 eius
3389 4625 3486 4677 pro

1879 4710 2011 4749 voce
2042 4696 2139 4750 luit
2164 4738 2177 4758 .
2216 4696 2355 4751 adeo
2393 4697 2583 4750 timore
2613 4680 2894 4765 perculsus
2919 4708 3055 4753 erat.
3088 4698 3298 4755 Marcus
3328 4699 3488 4771 (Cap.

1884 4784 1968 4843 ll.
2002 4789 2203 4857 68-72)
2232 4805 2361 4843 vero
2392 4790 2467 4843 ait
2494 4830 2509 4854 ,
2555 4798 2837 4861 postquam
2867 4790 3035 4847 semel
3065 4802 3315 4862 negasset
3339 4834 3353 4855 ,
3375 4796 3490 4864 gal-

1884 4883 1988 4935 lum
2043 4883 2381 4948 cantavisSe,
2436 4890 2721 4953 postquam
2788 4886 2947 4939 tertio
3026 4896 3315 4957 negasset,
3374 4896 3484 4941 tum

1881 4974 2119 5029 secundo
2139 4975 2442 5030 cantavisse
2463 4978 2686 5048 gallum,
2710 4979 3013 5033 accuratius
3032 4994 3323 5036 recensens
3340 4982 3489 5036 inlir-

1881 5068 2115 5123 unitatem
2148 5067 2395 5138 discipuli
2429 5110 2443 5134 ,
2498 5070 2587 5139 qui
2626 5072 2777 5141 quasi
2817 5082 3061 5127 mortuus
3104 5084 3220 5128 erat
3247 5074 3439 5130 timore
3471 5094 3488 5129 ε

1878 5168 1933 5213 et
1965 5157 2065 5213 hoc
2092 5158 2303 5214 Marcus
2333 5176 2363 5213 a
2392 5162 2653 5230 magistro
2682 5177 2783 5217 suo
2804 5163 2990 5219 didicit
3017 5206 3032 5231 ,
3066 5176 3184 5220 erat
3211 5167 3356 5223 enim
3382 5165 3485 5223 Pc-

1880 5250 1944 5303 tri
1972 5250 2292 5321 discipulus.
2317 5252 2436 5318 Quo
2463 5254 2635 5321 magis
2660 5254 3015 5309 admirandus
3037 5266 3120 5311 est
3148 5297 3163 5322 ,
3196 5258 3342 5329 quod
3377 5277 3485 5317 non

1880 5340 2039 5395 nimio
2072 5342 2313 5413 magism
2344 5341 2548 5413 lapsum
2579 5360 2684 5399 non
2716 5346 3002 5412 celaverit,
3027 5347 3123 5403 sed
3148 5349 3293 5420 quod
3323 5352 3485 5407 elintn

1876 5435 2070 5490 clarius
2099 5451 2259 5507 quam
2280 5435 2373 5491 alii
2400 5438 2703 5493 narraverit
2727 5480 2743 5504 ,
2778 5454 2845 5495 eo
2872 5442 2991 5509 ipso
3012 5440 3154 5514 quod
3184 5442 3486 5515 discipulus

1876 5537 2042 5581 esset.

1946 5620 1999 5673 ε’..
2042 5621 2321 5687 Quomodo
2359 5622 2518 5692 igitur
2562 5640 2751 5679 verum
2780 5628 2879 5680 erit
2923 5627 2973 5681 id
3018 5629 3159 5699 quod
3196 5630 3477 5687 Matuta-us

1878 5721 2079 5777 narrat,
2124 5711 2393 5767 Christum
2443 5715 2667 5781 dixisse,
2717 5717 2877 5772 Amen
2917 5721 3031 5774 dico
3069 5722 3177 5786 tibi,
3209 5734 3479 5793 antequam

1942 5847 2123 5915 ιηιιεειξ,
2150 5858 2263 5915 nam
2299 5846 2497 5915 anhela
2519 5856 2605 5899 tua
2626 5850 2937 5915 manifestum
2978 5860 3022 5904 te
3056 5852 3192 5915 facit,
3217 5854 3391 5906 desunt
3422 5870 3470 5904 in

1868 5906 2285 6022 genie!“
2309 5906 2396 5960 sed
2423 5910 2668 5963 habentur
2694 5914 2743 5963 in
2762 5906 2867 5964 Mss.
2889 5906 3114 5977 plurimis
3152 5906 3304 5981 atque
3329 5916 3379 5969 lu
3402 5922 3481 5973 tn-

2149 5988 2163 6021 l
2196 6008 2206 6021 .

2149 5988 2206 6021 ις.

3086 6074 3158 6134 19
