4156 6524
683 455 781 506 7Γίἷέ
1345 453 1398 501 rs.
1441 443 1716 502 JUtNNtS
1753 435 2244 502 CHRYSOSTOMI.

2354 438 2610 496 llCHlEP.
2651 436 3179 493 CONSTANTiNOP.
3845 438 3942 494 "ith

682 570 846 636 gallus
879 573 1042 619 cantet
1067 605 1078 627 ,
1105 574 1176 616 ter
1203 579 1280 615 me
1308 562 1550 631 negabis?
1577 576 1694 614 cum
1729 560 1934 614 Marcus
1959 557 2103 611 dicat
2128 565 2247 624 post

684 659 889 711 tertiam
922 654 1251 723 negationem
1280 652 1474 722 gallum
1518 651 1752 705 secunde
1782 650 2117 705 cantavisse?
2141 643 2245 701 Sed

686 747 796 799 It:er
816 743 1100 798 admodum
1147 757 1271 796 vera
1303 751 1358 800 et
1385 757 1618 797 consona
1647 751 1790 796 sunt.
1820 741 1952 806 Quia
1977 739 2117 794 enim
2144 739 2250 791 sin-

677 838 812 906 gulis
837 837 1038 891 vicibus
1063 837 1197 891 solet
1225 836 1393 907 gallus
1424 846 1503 890 ter
1528 845 1821 906 quaterque
1845 844 2080 895 cantare.
2110 831 2250 886 Mar-

677 943 771 984 cus
800 927 852 982 id
873 927 1020 993 dicit,
1054 937 1110 981 ut
1148 926 1382 982 declaret
1418 941 1521 980 non
1552 939 1737 979 vocem
1787 922 1928 978 illam
1962 927 2130 993 ipsum
2161 937 2249 976 rc-

681 1017 914 1081 tinnisse,
951 1026 1006 1072 et
1028 1017 1096 1071 ad
1135 1027 1366 1071 mentem
1414 1029 1712 1071 revocasse.
1754 1013 1938 1083 Itaque
1969 1023 2253 1082 utrumque

680 1125 860 1165 verum
909 1119 1010 1165 est.
1054 1109 1366 1179 Priusquam
1411 1107 1552 1163 enim
1602 1107 1772 1177 gallus
1808 1106 2038 1176 primam
2079 1104 2250 1157 vicem

677 1205 998 1274 explevisset
1017 1243 1032 1268 ,
1063 1210 1146 1256 ter
1175 1202 1404 1271 negavit.
1434 1202 1604 1268 Atque
1629 1214 1659 1253 a
1687 1197 1897 1252 Christo
1934 1196 1999 1251 de
2032 1203 2252 1265 peccato

677 1295 930 1358 monitus,
957 1309 1059 1347 non
1089 1307 1248 1346 ausus
1274 1301 1355 1345 est
1389 1291 1560 1361 palam
1588 1289 1736 1351 ﬂere,
1764 1304 1830 1344 ne
1862 1303 1954 1357 per
1984 1286 2247 1356 laerymas

677 1396 1013 1441 accusaretur
1061 1402 1075 1438 :
1121 1383 1214 1438 sed
1247 1382 1492 1453 Egressus
1540 1384 1678 1452 [oras
1705 1381 1840 1451 ﬂevit
1874 1380 2064 1451 amare.
2096 1377 2247 1447 (Cap.

680 1472 769 1527 27.
812 1473 863 1528 Ι.
1003 1474 1304 1528 Adveniente
1329 1484 1492 1526 autem
1517 1473 1598 1527 die
1627 1472 1817 1526 ducunt
1860 1470 2038 1525 Iesum
2065 1487 2094 1522 a
2128 1467 2250 1525 Cai-

677 1566 780 1635 plia
811 1566 878 1618 ad
917 1563 1168 1619 Pilatum.
1198 1565 1327 1631 Quia
1358 1565 1498 1618 enim
1522 1563 1667 1617 illum
1701 1561 1944 1617 occidere
1982 1560 2248 1627 volebant,

679 1673 774 1710 uec
814 1665 1056 1726 poterant
1093 1655 1163 1710 ob
1197 1654 1410 1714 festum.
1464 1653 1528 1706 ad
1586 1652 1862 1723 praesidem
1910 1650 2129 1706 ducunt.
2173 1651 2250 1704 Tu

675 1762 804 1799 vero
833 1747 958 1800 mihi
985 1746 1289 1801 consideres
1313 1744 1581 1816 quomodo
1623 1758 1711 1798 res
1741 1743 2082 1814 processerit,
2116 1742 2247 1797 utin

680 1837 815 1890 festo
841 1851 929 1891 res
956 1837 1103 1892 iieret
1135 1855 1148 1890 :
1192 1837 1270 1890 sic
1307 1838 1448 1890 enim
1497 1849 1729 1900 superne
1755 1833 2027 1889 deﬁnitum
2059 1833 2246 1888 fuerat.

675 1927 729 1980 2.
760 1926 901 1981 Tum:
922 1929 1090 1982 videns
1103 1926 1134 1981 ,Ι
1141 1928 1287 1992 udas,
1313 1927 1398 1994 qui
1419 1926 1692 1979 tradiderat
1713 1941 1845 1988 eum,
1865 1925 1998 1996 quod
2018 1925 2250 1979 condem-

677 2033 825 2074 natus
841 2030 962 2076 esset
986 2063 999 2084 ,
1029 2021 1318 2092 pmniteutia
1344 2021 1526 2074 ductus
1551 2020 1718 2073 retulit
1741 2020 2246 2091 triginta‘argeuteos.

677 2114 788 2168 Hoc
817 2114 972 2183 hujus
991 2125 1046 2168 et
1082 2114 1292 2168 illorum
1315 2113 1517 2168 crimen
1548 2121 1706 2182 auget
1733 2131 1746 2166 :
1773 2111 1949 2181 hujus,
1973 2127 2078 2166 non
2109 2111 2248 2178 quod

677 2205 980 2273 pmtiitentia
1009 2204 1197 2258 ductus
1227 2204 1334 2270 sit,
1386 2203 1481 2258 sed
1521 2201 1662 2273 quod
1708 2201 1926 2262 tardius.
1968 2211 2023 2257 et
2068 2216 2125 2256 se
2153 2218 2250 2256 suo

673 2295 1256 2364 judicio'damnaverit;
1285 2311 1341 2349 se
1361 2296 1502 2349 enim
1529 2294 1809 2349 tradidisse
1836 2293 2110 2348 confessus
2129 2304 2206 2346 est
2232 2309 2244 2349 :

677 2387 881 2440 illorum
930 2402 1075 2451 vero,
1119 2387 1256 2456 quod
1300 2402 1419 2441 cum
1450 2396 1668 2455 possent
1697 2385 2064 2455 paenitentiam
2094 2400 2248 2454 agere

673 2491 725 2533 ot
754 2480 964 2543 mutari,
1003 2496 1105 2534 non
1152 2481 1488 2550 resipuerint.
1541 2477 1816 2548 Perpende
1840 2489 2015 2533 autem
2041 2477 2250 2548 quando

681 2575 988 2643 paenitentia
1011 2575 1253 2629 ducatur.
1273 2575 1403 2629 Cum
1429 2574 1720 2643 perfectura
1753 2573 2135 2642 impletnmque
2158 2572 2250 2624 fuit

673 2672 967 2734 peccatum.
998 2663 1142 2718 Talis
1171 2680 1361 2733 nempe
1382 2664 1626 2717 diabolus
1655 2671 1736 2718 est
1767 2681 1778 2717 :
1808 2678 1900 2716 eos
1926 2663 2012 2726 qui
2039 2677 2144 2714 non
2174 2662 2250 2714 vi-

677 2755 844 2826 gilant
871 2770 976 2809 non
1007 2755 1136 2809 sinit
1177 2765 1454 2824 peccatum
1504 2756 1786 2822 respicere,
1830 2769 1896 2807 ne
1925 2755 2084 2806 semel
2112 2753 2247 2820 capti

675 2845 1037 2913 paenitentiam
1087 2852 1262 2913 agant.
1319 2843 1418 2896 Tot
1470 2842 1594 2897 Jesn
1647 2841 1840 2897 Christi
1886 2841 2062 2896 verbis
2119 2841 2245 2894 nihil

674 2935 840 2989 flexus
868 2945 947 2988 est
979 2951 990 2986 :
1023 2949 1144 2987 eum
1178 2949 1302 2988 vero
1331 2933 1505 2988 scelus
1545 2933 1655 3002 jam
1685 2942 2045 3002 perpetratum
2077 2932 2248 3001 perfe-

671 3035 922 3095 ctumque
971 3023 1088 3088 fuit,
1138 3034 1261 3078 tunc
1317 3024 1626 3092 pmnitentia
1677 3023 1865 3077 ductus
1890 3023 2114 3077 estsine
2142 3021 2246 3075 ulla

674 3116 914 3169 utilitate.
944 3115 1072 3168 Nam
1098 3114 1234 3183 quod
1263 3115 1495 3183 scipsum
1519 3115 1868 3174 damnaverit,
1894 3113 2033 3183 quod
2055 3128 2246 3184 argen-

673 3217 787 3260 teos
838 3205 1141 3274 projeeerit,
1189 3220 1289 3260 nec
1324 3205 1538 3259 Judteos
1585 3206 1844 3259 reveritus
1896 3205 2075 3269 fuerit,
2134 3204 2247 3259 bzec

671 3311 846 3349 omnia
877 3294 1137 3349 laudanda
1166 3295 1429 3360 fuissent;
1462 3295 1603 3366 quod
1630 3310 1755 3350 vero
1799 3311 1857 3349 se
1886 3297 2245 3366 strangulave-

671 3387 758 3451 rit,
785 3386 978 3439 nullam
1010 3396 1182 3454 potest
1213 3387 1423 3440 veniam
1454 3385 1756 3449 admittere,
1782 3386 2107 3456 malignique
2135 3387 2245 3442 dar

671 3476 842 3530 munis
873 3485 953 3530 est
976 3493 1126 3544 opus.
1157 3476 1435 3545 Prteripuit
1462 3475 1602 3532 enim
1630 3493 1750 3532 eum
1769 3492 1800 3532 a
1824 3479 2154 3545 paenitentia,
2191 3490 2245 3533 ut

676 3569 878 3621 nullmn
901 3584 964 3622 cx
996 3569 1083 3624 illa
1108 3568 1416 3637 paenitentia
1437 3567 1664 3624 fructum
1688 3570 1944 3639 consequi
1965 3580 2165 3639 posset,
2191 3582 2245 3624 et

670 3659 973 3728 turpissima
1003 3658 1353 3729 omnibusque
1379 3669 1502 3714 nota
1535 3669 1704 3715 morte
1730 3661 1942 3715 sustulit
1967 3700 1982 3725 ,
2016 3659 2246 3715 suadens

671 3750 740 3802 illi
778 3760 834 3804 ut
870 3751 1101 3819 seipsum
1151 3750 1501 3804 interimeret.
1530 3749 1607 3803 Tu
1640 3767 1763 3805 vero
1791 3751 1916 3804 mihi
1965 3752 2240 3805 veritatem

670 3843 972 3897 Consideres
1023 3842 1179 3896 velim
1227 3843 1456 3912 undique
1513 3841 1819 3912 fulgentem,
1872 3843 2029 3896 etiam
2073 3858 2134 3897 ex
2181 3843 2244 3896 iis

671 3936 848 3997 rebus,
905 3947 1036 4001 quas
1085 3932 1619 3988 adversarii‘faciunt
1667 3935 1749 3987 vel
1782 3934 2068 4002 patiuntur.
2111 3932 2240 3986 Nam

669 4025 776 4092 ipsa
800 4040 942 4078 mers
974 4023 1278 4092 proditoris,
1303 4025 1365 4080 iis
1383 4026 1470 4095 qui
1499 4025 1769 4080 Christum
1800 4024 2120 4078 damnarunt
2147 4039 2238 4077 ora

667 4117 934 4181 obstruit,
968 4131 1141 4185 neque
1187 4115 1291 4170 illis
1321 4115 1560 4170 umbram
1615 4115 1937 4170 defensionis
1968 4115 2237 4184 relinquit.

667 4207 802 4273 Quid
828 4209 968 4262 enim
995 4208 1173 4262 dicere
1202 4216 1422 4276 possunt
1449 4206 1543 4270 illi,
1573 4205 1785 4274 quando
1821 4207 1978 4259 talem
2003 4206 2241 4274 proditor

668 4301 947 4354 adversum
981 4315 1038 4354 se
1065 4298 1345 4368 protulisse
1370 4299 1692 4353 sententiam
1721 4300 2006 4352 narratur?
2029 4297 2134 4353 Sed
2174 4299 2238 4351 il-

669 4399 837 4448 lorum
883 4394 1040 4449 verba
1084 4393 1379 4448 videamus.
1428 4393 1760 4463 Principibus
1791 4393 2126 4447 sacerdotum
2157 4407 2242 4445 ar-

669 4497 888 4556 aculeos
913 4489 1130 4552 retulit,
1157 4499 1207 4544 et
1239 4488 1352 4541 ait:
1385 4488 1439 4542 4.
1473 4485 1685 4540 Peccavi
1715 4486 1918 4540 tradens
1943 4487 2240 4556 sanguinem

669 4583 872 4646 justum.
906 4579 970 4632 At
996 4580 1072 4632 illi
1116 4579 1349 4632 dixerunt
1399 4576 1582 4643 :Quitl
1620 4582 1688 4630 at!
1733 4576 1865 4631 nos?
1913 4575 1991 4629 Tu
2037 4576 2239 4629 videris.

749 4670 814 4724 Et
836 4672 1070 4740 projectis
1091 4674 1339 4741 argenteis
1368 4671 1419 4723 in
1445 4670 1648 4737 templo,
1686 4669 1905 4735 recessit,
1930 4679 1975 4721 et
2002 4667 2172 4721 abiens
2192 4685 2243 4720 se

670 4763 946 4828 suspendit.
977 4761 1106 4813 Nam
1154 4761 1493 4815 conscientiae
1531 4760 1776 4814 stimulos
1803 4774 1905 4814 non
1948 4759 2084 4812 tulit.
2111 4757 2241 4812 Per-

672 4853 840 4922 pende
865 4863 1037 4907 autem
1063 4853 1190 4906 mibi
1214 4853 1423 4909 Judzeos
1453 4854 1578 4907 illud
1603 4855 1771 4923 ipsum
1805 4855 2076 4908 facientes.
2111 4853 2241 4906 Nam

669 4962 789 4999 cum
820 4947 886 4999 ah
919 4947 979 4999 iis
1009 4964 1124 5014 qua:
1155 4948 1294 5014 passi
1339 4955 1493 5001 ct'aut
1517 4948 1785 5002 emendari
1833 4946 2109 5011 deberent,
2137 4962 2240 4999 non

673 5039 816 5106 prius
853 5038 1072 5105 gradum
1119 5038 1306 5091 sistunt
1339 5080 1351 5102 ,
1381 5055 1536 5107 quam
1586 5048 1856 5108 peccatum
1895 5039 2238 5107 perfecerint.

673 5129 876 5180 litenitu
927 5129 1076 5193 hujus
1125 5141 1416 5198 peccatum.
1468 5131 1605 5198 quod
1670 5128 1892 5197 proditio
1946 5141 2080 5193 erat,
2135 5132 2242 5198 jam

672 5232 1027 5288 perpetratum
1055 5224 1248 5287 fuerat;
1298 5221 1506 5276 illorum
1547 5237 1673 5275 vero
1706 5233 1977 5290 peceatum
2009 5222 2239 5275 nondum

670 5312 988 5378 completum
1018 5314 1296 5368 erat.($um
1323 5324 1499 5367 autem
1530 5313 1602 5366 illi
1635 5315 1805 5368 scelus
1833 5315 2169 5381 perfecerunt
2193 5325 2245 5367 et

671 5403 1045 5458 i-ruciftxerunt
1075 5419 1213 5467 eum,
1249 5415 1370 5461 tunc
1409 5415 1462 5460 ct
1510 5405 1607 5476 ipsi
1651 5407 1928 5463 turbantur
1949 5450 1964 5471 ,
1993 5424 2131 5463 nunc
2160 5409 2242 5463 di-

669 5505 852 5549 centes
896 5514 907 5547 :
959 5495 1083 5551 Noli
1131 5499 1341 5552 scribere
1386 5501 1514 5553 hunc
1569 5515 1675 5553 esse
1740 5518 1905 5571 regem
1947 5499 2244 5556 ludarorum

675 5587 851 5653 (Joau.
889 5584 976 5642 i9.
1021 5587 1083 5642 21
1114 5590 1152 5658 ).
1189 5590 1342 5661 Atqui
1370 5591 1490 5660 quid
1521 5591 1713 5645 timetis
1739 5632 1753 5655 ,
1786 5591 1910 5661 quid
1941 5593 2240 5658 turbantini,

670 5689 878 5732 mortuo
909 5679 1019 5748 jam
1055 5696 1274 5750 corpore
1320 5683 1371 5736 in
1421 5697 1581 5736 cruce
1610 5683 1918 5752 pendente?
1942 5682 2091 5738 Nunc
2120 5701 2244 5740 vero

675 5769 980 5824 custodiunt
1013 5771 1141 5825 illud
1184 5783 1236 5827 et
1284 5774 1507 5827 dicunt:
1564 5771 1646 5825 Ne
1696 5778 1825 5843 forte
1864 5775 2095 5846 {urentur
2130 5794 2242 5832 eum

669 5864 902 5932 tlisripuli
955 5866 1096 5936 ejus;
1134 5876 1179 5918 et
1222 5867 1407 5934 pepqu
1446 5866 1636 5931 dicunt,
1666 5867 1832 5936 ipsum
1876 5873 2242 5935 resurrexisse;

2362 564 2410 605 et
2435 553 2527 607 erit
2547 551 2841 605 novissimus
2867 566 3007 603 error
3037 551 3179 619 peior
3219 549 3385 616 priore
3425 539 3654 617 (Matth.
3689 549 3779 604 27.
3815 551 3941 618 (id).

2358 647 2589 700 Atcerte
2619 645 2663 697 si
2693 643 2742 696 id
2775 643 3024 707 dixerint,
3057 643 3157 696 nisi
3191 657 3276 697 res
3304 656 3425 696 vera
3458 640 3636 703 fuerit.
3668 642 3826 698 facile
3853 660 3941 696 rc-

2358 737 2647 808 dargnitur.
2693 735 2798 791 Sed
2841 735 3108 806 quomodo
3152 734 3468 790 furabuntttr
3517 736 3607 805 qui
3657 735 3748 789 illo
3795 751 3943 790 com-

2361 829 2620 897 prehenso
2658 843 2725 881 ne
2753 838 2899 882 stare
2925 826 3137 897 quidem
3167 827 3280 880 ausi
3335 837 3478 893 sunt,
3527 827 3745 898 quando
3790 843 3944 900 cory-

2357 920 2540 988 phzcus
2571 926 2651 972 ter
2675 919 2820 972 illum
2847 918 3076 988 negavit,
3118 918 3309 988 puella:
3333 919 3806 975 comminationem
3840 935 3941 974 non

2353 1011 2576 1066 ferens?
2602 1008 2729 1071 Sed,
2760 1020 2815 1063 ut
2838 1008 2970 1075 dixi,
2999 1007 3213 1064 demum
3233 1009 3608 1065 turbabantur.
3630 1010 3785 1077 Quod
3803 1011 3943 1066 enim

2358 1103 2553 1156 scirent
2574 1115 2683 1154 rem
2708 1114 2828 1155 esse
2854 1110 3150 1169 peccatum,
3177 1107 3326 1169 patet
3353 1116 3418 1155 ex
3447 1100 3510 1155 iis
3528 1116 3649 1172 quas
3671 1101 3939 1167 dicebant,

2358 1187 2436 1242 Tu
2462 1189 2664 1243 videris.

2427 1279 2604 1334 Araris
2642 1280 2808 1334 ludas
2849 1281 2901 1334 in
2925 1282 3211 1352 exemplum
3241 1281 3566 1353 proponitur.
3600 1313 3672 1325 —
3701 1285 3896 1339 Audite
3924 1328 3940 1350 ,

2356 1373 2518 1434 avari,
2543 1371 2770 1440 cogitate
2796 1387 2912 1440 qua:
2935 1372 3022 1427 ille
3047 1386 3235 1441 passus
3259 1372 3365 1439 sit;
3395 1374 3666 1443 quomodo
3693 1377 3943 1445 pecunias

2357 1464 2632 1526 amiserit,
2660 1473 2713 1517 et
2742 1463 2922 1518 scelus
2947 1466 3336 1534 perpetraverit
3360 1481 3374 1528 ;
3409 1465 3679 1534 quomodo
3707 1469 3942 1520 avaritia:

2359 1552 2578 1606 fructum
2604 1568 2708 1605 non
2739 1553 2918 1607 tulerit
2941 1593 2956 1616 ,
3000 1563 3053 1608 et
3081 1555 3314 1609 animam
3343 1554 3654 1623 perdiderit.
3691 1555 3840 1611 Talis
3863 1567 3944 1611 est

2359 1645 2596 1699 avaritia:
2629 1646 2866 1716 tyrannis
2899 1662 2911 1698 :
2937 1661 3036 1702 nec
3058 1656 3282 1717 argento
3305 1646 3496 1700 fruitur
3523 1688 3539 1714 ,
3571 1662 3670 1702 nec
3693 1648 3940 1716 praesenti

2358 1739 2493 1802 vita,
2527 1755 2624 1795 nec
2650 1739 2828 1795 futura
2865 1758 2876 1793 :
2909 1740 3007 1795 sed
3046 1741 3226 1795 omnia
3269 1739 3552 1796 confertim
3581 1741 3798 1807 amisit,
3828 1756 3942 1794 ma-

2359 1833 2565 1902 lamque
2596 1842 2780 1887 nactus
2809 1830 2945 1901 apud
2970 1832 3089 1888 illos
3123 1830 3338 1899 famam,
3359 1834 3546 1903 laqueo
3563 1833 3740 1903 gulam
3768 1831 3937 1903 fregit.

2357 1923 2495 1989 Sed,
2526 1932 2584 1977 ut
2610 1923 2716 1978 dixi
2745 1965 2760 1989 ,
2794 1932 2912 1992 post
2939 1938 3050 1978 rem
3082 1933 3390 1993 peractam,
3419 1923 3635 1992 quidam
3666 1940 3778 1978 rem
3805 1924 3944 1992 aspi-

2357 2016 2520 2070 ciunt.
2546 2014 2678 2069 Vide
2705 2016 2860 2084 igitur
2887 2024 2941 2070 et
2967 2015 3084 2070 illos
3107 2057 3123 2082 ,
3158 2025 3358 2070 tantum
3381 2014 3586 2070 facinus
3626 2015 3771 2069 clare
3814 2030 3937 2069 seu-

2359 2111 2456 2166 tire
2484 2111 2746 2177 nolentes,
2797 2111 2888 2165 sed
2935 2110 3193 2176 dicentes,
3244 2108 3321 2165 Tu
3343 2109 3547 2164 videris.
3576 2109 3706 2178 Quae
3736 2124 3827 2164 res
3855 2124 3943 2164 eo-

2357 2217 2473 2255 rmn
2503 2202 2712 2271 culpam
2761 2211 2917 2273 auget
2950 2217 3111 2256 :nam
3157 2201 3271 2256 inec
3310 2201 3468 2257 verba
3498 2213 3621 2255 sunt
3651 2203 3944 2256 testifican-

2359 2294 2486 2345 titnn
2530 2294 2732 2347 facinus
2785 2309 2904 2348 esse
2970 2287 3333 2354 horrendum.
3385 2295 3476 2348 sed
3526 2294 3686 2348 animi
3757 2293 3946 2348 morbo

2355 2381 2621 2436 ebriorum
2648 2425 2661 2449 ,
2695 2383 2782 2453 qui
2835 2383 3090 2438 nollenta
3137 2392 3385 2452 suscepto
3427 2383 3663 2438 satanico
3710 2382 3943 2438 facinore

2356 2473 2626 2530 absistere
2653 2516 2666 2540 ,
2697 2475 2791 2530 sed
2843 2475 2978 2530 ﬁcta:
3026 2477 3334 2546 ignorantia:
3375 2475 3638 2530 velamine
3680 2491 3741 2531 se
3783 2477 3944 2529 stulte

2356 2565 2644 2631 operirent.
2678 2563 2810 2620 Nam
2840 2567 2882 2620 si
2925 2576 3045 2635 post
3087 2580 3298 2620 crucem
3334 2566 3447 2621 hinc
3475 2566 3760 2629 dixissent,
3795 2577 3940 2635 post-

2356 2670 2512 2722 quam
2541 2652 2787 2710 Chrisms
2804 2657 2912 2724 jam
2940 2666 3182 2710 mortuus
3221 2664 3357 2721 erat,
3392 2671 3458 2711 ne
3484 2665 3612 2711 tunc
3641 2657 3860 2726 quidem
3892 2657 3945 2711 id

2357 2745 2737 2800 rationabiliter
2758 2745 2859 2800 dici
2884 2755 3125 2815 poterat;
3157 2745 3281 2801 licet
3312 2746 3362 2800 id
3390 2763 3494 2801 non
3524 2747 3659 2802 adeo
3681 2748 3944 2804 damnan-

2353 2836 2477 2888 dum
2503 2836 2688 2891 fuisset
2716 2855 2728 2890 :
2748 2852 2888 2892 nunc
2915 2847 3086 2894 autem
3109 2837 3232 2892 dum
3255 2837 3430 2893 adhuc
3455 2838 3543 2893 ille
3559 2837 3699 2904 apud
3724 2855 3821 2893 vos
3839 2850 3940 2905 est.

2353 2935 2408 2980 et
2433 2927 2576 2980 illum
2597 2928 2815 2997 potestis
2839 2928 3126 2993 dimittere,
3151 2929 3420 2999 quomodo
3447 2929 3548 2984 hoc
3573 2929 3755 2985 dicere
3777 2931 3943 2986 sude-

2357 3016 2459 3068 t-is?
2483 3016 2609 3070 llaec
2634 3019 2830 3087 quippe
2859 3017 3099 3073 defensio
3144 3020 3374 3074 ittaxima
3403 3030 3486 3074 est
3513 3022 3806 3076 accusatio.
3834 3021 3944 3077 Cur

2355 3118 2408 3161 et
2445 3124 2548 3178 qua
2595 3109 2661 3163 de
2695 3111 2893 3164 causa?
2922 3109 3053 3179 Quia
3100 3112 3150 3164 in
3203 3111 3529 3180 proditorem
3563 3121 3733 3167 toturn
3765 3116 3941 3169 scelus

2355 3200 2571 3268 rejicitis
2596 3243 2610 3266 ,
2654 3202 2780 3255 illud
2808 3201 3043 3256 dicentes
3065 3244 3080 3268 ,
3124 3201 3202 3257 Tu
3235 3205 3418 3258 videris
3443 3246 3457 3268 ,
3506 3221 3624 3258 ruta
3669 3207 3888 3274 possitis
3910 3223 3937 3261 a

2351 3292 2550 3348 Christi
2596 3309 2724 3348 nece
2766 3295 3062 3360 desistere,
3104 3295 3358 3364 illumque
3400 3296 3675 3356 dimittere
3701 3312 3722 3352 :
3757 3313 3938 3353 verum

2352 3395 2655 3453 susceptum
2703 3386 2879 3441 scelus
2911 3387 3182 3454 perfecere
3207 3427 3220 3449 ,
3255 3387 3543 3457 proditioni
3595 3402 3811 3442 crucem
3843 3389 3938 3442 ad-

2352 3473 2560 3529 dentes.
2593 3475 2726 3544 Quid
2759 3481 2898 3530 enim
2941 3477 3251 3547 impedivit,
3279 3493 3400 3532 cum
3425 3479 3522 3548 ipsi
3547 3478 3792 3535 dicerent
3815 3524 3828 3545 ,
3862 3479 3940 3534 Tu

2335 3556 2553 3626 uideris.
2585 3569 2870 3636 quominus
2909 3569 3226 3624 desisterent
3269 3585 3296 3622 a
3324 3569 3602 3627 ﬁtcinore?
3631 3571 3784 3628 Nunc
3811 3589 3939 3629 vero

2351 3660 2675 3713 contrarium
2710 3659 2928 3722 faciunt,
2960 3676 3146 3716 necem
3177 3661 3432 3730 adjiciunt
3465 3704 3480 3727 ,
3506 3677 3704 3718 aetum
3738 3667 3935 3732 verbis,

2354 3763 2461 3805 tum
2495 3750 2666 3813 lactis,
2713 3768 2772 3806 se
2817 3753 3204 3808 inevitabilist
3251 3755 3403 3809 malis
3461 3755 3757 3813 involvunt.
3806 3757 3938 3814 Nam

2353 3854 2532 3912 postea
2557 3883 2571 3907 ,
2606 3847 2945 3911 permittente
2977 3843 3147 3899 Pilato
3178 3886 3193 3910 ,
3242 3844 3499 3900 latronem
3526 3849 3827 3903 maluerunt
3853 3849 3935 3905 di-

2352 3935 2508 3999 mitti,
2532 3952 2689 4004 quam
2721 3936 2925 4000 Iesum,
2959 3947 3014 3990 et
3043 3933 3303 3992 latronem
3347 3939 3562 4007 quidem
3586 3982 3599 4000 .
3625 3941 3938 3997 innumero-

2353 4047 2465 4084 tmn
2489 4030 2752 4083 sceierum
2782 4031 3106 4094 convictum,
3132 4030 3471 4086 innocentem
3498 4032 3934 4100 deelaraverunt,

2350 4120 2616 4174 Christum
2647 4129 2820 4173 autem
2847 4162 2862 4181 ,
2892 4121 2980 4188 qui
3014 4122 3160 4189 ipsos
3192 4119 3321 4175 nihil
3349 4121 3580 4178 laeserat.
3611 4124 3720 4178 imo
3746 4125 3832 4195 qui
3860 4134 3941 4181 tot

2353 4216 2493 4283 ipsos
2517 4215 2786 4268 beneficiis
2822 4212 3090 4279 affecerat,
3117 4213 3424 4269 occiderunt

2420 4306 2470 4358 5.
2553 4303 2811 4372 Principes
2885 4305 3203 4357 sacerdotum
3271 4323 3300 4356 ιι
3355 4306 3562 4374 propria
3629 4308 3939 4362 conscientia

2350 4397 2589 4448 donumti.
2653 4395 2982 4466 Eleemosyua
3037 4413 3100 4450 ea:
3159 4397 3353 4464 rapinis
3422 4399 3560 4467 facta
3610 4398 3938 4468 reprobatur.

2357 4486 2587 4540 Ecclesia:
2616 4487 2941 4540 Antiocheam
2982 4489 3110 4540 bona
3162 4498 3207 4540 et
3256 4487 3562 4557 praztlia.—-
3619 4489 3758 4556 Quid
3807 4505 3938 4560 ergo

2349 4578 2550 4632 ludas?
2585 4577 2650 4633 Ut
2689 4579 2819 4631 vidit
2846 4595 2904 4631 se
2936 4579 3190 4633 inutiliter
3230 4578 3469 4634 laborare
3491 4621 3506 4645 ,
3538 4580 3765 4650 illosque
3794 4583 3937 4638 nolle

2353 4673 2605 4740 recipere,
2644 4670 3181 4742 prejeciturgt-nteos.
3207 4669 3273 4724 Et
3312 4673 3480 4726 abiens
3519 4671 3702 4742 laqueo
3743 4691 3931 4730 sesua-

2352 4764 2542 4832 pcndit.
2598 4762 2650 4815 6.
2702 4762 2965 4830 Principes
2989 4771 3156 4815 autem
3181 4763 3495 4816 sacerdotum
3520 4804 3536 4830 ,
3566 4779 3685 4817 cum
3705 4766 3934 4837 accepis-

2350 4869 2457 4908 sent
2487 4865 2769 4925 argenteos,
2801 4854 3036 4908 dixerunt
3069 4871 3087 4908 :
3115 4852 3238 4908 Non
3268 4855 3378 4909 licet
3399 4872 3482 4909 eos
3525 4858 3721 4929 mittere
3749 4859 3801 4912 in
3822 4875 3940 4913 cor-

2353 4949 2548 5006 bonaut,
2584 4946 2699 5015 quia
2723 4945 2937 5014 pretium
2962 4946 3225 5012 sanguinis
3246 4954 3336 4999 est.
3371 4946 3423 5000 7.
3454 4944 3520 5000 Et
3540 4949 3754 5002 consilio
3782 4951 3932 5014 inito,

2352 5048 2575 5091 eriterunt
2603 5053 2663 5089 ca:
2706 5035 2778 5089 eis
2810 5051 2986 5103 agrum
3038 5036 3182 5103 ﬁguli
3212 5036 3264 5087 in
3303 5035 3613 5103 sepulturam
3641 5041 3936 5110 peregrino-

2352 5146 2481 5180 rum.
2513 5129 2564 5180 8.
2595 5125 2716 5179 Ideo
2742 5135 2942 5179 vocatus
2969 5137 3040 5179 est
3066 5143 3187 5196 ager
3210 5126 3296 5181 ille
3324 5144 3445 5199 ager
3486 5131 3751 5201 sanguinis
3777 5149 3938 5202 usque

2353 5224 2418 5274 ad
2448 5222 2743 5274 hodiernum
2767 5222 2917 5273 diem.
2950 5219 3003 5274 9.
3039 5219 3181 5273 Tunc
3207 5221 3466 5290 impletum
3489 5231 3561 5275 est
3584 5223 3722 5293 quod
3745 5226 3937 5279 dictum

2353 5326 2422 5368 cst
2455 5312 2832 5384 perleremiam
2860 5313 3153 5381 prophetam
3175 5314 3417 5368 dicentem
3450 5329 3467 5367 :
3504 5315 3591 5369 10.
3624 5315 3689 5368 Et
3730 5332 3938 5384 accepe-

2353 5420 2468 5461 runt
2513 5409 2715 5479 triginta
2742 5421 3035 5479 argenteos,
3068 5411 3282 5477 pretium
3325 5413 3594 5478 appretiati
3626 5411 3811 5480 (lactt.
3847 5417 3936 5469 ll.

2360 5503 2479 5569 l2),
2507 5503 2590 5556 ll.
2625 5511 2669 5555 et
2695 5500 2939 5553 dederunt
2969 5516 3052 5554 eos
3073 5500 3129 5554 in
3157 5517 3333 5571 agrum
3379 5503 3542 5573 ﬁguli,
3575 5504 3707 5556 sicut
3747 5506 3938 5559 sensti-

2355 5597 2445 5647 tuit
2476 5594 2595 5647 mihi
2641 5592 2908 5646 Dominus.
2943 5592 3134 5647 Viden’
3160 5607 3345 5648 rursus
3378 5608 3471 5648 eos
3498 5610 3526 5647 a
3569 5597 3783 5665 propria
3809 5611 3941 5650 con-

2355 5687 2574 5743 scientia
2610 5684 3054 5752 damnaritQuia
3104 5685 3247 5741 enim
3299 5686 3559 5745 sciebant.
3603 5702 3663 5742 se
3709 5688 3942 5743 hominis

2353 5780 2548 5837 cirdem
2592 5781 2886 5838 coemisse.
2946 5796 3051 5834 non
3090 5779 3335 5849 jecerunt
3381 5782 3432 5833 in
3469 5781 3791 5849 corbonatn,
3842 5782 3936 5838 sed

2357 5880 2594 5926 eriterunt
2623 5887 2806 5942 agrum
2855 5871 2998 5942 figuli
3045 5873 3095 5925 in
3126 5871 3454 5943 sepulturam
3506 5888 3939 5943 peregrinorum.
