4156 6524
282 436 351 496 7⁸)
362 440 382 497 ι

281 554 398 609 lloc
425 567 553 606 vero
578 561 633 607 et
659 551 1020 607 testimonium
1051 559 1234 605 contra
1278 548 1422 611 illos,
1464 558 1518 601 et
1547 542 1877 617 proditionis

276 651 653 713 argumentum
698 643 815 699 fuit.
859 640 1063 696 Nomen
1110 641 1309 710 quippe
1352 639 1452 694 loci
1482 638 1683 693 clarius
1717 650 1876 707 quam

277 736 404 790 tuba
434 735 638 791 czedem
664 733 732 788 ab
760 734 865 789 illis
887 740 1244 802 perpetratum
1273 731 1523 785 omnibus
1549 728 1871 798 proclamat.

273 827 463 898 Neque
488 827 805 896 simpliciter
842 825 943 879 hoc
974 822 1192 889 iaciunt,
1223 821 1315 877 sed
1354 823 1485 876 inito
1518 820 1746 874 consilto
1774 858 1790 882 ,
1822 825 1877 873 et

273 920 355 974 sic
382 920 579 989 ubique
608 926 805 989 agunt,
837 928 893 971 ut
942 916 1120 971 nullus
1160 916 1229 970 ab
1258 915 1360 969 hoc
1393 914 1597 969 scelere
1624 913 1694 967 sit
1720 913 1870 966 iuno.

271 1027 427 1077 cens,
456 1012 550 1065 sed
582 1025 771 1066 omnes
794 1009 957 1064 noxii.
986 1008 1113 1064 ﬂa‘c
1131 1021 1259 1063 vero
1280 1021 1439 1077 supra
1464 1005 1622 1058 allata
1647 1004 1885 1081 prophe-I

272 1108 346 1161 tia
374 1103 714 1175 praenuntiat.
743 1102 933 1157 Viden’
970 1100 1242 1171 quomodo
1282 1114 1387 1153 non
1416 1096 1649 1168 apostoli
1684 1094 1867 1163 modo,

270 1197 367 1251 sed
397 1197 555 1252 etiam
588 1195 861 1266 propheta:
880 1192 1163 1265 Opprobria
1196 1192 1282 1246 illa
1310 1203 1559 1247 accurate
1613 1199 1856 1255 narrent,

267 1299 322 1343 et
372 1289 607 1358 undique
653 1287 957 1357 passionem
1005 1283 1321 1355 praedicent,
1369 1292 1424 1339 ct
1472 1281 1869 1353 prmuuntieut?

270 1381 385 1435 lloc
413 1395 519 1432 non
547 1379 903 1449 intelligentes
921 1376 1091 1433 Judaei
1118 1376 1170 1430 in
1190 1375 1380 1444 emptis
1407 1376 1712 1445 perstitere.
1732 1372 1865 1428 Nam

266 1472 313 1525 si
348 1470 399 1524 in
431 1470 721 1524 corbouam
771 1468 1168 1537 coniecissent,
1200 1481 1290 1521 res
1318 1480 1424 1521 non
1457 1466 1535 1521 sic
1580 1465 1864 1520 manifesta

266 1562 493 1627 fuisset;
526 1560 627 1631 ipsi
651 1576 783 1617 vero
812 1574 999 1630 agrum
1039 1568 1282 1614 ementes
1308 1557 1658 1626 sequentibus
1696 1571 1865 1627 gene-

262 1655 563 1709 rationibus
596 1663 769 1709 totum
809 1652 1199 1725 patefecerunt.
1248 1650 1445 1706 Audite
1493 1658 1754 1722 quotquot
1796 1665 1863 1706 ex

260 1742 503 1798 caedibus
541 1743 794 1802 videmini
830 1741 1090 1799 beneﬁcia
1135 1752 1395 1813 praestare
1418 1782 1433 1807 ,
1462 1752 1516 1796 et
1561 1743 1859 1796 animarum

258 1838 542 1893 hominum
564 1838 793 1907 pretium
824 1836 1086 1907 accipitis.
1135 1834 1375 1891 Judaicie
1394 1844 1523 1889 sunt
1545 1833 1855 1905 bujusmodi

253 1930 640 2001 eleemosyme,
670 1931 778 1984 imo
817 1930 995 2000 potius
1019 1929 1294 1983 satanicaa.
1338 1927 1478 1983 Sunt
1515 1928 1660 1983 enim
1686 1968 1702 1992 ,
1734 1935 1860 1981 sunt

255 2022 543 2093 hodieque,
576 2022 666 2093 qui
706 2023 933 2093 direptis
963 2021 1370 2075 innumerorum
1403 2020 1558 2075 bonis
1583 2059 1598 2084 ,
1630 2033 1690 2074 se
1716 2028 1857 2074 t0tos

251 2112 541 2172 excusatus
569 2124 759 2184 putant
786 2158 800 2178 ,
833 2115 876 2169 si
914 2113 1001 2169 vel
1027 2112 1214 2169 decem
1258 2113 1343 2168 vel
1390 2120 1607 2167 centum
1656 2125 1854 2167 aureos

252 2217 502 2280 erogeut.
534 2207 610 2264 De
651 2208 847 2280 quibus
874 2207 1134 2277 propheta
1155 2206 1283 2261 dicit
1312 2222 1326 2259 :
1374 2204 1690 2277 Operiebalis
1717 2207 1733 2238 ι
1769 2204 1852 2258 ια-

247 2303 443 2373 crymis
468 2302 633 2357 altare
656 2318 821 2355 nicum
850 2300 1006 2372 (Mal.
1049 2300 1106 2355 2.
1140 2299 1269 2370 l3).
1299 2298 1416 2354 Non
1465 2300 1577 2354 vult
1604 2298 1851 2354 Christus

244 2412 316 2450 ex
366 2396 549 2465 rapina
594 2394 823 2460 nutriri,
856 2409 962 2448 non
1011 2391 1315 2463 hujusmodi
1367 2391 1544 2446 cibum
1595 2390 1842 2445 admittit.

243 2486 385 2555 Quid
414 2486 699 2541 Dominum
725 2484 1048 2542 contumelia
1079 2482 1270 2547 allicis,
1297 2482 1419 2536 dum
1453 2482 1726 2537 immunda
1770 2481 1844 2537 illi

241 2579 450 2635 ασετεῖ
495 2578 683 2634 Melius
727 2588 870 2633 esset
913 2576 1053 2632 fame
1101 2575 1466 2630 tabescentem
1498 2575 1836 2644 relinquere.

238 2684 405 2741 quam
437 2669 629 2725 talibus
666 2684 885 2739 pascere
926 2669 1105 2723 cibis:
1141 2665 1273 2722 illud
1318 2665 1558 2722 crudelis
1604 2665 1842 2720 hominis

236 2768 422 2823 esset,
452 2759 553 2815 hoc
582 2774 707 2815 vero
734 2770 789 2814 et
813 2757 1049 2815 crudelis
1097 2767 1151 2813 et
1196 2757 1592 2813 contumeliosi.
1650 2755 1840 2812 Melius

240 2862 329 2906 est
356 2850 486 2906 nihil
515 2851 666 2918 dare,
689 2867 850 2923 quam
870 2852 1047 2907 aliena
1074 2851 1194 2906 aliis
1223 2852 1373 2907 dare.
1398 2851 1493 2906 Dic
1516 2851 1658 2906 enim
1680 2851 1834 2919 mihi,

237 2946 287 3000 si
336 2946 474 3001 duos
510 2946 755 3003 homines
782 2946 995 3003 videres
1020 2961 1248 3016 quorum
1277 2946 1416 3000 alius
1446 2945 1622 3001 nudus
1660 2956 1829 3014 esset,

236 3037 378 3093 alius
404 3038 727 3094 vestimenta
756 3038 973 3095 indutus
998 3080 1015 3107 ,
1052 3048 1107 3095 et
1158 3038 1306 3094 illum
1334 3039 1423 3108 qui
1453 3037 1665 3093 indutus
1690 3047 1832 3094 esset

230 3143 499 3196 emeres,
534 3137 591 3184 ut
616 3128 820 3185 nudum
851 3132 1129 3200 operires,
1177 3144 1355 3183 annon
1382 3129 1563 3199 inique
1600 3145 1785 3201 ageres
1806 3132 1831 3165 ’

227 3217 462 3274 Maxime
490 3228 657 3274 certe.
685 3219 838 3287 Quod
868 3220 914 3275 si
941 3236 1053 3275 rem
1084 3229 1246 3274 totam
1265 3235 1423 3290 quam
1451 3221 1671 3292 rapuisti
1693 3221 1827 3277 dans

224 3310 404 3375 alteri,
434 3310 612 3381 inique
656 3312 774 3382 agis
796 3352 814 3378 ,
846 3326 946 3367 nec
984 3311 1082 3367 das
1121 3310 1522 3385 eleemosynam
1552 3328 1568 3367 :
1609 3313 1824 3384 quando

224 3400 505 3456 minimam
535 3413 742 3472 partem
780 3402 876 3459 das
907 3404 1043 3473 rapti
1094 3404 1308 3473 peculii,
1342 3413 1399 3459 et
1424 3403 1552 3459 illud
1582 3406 1823 3461 eleemo-

221 3508 416 3565 synam
448 3509 631 3560 vocas,
664 3510 799 3565 quas
831 3511 1018 3565 pinnas
1064 3510 1173 3550 nou
1201 3494 1393 3550 dabis?
1416 3495 1548 3551 Nam
1578 3495 1622 3551 si
1645 3495 1703 3563 ii,
1727 3496 1817 3567 qui

221 3583 411 3638 mutila
434 3584 682 3639 animalia
712 3585 1028 3647 oll'erebaut,
1055 3585 1110 3640 in
1135 3586 1339 3641 crimen
1360 3585 1712 3654 vocabantur,
1736 3595 1816 3652 tu,

217 3674 311 3745 qui
343 3675 525 3744 pejora
569 3676 699 3731 facis
721 3718 736 3742 ,
766 3692 924 3748 quam
954 3677 1165 3732 veniam
1192 3677 1576 3748 consequeris?
1601 3678 1813 3734 Etenim

215 3767 262 3821 si
295 3767 343 3821 ei
378 3766 465 3820 cui
513 3766 735 3822 abstulit
778 3767 866 3822 fur
892 3769 1135 3825 restituat
1167 3768 1218 3823 id
1251 3778 1454 3823 tantum
1484 3769 1623 3839 quod
1666 3770 1813 3825 abri-

214 3860 353 3931 puit,
384 3860 568 3930 inique
593 3859 736 3931 agit,
778 3871 833 3917 et
862 3877 1031 3931 usque
1082 3861 1219 3916 adeo
1250 3871 1307 3916 ut
1335 3862 1613 3933 quadrupli
1661 3863 1812 3919 addi-

212 3951 360 4007 tione
384 3952 470 4006 vix
500 3962 776 4021 peccatum
801 3953 933 4019 luat,
960 3963 1013 4007 et
1054 3953 1169 4008 lucc
1199 3955 1250 4007 in
1283 3955 1449 4009 veteri
1494 3954 1611 4025 lege
1665 3973 1679 4010 :
1719 3956 1809 4026 qui

211 4058 320 4097 non
349 4044 521 4097 solum
545 4042 766 4110 furatur,
797 4044 890 4099 sed
918 4045 1078 4099 etiam
1104 4045 1367 4101 violenter
1395 4046 1607 4116 abripit,
1634 4064 1808 4119 neque

210 4134 286 4189 illi
316 4135 548 4188 restituit
593 4150 624 4189 a
665 4150 772 4205 quo
807 4135 1032 4204 abripuit
1059 4177 1074 4203 ,
1104 4136 1198 4192 sed
1227 4138 1419 4203 alteri,
1451 4153 1513 4193 ac
1543 4154 1648 4193 non
1676 4154 1806 4210 qua-

208 4225 456 4296 druplum
482 4269 496 4292 ,
528 4226 638 4281 imo
680 4243 748 4281 ne
771 4227 1051 4282 dimidium
1078 4229 1290 4299 quidem
1315 4271 1329 4293 ,
1366 4246 1465 4285 nec
1494 4230 1600 4301 jam
1640 4232 1691 4285 iu
1718 4249 1805 4288 ve-

209 4318 333 4382 teri,
368 4318 462 4373 sed
491 4319 542 4372 iu
585 4334 721 4372 nova
748 4319 885 4388 lege,
913 4321 1086 4391 cogita
1116 4332 1370 4390 quantum
1422 4323 1597 4393 ignem
1631 4326 1681 4379 in
1712 4340 1802 4380 ca-

208 4418 300 4478 put
327 4424 482 4463 smun
505 4419 779 4480 congerat.
804 4411 956 4478 Quod
985 4412 1028 4466 si
1072 4413 1305 4468 nondum
1332 4431 1514 4484 poenas
1535 4416 1646 4483 det,
1679 4417 1800 4475 ideo

206 4502 358 4555 illum
406 4502 611 4572 lugeas,
642 4502 785 4573 quod
828 4503 927 4557 sibi
960 4505 1218 4572 majorem
1246 4506 1340 4561 ira:
1372 4506 1681 4565 thesaurum
1713 4521 1797 4565 at-

206 4591 401 4656 trahat,
426 4592 525 4646 nisi
553 4594 920 4661 pmuitentiam
942 4604 1081 4665 agat.
1115 4597 1253 4662 Quid
1282 4598 1416 4652 enim
1441 4601 1743 4656 existimati:
1778 4646 1793 4671 ,

205 4684 395 4754 inquit,
427 4684 544 4739 illo:
570 4685 706 4740 solos
732 4696 1021 4754 peccatores
1062 4691 1219 4759 fuisse
1238 4733 1252 4756 ,
1288 4709 1445 4763 super
1471 4676 1595 4764 quos
1637 4700 1797 4753 turris

202 4773 427 4829 cecidit?
457 4772 509 4828 Ν
514 4791 601 4840 on,
626 4776 739 4830 dico
764 4776 920 4842 vobis,
965 4778 1054 4832 sed
1075 4780 1172 4834 nisi
1202 4782 1544 4850 pmuitentiam
1573 4788 1790 4858 egeritis,

203 4874 247 4918 et
290 4880 377 4918 eos
416 4864 570 4919 simul
616 4867 838 4936 peribitis
870 4867 1035 4939 (Luc.
1090 4871 1260 4927 13.4.
1294 4873 1385 4944 5).
1415 4874 1791 4934 Ptenitentiam

200 4971 420 5027 agamus
450 4955 610 5027 igitur
630 4998 647 5021 ,
694 4967 751 5014 et
779 4974 809 5013 a
842 4961 1026 5031 rapina
1057 4978 1241 5033 puram
1270 4965 1669 5040 eleemosynam
1696 4973 1793 5028 tle-

203 5063 341 5112 mus,
398 5049 722 5121 largiterque
770 5068 1075 5123 erogemus.
1128 5058 1369 5129 Cogitate
1411 5061 1626 5118 Judaeos
1663 5068 1788 5121 olim

198 5152 323 5197 octo
348 5142 492 5199 mille
519 5144 731 5199 Levitas
752 5146 971 5212 aluisse,
1002 5158 1056 5203 et
1084 5166 1206 5207 cum
1238 5152 1441 5210 Levitis
1466 5196 1481 5220 ,
1519 5157 1707 5213 viduas
1738 5170 1790 5214 et

198 5234 446 5303 pupillos,
480 5248 543 5290 ac
572 5244 832 5307 pmterea
860 5241 1173 5298 ministeriis
1222 5244 1341 5301 aliis
1376 5246 1657 5317 obnoxios,
1690 5252 1789 5305 mi-

197 5328 321 5381 titim
343 5343 554 5398 quoque
584 5345 806 5399 cperam
845 5332 1061 5389 dedisse
1092 5354 1105 5388 :
1131 5352 1273 5393 nunc
1303 5354 1432 5394 vero
1458 5356 1614 5411 agms
1637 5384 1651 5407 ,
1700 5343 1769 5397 do

196 5434 331 5482 mos,
350 5420 645 5478 locationes
674 5426 889 5490 mdium,
920 5429 1163 5485 vehicula
1186 5471 1201 5495 ,
1228 5433 1512 5502 muliones,
1535 5438 1707 5493 mulos
1732 5452 1786 5495 et

206 5512 369 5566 multa
425 5514 529 5569 alia
578 5514 882 5581 huiusmodi
927 5522 1165 5591 possidet
1188 5524 1427 5581 Ecclesia
1455 5532 1524 5582 ob
1554 5539 1781 5587 vestram

195 5603 587 5663 crudelitatem.
621 5608 908 5678 Oporteret
958 5628 1127 5682 penes
1157 5632 1254 5671 vos
1282 5633 1404 5673 esse
1426 5618 1568 5676 hunc
1597 5622 1784 5680 Eccle-

197 5697 289 5751 siae
343 5696 657 5754 thesaurum
684 5741 700 5767 ,
733 5710 788 5757 et
817 5716 1134 5773 proventum
1167 5708 1283 5776 ejus
1321 5725 1386 5765 ex
1416 5723 1593 5768 \‘eslro
1618 5717 1779 5773 animi

255 5828 819 5914 :‘sic‘legepdumuest,
849 5839 993 5914 juxta
1018 5841 1330 5914 Evangelium
1354 5845 1618 5914 Graecum;
1640 5852 1779 5914 juxta

201 5902 305 5941 vero
326 5898 493 5941 Morel.
521 5898 826 5959 etquosdam
848 5907 955 5950 Mss.
980 5898 1244 5965 legendum
1272 5914 1425 5970 esset,
1458 5898 1748 5974 ambibat

1161 436 1224 491 ΙΝ
1269 430 1674 490 MATTll/EUM
1716 428 1944 485 HOMIL
1990 430 2253 491 LXXXV.
2293 434 2367 489 al.
2409 435 2697 495 LXXXVI.

3490 450 3598 506 76'!

1990 547 2166 599 studio
2198 548 2433 617 pendere
2461 568 2474 607 :
2506 568 2649 609 nunc
2672 563 2851 610 autem
2886 556 2994 612 duo
3065 559 3296 617 absurda
3335 564 3463 622 hinc
3502 582 3595 620 na-

1985 647 2241 701 scuntur;
2276 655 2398 694 nam
2428 652 2484 696 et
2508 658 2612 699 vos
2631 645 2749 701 sine
2776 646 2953 704 fructu
2984 653 3237 722 manetis,
3262 666 3316 710 et
3339 656 3597 712 sacerdo-

1984 736 2066 782 tes
2097 728 2185 784 Dei
2203 731 2304 787 sibi
2324 748 2430 788 non
2449 740 2809 805 competentia
2836 752 3087 798 tractant.
3116 746 3306 800 Annon
3332 757 3586 817 poterant

1980 822 2345 888 apostolorum
2372 835 2614 899 tempore
2632 830 2821 885 domus
2845 843 2896 888 et
2914 836 3029 906 agri
3045 852 3264 893 manere
3286 838 3304 893 ?
3323 839 3429 895 Cur
3450 857 3582 913 ergo

1982 914 2070 969 illa
2103 917 2404 974 vendebant
2432 961 2447 985 ,
2477 932 2529 977 et
2556 925 2789 993 pretium
2813 925 3247 986 distribucbaut’?
3286 931 3418 1000 Quia
3450 934 3578 989 illud

1979 1009 2174 1063 melius
2201 1020 2339 1065 erat.

2048 1102 2100 1154 4.
2131 1100 2236 1156 Sed
2267 1120 2408 1158 nunc
2434 1114 2611 1173 patres
2643 1117 2854 1164 vestros
2884 1110 3043 1166 timor
3080 1113 3302 1179 invasit,
3338 1132 3403 1171 uc
3428 1119 3583 1174 vobis

1978 1191 2176 1249 furiosa
2206 1212 2385 1250 rerum
2413 1200 2751 1255 smeularium
2780 1204 3073 1272 cupiditate
3101 1208 3294 1276 captis,
3319 1210 3579 1281 colligen-

1975 1284 2243 1355 tibusque,
2278 1303 2377 1343 nec
2405 1294 2811 1362 spargeutibus,
2854 1296 3174 1365 viduarum,
3199 1303 3526 1371 pupillorum
3558 1306 3574 1338 ⁸

1972 1384 2027 1429 et
2056 1376 2319 1446 virginum
2350 1380 2500 1436 ebori
2543 1383 2688 1440 fame
2715 1396 2939 1455 pereant
2972 1406 2986 1443 :
3018 1390 3139 1444 ideo
3183 1392 3297 1447 haec
3326 1392 3396 1447 ita
3424 1409 3574 1448 cmu-

1971 1481 2174 1537 pouere
2198 1471 2368 1525 coacti
2398 1481 2542 1527 sunt.
2572 1474 2758 1546 Neque
2784 1479 2928 1534 enim
2974 1480 3229 1538 videbant
3266 1483 3573 1554 hujusmodi

1968 1559 2202 1617 dedecus
2230 1563 2515 1623 admittere
2543 1607 2558 1629 .
2586 1568 2998 1641 sedcupiebaut
3050 1574 3342 1631 voluntatis
3374 1591 3569 1633 vestra:

1970 1653 2300 1722 propositum
2335 1655 2463 1725 ipsis
2512 1670 2830 1726 proventum
2878 1679 3003 1719 esse
3026 1706 3041 1730 ,
3075 1674 3132 1721 et
3163 1666 3287 1722 inde
3335 1668 3567 1724 liuctum

1966 1742 2281 1813 decerpere,
2335 1746 2461 1803 dum
2504 1750 2579 1805 illi
2623 1752 2870 1820 precibus
2903 1764 3109 1811 tantum
3167 1757 3565 1817 incumberent.

1963 1832 2118 1891 Nunc
2142 1846 2324 1893 autem
2354 1840 2475 1895 illos
2501 1845 2756 1915 coegistis
2785 1886 2801 1912 ,
2828 1856 2885 1902 ut
2910 1862 3007 1902 eos
3037 1853 3127 1919 qui
3159 1866 3248 1906 res
3279 1852 3570 1909 smculares

1962 1936 2016 1982 et
2043 1927 2333 1985 familiares
2365 1941 2593 1989 tractant
2640 1936 3016 2005 imitarentur;
3060 1941 3203 1997 unde
3241 1946 3422 1999 omnia
3472 1961 3567 2001 sus

1960 2020 2135 2091 deque
2164 2037 2317 2078 versa
2340 2035 2483 2079 sunt.
2514 2026 2648 2082 Nam
2679 2044 2801 2085 cum
2823 2040 2881 2087 et
2910 2048 3006 2088 vos
3035 2043 3090 2089 et
3140 2051 3238 2090 nos
3261 2036 3451 2093 iisdem
3483 2040 3563 2095 si-

1959 2126 2082 2166 mus
2130 2115 2363 2185 negotiis
2413 2116 2639 2186 intenti,
2670 2122 2791 2192 quis
2836 2123 3003 2178 Deum
3038 2125 3307 2195 plaeabit'l
3340 2127 3463 2184 Ideo
3495 2132 3559 2183 os

1957 2216 2063 2257 non
2092 2203 2353 2261 audemus
2378 2212 2611 2278 aperire,
2644 2214 2768 2283 quia
2813 2216 3052 2272 Ecclesia
3099 2217 3230 2274 nihil
3258 2236 3287 2274 a
3331 2222 3561 2277 saecula-

1956 2294 2102 2351 ribus
2151 2297 2458 2357 bominibus
2483 2303 2682 2360 diﬂ'ert.
2742 2306 2859 2362 Non
2890 2308 3117 2365 audistis
3146 2314 3421 2382 apostolos
3442 2356 3458 2379 ,
3494 2331 3564 2369 ue

1952 2389 2166 2458 quidem
2198 2394 2455 2461 pecunias
2490 2398 2610 2453 sine
2645 2399 2831 2457 labore
2873 2402 3131 2459 collectas
3158 2403 3561 2463 distribuendas

1950 2484 2295 2555 suscepisse’
2321 2486 2473 2543 Nunc
2498 2500 2679 2547 autem
2707 2494 2969 2563 episcopi,
2998 2506 3300 2562 curatores,
3333 2514 3555 2555 mentm-

1949 2589 2068 2630 mos
2095 2585 2150 2631 et
2174 2591 2446 2647 caupones
2466 2581 2772 2652 hujusmodi
2796 2586 3157 2645 sollicitudine
3178 2602 3436 2660 superant
3466 2601 3559 2647 :et

1945 2681 2066 2723 cum
2085 2678 2363 2738 oporteret
2378 2672 2499 2729 illos
2508 2675 2812 2733 animarum
2827 2688 3125 2736 vestrarum
3144 2696 3327 2737 curam
3340 2698 3552 2753 gerere,
3566 2734 3584 2742 ,

1943 2758 2132 2814 eadem
2157 2776 2279 2830 qua:
2305 2775 2624 2835 execptores
2645 2810 2661 2833 ,
2689 2780 3009 2840 quzcstorcs,
3041 2773 3317 2829 rationarii
3350 2784 3408 2831 et
3448 2792 3550 2847 pc-

1941 2852 2167 2907 cuniarii
2193 2870 2385 2913 curare
2422 2870 2691 2931 coguntur
2723 2880 2737 2917 :
2767 2863 2837 2921 de
2878 2864 2961 2923 his
2989 2868 3230 2939 quotidie
3275 2879 3400 2925 sunt
3439 2872 3551 2927 sol-

1942 2944 2091 3002 liciti.
2149 2946 2279 3004 Hice
2327 2966 2436 3006 non
2489 2953 2686 3009 frustra
2742 2956 3006 3030 deploro,
3044 2962 3140 3018 sed
3194 2975 3251 3019 ut
3296 2966 3545 3037 quiedam

1936 3038 2244 3096 emendatio
2293 3051 2349 3097 et
2393 3048 2618 3102 mutatio
2680 3060 2977 3120 sequatur,
3038 3064 3097 3110 ut
3150 3073 3247 3111 nos
3287 3059 3377 3128 qui
3438 3059 3541 3115 hac

1932 3134 2082 3203 gravi
2109 3135 2369 3191 servitute
2409 3139 2736 3209 premimur,
2766 3144 3194 3203 misericordiam
3239 3164 3543 3222 consequa-

1933 3242 2055 3281 mur
2074 3269 2091 3295 ,
2120 3237 2177 3282 ut
2202 3243 2297 3284 vos
2322 3230 2442 3285 sitis
2459 3230 2717 3291 Ecclesia:
2742 3246 2800 3291 et
2830 3248 3124 3308 proventus
3144 3249 3200 3297 et
3227 3240 3535 3299 thesaurus.

1930 3319 2024 3376 Sin
2052 3321 2233 3376 nolitis
2257 3324 2300 3391 ',
2329 3338 2458 3380 ecce
2495 3342 2761 3398 pauperes
2789 3345 2972 3386 coram
3002 3334 3153 3388 vobis
3178 3345 3302 3390 suut
3334 3354 3347 3391 :
3372 3347 3531 3408 quot-

1925 3424 2059 3485 quot
2080 3417 2398 3484 poterimus,
2422 3420 2664 3485 alemus;
2698 3437 2835 3493 quos
2884 3440 2990 3480 non
3023 3428 3341 3497 poterimus,
3373 3432 3529 3487 vobis

1923 3508 2147 3562 alcudos
2172 3511 2541 3579 relinquemus
2564 3555 2580 3580 ,
2612 3530 2681 3571 ne
2711 3516 2763 3570 in
2810 3517 2899 3573 die
2921 3520 3201 3577 tremenda
3235 3524 3396 3579 verba
3427 3524 3517 3580 illa

1921 3600 2170 3667 audiatis,
2204 3603 2717 3665 immisericordibus
2743 3620 2796 3667 et
2829 3612 3138 3670 inhumanis
3160 3615 3302 3672 dicta
3336 3637 3349 3672 :
3382 3617 3527 3674 Esu-

1919 3694 2130 3750 rieutem
2158 3713 2239 3751 me
2257 3698 2472 3767 vidistis,
2497 3710 2544 3756 et
2565 3718 2668 3758 non
2697 3705 2917 3761 aluistis.
2948 3708 3075 3764 Haec
3098 3721 3247 3767 certe
3278 3713 3527 3769 inhuma-

1918 3786 2055 3839 nitas
2085 3794 2141 3841 et
2171 3803 2263 3843 vos
2286 3796 2341 3845 et
2361 3806 2460 3846 nos
2489 3792 2745 3851 ridiculos
2765 3797 2951 3865 elﬂcit,
2980 3802 3105 3869 quia
3133 3805 3398 3872 oratione,
3423 3805 3524 3861 do-

1914 3878 2109 3945 ctrina,
2138 3882 2454 3954 ueterisque
2480 3888 2681 3941 sanctis
2704 3891 2979 3946 exercitiis
3011 3892 3235 3959 relictis,
3267 3897 3357 3952 alii
3381 3898 3515 3964 vini,

1914 3968 2002 4022 alii
2033 3970 2310 4039 frumenti,
2360 3975 2449 4030 alii
2493 3976 2723 4034 aliarum
2762 3997 2940 4037 rerum
2993 3986 3363 4044 venditoribus
3412 3990 3521 4045 liti.

1910 4060 2088 4129 gando
2115 4064 2406 4121 miscemur
2435 4070 2580 4123 oumi
2622 4081 2895 4143 tempore.
2938 4076 3075 4132 llinc
3106 4078 3259 4147 ήκω,
3292 4092 3516 4139 conten-

1912 4153 2105 4221 tiones,
2152 4165 2208 4212 et
2257 4159 2564 4229 quotidiana
2590 4166 2831 4222 convicia
2859 4183 2873 4227 ;
2908 4170 3238 4244 singulisque
3262 4176 3516 4231 sacerdo-

1910 4245 2051 4302 tibus
2076 4250 2293 4305 nomina
2336 4253 2581 4323 quaadam
2621 4257 2991 4329 imponuntur,
3019 4279 3141 4333 quae
3178 4268 3514 4327 sccularibus

1905 4337 2110 4394 aedibus
2140 4344 2310 4414 magis
2337 4357 2740 4417 competerent;
2768 4367 2889 4407 cum
2922 4366 3200 4425 Oporteret
3248 4360 3369 4415 aliis
3411 4379 3513 4417 uo-

1909 4431 2139 4487 miuibus
2159 4438 2357 4503 vocari,
2393 4456 2514 4509 qua:
2555 4451 2859 4501 statuerunt
2881 4451 3135 4517 apostoli,
3162 4452 3230 4509 ab
3251 4454 3510 4513 alimento

1905 4526 2229 4593 pauperibus
2245 4530 2392 4595 dato,
2411 4548 2439 4586 a
2462 4536 2758 4602 patrocinio
2780 4539 2922 4597 laesis
2942 4548 3305 4614 coucesso,ab
3326 4548 3509 4620 hospi-

1903 4617 2128 4682 talitate,
2157 4637 2185 4674 a
2224 4625 2463 4693 praastito
2485 4632 2756 4698 Oppressis
2787 4635 2989 4690 auxilio
3013 4678 3029 4703 ,
3063 4654 3092 4693 a
3122 4654 3247 4695 cura
3277 4617 3509 4714 pupillo-

1900 4725 2040 4777 rum,
2074 4728 2103 4766 a
2155 4714 2469 4777 defensioue
2496 4722 2793 4787 viduarum,
2825 4743 2853 4781 a
2895 4734 3230 4799 protectioue
3277 4737 3502 4809 virgini-

1900 4807 1999 4864 bus
2027 4808 2171 4875 data,
2204 4820 2257 4867 et
2282 4812 2395 4869 haec
2415 4817 2715 4876 ministeria
2735 4826 3108 4884 sacerdotibus
3138 4831 3294 4897 tradi,
3322 4807 3501 4903 potius

1896 4914 2054 4968 quam
2075 4915 2325 4971 agrormn
2347 4905 2670 4979 :cdiumque.
2686 4911 2811 4969 "2130
2835 4916 2976 4971 enim
2999 4916 3255 4975 Ecclesia:
3276 4933 3402 4978 sunt
3425 4927 3503 4981 ci-

1897 4992 2054 5047 melia
2078 5012 2093 5049 :
2117 4993 2170 5047 hi
2196 4995 2431 5054 thesauri
2456 5000 2554 5071 ipsi
2582 5016 2970 5076 competentes,
2991 5027 3113 5083 qua:
3143 5014 3368 5073 multam
3394 5033 3499 5074 no-

1896 5085 1977 5140 bis
2006 5086 2338 5158 facilitatem,
2357 5094 2617 5168 vobisque
2648 5099 2950 5167 utilitatem,
2979 5105 3087 5159 imo
3113 5108 3277 5163 etiam
3321 5108 3497 5167 facili-

1895 5190 2056 5236 tatem
2081 5194 2359 5253 prtesteut.
2380 5188 2635 5263 Namper
2664 5196 2999 5267 Deigratiam
3024 5214 3154 5272 poto
3181 5221 3273 5261 eos
3291 5208 3382 5278 qui
3411 5209 3501 5268 hic

1891 5287 2291 5349 congregantur
2318 5283 2386 5338 ad
2413 5296 2631 5342 centum
2658 5291 2805 5348 mille
2836 5296 3143 5368 pertingere
3168 5315 3185 5364 ;
3216 5308 3273 5355 et
3301 5302 3351 5356 si
3378 5303 3499 5359 sin-

1889 5370 1997 5436 guli
2020 5372 2245 5443 singulis
2269 5380 2590 5449 pauperibus
2612 5384 2851 5455 singulos
2885 5405 3051 5457 panes
3072 5392 3283 5459 darent,
3302 5411 3497 5454 omnes

1892 5461 1942 5513 in
1968 5479 2147 5521 rerum
2173 5469 2498 5529 abundantia
2545 5487 2730 5532 essent
2758 5498 2772 5534 :
2796 5482 2841 5535 si
2873 5484 3068 5555 singuli
3100 5503 3264 5543 unum
3297 5490 3496 5548 darent

1889 5557 2127 5623 obolum.
2158 5576 2226 5617 ne
2271 5577 2410 5621 unus
2454 5567 2671 5636 quidem
2724 5586 2931 5643 pauper
2967 5587 3134 5644 esset,
3186 5596 3364 5653 neque
3416 5594 3491 5638 tot

1889 5652 2107 5708 dicteria
2134 5665 2191 5710 et
2222 5658 2414 5727 probra
2444 5662 2839 5722 sustineremus
2884 5670 2954 5725 ob
2983 5673 3305 5741 praediorum
3334 5678 3485 5731 solli—

1887 5744 2199 5803 citudinem.
2222 5748 2352 5804 Nam
2381 5752 2528 5819 illud,
2560 5752 2731 5811 Vende
2747 5760 2980 5817 universo
3001 5782 3118 5835 qua!
3142 5767 3311 5833 Iaudes,
3337 5779 3385 5824 et
3416 5770 3497 5826 τίει

1952 5863 1969 5928 '_
2003 5861 2130 5915 Vox.
2156 5863 2471 5928 pupillorum,
2497 5869 2639 5922 deest
2666 5873 2715 5923 in
2742 5877 2905 5928 δῖοι-αι.

1958 5926 1974 5953 ⁵
2012 5932 2137 5989 ttzec,
2156 5925 2247 5978 'siu
2270 5925 2653 5993 nolitis-desunt
2671 5938 2719 5987 iu
2746 5925 2909 5992 Storel.
