4156 6514
701 412 804 465 τί,δῦ

703 522 1024 595 jmuperibus.
1064 529 1109 573 et
1135 519 1265 586 veni,
1296 533 1498 587 sequere
1524 534 1600 569 me
1620 513 1831 584 (Matth.
1857 513 1942 567 l9.
1965 512 2080 580 21),
2109 509 2269 563 etiam

699 614 764 667 :nl
821 610 1075 670 Ecclesia:
1131 608 1386 680 przesides
1431 608 1497 663 de
1542 606 1795 661 Ecclesiae
1848 601 2273 675 possessionibus

700 714 996 771 opportune
1035 700 1263 756 dicatur.
1296 700 1417 753 Alio
1454 698 1596 753 enim
1632 696 1787 750 modo
1831 712 1934 749 non
1986 706 2273 763 possumus

702 804 757 844 nt
786 800 998 861 Oportet
1026 791 1196 861 sequi,
1226 788 1327 843 nisi
1362 788 1505 841 omni
1532 785 1885 840 sollicitudine
1928 783 2190 838 crassiore
2217 790 2275 835 et

703 883 890 937 viliore
939 882 1105 935 simus
1155 879 1325 935 vacui.
1379 878 1529 932 Nunc
1592 890 1768 929 autem
1824 874 1916 929 Dei
1970 873 2275 941 sacerdotes

701 973 1002 1036 vindemim,
1050 972 1248 1037 messi,
1291 969 1582 1024 venditioni
1611 978 1663 1021 ct
1701 967 1954 1035 emptioni
2009 964 2273 1018 fructuum

703 1066 831 1119 dant
858 1080 1074 1133 operam
1099 1080 1113 1129 ;
1144 1075 1196 1117 et
1219 1063 1308 1117 alii
1328 1063 1544 1131 quidem
1579 1062 1783 1116 umbra:
1810 1061 2105 1115 servientes
2134 1060 2273 1119 .-bo-

705 1174 821 1212 runt
847 1160 1081 1212 omnium
1109 1158 1370 1210 immunes
1414 1167 1586 1221 erant,
1617 1158 1716 1210 etsi
1745 1154 2005 1223 corporali
2034 1154 2276 1210 ministe-

708 1251 792 1315 rio
821 1250 1052 1319 deputati
1078 1266 1093 1315 ;
1119 1265 1215 1303 nos
1243 1260 1418 1303 autem
1451 1249 1537 1317 qui
1564 1247 1632 1302 ad
1661 1248 1770 1316 ipsa
1799 1246 2088 1317 penetralia
2115 1246 2278 1301 caelo-

706 1357 824 1399 rum
840 1356 1146 1408 evocantur,
1170 1351 1222 1397 et
1240 1340 1291 1395 in
1317 1356 1443 1397 vera
1465 1350 1647 1395 sancta
1666 1349 1969 1394 sanctorum
1995 1339 2276 1399 intramus.

708 1442 1061 1486 mercatorum
1113 1441 1169 1486 et
1214 1446 1515 1500 cauponum
1559 1445 1715 1485 curas
1757 1430 2116 1497 suscipimus,
2144 1430 2281 1485 Hinc

707 1524 995 1592 Scriptura:
1033 1521 1320 1577 admodum
1349 1522 1702 1591 negliguntur,
1736 1520 2068 1590 precationes
2096 1523 2278 1591 segni-

711 1656 774 1670 ’ν

1438 404 1493 457 S.
1520 398 1795 457 JOANNIS
1832 385 2292 452 CHRYSOSTOMI
2331 387 2640 443 AllClllEP.
2680 382 3207 444 CONSTANTINOP.

3859 380 3951 431 πει

2380 516 2461 561 ter
2483 506 2853 575 persolvuntur
2880 546 2895 570 ,
2925 506 3135 573 aliaque
3162 504 3341 559 omnia
3372 504 3814 555 contemnuntur.
3844 494 3951 549 Non

2378 598 2518 653 enim
2548 597 2659 651 lieri
2705 608 2910 667 potest,
2957 608 3011 651 nt
3038 596 3103 652 ad
3136 596 3250 650 haec
3277 594 3436 648 ambo
3461 608 3583 646 cum
3632 590 3815 645 studio
3837 588 3955 643 dili-

2378 689 2520 759 genti
2544 687 2870 743 scindantur.
2902 688 3079 754 Quare
3104 689 3331 743 obsecro
3374 695 3427 740 ct
3455 701 3571 749 oro,
3606 694 3667 737 ut
3692 682 3847 736 multi
3875 698 3957 735 no-

2380 783 2469 838 bis
2488 780 2713 852 undique
2737 784 2913 836 fontes
2940 782 3253 846 scaturiant,
3306 788 3467 849 utque
3489 792 3615 831 area
3664 784 3845 831 vestra
3869 784 3921 827 et
3940 775 3953 802 '

2383 873 2611 928 torcular
2639 882 2875 927 vestrum
2900 873 2969 926 sit
3011 872 3163 926 nobis
3191 872 3242 924 in
3294 869 3589 923 stimulum.
3636 867 3711 931 ua
3739 866 3884 920 enim
3909 876 3959 918 et

2382 978 2640 1033 pauperes
2670 962 2873 1018 facilius
2898 963 3129 1023 alentur,
3156 961 3299 1016 Deus
3321 957 3731 1029 glorificabitu,
3765 970 3958 1020 vosque

2381 1055 2448 1108 ad
2475 1056 2671 1125 majora
2696 1054 3039 1108 humanitatis
3060 1068 3223 1122 opera
3253 1051 3543 1121 progressi,
3565 1048 3794 1103 :etetnis
3817 1046 3957 1100 frue-

2384 1148 2511 1202 mini
2540 1149 2728 1202 bonis:
2765 1163 2886 1213 quae
2918 1161 3014 1201 nos
3058 1160 3244 1200 omnes
3271 1145 3484 1212 assequi
3514 1142 3819 1210 contingat,
3843 1154 3959 1208 gra-

2386 1240 2453 1296 tia
2484 1250 2537 1293 et
2557 1236 2879 1308 benignitate
2901 1237 3108 1291 Domini
3135 1236 3303 1291 nostri
3340 1234 3466 1290 Jesu
3494 1232 3723 1296 Christi,
3756 1230 3840 1286 cui
3865 1231 3961 1299 glo-

2384 1334 2460 1387 ria
2488 1331 2540 1386 in
2570 1330 2763 1386 saecula
2794 1330 3137 1385 smculorum.
3159 1330 3355 1382 Amen.

2448 1506 2464 1535 ¹
2504 1502 2635 1562 ﬁsco,
2659 1514 2777 1552 area
2797 1506 2955 1551 vestra
2974 1506 3039 1562 et,
3062 1477 3245 1549 desunt
3267 1500 3314 1548 in
3333 1496 3501 1547 ﬂoret.

3395 1643 3711 1656 ——

1734 1727 2077 1789 HOMILIA
2120 1727 2470 1787 LXXXVI.
2515 1726 2601 1787 al.
2644 1724 3028 1786 LXXXVII.

710 1872 841 1929 CAP.
881 1874 969 1929 27.
1000 1890 1051 1929 v.
1092 1875 1173 1928 ll.
1213 1871 1363 1926 Iesus
1415 1881 1583 1925 autent
1629 1872 1762 1924 stetit
1813 1882 1929 1923 ante
1980 1872 2240 1939 prtesidem
2268 1911 2282 1935 ,

779 1976 824 2017 et
850 1965 1170 2033 interrogavit
1195 1980 1306 2016 eum
1334 1979 1533 2033 prteses,
1565 1963 1733 2016 dicens
1752 1978 1771 2017 :
1801 1962 1875 2015 Tu
1903 1980 1952 2015 es
1979 1979 2065 2015 rea;
2084 1962 2288 2015 Judteo-

780 2055 931 2107 rum?
955 2053 1106 2107 Jesus
1132 2064 1298 2107 autem
1325 2054 1451 2105 dixit
1480 2069 1498 2105 :
1522 2052 1600 2105 Tu
1628 2053 1772 2106 dicis.
1806 2052 1889 2106 l2.
1924 2052 1988 2105 Et
2012 2070 2123 2104 cum
2145 2068 2287 2105 accu-

780 2154 975 2199 saretur
992 2162 1023 2197 a
1046 2144 1355 2215 principibus
1379 2143 1693 2198 sacerdotum
1722 2154 1767 2197 et
1787 2144 2064 2198 maioribus
2088 2144 2282 2213 populi,

784 2235 912 2289 nihil
940 2237 1215 2304 respondit.

784 2327 833 2379 l.
875 2325 1171 2379 Judteorum
1196 2335 1549 2380 accusatorum
1584 2323 1767 2379 Christi
1800 2326 1931 2379 mala
1960 2326 2105 2393 ﬁdes.
2136 2324 2289 2380 Chri-

711 2427 817 2472 stus
840 2433 936 2485 quo
952 2433 1098 2471 sensu
1120 2434 1173 2471 se
1198 2435 1359 2488 regem
1386 2415 1788 2471 dicit.-—Viden‘
1806 2417 1891 2472 hic
1916 2419 2138 2487 primum
2164 2433 2287 2472 exa-

716 2507 902 2560 minari
952 2506 1075 2559 illud
1110 2507 1248 2576 quod
1293 2506 1460 2562 Judaei
1514 2504 1939 2576 frequentissime
1971 2510 2290 2563 versabant?

714 2597 845 2664 Quia
874 2598 1014 2651 enim
1045 2598 1295 2653 videbant
1323 2597 1549 2653 Pilatum
1615 2596 1756 2652 nihil
1821 2596 2011 2666 legalia
2078 2613 2287 2667 curare,

714 2688 781 2741 ad
809 2689 1011 2757 publica
1034 2690 1255 2743 crimina
1276 2698 1571 2745 vertuntur.
1592 2689 1682 2744 Sic
1706 2700 1759 2743 et
1778 2705 1900 2758 erga
1920 2691 2189 2759 apostolos
2206 2690 2288 2746 fa-

717 2778 946 2844 ciebant,
962 2778 1075 2833 bznc
1100 2794 1310 2850 semper
1325 2779 1655 2847 objicientes,
1681 2780 1824 2847 ipsos
1844 2794 2032 2849 nempe
2056 2781 2289 2835 circum-

716 2868 795 2922 ire
848 2868 1194 2936 prmdicantes
1235 2884 1413 2937 regen.
1463 2868 1743 2938 quemdam
1799 2868 2000 2936 Jesum,
2045 2872 2194 2941 quasi
2224 2870 2292 2927 de

714 2958 857 3013 nudo
880 2958 1091 3014 homine
1109 2960 1220 3014 lucc
1244 2959 1568 3023 dicereut,et
1583 2959 1649 3013 ad
1675 2961 2028 3028 suspicionem
2052 2963 2292 3033 tyranni-

715 3051 797 3105 dis
824 3050 1151 3107 inducentes.
1184 3052 1333 3111 Unde
1362 3052 1531 3122 palam
1561 3060 1678 3116 est,
1710 3053 2019 3109 scissionem
2062 3056 2286 3123 tunicaz,

717 3153 772 3197 ct
805 3153 1075 3212 stuporem
1107 3144 1367 3214 pontificis
1392 3145 1633 3199 simulata
1677 3144 1856 3202 fuisse.
1884 3146 2070 3202 Omnia
2096 3149 2292 3219 quippe

718 3236 1002 3290 movebant
1043 3247 1096 3291 et
1144 3237 1464 3302 versabant,
1498 3247 1553 3290 ιιι
1599 3247 1822 3292 mortem
1872 3240 1967 3306 ipsi
2014 3238 2289 3295 inferrent.

720 3326 829 3381 Hoc
866 3328 1038 3398 itaque
1065 3328 1261 3383 Pilatus
1288 3339 1412 3384 tunc
1438 3330 1801 3398 interrogavit.
1833 3332 1965 3399 Quid
1991 3346 2116 3400 ιιιςο
2141 3332 2294 3387 Chri-

717 3419 871 3474 stus?
904 3418 977 3472 Tu
1016 3420 1209 3475 dixisti.
1251 3421 1537 3476 Confessus
1576 3432 1658 3475 cst
1697 3437 1756 3476 se
1794 3438 1969 3493 regem
2008 3438 2125 3480 esse
2148 3470 2163 3487 .
2200 3426 2293 3479 sed

719 3509 986 3567 omlestem
1016 3526 1195 3579 regem
1227 3512 1243 3542 ¹
1275 3527 1288 3564 :
1316 3511 1455 3581 quod
1499 3512 1622 3567 alibi
1652 3513 1845 3566 clarius
1875 3513 2043 3567 Pilato
2073 3529 2292 3584 respon-

720 3601 855 3655 dens
873 3600 1011 3654 dixit
1031 3617 1043 3654 :
1066 3600 1295 3670 Regnum
1312 3619 1477 3656 meum
1498 3619 1596 3657 non
1619 3614 1690 3656 est
1711 3604 1773 3656 de
1794 3604 1887 3657 hoc
1908 3605 2093 3658 mundo
2115 3604 2292 3674 (Joan.

720 3692 811 3749 £8.
838 3692 953 3763 56),
978 3702 1035 3746 ιιι
1061 3708 1232 3763 neque
1254 3695 1325 3757 hi,
1356 3710 1525 3765 neque
1553 3695 1625 3747 illi
1659 3695 1783 3749 talia
1817 3707 2166 3764 accusantes,
2199 3700 2296 3752 ali-

722 3798 878 3851 quam
909 3784 1301 3839 excusationem
1334 3785 1620 3850 liaberent;
1652 3785 2005 3856 invictamque
2037 3788 2293 3843 rationem

721 3871 876 3927 all'ert
899 3888 912 3927 :
938 3873 998 3927 Si
1021 3889 1082 3927 ea:
1110 3874 1203 3926 hoc
1230 3874 1415 3926 mme
1439 3891 1614 3941 essent,
1646 3876 1743 3927 mei
1767 3876 1935 3945 utique
1963 3878 2291 3946 decertarent,

719 3984 783 4023 ne
810 3969 1051 4021 traderer.
1085 3967 1281 4022 Idcirco
1314 3978 1367 4021 ut
1403 3966 1540 4021 hanc
1566 3970 1918 4037 suspicionem
1954 3980 2293 4037 removeret,

719 4070 773 4115 et
817 4060 1066 4114 tribututn
1114 4060 1311 4123 solvit,
1352 4072 1406 4114 et
1447 4060 1581 4114 alios
1620 4062 1825 4115 solvere
1859 4062 2046 4131 jussit;
2086 4072 2140 4117 et
2178 4079 2297 4118 cum

722 4150 921 4204 vellent
962 4165 1079 4204 eum
1123 4165 1300 4218 regem
1334 4150 1506 4203 facere
1530 4191 1545 4212 ,
1585 4150 1800 4218 aufugit.
1833 4150 1937 4203 Cur
1972 4160 2183 4218 autem,
2214 4152 2296 4207 in-

719 4242 890 4310 quies,
919 4241 1033 4295 htec
1058 4257 1163 4295 non
1191 4242 1242 4295 in
1269 4240 1500 4296 medium
1528 4241 1764 4310 protulit,
1790 4256 1906 4295 cum
1929 4242 1994 4296 de
2018 4243 2295 4313 tyrannide

720 4332 1092 4387 accusaretur?
1134 4330 1264 4398 Quia
1312 4347 1430 4386 cum
1473 4339 1750 4386 sescentas
1796 4331 2051 4387 baberent
2098 4350 2162 4390 ex
2203 4351 2293 4390 re-

718 4423 819 4476 bus
844 4422 971 4491 ipsis
991 4425 1009 4453 ²
1036 4422 1517 4478 demonstrationes
1546 4422 1612 4478 de
1642 4430 1917 4492 p0tcstate,
1946 4423 2014 4480 de
2043 4440 2291 4481 mansue-

719 4512 940 4577 tudine,
989 4512 1055 4567 de
1102 4512 1401 4579 modestia,
1449 4513 1675 4568 libentes
1722 4514 2103 4577 caecutiehant,
2157 4516 2293 4569 mala

718 4606 1190 4678 machinabantur,
1221 4615 1275 4659 et
1298 4614 1603 4673 corruptum
1631 4614 1745 4660 erat
1770 4607 2044 4673 judicium.
2078 4607 2203 4662 Ideo
2227 4608 2293 4662 ad

716 4695 845 4748 nihil
892 4695 1174 4764 respondet
1198 4738 1214 4760 .
1247 4695 1341 4751 sed
1381 4705 1559 4761 tacet,
1590 4704 1644 4751 et
1672 4696 1981 4752 brevissime
2009 4698 2295 4767 aliquando

719 4786 947 4855 loquitur
965 4827 977 4848 .
1008 4802 1074 4847 ne
1103 4801 1167 4843 ex
1201 4796 1455 4857 perpetuo
1480 4787 1691 4843 silentio
1714 4789 2026 4858 arrogantiae
2055 4790 2155 4843 sibi
2182 4792 2294 4846 exi-

717 4878 1071 4933 stimanuem
1099 4886 1344 4949 pareret,
1374 4893 1565 4948 nempe
1589 4892 1708 4933 cum
1734 4877 1995 4947 adjuravit
2019 4880 2251 4949 pontifex
2271 4923 2287 4949 ,

712 4983 835 5022 cum
882 4967 1226 5037 interrogavit
1269 4983 1499 5038 preses;
1542 4970 1607 5024 ad
1639 4968 1844 5039 objecta
1872 4986 1999 5023 vero
2027 4972 2245 5026 crimina
2270 5017 2285 5040 ,

716 5059 834 5128 quia
874 5074 933 5113 se
967 5059 1183 5114 minime
1222 5074 1593 5128 persuasurum
1628 5076 1742 5116 esse
1770 5061 2008 5127 sciebat,
2040 5063 2171 5116 nihil
2202 5078 2290 5117 re»

712 5152 946 5220 spondit.
976 5151 1125 5220 Quod
1152 5161 1205 5205 et
1232 5152 1485 5223 propheta
1508 5152 1735 5223 idipsum
1764 5154 2122 5223 praenuntians
2143 5154 2285 5209 dice-

710 5245 802 5300 bat
846 5261 859 5298 :
904 5244 970 5299 In
1008 5246 1287 5299 humilitate
1328 5246 1437 5315 ejus
1473 5245 1727 5313 judicium
1767 5247 1874 5309 eius
1917 5245 2169 5300 sublatum
2214 5256 2287 5300 est

713 5335 875 5405 (Isai.
903 5337 991 5393 ὃὸ.
1021 5337 1113 5407 8).
1145 5336 1222 5392 De
1250 5336 1332 5391 bis
1354 5336 1647 5392 mirabatur
1674 5350 1869 5407 praeses
1899 5355 1912 5391 :
1939 5337 2286 5393 admiratione

714 5428 907 5497 quippe
933 5428 1151 5496 dignum
1178 5440 1292 5482 erat
1316 5469 1331 5490 .
1361 5437 1560 5481 tantam
1591 5427 1902 5481 mochtiam
1927 5436 1982 5483 ct
2010 5427 2283 5483 taciturni-

714 5524 876 5571 tatem
922 5516 1172 5572 exhibere
1215 5532 1337 5571 eum
1380 5517 1470 5587 qui
1516 5518 1790 5571 innumera
1834 5516 2014 5572 dicere
2059 5528 2281 5585 poterat.

716 5610 896 5681 Neque
934 5609 1076 5663 enim
1107 5608 1248 5678 quod
1283 5608 1479 5680 aliquid
1524 5611 1575 5665 in
1607 5625 1673 5665 eo
1702 5608 1823 5664 mali
1854 5617 2100 5679 putarent
2126 5624 2243 5665 esse
2267 5650 2283 5677 ,

739 5749 751 5780 ¹
777 5745 871 5795 Alii
896 5746 1094 5807 habent,
1120 5751 1165 5807 et
1179 5756 1336 5807 regem
1356 5745 1609 5807 castestem,
1623 5742 1750 5807 quod
1766 5744 1995 5807 majorem
2014 5745 2107 5807 vim
2116 5744 2285 5796 habet.

746 5813 763 5846 ⁸
785 5807 835 5860 lu
860 5806 1019 5858 Morel.
1048 5803 1248 5869 legitur;
1265 5820 1291 5857 ε
1310 5803 1705 5870 δενὶριιιῆδίριῖο,
1730 5819 1794 5857 ea:
1805 5805 1944 5861 rebus
1966 5803 2101 5870 ipsis.

2392 1870 2538 1925 illum
2570 1869 2921 1931 accusabant,
2951 1868 3045 1924 sed
3075 1868 3240 1923 livore
3265 1873 3467 1922 tantum
3498 1875 3547 1921 et
3581 1865 3778 1920 invidia
3808 1862 3965 1917 ducti.

2390 1960 2520 2015 Nam
2548 1976 2667 2014 cum
2698 1960 2860 2014 falsos
2888 1970 3049 2014 testes
3079 1960 3437 2023 induxerunt,
3464 1972 3559 2011 cur
3585 1971 3706 2011 cum
3735 1954 3864 2008 nihil
3889 1952 3968 2005 di-

2391 2051 2614 2106 cendum
2665 2050 2962 2116 haberent,
3009 2050 3181 2105 adhuc
3227 2047 3525 2103 accusando
3586 2043 3974 2116 perstiterunt?

2391 2157 2489 2197 cur
2524 2141 2709 2196 Judam
2743 2142 3098 2211 exspirantem
3136 2139 3377 2195 videntes
3399 2180 3415 2202 ,
3446 2149 3499 2191 et
3532 2137 3755 2191 Pilatum
3789 2150 3973 2190 manus

2392 2234 2656 2288 lavantem
2674 2276 2688 2297 ,
2722 2250 2827 2287 non
2856 2232 3157 2301 compuncti
3184 2231 3346 2286 sunt?
3371 2230 3503 2284 Nam
3534 2228 3699 2283 multa
3725 2227 3817 2281 illo
3844 2236 3975 2280 temo

2394 2340 2523 2396 pore
2563 2326 2723 2391 fecit,
2765 2339 2885 2395 qua:
2921 2323 2988 2378 ad
3034 2320 3453 2391 resipiscendum
3491 2319 3840 2381 inducerent;
3881 2316 3974 2370 sed

2395 2415 2643 2469 meliores
2670 2430 2775 2468 non
2801 2413 2976 2469 ell'ecti
3003 2424 3145 2469 sunt.
3172 2412 3305 2479 Quid
3334 2426 3461 2478 ergo
3488 2409 3707 2465 Pilatus.
3734 2409 3823 2463 l3.
3854 2405 3975 2461 Non

2395 2508 2544 2564 audis
2561 2519 2749 2578 quanta
2768 2509 2851 2561 isti
2871 2508 3108 2561 adversus
3128 2516 3175 2560 te
3194 2505 3525 2574 testiﬁcantur
3541 2504 3567 2556 .9
3585 2501 3809 2557 Volebat
3832 2501 3976 2555 enim

2397 2601 2542 2656 Illum
2570 2616 2628 2656 se
2653 2600 3025 2657 defendentem
3060 2599 3292 2653 liberare
3316 2638 3331 2661 ,
3363 2596 3585 2665 ideoque
3614 2594 3691 2648 sic
3718 2593 3977 2664 loqueba-

2397 2700 2513 2756 tur;
2561 2706 2682 2745 cum
2726 2702 2903 2745 autem
2942 2690 3070 2744 nihil
3108 2688 3493 2758 responderet,
3524 2686 3665 2740 aliud
3702 2684 3976 2754 quidpiam

2395 2780 2744 2835 machinatur.
2777 2780 3054 2846 Quodnam
3082 2780 3207 2834 illud
3232 2780 3255 2833 ?
3290 2778 3403 2832 Mos
3426 2790 3541 2833 erat
3564 2777 3836 2831 dimittere
3874 2777 3978 2830 illis

2397 2886 2557 2924 unum
2589 2887 2655 2925 ex
2685 2874 2856 2925 noxiis
2877 2914 2890 2936 ,
2922 2881 2977 2926 et
3001 2872 3099 2925 hac
3124 2873 3206 2924 via
3236 2870 3385 2924 illum
3411 2870 3620 2939 eripere
3648 2869 3889 2922 tentavit.
3920 2865 3978 2921 Si

2398 2977 2502 3014 non
2532 2962 2719 3026 vultis,
2753 2964 2953 3032 inquit,
2988 2973 3044 3017 ut
3072 2969 3334 3017 insontem
3361 2963 3654 3023 dimittere,
3688 2970 3744 3013 ut
3768 2971 3978 3015 sontem

2398 3055 2583 3107 saltem
2624 3053 2676 3107 in
2708 3054 3042 3109 solemnitate
3072 3054 3281 3108 solvite.
3318 3052 3499 3107 Viden‘
3537 3053 3806 3107 inveisum
3835 3052 3980 3106 ordi-

2400 3145 2559 3198 nem?
2583 3144 2639 3198 In
2669 3160 2815 3199 more
2842 3154 2959 3198 erat
2985 3155 3039 3198 ut
3063 3161 3156 3214 pro
3184 3144 3446 3199 damnatis
3474 3143 3699 3214 papulus
3730 3152 3938 3212 peteret
3964 3185 3981 3207 ,

2398 3249 2595 3303 praeses
2621 3249 2749 3289 vero
2770 3235 3091 3290 concederet
3118 3253 3131 3289 :
3161 3250 3301 3290 nunc
3325 3250 3487 3307 porro
3510 3235 3839 3288 contrarium
3866 3233 3983 3287 εω-

2396 3325 2573 3390 citur;
2605 3340 2804 3395 praeses
2844 3326 2895 3379 id
2923 3341 2954 3379 a
2986 3327 3180 3395 populo
3214 3325 3381 3395 petit,
3417 3340 3595 3395 neque
3618 3325 3695 3379 sic
3724 3325 3804 3379 illi
3834 3324 3980 3378 miti-

2397 3424 2625 3484 gantur,
2675 3417 2783 3469 imo
2826 3417 2994 3486 magis
3041 3415 3345 3483 ferociunt,
3393 3430 3686 3485 vocemque
3728 3414 3981 3475 emittunt

2400 3506 2610 3561 invidia:
2650 3507 2835 3561 morbo
2871 3507 3131 3562 furentes.
3176 3508 3358 3578 Neque
3393 3509 3536 3562 enim
3577 3507 3776 3577 aliquid
3822 3521 3982 3561 accu-

2399 3598 2566 3653 sando
2599 3599 2834 3667 objicere
2862 3608 3139 3668 poterant,
3166 3600 3371 3656 etiamsi
3401 3600 3487 3653 ille
3516 3609 3747 3658 taceret.
3778 3600 3873 3654 sed
3903 3599 3984 3654 sic

2400 3696 2574 3742 tamen
2599 3687 3025 3757 confutabantur,
3054 3704 3120 3745 eo
3145 3689 3286 3761 quod
3319 3700 3423 3744 tam
3452 3688 3616 3745 multa
3649 3700 3832 3743 essent
3859 3706 3982 3761 qua:

2398 3776 2544 3831 illum
2567 3778 2765 3846 justum
2792 3794 2912 3834 esse
2937 3779 3267 3835 declararent
3297 3798 3311 3834 :
3342 3791 3521 3835 tacens
3549 3780 3793 3837 vincebat
3821 3781 3941 3835 lIlt-S
3959 3823 3977 3843 .

2400 3867 2674 3923 innumera
2697 3869 2934 3925 dicentes
2959 3881 3013 3926 et
3035 3873 3289 3926 furentes.
3322 3869 3408 3925 19.
3435 3870 3658 3927 Sedeme
3677 3884 3847 3927 autem
3868 3875 3979 3943 ipso

2400 3973 2493 4026 pro
2523 3960 2781 4027 tribunali,
2810 3961 2941 4014 misit
2968 3963 3036 4014 ad
3058 3979 3167 4015 eum
3197 3978 3323 4016 uxor
3345 3964 3453 4030 ejus
3480 3962 3649 4018 dicens
3672 3981 3690 4019 :
3713 3963 3863 4019 Nihil
3892 3967 3980 4019 tibi

2400 4057 2447 4100 et
2485 4050 2625 4118 justo
2654 4051 2769 4103 huic
2806 4068 2823 4106 :
2852 4053 3011 4105 multa
3038 4055 3171 4106 enim
3198 4070 3347 4123 passa
3373 4070 3487 4109 sum
3514 4056 3665 4108 hodie
3700 4072 3792 4125 per
3819 4058 3979 4111 uisant

2402 4150 2605 4212 propter
2629 4144 2811 4212 ipsum.
2843 4142 3002 4199 Vides
3030 4160 3214 4199 rursus
3240 4160 3352 4199 rem
3374 4161 3494 4216 quae
3516 4146 3778 4216 potuisset
3802 4146 3923 4201 illos
3946 4164 3976 4201 a

2399 4235 2670 4302 pr0posito
2698 4249 2968 4291 revocare.
3020 4236 3150 4290 Post
3184 4236 3693 4292 demonstrationem
3731 4238 3876 4292 enim
3910 4253 3978 4293 ex

2398 4342 2575 4382 rerum
2612 4328 2939 4396 experientia
2980 4338 3184 4398 partam
3208 4370 3225 4396 ,
3257 4344 3361 4385 non
3393 4330 3537 4399 parvi
3578 4336 3835 4385 momenti
3861 4344 3979 4385 erat

2397 4420 2659 4472 somnium
2702 4418 2852 4472 illud.
2896 4418 2962 4472 Et
2995 4436 3093 4474 cur
3130 4436 3233 4474 non
3272 4420 3386 4490 ipse
3426 4418 3626 4486 Pilatus
3663 4421 3836 4476 vidit?
3880 4421 3975 4477 Vel

2397 4514 2516 4580 quin
2545 4512 2631 4564 illa
2660 4512 2868 4582 dignior
2894 4522 3008 4568 erat
3034 4529 3047 4570 :
3073 4514 3153 4566 vel
3184 4514 3305 4583 quia
3329 4513 3373 4566 si
3402 4513 3514 4582 ipse
3536 4514 3773 4581 vidisset,
3796 4516 3974 4569 credi-

2398 4613 2507 4657 tum
2535 4604 2631 4673 ipsi
2664 4621 2768 4659 non
2796 4605 3001 4672 fuiSsct,
3023 4616 3114 4659 aut
3136 4621 3240 4659 non
3268 4614 3323 4659 ut
3344 4605 3515 4661 visum
3537 4606 3706 4660 fuerat
3727 4606 3970 4662 dixisset.

2394 4695 2597 4750 Idcirco
2618 4697 2921 4765 providctur
2940 4708 2996 4749 ut
3019 4711 3159 4750 uxor
3179 4696 3372 4760 videat.
3395 4711 3502 4766 quo
3520 4712 3609 4751 res
3629 4697 3700 4751 sit
3720 4697 3971 4753 omnibus

2393 4797 2537 4843 nota.
2569 4787 2678 4842 Nec
2706 4788 2862 4842 modo
2898 4788 3075 4853 videt,
3121 4787 3215 4842 sed
3255 4789 3414 4843 etiam
3457 4790 3621 4844 multa
3662 4791 3880 4859 patitur.
3916 4802 3972 4847 ut

2392 4880 2545 4935 uxori
2563 4879 2854 4934 condolens
2882 4878 2994 4947 ipse
3021 4878 3220 4934 tardior
3243 4878 3309 4933 ad
3334 4880 3533 4935 easdem
3554 4882 3784 4937 veniret.
3812 4883 3972 4939 Tem-

2394 4990 2489 5043 pus
2518 4988 2644 5027 vero
2672 4987 2774 5027 ttOu
2806 4988 2989 5042 parum
3019 4973 3083 5027 ad
3116 4973 3166 5028 id
3194 4972 3536 5039 conferebat;
3568 4990 3689 5029 nam
3735 4976 3823 5032 illa
3853 4976 3967 5047 ipsa

2392 5075 2546 5120 nocte
2568 5064 2788 5119 viderat.
2818 5064 3008 5119 Vermn
3036 5080 3139 5120 non
3164 5076 3275 5119 tuto
3297 5075 3505 5135 poterat
3524 5066 3823 5135 dimittere,
3845 5069 3965 5139 quia

2388 5151 2659 5215 dixerant,
2689 5148 2927 5218 Seipsum
2951 5164 3114 5219 regem
3143 5151 3283 5221 facit.
3310 5149 3595 5219 Oportebat
3622 5166 3749 5221 ergo
3777 5152 3966 5221 proba-

2390 5245 2562 5299 tiones
2590 5252 2644 5298 et
2668 5251 2998 5313 argumenta.
3025 5251 3182 5312 atque
3210 5240 3469 5298 affectata:
3494 5243 3787 5314 tyrannidis
3815 5246 3964 5314 signa

2389 5350 2657 5404 qmerere;
2703 5344 2827 5403 puta
2848 5374 2863 5399 ,
2893 5350 3017 5388 num
3048 5335 3335 5389 exercitum
3367 5333 3809 5404 conscripsiSset,
3839 5352 3964 5391 num

2390 5428 2639 5497 pecunias
2681 5427 2982 5498 collegisset
3013 5429 3029 5459 ¹
3056 5468 3071 5493 ,
3103 5444 3225 5482 unm
3266 5442 3415 5483 arma
3461 5428 3748 5483 fabricatus
3783 5438 3965 5495 esset,

2390 5538 2513 5576 num
2542 5521 2665 5592 quid
2694 5521 2869 5576 simile
2896 5528 3172 5577 tenuisset.
3205 5520 3298 5576 Ille
3322 5534 3453 5575 vero
3479 5519 3597 5576 sine
3619 5534 3777 5574 causa
3805 5520 3874 5574 ab
3900 5521 3965 5574 iis

2387 5630 2448 5671 Se
2469 5614 2659 5670 attrahi
2693 5614 2923 5685 patitur;
2953 5613 3179 5683 ideoque
3203 5629 3311 5670 non
3333 5613 3487 5684 culpa
3512 5622 3787 5683 expertem
3814 5612 3962 5668 illum

2386 5720 2505 5765 csse
2544 5706 2803 5778 signiﬁcat
2837 5705 3081 5761 Christus
3119 5705 3345 5761 dicens:
3376 5704 3477 5770 Qui
3512 5721 3592 5759 me
3630 5703 3841 5758 tradidit
3876 5704 3971 5761 tibi

2454 5807 2475 5837 ³
2504 5808 2631 5861 lucc,
2655 5813 2768 5851 num
2792 5799 3018 5863 pecunias
3041 5797 3325 5863 collegisset,
3344 5796 3523 5848 desunt
3546 5798 3595 5846 la
3621 5791 3784 5846 Morel.
