4156 6530
261 438 370 496 765

258 555 430 623 majus
471 561 726 623 peccatum
758 547 945 616 liabet(
977 544 1133 601 Joan.
1163 543 1250 602 18.
1285 544 1354 600 36
1383 544 1425 616 ι).
1469 542 1587 598 Pne
1626 540 1850 596 mollitie

260 646 424 714 igitur
443 643 624 707 cessit,
646 652 699 698 et
722 639 1032 696 verberibus
1057 638 1206 693 illum
1231 637 1460 708 excepit.
1493 634 1664 691 Mollis
1692 634 1854 703 igitur

259 749 315 794 et
342 741 486 794 iners
513 745 628 793 erat
655 754 667 789 :
696 733 961 805 principes
988 740 1165 788 autem
1194 730 1530 786 sacerdotum
1557 725 1773 797 maligni
1799 734 1853 780 et

257 832 482 886 versuti.
516 829 646 898 Quia
675 827 816 882 enim
848 826 938 880 ille
967 823 1183 879 modum
1212 821 1627 891 excogitaverat.
1658 831 1853 887 nempe

257 922 614 978 solemnitatis
641 921 832 991 legem,
855 934 974 989 quae
992 917 1214 988 jubebat
1236 915 1546 969 damnatum
1566 911 1848 980 quemdam

255 1016 474 1077 dimitti,
507 1013 632 1085 quid
664 1014 749 1070 hic
777 1010 1188 1067 machinantur?
1217 1007 1403 1064 Turba!
1430 1015 1696 1062 suaserunt
1715 1047 1731 1072 ,
1766 1005 1852 1059 in-

257 1110 394 1178 quit,
422 1117 478 1159 ut
507 1105 791 1159 Barobbam
818 1113 1058 1175 peterent.

329 1199 387 1253 2.
417 1196 607 1252 Viden'
633 1205 826 1268 quanta
855 1195 942 1249 ille
966 1191 1295 1264 providentia
1321 1198 1474 1245 curet
1496 1189 1621 1245 illos
1641 1204 1670 1243 a
1696 1189 1850 1258 culpa

256 1291 510 1356 liberare,
541 1299 595 1345 et
621 1297 822 1360 quanto
853 1288 926 1342 illi
954 1286 1132 1340 studio
1159 1292 1421 1355 satagunt,
1443 1293 1502 1337 ιιι
1538 1298 1634 1338 nec
1663 1281 1850 1337 umbra

255 1383 367 1439 illis
401 1381 760 1438 excusationis
786 1378 1155 1450 relinquatur?
1182 1377 1322 1446 Quid
1356 1375 1499 1430 enim
1533 1374 1853 1444 oportebat?

255 1490 324 1529 an
349 1473 460 1542 jam
491 1472 823 1534 convictum,
852 1484 918 1522 an
950 1485 1070 1523 eum
1093 1510 1108 1533 ,
1139 1469 1206 1522 de
1231 1481 1338 1537 quo
1365 1465 1736 1530 dubitabatur,
1766 1463 1848 1518 di-

255 1564 515 1619 mittere?
545 1563 674 1617 Nam
703 1563 745 1614 si
781 1576 844 1616 ex
874 1560 1116 1615 sontibus
1145 1558 1413 1614 dimittere
1438 1569 1601 1612 unum
1631 1565 1852 1626 oporte-

255 1656 350 1712 bat
375 1699 389 1719 ,
421 1655 589 1709 multo
619 1652 786 1723 magis
813 1654 855 1706 si
888 1652 1180 1721 cujuspiam
1206 1650 1362 1721 culpa
1395 1665 1500 1704 non
1530 1658 1653 1704 nota
1685 1657 1850 1703 esset.

255 1749 442 1821 Neque
464 1750 606 1805 enim
630 1748 759 1818 ipsis
779 1746 1076 1802 manifestis
1097 1744 1380 1801 homicidia
1401 1743 1553 1814 pejor
1573 1742 1676 1798 illis
1696 1741 1854 1798 Iesus

255 1841 538 1896 videbatur
576 1854 716 1896 esse.
765 1837 969 1894 Idcirco
1014 1852 1118 1892 non
1162 1836 1335 1892 solum
1365 1835 1532 1901 dixit,
1575 1833 1854 1890 Habebam

255 1935 542 1998 latronem,
567 1932 682 1996 sed,
707 1931 970 2002 Insignem
996 1930 1277 1995 latronem,
1303 1927 1538 1999 nequitia
1560 1927 1849 1993 celebrem,

254 2029 346 2097 qui
379 2025 524 2080 mille
551 2023 727 2079 caedes
769 2030 1186 2093 perpetraverat.
1230 2022 1478 2076 Attamen
1520 2019 1669 2073 illum
1705 2017 1853 2073 orbis

253 2117 528 2175 Servatori
558 2116 933 2187 praetulerunt,
963 2129 1134 2183 neque
1159 2127 1369 2168 sacrum
1397 2119 1610 2181 tempus
1637 2106 1851 2166 reveriti

254 2220 384 2266 sunt
405 2252 421 2272 ,
452 2227 556 2264 non
601 2206 947 2263 humanitatis
983 2205 1127 2275 leges
1151 2246 1165 2268 ,
1211 2217 1311 2259 nec
1335 2203 1605 2274 quidpiam
1637 2201 1849 2257 simile:

253 2304 352 2359 sed
381 2303 497 2358 illos
523 2301 714 2356 invidia
739 2301 1061 2356 exemeavit:
1086 2312 1184 2353 nec
1209 2312 1304 2352 sua
1329 2297 1562 2351 contenti
1591 2295 1850 2367 nequitia,

256 2397 511 2467 populum
541 2397 703 2451 etiam
735 2400 1117 2462 corrumpunt,
1149 2399 1205 2444 ut
1232 2389 1301 2446 ob
1330 2388 1468 2443 hanc
1495 2389 1656 2445 etiam
1695 2388 1850 2443 fallao

250 2492 393 2545 ciam
421 2498 689 2543 extremas
735 2485 884 2542 luant
914 2500 1121 2556 pinnas.
1164 2483 1294 2539 Cum
1326 2498 1455 2554 ergo
1485 2483 1630 2538 illum
1664 2482 1850 2553 petiis—

251 2590 406 2646 sent,
439 2581 513 2635 ait
547 2599 560 2634 :
599 2579 690 2635 Ξῖ.
737 2578 872 2646 Quid
900 2595 1019 2649 ergo
1048 2578 1232 2646 faciam
1261 2577 1326 2632 de
1350 2575 1476 2630 Iesu
1498 2617 1514 2642 ,
1554 2577 1639 2647 qui
1668 2577 1854 2631 dicitur

252 2673 491 2731 Christus
521 2673 578 2727 ιι
623 2673 734 2728 lloc
774 2681 928 2742 pacto
956 2686 1166 2726 rursum
1200 2671 1320 2726 illos
1349 2669 1566 2726 flectere
1597 2671 1808 2726 volebat
1833 2713 1849 2736 ,

253 2768 308 2821 id
351 2781 535 2821 eorum
579 2765 803 2819 arhitrio
831 2762 1142 2832 permittens
1167 2803 1180 2826 ,
1213 2770 1270 2816 ut
1299 2777 1408 2831 pne
1439 2760 1644 2831 pudore
1667 2761 1851 2817 Jesum

251 2869 542 2926 peterent,
584 2866 636 2912 et
676 2872 742 2912 ex
781 2871 968 2911 eorum
1008 2854 1322 2910 liberalitate
1361 2863 1530 2910 totum
1571 2854 1847 2924 penderet.

251 2949 386 3004 Nam
413 2949 455 3004 si
482 2948 725 3012 dixisset,
748 2947 864 3003 Non
893 2948 1150 3018 peccavit.
1174 2947 1621 3002 contentiOsiores
1643 2947 1850 3003 ell'ecis-

250 3044 338 3088 set
365 3053 380 3087 :
410 3043 467 3088 ιιι
493 3043 672 3089 autem
700 3048 766 3089 ex
797 3032 1122 3087 humanitate
1166 3041 1475 3088 servaretur
1499 3074 1514 3098 ,
1559 3033 1851 3102 probabilis

251 3140 375 3182 esse
405 3125 588 3196 petitio
619 3124 919 3180 videbatur.
952 3123 1028 3178 Illi
1056 3139 1182 3179 vero
1210 3123 1281 3179 ita
1309 3123 1560 3178 dixerunt
1590 3143 1603 3178 ε
1633 3123 1852 3194 Cruci/i-

249 3237 318 3292 σε
339 3260 354 3286 ,
382 3220 622 3290 cruci/iga
647 3234 781 3272 eum.
813 3217 904 3273 25.
935 3215 1038 3271 Ille
1061 3231 1177 3270 vero
1205 3215 1334 3271 dixit
1361 3232 1380 3271 :
1403 3216 1541 3284 Quid
1570 3217 1701 3272 enim
1726 3217 1852 3272 mali

250 3312 370 3381 fecit
388 3311 414 3365 .9
441 3311 507 3365 At
535 3311 617 3365 illi
643 3309 805 3364 multo
832 3310 993 3382 magis
1023 3305 1339 3372 clamabant,
1368 3307 1728 3378 Cruciﬁgatur.
1756 3309 1846 3364 24.

260 3402 455 3458 Videris
505 3411 672 3458 autem
711 3401 913 3457 Pilatus
936 3417 990 3456 se
1013 3400 1146 3454 nihil
1168 3401 1412 3470 proﬁcere
1435 3440 1450 3463 ,
1485 3399 1604 3453 lavit
1631 3415 1812 3452 manus
1831 3441 1846 3465 ,

250 3496 467 3550 dicens:
493 3491 742 3549 lnnocens
776 3510 864 3564 ego
891 3509 1022 3546 smn.
1054 3491 1163 3546 Cur
1187 3505 1314 3560 ergo
1344 3489 1491 3544 illum
1522 3489 1725 3544 tradis?
1754 3505 1851 3546 cur

253 3606 362 3643 non
394 3587 657 3658 eripuisti,
684 3588 819 3641 sicut
847 3585 1067 3641 Paulum
1095 3583 1376 3640 tribunus?
1403 3582 1502 3650 Qui
1529 3583 1691 3638 etiam
1723 3584 1850 3639 scie-

252 3675 345 3728 bat
374 3687 432 3726 se
461 3682 669 3743 gratum
719 3670 834 3724 fore
858 3668 1091 3732 ludatis;
1127 3668 1321 3724 seditio
1344 3669 1541 3738 quippe
1568 3669 1852 3722 tumultus-

251 3779 360 3833 que
404 3771 621 3834 propter
664 3763 836 3832 ipsum
883 3761 1053 3816 factus
1096 3769 1179 3815 est
1207 3778 1218 3812 :
1248 3768 1484 3815 attamen
1517 3759 1713 3813 restitit
1758 3758 1849 3814 ille

254 3856 484 3910 fortiter.
525 3856 596 3908 At
634 3868 738 3908 nou
781 3853 857 3907 sic
898 3853 998 3907 iste
1025 3871 1038 3906 :
1066 3851 1159 3907 sed
1204 3852 1390 3922 ignave
1427 3850 1766 3921 molliterque
1791 3865 1849 3906 se

252 3940 422 4010 gessit
450 3957 462 3992 :
491 3954 552 3993 ac
578 3938 732 3992 simul
759 3954 947 3994 omnes
972 3937 1205 4005 corrupti
1235 3937 1466 3991 fuerunt.
1497 3934 1680 4006 Neque
1705 3935 1847 3988 enim

256 4032 344 4088 hic
371 4031 532 4102 plebi,
562 4045 734 4101 neque
760 4029 1041 4084 multitudo
1066 4029 1265 4083 Judads
1292 4027 1485 4082 restitit
1506 4029 1564 4092 ’;
1599 4025 1850 4096 nullaque

253 4125 363 4179 illis
389 4125 663 4182 excusatio
691 4133 988 4192 supererat.
1019 4121 1152 4176 Nam
1184 4119 1510 4189 Supervacue
1537 4117 1845 4185 clamabant,

257 4218 362 4271 hoc
389 4226 489 4282 est,
523 4214 690 4284 magis
717 4230 778 4269 ac
808 4213 977 4284 magis
1003 4212 1324 4278 clamabant,
1354 4210 1717 4282 Cruci/igotur.
1744 4208 1849 4265 Ne-

259 4318 370 4373 que
389 4303 532 4357 enim
555 4303 731 4358 solum
751 4302 1004 4356 occidere
1025 4297 1409 4361 volebant,sed
1430 4296 1588 4367 quasi
1610 4311 1708 4366 pro
1731 4312 1843 4352 sceo

263 4395 462 4456 lere,et
474 4394 657 4460 judice
673 4401 1007 4464 repugnante
1024 4391 1211 4448 eadem
1227 4388 1518 4444 clamando
1541 4402 1851 4458 persevera-

264 4492 419 4545 bant.
440 4487 631 4544 Viden'
655 4495 859 4558 quanta
885 4487 1009 4542 fecit
1038 4486 1291 4540 Christus
1324 4494 1381 4537 ut
1414 4482 1540 4536 illos
1563 4482 1626 4535 ad
1651 4481 1848 4551 resipi-

263 4583 529 4640 scendum
551 4578 864 4636 induceret?
877 4578 1030 4633 Sicut
1045 4579 1188 4632 enim
1200 4575 1226 4629 J
1236 4577 1394 4631 udam
1415 4591 1558 4643 saepe
1569 4574 1852 4642 repressit,

266 4679 349 4731 sic
368 4684 422 4730 et
437 4678 648 4738 istos,et
666 4675 717 4726 in
732 4680 848 4726 toto
862 4670 1165 4742 evangelio,
1180 4678 1233 4723 et
1246 4667 1568 4738 ipsojudicii
1583 4677 1849 4735 tempore.

269 4767 410 4823 Nam
429 4767 648 4837 quando
671 4765 955 4835 praesidem
973 4771 1027 4818 et
1043 4762 1282 4831 judicent
1305 4760 1560 4814 videbant
1581 4759 1853 4811 lavantem

270 4873 471 4913 manus
490 4866 544 4912 et
563 4858 831 4912 dicentem
851 4897 866 4921 ,
905 4857 1167 4909 lnnocens
1196 4869 1313 4906 sum
1345 4869 1377 4904 a
1399 4852 1654 4920 sanguine
1675 4849 1853 4918 hujus,

269 4950 563 5020 conipungi
584 4948 871 5018 oportebat
889 4954 943 5002 et
963 4946 1142 5001 verbis
1170 4953 1223 5000 et
1248 4944 1445 5010 rebus;
1482 4950 1538 4996 ut
1565 4951 1618 4997 et
1636 4940 1857 5011 quando

270 5042 470 5100 ludam
495 5041 745 5096 viderunt
764 5041 959 5109 laqueo
984 5043 1402 5108 suspensum.et
1422 5035 1597 5106 ipsum
1620 5033 1855 5087 Pilatum

273 5143 580 5205 rogantem,
605 5143 661 5188 ut
683 5133 848 5187 alium
873 5148 972 5202 pro
994 5133 1086 5186 illo
1108 5131 1440 5200 acciperent.
1463 5126 1599 5181 Nam
1618 5144 1741 5182 cum
1763 5141 1856 5181 ac-

274 5233 566 5280 ensatorr-t
579 5227 824 5294 proditor
841 5225 1080 5292 scipsum
1099 5220 1604 5290 condcmnet,etqui
1627 5219 1729 5274 fert
1742 5234 1862 5274 sen-

274 5318 504 5373 tentiam
535 5318 750 5388 culpam
773 5335 802 5372 a
832 5333 891 5374 se
922 5316 1237 5380 amoliatur,
1261 5329 1324 5367 ac
1347 5313 1522 5367 visum
1545 5312 1652 5365 tale
1671 5310 1856 5364 eadem

276 5418 440 5466 nocte
457 5419 734 5480 appareat,
754 5419 807 5463 et
825 5410 980 5479 quasi
1001 5408 1420 5463 condemnatum
1443 5405 1621 5474 ipsum
1643 5402 1857 5459 Pilatus

328 5540 348 5570 ί
383 5535 500 5594 Alli,
524 5537 644 5602 quid
666 5549 782 5602 ergo
802 5535 980 5600 faciam
1001 5537 1063 5589 de
1085 5537 1291 5589 Christo.

325 5602 348 5631 τ
366 5590 692 5650 ιιαόιίιιιὶιιο
707 5590 876 5650 Gnaeo
900 5602 1058 5650 textui
1083 5607 1361 5656 consonant.
1375 5602 1424 5649 in
1449 5614 1546 5662 quo
1567 5600 1749 5661 legitur
1771 5611 1854 5653 ατη.

261 5675 308 5725 τι
327 5672 462 5725 σλςικ
482 5673 570 5724 πρὸς
590 5674 676 5719 «se
698 5669 895 5725 ἰονδτιους
918 5663 1066 5725 (ιο-ιη).
1093 5663 1338 5718 Quomodo
1360 5671 1522 5725 autem
1551 5663 1704 5725 potuit
1726 5664 1851 5725 mul-

262 5722 423 5786 titudo
445 5722 718 5786 Judieorum
739 5724 919 5772 Judaeis
939 5723 1195 5786 resistere,
1221 5733 1275 5773 et
1295 5724 1411 5786 quid
1436 5734 1515 5774 est
1536 5722 1667 5774 aliud
1689 5724 1852 5775 multi-

263 5784 674 5856 mdogudaeorum
698 5821 713 5856 ,
737 5797 881 5856 quam
905 5784 1048 5856 Judaei
1099 5785 1221 5856 nisi?
1268 5784 1512 5849 Interpres
1555 5787 1703 5856 vertit
1726 5801 1851 5847 ,nec

265 5845 520 5899 multitudo
533 5845 877 5902 sacerdotibus.
891 5859 947 5894 ac
962 5848 1000 5895 si
1017 5845 1198 5910 legerit
1218 5860 1304 5909 κενὸς
1329 5845 1410 5906 ns;
1435 5860 1562 5910 ῑιριας,
1574 5850 1661 5899 sed
1678 5845 1851 5900 omnes

266 5914 368 5959 Uss.
395 5919 444 5960 et
483 5909 601 5960 Edlti
626 5910 829 5969 habent,
851 5919 936 5969 πρὸς
960 5919 1042 5965 τώς
1066 5909 1266 5967 ὶςυδιιοης.

1100 430 1163 490 ῐΝ
1201 428 1610 489 ΜΛΤΤηιΕυΜ
1652 425 1884 484 ηοιιιι.
1925 426 2212 484 LXXXVI.
2255 428 2326 483 al.
2371 426 2682 485 LXXXVII.

3459 424 3564 479 766

1967 551 2143 609 petat,
2177 558 2335 610 quam
2371 551 2620 612 poterunt
2649 539 3050 597 excusationem
3081 538 3326 595 habere?
3351 539 3484 594 Nam
3513 540 3560 595 si

1960 632 2213 687 nolebant
2242 648 2365 688 eum
2400 634 2737 687 innocentem
2766 646 2887 687 esse
2911 673 2926 697 ,
2959 638 3106 686 certe
3146 645 3252 686 non
3295 631 3562 688 latronem

1961 725 2060 795 ipsi
2083 727 2319 796 praeponi
2344 725 2662 796 oportebat;
2693 725 2976 788 latronem,
3002 724 3238 794 inquam,
3260 723 3562 794 insignem,

1959 834 2117 890 quem
2161 819 2320 874 talem
2359 834 2480 874 esse
2521 818 2572 872 in
2613 816 2866 873 confesso
2892 826 3028 872 erat.
3071 818 3210 886 Quid
3256 819 3417 888 igitur
3444 819 3566 874 illi?

1960 908 2092 966 Cum
2124 911 2365 966 viderent
2385 909 2622 978 judicem
2653 923 2842 964 manus
2874 909 3139 964 lavantem
3167 925 3230 965 ac
3251 910 3558 974 dicentem,

1959 1002 2214 1057 Inuocens
2239 1019 2369 1062 sum,
2395 1002 2703 1067 clamabant
2737 1018 2750 1054 :
2774 1000 2867 1056 25.
2897 1000 3126 1069 Sanguis
3146 1001 3256 1073 ejus
3275 1019 3428 1073 super
3446 1021 3562 1067 nos.

1960 1107 2008 1150 et
2037 1112 2188 1165 super
2213 1096 2349 1165 ﬁlios
2381 1107 2601 1149 nostros.
2632 1093 2784 1149 Tunc
2809 1094 3024 1148 demum
3043 1135 3057 1156 ,
3091 1094 3213 1164 quia
3240 1098 3562 1152 sententiam

1957 1201 2144 1246 contra
2175 1205 2234 1245 se
2274 1191 2550 1256 tulerunt,
2583 1191 2763 1244 omnia
2794 1189 3064 1244 concessit
3102 1189 3229 1243 illis.
3262 1189 3340 1243 Tu
3381 1201 3565 1247 autem

1959 1283 2062 1339 hoc
2085 1284 2205 1340 loco
2225 1283 2505 1339 considera
2531 1299 2778 1355 magnam
2803 1283 3042 1353 ipsorum
3063 1283 3386 1338 vecordiam.
3418 1285 3565 1340 Talis

1959 1377 2102 1429 enim
2131 1384 2214 1430 est
2245 1375 2563 1430 temerarius
2609 1375 2839 1444 impetus
2862 1415 2875 1439 ,
2911 1374 3030 1429 talis
3067 1389 3228 1444 prava
3257 1374 3563 1446 cupiditas;

1961 1481 2064 1519 non
2088 1466 2216 1520 sinit
2241 1466 2364 1520 horti
2388 1466 2658 1534 quidpiam
2683 1465 2882 1521 videre.
2912 1465 3044 1520 Esto
3065 1467 3230 1532 enim,
3256 1467 3409 1522 vobis
3433 1468 3564 1537 ipsis

1961 1557 2378 1624 maledixeritis;
2410 1572 2507 1612 cur
2533 1557 2966 1614 maledictionem
3001 1558 3051 1611 in
3084 1557 3224 1612 filios
3254 1569 3461 1614 vestros
3484 1570 3564 1614 at-

1961 1651 2210 1706 trahitis?
2252 1653 2500 1706 Attamen
2531 1652 2796 1722 benignus
2825 1652 3082 1707 Dominus
3107 1693 3121 1717 ,
3154 1668 3275 1708 cum
3306 1653 3386 1708 illi
3416 1666 3564 1708 tanto

1958 1741 2140 1798 furore
2181 1743 2477 1798 insanirent
2519 1754 2573 1799 et
2614 1754 2800 1798 contra
2845 1744 3053 1813 seipsos
3094 1753 3152 1800 et
3189 1757 3378 1801 contra
3425 1747 3565 1800 tilios

1959 1849 2109 1900 suos,
2143 1835 2301 1889 latam
2332 1851 2438 1888 non
2465 1834 2626 1889 modo
2656 1835 2708 1890 in
2739 1835 2878 1891 filios
2906 1843 3063 1902 suos;
3080 1835 3176 1890 sed
3202 1837 3362 1892 etiam
3398 1838 3448 1890 in
3479 1853 3566 1891 se-

1960 1929 2108 1998 ipsos
2136 1929 2459 1984 sententiam
2487 1944 2592 1984 non
2621 1927 2981 1994 confirmavit;
3011 1931 3136 1999 quin
3159 1930 3320 1985 etiam
3343 1946 3406 1984 ex
3434 1930 3568 2000 ipsis

1964 2039 2061 2076 eos
2091 2022 2179 2092 qui
2214 2021 2582 2092 paenitentiam
2613 2031 2838 2093 egerunt
2868 2022 3070 2091 recepit
3095 2064 3109 2087 ,
3148 2032 3204 2078 et
3233 2022 3379 2077 mille
3409 2022 3569 2077 bouis
3666 2050 3671 2054 ~

1958 2115 2206 2185 dignatus
2233 2123 2334 2170 est.
2368 2113 2501 2170 Nam
2536 2125 2590 2170 et
2617 2115 2812 2170 Paulus
2836 2131 2900 2170 ex
2930 2115 3142 2172 illorum
3173 2132 3395 2171 numero
3420 2127 3561 2181 erat,

1963 2219 2018 2264 et
2060 2209 2226 2264 multa
2271 2208 2601 2264 credentium
2651 2209 2812 2263 millia
2861 2209 2912 2263 in
2953 2209 3294 2264 Jerusalem:
3332 2208 3564 2265 Jaeohus

1959 2303 2103 2358 enim
2134 2300 2214 2358 ait
2244 2318 2256 2355 :
2297 2299 2470 2368 Vides,
2497 2305 2675 2374 frater,
2703 2311 2823 2373 quot
2847 2302 3008 2356 millia
3030 2299 3329 2357 Judcorum
3355 2301 3564 2356 creden-

1960 2395 2086 2448 tium
2104 2405 2221 2448 sunt
2241 2393 2379 2466 (Act.
2396 2393 2488 2450 21.
2505 2393 2620 2464 ΞΟ).
2645 2393 2700 2450 Si
2724 2402 2905 2449 autem
2924 2394 3141 2466 quidam
3165 2403 3564 2460 remanserunt,

1957 2487 2057 2544 sibi
2099 2488 2229 2558 ipsis
2268 2487 2586 2558 supplicium
2619 2487 2904 2558 imputeot.
2932 2485 3026 2544 26.
3063 2485 3202 2540 Tunc
3240 2486 3430 2540 dimisit
3460 2485 3562 2540 illis

1958 2579 2243 2636 Baraltbam
2267 2621 2284 2644 ,
2314 2579 2494 2635 Iesum
2539 2590 2707 2633 autent
2756 2579 3070 2650 ﬂagellatum
3107 2578 3317 2632 tradidit
3357 2579 3428 2633 eis
3452 2619 3467 2644 ,
3508 2588 3564 2633 ut

1957 2674 2356 2742 cruciﬁgeretur.
2397 2671 2506 2727 Cur
2531 2669 2857 2742 ﬂagellavitl
2889 2673 2994 2726 Aut
3024 2669 3176 2740 quasi
3205 2670 3518 2725 damnatum
3543 2712 3562 2736 ,

1956 2775 2050 2821 ant
2086 2777 2145 2821 ut
2175 2765 2402 2822 formam
2430 2765 2718 2836 quamdam
2746 2764 2947 2834 judicio
2977 2764 3193 2820 all'erret
3220 2806 3236 2830 ,
3268 2764 3351 2819 vel
3382 2775 3437 2819 ut
3462 2764 3563 2820 Ju-

1956 2861 2087 2915 dazis
2125 2876 2236 2918 rem
2266 2871 2472 2931 gratam
2510 2861 2731 2915 faceret.
2782 2858 2852 2915 Et
2879 2871 3028 2915 certe
3057 2860 3312 2916 resistere
3340 2870 3564 2930 oporte-

1957 2952 2066 3007 bat.
2090 2952 2216 3006 Nani
2234 2961 2392 3008 antea
2417 2952 2625 3007 dixerat
2649 2968 2663 3004 :
2692 2951 2918 3020 Accipite
2942 2968 3055 3006 eum
3079 2968 3183 3017 vos,
3212 2964 3259 3006 et
3281 2952 3561 3007 secimdum

1957 3043 2112 3113 legem
2143 3053 2358 3098 uestram
2379 3044 2614 3113 judicate
2643 3042 2788 3097 illum
2815 3043 2994 3114 (Joan.
3026 3043 3114 3100 18.
3149 3043 3262 3117 51).
3293 3045 3562 3115 Multaque

1956 3145 2108 3191 erant
2134 3152 2254 3206 quae
2292 3145 2539 3206 poterant
2574 3145 2628 3190 et
2659 3134 2888 3191 Pilatum
2920 3145 2975 3191 et
3017 3135 3233 3191 Judteos
3258 3151 3288 3189 a
3321 3136 3562 3192 facinore

1958 3238 2106 3284 tanto
2134 3240 2400 3295 avertere,
2431 3229 2602 3299 signa,
2632 3229 2888 3285 miracula
2908 3271 2924 3294 ,
2956 3231 3142 3300 ingens
3173 3228 3314 3284 illius
3339 3231 3432 3302 qui
3467 3246 3561 3301 pa-

1957 3320 2184 3374 tiebatur
2214 3319 2591 3386 mansuetudo,
2621 3319 2809 3388 ingens
2832 3318 2960 3374 illud
2989 3320 3282 3375 silentium.
3318 3319 3388 3376 Ut
3413 3323 3558 3377 enim

1955 3423 2010 3466 et
2041 3428 2135 3480 per
2161 3427 2246 3476 ea,
2275 3428 2396 3482 qua:
2425 3411 2490 3466 ad
2517 3410 2883 3466 defensionem
2914 3410 3049 3466 dixit
3080 3420 3134 3465 ct
3166 3427 3260 3482 per
3289 3414 3561 3481 precatio-

1956 3517 2052 3557 nes
2081 3518 2204 3558 suas
2230 3518 2290 3558 se
2312 3503 2583 3558 hominem
2611 3517 2733 3557 esse
2760 3499 2994 3557 ostendit
3026 3519 3039 3556 :
3069 3501 3139 3556 ita
3171 3501 3560 3566 sublimitatem

1957 3594 2554 3664 magnanimitatemque
2602 3608 2754 3648 suam
2808 3601 2862 3648 et
2904 3607 3000 3664 per
3048 3593 3322 3647 silcntiutn
3367 3603 3421 3648 et
3462 3611 3562 3664 per

1954 3698 2319 3757 contemptum
2343 3701 2529 3741 eorum
2554 3701 2673 3755 quae
2693 3695 2879 3738 contra
2908 3699 2969 3740 se
2994 3684 3310 3739 dicebantur
3330 3685 3557 3741 demon-

1953 3783 2142 3835 stravit
2165 3821 2178 3840 ,
2209 3795 2303 3850 per
2342 3781 2520 3834 omnia
2553 3779 2700 3848 ipsos
2732 3778 2798 3833 ad
2832 3779 2914 3832 sui
2947 3777 3358 3832 admirationem
3402 3779 3560 3832 indu-

1952 3887 2114 3936 cens;
2147 3871 2242 3926 sed
2275 3871 2399 3925 nulli
2429 3871 2616 3924 horum
2645 3870 2843 3926 cedere
2873 3869 3174 3925 voluerunt.

2024 3964 2078 4019 5.
2123 3961 2266 4016 l’itiis
2292 3964 2460 4016 aditus
2499 3961 2642 4015 initio
2674 3962 3106 4016 intercludendus.
3136 3961 3344 4016 Diaboli
3380 3978 3556 4018 versu-

1954 4057 2023 4109 tia
2048 4057 2099 4110 in
2130 4055 2383 4110 tentandis
2425 4052 2976 4107 liominibus.—-Cum
3014 4054 3157 4108 enim
3195 4055 3362 4110 semel
3405 4058 3559 4126 quasi

1953 4148 2211 4202 ebrietate
2257 4157 2311 4203 et
2356 4145 2537 4200 furore
2568 4145 2704 4199 ratio
2737 4146 3026 4214 intercepta
3070 4155 3185 4211 est,
3227 4146 3444 4202 difﬁcile
3475 4159 3561 4202 est

1953 4240 2158 4309 lapsum
2192 4239 2537 4308 resipiscere;
2568 4237 2668 4292 nisi
2700 4236 2820 4290 forti
2850 4238 2970 4306 quis
2997 4246 3051 4291 et
3079 4252 3343 4307 generoso
3372 4241 3558 4294 animo

1953 4334 2022 4387 sit
2054 4333 2324 4401 prteditus.
2363 4330 2557 4385 Gravis
2585 4339 2767 4393 certe,
2808 4331 2988 4400 gravis
3022 4344 3110 4386 res
3139 4342 3222 4385 est
3254 4335 3428 4401 pravis
3460 4335 3560 4388 hu-

1950 4424 2180 4494 jnsmodi
2211 4424 2545 4494 passionibns
2573 4423 2702 4478 dare
2732 4426 2908 4478 locum
2945 4441 2957 4477 :
2987 4437 3313 4494 quapmpter
3348 4427 3554 4482 aditum

1953 4518 2056 4573 illis
2097 4517 2317 4572 omnino
2358 4515 2714 4571 intercludere
2760 4531 2855 4585 par
2896 4526 2998 4571 est.
3029 4515 3160 4570 Cum
3201 4516 3346 4572 enim
3387 4520 3556 4576 seniel

1952 4613 2184 4667 animam
2218 4611 2510 4665 invaserint
2539 4621 2592 4665 et
2615 4611 2960 4680 occuparint,
2988 4611 3138 4680 quasi
3166 4610 3302 4680 ignis
3332 4613 3383 4665 in
3415 4612 3556 4684 ligna

1953 4704 2237 4774 delapsus,
2285 4705 2362 4757 sic
2405 4703 2578 4757 solent
2621 4705 2907 4757 maximam
2936 4703 3230 4758 accendere
3262 4703 3558 4764 flammam.

1954 4797 2310 4866 Quamobrem
2344 4811 2496 4865 rogo,
2526 4796 2655 4850 nihil
2686 4811 2791 4850 non
2821 4795 3096 4857 faciamus,
3131 4805 3188 4850 ut
3227 4797 3329 4851 illis
3353 4799 3556 4856 aditum

1956 4888 2374 4946 intercludamns
2403 4905 2415 4940 :
2445 4902 2620 4958 neque
2694 4887 2798 4946 hoc
2837 4889 3037 4964 frigido
3110 4889 3391 4944 ratiocinio
3415 4894 3430 4922 ¹
3462 4908 3561 4948 nos

1954 4982 2316 5045 consolantes,
2337 4995 2553 5036 omnem
2574 4978 2972 5034 introducamus
2986 4981 3273 5049 nequitiam
3297 4983 3554 5049 dicentes,

1955 5076 2092 5145 Quid
2125 5075 2228 5130 hoc
2251 5083 2374 5139 est,
2403 5081 2457 5127 et
2485 5072 2612 5142 quid
2639 5071 2809 5126 illud?
2846 5086 2967 5126 nam
3003 5072 3213 5127 infinita
3251 5075 3392 5130 mala
3435 5077 3560 5133 hinc

1956 5168 2274 5223 scaturiunt.
2323 5165 2576 5220 Diabolus
2615 5165 2756 5218 enim
2787 5163 3048 5219 scelestus
3075 5178 3196 5218 eum
3239 5168 3347 5230 sit,
3392 5169 3564 5224 multa

1957 5261 2122 5314 utitur
2148 5257 2409 5321 versutia,
2440 5255 2834 5326 perseverantia
2872 5263 2927 5310 et
2971 5258 3422 5324 attemperatione
3445 5261 3462 5289 ¹
3491 5259 3557 5311 ad

1958 5353 2232 5407 hominum
2263 5350 2588 5422 perniciem,
2631 5357 2686 5403 et
2714 5364 2742 5402 a
2773 5347 3008 5402 minimis
3050 5349 3232 5404 statim
3271 5351 3556 5419 congredi-

1959 5455 2064 5499 tur.
2091 5445 2343 5499 Animum
2369 5443 2588 5498 adverte
2611 5483 2627 5507 ,
2659 5455 2861 5510 quaaso.
2892 5439 3115 5495 Volebat
3139 5438 3354 5496 Saﬁlem
3388 5442 3437 5496 in
3465 5441 3558 5512 Py-

1959 5536 2212 5590 thonissm
2239 5550 2404 5605 nugas
2432 5545 2487 5590 et
2515 5534 2862 5589 deliramenta
2892 5533 3165 5586 inducere.
3198 5531 3304 5588 Sed
3344 5533 3387 5587 si
3431 5534 3557 5588 illud

1959 5626 2108 5682 initio
2146 5628 2547 5697 proposuisset,
2589 5640 2694 5679 non
2730 5633 2878 5678 certe
2916 5624 3232 5678 attendisset
3273 5625 3378 5679 ille.
3410 5623 3556 5690 Quo-

2023 5786 2040 5818 ί
2077 5783 2274 5843 Quidam
2297 5784 2503 5843 habent,
2540 5774 2817 5839 pemicioso
2847 5770 3124 5825 ratiocinio.

2023 5849 2042 5880 ²
2077 5839 2263 5907 atorel.,
2300 5845 2449 5896 multa
2483 5839 2632 5894 utitur
2656 5843 3082 5902 aucupet-otiaris,
3107 5840 3304 5891 omissis
3338 5839 3557 5905 interpo-

1960 5910 2086 5960 sitis.
