4156 6508
662 400 667 407 ι
691 363 792 418 767

689 470 850 524 modo
880 469 931 525 id
959 468 1193 532 tulisset,
1239 465 1485 536 quiillas
1522 465 1832 535 expulerat?
1858 464 1982 519 ldco
2009 462 2261 532 paulatim

692 560 837 615 illum
864 560 927 613 ad
951 558 1002 613 id
1026 556 1244 611 inducit.
1269 557 1398 623 Quia
1418 557 1562 611 enim
1589 571 1692 609 non
1714 554 1985 610 obedierat
2010 550 2262 615 Samueli,

693 662 747 707 et
776 650 1078 704 holocausta
1110 647 1200 701 illo
1226 647 1445 702 absente
1468 645 1662 701 offerre
1680 662 1841 700 ausus
1865 656 1965 707 est,
1989 650 2267 697 accusatus

691 743 849 806 dicit,
892 739 1270 794 Necessitatem
1309 735 1566 791 adventus
1615 737 1839 791 hostium
1884 734 2136 803 majorem
2182 730 2266 784 in-

689 832 837 885 duxit
864 832 951 899 (1.
987 828 1110 900 Reg.
1139 827 1227 885 28.
1259 828 1399 899 15);
1439 839 1493 882 et
1536 842 1655 881 cum
1701 827 1880 895 lugere
1907 824 2263 891 Oportnisset,

688 922 835 990 quasi
866 920 995 973 nihil
1024 920 1233 974 feciSset
1262 917 1480 972 :ill'cctus
1500 926 1634 971 erat.
1658 916 1885 1001 Rprsum
1913 913 2110 969 bollttttt
2136 928 2266 967 con-

692 1025 769 1068 tra
796 1011 1286 1081 Amalecitasjossit
1311 1010 1484 1065 Dens:
1519 1010 1607 1063 ille
1636 1024 1761 1063 vero
1788 1006 1877 1063 hic
1902 1006 2062 1063 etiam
2091 1015 2266 1059 trans-

689 1120 903 1174 gressus
950 1113 1049 1159 est.
1094 1102 1184 1155 llis
1231 1108 1603 1155 successerunt
1638 1099 1752 1169 ejus
1788 1106 1973 1153 contra
2016 1093 2263 1177 Davidem

691 1197 922 1252 facinora
945 1236 959 1259 ,
989 1206 1042 1248 et
1072 1195 1149 1247 sic
1172 1194 1370 1248 sensim
1404 1203 1457 1247 et
1484 1193 1731 1262 paulatim
1761 1191 1827 1245 ad
1855 1191 2072 1245 exitium
2101 1187 2262 1243 decli-

692 1304 823 1342 nans
852 1302 950 1338 non
976 1285 1139 1347 stetit,
1164 1286 1335 1339 donec
1363 1286 1413 1337 in
1440 1284 1687 1354 perniciei
1714 1284 2030 1355 profundum
2057 1296 2117 1336 se
2140 1294 2268 1334 con-

686 1382 826 1451 jecit.
865 1381 951 1434 Sir.
981 1388 1033 1432 et
1074 1379 1123 1432 in
1154 1378 1317 1433 Caino
1346 1379 1518 1432 evenit
1558 1395 1571 1430 :
1604 1392 1708 1431 non
1747 1376 1925 1431 statim
1964 1374 2029 1428 ad
2064 1372 2262 1428 eaedem

694 1470 865 1521 fratris
912 1468 1080 1538 ipsum
1120 1468 1375 1536 compulit
1411 1465 1652 1520 diabolus
1701 1485 1713 1518 :
1764 1464 1817 1519 id
1859 1465 1999 1519 enim
2042 1477 2145 1516 non
2192 1461 2265 1516 illi

692 1559 977 1618 suasisset;
1019 1556 1113 1611 sed
1153 1559 1355 1611 minora
1396 1555 1620 1625 primum
1664 1556 1760 1625 ipsi
1811 1554 2001 1609 obtulit
2036 1553 2263 1609 dicens:

697 1649 747 1705 lu
777 1651 875 1705 hoc
903 1653 1102 1706 nullum
1131 1663 1210 1706 est
1244 1660 1550 1719 peccatum;
1582 1652 1839 1714 secundo,
1883 1651 2097 1705 livorem
2130 1650 2265 1703 invio

692 1741 937 1811 diamqnc
969 1742 1234 1808 incendit,
1275 1742 1404 1796 nihil
1450 1744 1574 1796 mali
1612 1744 1759 1812 sequi
1798 1742 2056 1803 suadens;
2088 1742 2264 1805 tertio,

692 1830 889 1885 eadem
918 1832 992 1884 illi
1023 1832 1187 1885 suasit
1217 1841 1270 1885 et
1292 1834 1624 1902 negationem
1656 1832 1956 1896 homicidii;
2001 1849 2098 1885 nec
2126 1832 2268 1900 prius

692 1922 965 1984 abscessit,
988 1938 1145 1992 quam
1169 1922 1517 1992 colophonem
1545 1924 1801 1977 malorum
1829 1924 2129 1991 adjecisset.
2158 1922 2265 1976 Be-

692 2015 933 2083 pellenda
964 2030 1089 2084 ergo
1117 2016 1259 2068 initia
1290 2025 1447 2079 sunt;
1478 2032 1597 2069 eum
1628 2006 1856 2068 maxime
1880 2055 1893 2077 ,
1935 2014 2140 2069 etiamsi
2179 2013 2265 2067 illa

693 2103 861 2174 prima
907 2115 1117 2174 peccata
1166 2120 1269 2158 non
1315 2105 1449 2158 ultra
1492 2106 1956 2175 progrederemur,
2002 2119 2105 2158 non
2147 2103 2267 2159 ideo

693 2203 868 2249 tamen
898 2195 1191 2264 Spernenda
1221 2196 1306 2250 illa
1331 2205 1509 2250 essent
1537 2214 1549 2248 :
1580 2211 1717 2251 tttlllC
1743 2206 1919 2251 autem
1959 2194 2026 2249 ad
2067 2195 2266 2263 majora

692 2284 1017 2350 ascendunt,
1046 2286 1089 2339 si
1121 2285 1465 2355 negligentior
1494 2289 1561 2339 sit
1591 2287 1819 2340 animus.
1852 2285 1976 2339 Ideo
2006 2285 2130 2339 nihil
2164 2300 2265 2338 non

691 2376 953 2446 agendum
996 2386 1109 2439 est,
1156 2387 1211 2430 ut
1254 2377 1506 2446 principia
1553 2375 1923 2447 pra-cidanlur.
1963 2374 2040 2430 Ne
2071 2376 2267 2443 peccati

694 2474 932 2519 naturam
962 2478 1015 2519 ιιι
1047 2482 1258 2535 parvam
1288 2468 1620 2532 consideres,
1661 2468 1753 2521 sed
1790 2467 2058 2536 perpende
2096 2466 2267 2535 ipsum

694 2559 911 2625 majoris
934 2573 1053 2612 esse
1077 2558 1303 2613 radicem
1329 2559 1373 2611 si
1404 2559 1700 2629 negligatur
1720 2564 1762 2608 ι.
1793 2558 1921 2612 Nam
1947 2558 1992 2611 si
2020 2556 2144 2627 quid
2172 2557 2267 2609 ad-

694 2646 991 2702 mirandum
1031 2647 1210 2702 dicere
1249 2659 1521 2718 oporteat,
1562 2664 1664 2703 non
1706 2658 1903 2703 tantam
1942 2648 2267 2717 diligentiqu

695 2741 969 2810 requirunt
1010 2740 1208 2809 majora
1257 2742 1343 2795 illa
1390 2754 1643 2811 peccata,
1687 2756 1842 2811 quam
1893 2741 2127 2795 minima.
2181 2740 2267 2792 Illa

694 2846 921 2900 namque
952 2831 1059 2900 ipsa
1091 2832 1504 2900 peccatinatura
1535 2842 1591 2885 ιιι
1619 2847 1923 2886 aversemur
1947 2830 2142 2895 efﬁcit;
2170 2830 2267 2884 mi.

693 2939 822 2978 nor:
850 2939 973 2978 vero
998 2925 1078 2978 vel
1112 2923 1252 2995 quod
1284 2926 1487 2978 minora
1514 2924 1618 2977 sint
1650 2923 1701 2977 in
1743 2923 2110 2992 negligentiam
2139 2938 2269 2976 con-

691 3014 913 3085 iicittttl,
955 3030 1127 3085 neque
1166 3015 1341 3068 sinunt
1382 3014 1589 3068 fortiter
1624 3015 1689 3069 ad
1730 3016 1838 3084 ipsa
1882 3013 2109 3068 tollenda
2153 3029 2270 3067 sur-

692 3120 857 3176 gere;
897 3105 1017 3160 ideo
1046 3106 1200 3161 nobis
1224 3105 1614 3160 dormientibus
1638 3107 1744 3160 cito
1765 3121 1950 3175 magna
1980 3106 2130 3159 ﬁunt.
2157 3103 2270 3159 Hoc

693 3200 867 3270 ipsum
907 3199 959 3252 in
988 3198 1299 3267 corporibus
1326 3212 1535 3268 quoque
1572 3197 1812 3252 accidere
1847 3196 2047 3253 videas.
2090 3196 2179 3253 Sic
2216 3196 2268 3251 in

692 3287 829 3343 Juda
869 3303 1114 3357 magnum
1156 3287 1468 3355 proditionis
1506 3287 1702 3341 malum
1740 3298 1981 3342 exortum
2017 3298 2117 3342 est.
2157 3286 2267 3342 Nisi

694 3380 833 3434 enim
863 3386 1097 3447 putasset
1122 3392 1341 3448 parvum
1369 3392 1488 3432 esse
1518 3378 1765 3447 pecunias
1790 3394 2079 3449 pauperum
2105 3377 2272 3433 sulfu-

697 3469 846 3535 rari,
892 3483 1175 3537 numquam
1225 3468 1277 3521 in
1328 3468 1681 3538 proditionem
1731 3462 2018 3524 incidisset.
2072 3469 2270 3524 Judmis

696 3576 908 3632 quoque
935 3560 1034 3614 nisi
1064 3574 1284 3629 parvum
1308 3556 1479 3613 visunt
1508 3559 1692 3614 luisset
1716 3577 1745 3613 ιι
1776 3570 1905 3613 vana
1935 3560 2100 3630 gloria
2129 3560 2268 3629 capi,

696 3667 981 3721 numquam
1027 3650 1091 3704 ad
1132 3647 1327 3703 Christi
1358 3649 1556 3705 caedem
1595 3649 1948 3704 devertissent.
1978 3648 2271 3719 Omniaque

698 3740 835 3796 mala
865 3742 986 3795 hinc
1011 3739 1240 3807 profecta
1263 3740 1462 3797 videas.
1484 3739 1649 3795 Nemo
1668 3741 1809 3796 enim
1829 3741 1937 3796 cito
1961 3756 2024 3796 ac
2053 3750 2272 3809 repente

700 3824 753 3877 in
774 3823 1071 3893 nequitiam
1093 3823 1299 3878 incidit.
1325 3823 1493 3880 Habet
1510 3836 1676 3895 certe,
1701 3829 1860 3885 habet
1876 3830 2055 3885 anima
2080 3846 2272 3901 quem-

703 3918 829 3970 dam
864 3914 1020 3968 nobis
1051 3914 1276 3968 insitum
1308 3916 1433 3970 mali
1463 3919 1721 3985 pudorem
1753 3920 1988 3991 bonique
2012 3938 2277 3978 verecun-

702 4007 873 4071 diam,
912 4021 1013 4062 uec
1052 4006 1170 4061 lleri
1207 4018 1386 4077 potest
1418 4019 1497 4077 ut,
1532 4011 1597 4065 ad
1635 4012 2025 4081 impudentiam
2057 4026 2277 4085 repente

703 4099 1013 4162 declinans,
1048 4100 1233 4167 omnia
1267 4100 1429 4155 simul
1453 4102 1717 4172 abjiciat;
1766 4105 1859 4158 sed
1904 4107 2109 4161 sensim
2156 4121 2279 4162 cor-

705 4192 1000 4259 rumpitur,
1017 4190 1356 4259 negligeudo.
1372 4190 1462 4246 Sic
1478 4192 1779 4248 idololatria
1804 4198 2046 4266 ingressa
2057 4209 2137 4251 est
2152 4213 2278 4253 cum

705 4281 956 4336 homines
984 4295 1150 4350 supra
1194 4284 1415 4336 modum
1440 4284 1856 4346 honorarentor,
1887 4288 2274 4356 siveviveutes,

588 4444 604 4459 Χ
703 4374 819 4428 εει-θ
841 4374 1149 4440 mortui;sic
1166 4374 1437 4444 sculptilia
1451 4376 1597 4430 culta
1616 4376 1872 4443 fuere;sic
1890 4380 2180 4434 l'ornieatio
2194 4380 2279 4435 in-

707 4461 1114 4532 valuit,aliaqne
1131 4463 1394 4517 mala.llic
1416 4466 1657 4517 animum
1670 4465 2033 4520 adhibeJiisit
2054 4467 2175 4535 quis
2194 4470 2279 4520 in-

706 4554 1187 4623 tempestive,alius
1207 4554 1569 4623 reprehendit;
1592 4556 1735 4611 alius
1753 4566 1957 4610 metum
1977 4558 2174 4625 repulit
2190 4556 2279 4611 di-

694 4655 825 4695 cens
853 4658 866 4694 :
893 4640 1033 4697 Nihil
1059 4641 1157 4697 hoc
1182 4653 1280 4697 est.
1310 4642 1446 4710 Quid
1476 4647 1617 4700 enim
1645 4654 1728 4701 est
1754 4648 1965 4704 ridere?
1994 4650 2116 4718 quid
2141 4650 2266 4705 hinc

696 4733 1099 4813 malioriator?
1136 4735 1269 4791 Hinc
1311 4737 1605 4791 scurrilitas
1642 4740 1830 4805 oritur,
1875 4741 1996 4797 inde
2032 4742 2265 4813 turpilu-

697 4823 907 4893 quium,
940 4832 996 4877 et
1020 4824 1160 4878 actio
1187 4828 1374 4897 turpis.
1406 4827 1634 4884 Rursum
1663 4830 1799 4885 alius
1829 4831 2095 4888 incusatus
2123 4836 2262 4904 quod

694 4915 992 4984 proximum
1029 4916 1396 4985 calumnietur,
1447 4920 1589 4990 quod
1630 4923 1956 4979 convicietur
1997 4925 2081 4992 ei,
2124 4926 2263 4996 quod

692 5006 1007 5073 maledicat,
1056 5008 1111 5063 id
1140 5009 1403 5080 neglexit,
1444 5012 1680 5082 dixitque
1719 5031 1732 5068 :
1778 5014 2093 5071 Maledicere
2134 5018 2263 5072 nihil

689 5107 793 5155 est.
838 5097 972 5155 Hinc
1000 5098 1178 5154 odium
1209 5112 1413 5171 partum
1442 5112 1525 5157 est
1553 5104 1772 5174 ingens,
1812 5105 2083 5162 inimicitia
2128 5108 2260 5163 ine-

689 5192 1057 5259 conciliabilis,
1078 5194 1311 5249 convicia
1340 5194 1576 5262 inﬁnita;
1602 5212 1666 5251 ex
1692 5197 1943 5254 conviciis
1963 5200 2165 5272 plagas;
2197 5216 2262 5257 ex

689 5284 858 5355 plagis
879 5299 1020 5355 saepe
1047 5286 1241 5342 credes.

760 5376 812 5430 4.
854 5376 897 5430 Α
929 5377 1106 5445 parvis
1135 5376 1309 5447 itaque
1336 5379 1414 5433 sic
1444 5388 1631 5451 magna
1660 5378 1864 5435 inducit
1887 5383 2143 5455 malignus
2174 5384 2263 5441 ille

687 5466 932 5529 darmou;
962 5482 990 5520 a
1021 5470 1223 5538 magnis
1260 5470 1681 5539 deSperationem
1702 5513 1717 5537 ,
1757 5471 1915 5527 aliam
1956 5475 2259 5530 methodum

690 5573 795 5613 non
826 5560 1000 5613 minus
1030 5558 1206 5629 priore
1236 5560 1584 5629 perniciosam
1624 5562 1924 5620 inveniens.
1964 5562 2085 5619 Non
2120 5566 2260 5622 enim

690 5657 797 5705 tam
846 5647 1019 5719 perdit
1074 5662 1380 5719 peccatum,
1425 5668 1583 5724 quam
1628 5653 1950 5724 desperatio.
1997 5655 2129 5713 Nam
2171 5658 2260 5729 qui

754 5758 773 5793 θ
805 5767 939 5821 iter,
962 5760 1004 5811 si
1026 5762 1311 5827 negligatur,
1334 5765 1512 5815 desunt
1536 5768 1581 5816 in
1601 5764 1766 5816 ωσι-ει.

1402 356 1458 414 S.
1497 355 1772 412 JOANNIS
1804 347 2271 425 CHRYSGSTOMI
2308 345 2622 404 AllClllEP.
2659 344 3186 404 CONSTANTINOP.

3853 353 3965 411 768

2377 460 2651 529 peccavit,
2701 456 2744 509 si
2790 456 3007 527 vigilet,
3051 459 3160 514 cito
3207 472 3300 529 per
3344 460 3713 529 pautitemiam
3759 461 3959 519 factum

2370 565 2523 605 suum
2553 549 2800 618 corrigit;
2828 550 2916 618 qui
2946 564 3073 604 vero
3101 550 3348 618 desperat
3375 567 3475 605 nec
3500 552 3811 622 corrigitur,
3837 555 3962 609 ideo

2370 640 2568 695 excidit
2594 640 2662 692 ab
2692 641 3102 706 emendatiooe,
3153 642 3293 712 quod
3345 643 3674 711 pmniteutia:
3720 646 3958 700 remedia

2371 746 2475 785 non
2504 739 2751 800 apponat.
2793 730 2960 786 liabet
2998 747 3208 802 quoque
3246 735 3404 788 tertio
3430 736 3777 804 gravissimas
3824 740 3959 792 insi-

2370 822 2520 886 dias,
2568 831 2625 875 ut
2651 836 2772 876 cum
2810 823 3020 892 pietatis
3048 824 3280 892 speciem
3320 834 3538 893 peccato
3573 826 3959 899 circumponit.

2369 911 2438 966 Et
2466 912 2677 967 ubinam
2698 952 2715 979 ,
2745 912 2941 982 inquis,
2974 929 3141 984 usque
3167 914 3303 969 adeo
3330 915 3547 970 invaluit
3572 917 3857 984 diabdlus,
3898 928 3961 973 ut

2370 1010 2571 1057 tantum
2600 1002 2910 1072 deciperet?
2930 1005 3305 1071 Audi,‘etcare
3326 1007 3416 1061 tibi
3440 1007 3508 1061 ab
3528 1008 3669 1062 illius
3699 1010 3961 1065 versutia.

2368 1091 2629 1162 Praecepit
2681 1108 2776 1163 per
2803 1093 3024 1149 Paulum
3070 1092 3164 1166 (1.
3195 1094 3315 1150 Cor.
3348 1096 3378 1149 7
3408 1098 3426 1167 )
3454 1096 3701 1153 Christus
3733 1114 3959 1154 uxorem

2368 1198 2398 1239 τι
2438 1185 2555 1238 viro
2598 1200 2703 1239 non
2734 1201 2997 1255 separari;
3028 1203 3126 1243 nec
3164 1190 3471 1245 seinvicem
3499 1190 3749 1247 fraudare
3794 1208 3962 1261 opor-

2371 1284 2482 1332 tere
2527 1277 2679 1343 dixit,
2728 1280 2827 1334 nisi
2857 1296 2924 1335 ex
2978 1295 3240 1336 consensu
3286 1285 3423 1336 :sed
3465 1285 3737 1338 notnnillce
3773 1301 3961 1338 amore

2368 1372 2743 1426 continentia}!
2770 1387 2801 1425 a
2829 1373 2955 1427 viris
2984 1384 3263 1443 separatio,
3294 1390 3357 1429 ac
3387 1375 3431 1428 si
3464 1378 3613 1445 pium
3642 1376 3769 1443 quid
3812 1376 3960 1431 facc-

2371 1474 2527 1528 rent,
2569 1464 2773 1532 seipsas
2810 1465 2875 1518 ad
2923 1465 3241 1519 adulterium
3276 1467 3561 1521 dederunt.
3603 1470 3787 1537 Cogita
3831 1484 3961 1536 ergo

2368 1567 2525 1622 quani
2558 1555 2752 1607 malum
2785 1555 3020 1608 laborem
3053 1570 3315 1626 perpessis
3339 1597 3354 1617 ,
3383 1558 3531 1626 quasi
3559 1572 3680 1628 quae
3707 1573 3961 1627 magnum

2368 1642 2618 1697 damnum
2646 1646 2917 1699 intulerint
2942 1686 2957 1709 ,
2988 1661 3254 1700 eiut-emas
3279 1648 3387 1705 sint
3413 1650 3621 1702 luiturus
3648 1664 3838 1719 poenas
3866 1692 3877 1705 .
3905 1660 3965 1703 et

2369 1736 2421 1789 in
2452 1737 2701 1805 perniciei
2735 1738 3047 1792 barathrum
3086 1739 3307 1793 maritos
3334 1754 3461 1793 suos
3487 1740 3799 1810 conjiciunt.
3850 1742 3959 1793 Alii

2370 1841 2556 1881 rursus
2586 1844 2649 1883 ex
2678 1828 2864 1897 jejunii
2895 1840 3162 1899 prmcepto
3190 1830 3517 1886 abstinentes
3554 1845 3585 1883 a
3628 1833 3786 1894 cibis,
3830 1847 3964 1901 patr

2370 1920 2517 1973 latim
2548 1919 2613 1974 ad
2642 1922 3089 1977 abominationctn
3122 1924 3373 1977 ciborum.
3397 1922 3764 1987 devenerunt;
3816 1925 3963 1993 quod

2370 2010 2543 2081 ipsum
2578 2026 2825 2079 agnum
2854 2012 3007 2067 atlcrt
3034 2012 3371 2083 supplicium.
3416 2008 3540 2067 "(ec
3580 2028 3747 2084 porro
3786 2013 3918 2068 tium
3943 2056 3963 2079 ,

2369 2101 2586 2171 quando
2625 2102 2997 2171 praejudicatas
3027 2118 3152 2158 snas
3180 2104 3461 2172 Opiniones
3490 2115 3682 2173 printer
3713 2103 3963 2174 Scriptu-

2371 2208 2548 2247 rarum
2578 2202 2808 2247 mentem
2838 2194 3171 2248 conﬁrmant.
3200 2194 3461 2249 Putarunt
3487 2195 3624 2265 apud
3651 2198 3964 2251 Corinthios

2371 2281 2535 2352 aliqui
2562 2282 2903 2353 perfectionis
2927 2300 3067 2351 esse,
3090 2285 3457 2342 indill’erenter
3480 2290 3660 2342 omnia
3701 2299 3921 2359 gustare
3944 2330 3963 2355 ,

2369 2372 2635 2444 etiamque
2662 2374 2924 2445 prohibita
2948 2374 3107 2450 (Ibid.
3136 2393 3183 2431 u.
3214 2375 3295 2448 8);
3316 2385 3373 2433 at
3403 2377 3505 2433 hoc
3534 2393 3641 2434 non
3670 2379 3965 2449 permetio-

2372 2465 2489 2530 nis,
2519 2464 2617 2521 sed
2644 2476 2897 2523 extrema:
2925 2468 3217 2538 iniquitatis
3244 2480 3361 2525 erat
3396 2487 3411 2522 :
3455 2469 3577 2526 ideo
3616 2471 3969 2529 vehementer

2372 2557 2492 2612 illos
2541 2557 2737 2613 Paulus
2774 2558 3034 2628 increpat,
3080 2569 3423 2631 extremoque
3463 2560 3657 2633 dignos
3698 2562 3966 2633 supplicio

2372 2647 2561 2701 dicit'.
2612 2648 2712 2703 Alii
2752 2664 2967 2703 rursum
3007 2650 3075 2703 ad
3121 2651 3372 2719 pietatem
3412 2652 3687 2722 pertinere
3729 2664 3920 2724 putant
3944 2694 3967 2720 ,

2370 2754 2575 2794 comam
2614 2740 2804 2811 capitis
2832 2742 3103 2797 excolere.
3148 2742 3282 2798 illud
3320 2760 3484 2815 porro
3524 2745 3850 2815 prohibitum
3878 2759 3967 2802 est

2370 2844 2434 2883 ac
2460 2830 2610 2883 multi
2638 2830 2939 2886 dedecoris.
2964 2832 3067 2888 Alii
3090 2834 3284 2889 iterum
3311 2836 3460 2889 lucro
3482 2835 3585 2891 sibi
3611 2834 3729 2891 fore
3750 2847 3966 2906 putant,

2369 2920 2414 2973 si
2446 2920 2512 2973 de
2539 2921 2768 2989 peccatis
2794 2922 2905 2974 suis
2934 2921 3282 2978 immoderate
3319 2922 3567 2990 doleant;
3598 2924 3692 2981 sed
3736 2925 3865 2982 illud
3891 2929 3965 2982 ad

2370 3006 2645 3063 vairietem
2668 3012 2893 3079 pertinet
2914 3010 3246 3077 diabolicam,
3271 3022 3326 3068 ut
3346 3014 3635 3069 declaravit
3658 3014 3851 3081 Judas,
3869 3017 3966 3086 Qui

2373 3100 2492 3154 ideo
2512 3114 2571 3154 se
2591 3099 2781 3169 laqueo
2792 3102 3088 3170 suspendit.
3110 3100 3313 3157 Idcirco
3328 3105 3523 3158 Paulus
3544 3105 3785 3169 timebat,
3801 3121 3871 3161 ne
3889 3109 3965 3171 is,

2372 3190 2461 3261 qui
2488 3190 2772 3245 fornicatus
2795 3202 2929 3256 erat,
2958 3191 3082 3261 quid
3101 3191 3277 3248 simile
3298 3179 3586 3263 pateretur,
3610 3195 3965 3268 hortaturque

2372 3282 2675 3338 Corinthios
2705 3292 2762 3336 ut
2789 3283 2945 3338 citius
2985 3283 3130 3337 illum
3170 3284 3292 3340 inde
3319 3286 3636 3352 extrahant,
3681 3288 3767 3343 Ne
3802 3291 3965 3343 ninia

2373 3378 2574 3430 tristitia
2601 3374 2926 3428 absorbeatur
2953 3376 3246 3441 hujusmodi
3273 3376 3365 3449 (2.
3396 3376 3513 3432 Cor.
3547 3376 3600 3433 2.
3633 3380 3712 3449 7).
3758 3381 3962 3436 Deinde

2373 3468 2660 3523 ostendens
2690 3468 2741 3522 id
2770 3484 2837 3522 ex
2865 3468 2981 3539 ejus
3008 3467 3213 3523 insidiis
3244 3470 3553 3538 provenire,
3585 3472 3661 3526 ait
3700 3490 3714 3525 :
3747 3470 3816 3527 Ut
3856 3491 3961 3528 non

2372 3560 2820 3615 circumueniamur
2847 3577 2879 3611 α
2904 3569 3083 3613 satana
3126 3574 3147 3613 :
3185 3576 3285 3614 non
3324 3562 3456 3615 enim
3494 3564 3605 3634 ejus
3629 3565 3963 3635 cogitationes

2373 3654 2661 3721 ignorantes
2688 3649 2847 3722 (Ibid.
2892 3668 2936 3702 r.
2972 3649 3109 3721 11),
3141 3651 3280 3719 quod
3323 3666 3445 3706 cum
3475 3652 3641 3706 multo
3666 3654 3794 3708 dolo
3823 3669 3961 3709 con-

2370 3743 2661 3814 gredietur,
2694 3744 2882 3813 inquit.
2915 3742 3044 3797 Nam
3083 3744 3127 3798 si
3173 3744 3343 3814 palam
3384 3745 3752 3815 impugnaret,
3789 3747 3963 3802 facilis

2370 3845 2511 3889 esset
2540 3836 2755 3887 victoria
2782 3850 2794 3897 ;
2844 3834 2949 3887 imo
2974 3836 3134 3888 etiam
3164 3850 3337 3897 nunc,
3368 3835 3412 3889 si
3442 3836 3720 3905 vigilemus
3741 3878 3755 3899 ,
3786 3837 3961 3893 facilis

2370 3928 2489 3981 erit.
2514 3926 2644 3981 Nam
2671 3927 2735 3981 ad
2763 3928 2994 3999 singulas
3016 3927 3177 3982 hasce
3198 3929 3309 3982 vias
3332 3929 3559 3983 annavit
3579 3944 3676 3985 nos
3703 3931 3863 3986 Deus.
3893 3930 3962 3986 Ut

2371 4019 2590 4074 suadeat
2615 4020 2755 4073 enim
2788 4036 2855 4073 ne
2883 4035 3039 4089 parra
3070 4029 3495 4086 contemnamus,
3524 4021 3646 4076 audi
3683 4026 3958 4092 quomodo

2374 4106 2614 4162 hortetur
2654 4125 2667 4161 :
2713 4107 2814 4173 Qui
2839 4108 3019 4161 dixerit
3052 4104 3201 4177 fratri
3226 4126 3339 4174 sua,
3369 4115 3540 4182 fatue,
3580 4128 3695 4166 rm
3728 4115 3823 4166 erit
3863 4130 3947 4184 ge-

2372 4199 2550 4252 Immw
2574 4199 2705 4269 ignis
2732 4200 2748 4265 (
2773 4198 2956 4252 Matth.
2987 4200 3039 4255 5.
3078 4200 3220 4267 22);
3252 4213 3339 4261 et.
3384 4203 3484 4268 Qui
3529 4204 3741 4261 lascivis
3783 4207 3952 4267 oculis

2370 4290 2575 4358 aspicit,
2608 4289 2844 4344 moechus
2874 4301 2957 4347 est
2984 4294 3267 4361 perfectus.
3300 4293 3555 4350 llideutcs
3597 4312 3812 4367 quoque
3850 4300 3954 4351 mi-

2370 4395 2521 4435 seros
2549 4381 2837 4450 praedicat;
2866 4392 2919 4437 et
2949 4384 3145 4454 ubique
3175 4386 3427 4456 principia
3454 4396 3507 4443 et
3545 4391 3747 4444 semina
3778 4393 3953 4445 malo-

2370 4485 2488 4524 rum
2514 4472 2720 4537 evellit,
2758 4487 2821 4527 ac
2861 4472 2928 4527 de
2955 4477 3129 4529 otioso
3156 4476 3323 4531 verbo
3365 4477 3437 4531 ait
3474 4479 3801 4535 reddendam
3831 4498 3955 4537 esse

2370 4564 2649 4618 rationem.
2679 4565 2908 4637 Ideoque
2935 4576 2990 4622 et
3016 4566 3119 4623 Job
3149 4584 3251 4624 non
3278 4580 3393 4624 acta
3428 4572 3605 4636 modo,
3635 4573 3731 4628 sed
3759 4586 3815 4628 et
3854 4589 3953 4634 co—

2368 4656 2650 4725 gitationes
2677 4658 2902 4713 liliorum
2932 4661 3187 4731 purgabat
3214 4662 3355 4734 (Job.
3389 4664 3440 4718 1.
3467 4663 3560 4734 5).
3595 4665 3670 4719 De
3693 4666 3949 4737 despero.

2371 4748 2515 4803 tione
2543 4760 2720 4804 autem
2749 4753 2824 4805 ait
2854 4768 2868 4804 :
2895 4752 2975 4805 Au
3000 4753 3088 4821 qui
3111 4755 3317 4819 cecidit,
3345 4772 3448 4811 non
3470 4759 3738 4830 resurget?
3759 4776 3828 4815 IIII
3863 4762 3950 4830 qui

2368 4840 2545 4892 avertit
2564 4881 2578 4904 ,
2608 4857 2707 4893 non
2735 4844 3038 4895 convertitur
3066 4842 3211 4912 (Jer.
3241 4846 3296 4900 8.
3323 4844 3432 4917 4)?
3458 4848 3525 4903 Et
3550 4864 3736 4905 rursus
3766 4867 3781 4903 :
3810 4849 3952 4905 Nolo

2370 4941 2579 4984 mortem
2604 4933 2875 5000 peccatoris
2895 4975 2908 4996 ,
2941 4935 3029 4987 sed
3068 4945 3120 4987 at
3156 4948 3470 4993 convertatur
3494 4949 3543 4993 et
3568 4941 3700 4994 vivat
3730 4940 3949 5011 (Emit.

2372 5023 2458 5077 18.
2484 5020 2598 5096 25).
2631 5024 2715 5089 Et,
2746 5022 2913 5079 Hodie
2935 5027 2978 5079 si
3006 5043 3171 5081 uocem
3205 5029 3317 5099 ejus
3344 5029 3605 5085 audieritis
3649 5031 3824 5100 (Pal.
3852 5034 3945 5091 9b.

2368 5114 2444 5181 8).
2466 5114 2540 5184 (α)
2558 5113 2646 5185 [Ει
2676 5114 3175 5179 rursom,Gaudiunt
3202 5127 3277 5173 at
3299 5118 3352 5172 in
3380 5121 3519 5175 cretis
3538 5138 3805 5191 super-no
3831 5140 3951 5193 pec-

2366 5215 2535 5257 catore
2559 5205 2897 5274 pteniteutiam
2925 5220 3103 5278 agente
3122 5208 3269 5280 (Luc.
3296 5211 3384 5267 15.
3407 5210 3523 5286 7).]
3544 5211 3704 5267 llulta
3733 5230 3953 5286 quoque

2367 5295 2472 5349 alia
2500 5297 2660 5351 verba
2686 5308 2741 5351 et
2766 5300 3008 5367 exempla
3040 5302 3090 5353 in
3120 5300 3395 5371 Scriptura
3430 5302 3713 5361 habentur.
3743 5305 3824 5361 Ne
3847 5322 3941 5361 au-

2370 5392 2477 5441 tem
2498 5387 2707 5455 pietatis
2729 5390 2907 5458 specie
2926 5406 3227 5460 pereamus,
3246 5394 3371 5449 audi
3393 5395 3612 5449 Paulum
3635 5397 3903 5456 dicentem
3927 5416 3945 5454 :

2370 5475 2454 5532 Ne
2474 5477 2829 5536 abundantiori
2854 5483 3053 5537 tristitia
3069 5483 3393 5542 absorbeatur
3409 5486 3616 5557 (λοστ.
3640 5489 3695 5546 2.
3716 5490 3796 5563 7).
3822 5491 3947 5551 Hec

2432 5588 2450 5621 ί
2486 5587 2604 5649 Alii,
2625 5603 2788 5642 arnore
2807 5591 3013 5649 pietatis.
3058 5620 3059 5623 η

2426 5650 3059 5730 ίιῖθλὲῗῗεῖ-Ῑβείὲυτνίίξαξ
3078 5656 3257 5711 Μία-⁸
3270 5657 3379 5711 ἀίω
3401 5668 3621 5713 mem
3640 5661 3818 5729 dim
3834 5678 3952 5730 sup-

2527 5710 2661 5773 dicit,
2681 5709 2878 5766 etetéris
2896 5709 3109 5769 omissis.

2431 5781 2506 5842 (tt)
2534 5791 2648 5837 qua:
2670 5780 2867 5832 uncinis
2884 5779 3172 5833 claudimur
3199 5787 3378 5838 desunt
3404 5787 3454 5838 in
3479 5787 3642 5841 utarei.
