4156 6510
283 416 388 474 769

275 633 404 680 sunt
440 624 779 686 subvertere,
820 621 1214 691 Scripturarum
1255 620 1593 690 prudentiam
1633 633 1872 691 appona-

274 733 417 773 mus.
450 717 631 787 Neque
656 716 804 770 dicas
837 732 850 767 :
882 714 1018 783 Quid
1049 717 1093 768 si
1133 713 1423 768 formosam
1462 711 1741 768 mulierem
1772 728 1869 767 cu-

272 812 417 867 riose
445 810 742 879 aspexero?
780 808 912 864 Nam
953 808 997 863 si
1040 824 1093 863 In
1133 806 1296 862 corde
1335 805 1635 862 mtechatns
1671 805 1868 871 fueris,

268 905 380 960 cito
418 906 592 973 reipsa
622 900 876 957 mmehari
908 900 1153 957 audebis.
1196 898 1274 955 Ne
1302 898 1482 963 dicas,
1527 897 1665 966 Quid
1704 908 1785 953 est
1825 898 1870 951 si

268 1011 562 1066 pauperem
596 993 736 1049 hunc
763 991 1117 1064 przeteream?
1143 990 1197 1046 Si
1230 990 1370 1045 hunc
1397 999 1705 1061 przetereas,
1735 982 1872 1055 aue.

266 1104 390 1145 rum
414 1098 469 1142 et
500 1097 621 1158 post
649 1086 790 1142 hunc
817 1086 981 1141 alium
1012 1084 1330 1155 pmteribis.
1365 1082 1473 1138 Nec
1502 1095 1689 1137 rursus
1711 1080 1867 1136 disc-

266 1181 346 1235 ris
384 1197 400 1234 :
433 1180 571 1250 Quid
610 1180 656 1235 si
697 1180 833 1235 bona
876 1178 1106 1249 proximi
1135 1175 1546 1246 concupiscam?
1574 1173 1685 1229 Hoc
1724 1172 1867 1229 enim

265 1273 578 1328 Achaabum
622 1273 883 1343 perdidit,
925 1272 1134 1327 etiamsi
1177 1271 1405 1341 pretium
1445 1267 1700 1331 solverit,
1744 1266 1867 1337 quia

262 1365 474 1420 scilicet
497 1379 526 1419 a
559 1364 775 1419 nolente
792 1362 1026 1469 ’abripuit
1049 1362 1140 1432 (ὅ.
1170 1362 1300 1431 lteg.
1321 1359 1438 1430 21).
1470 1358 1569 1413 Em
1578 1366 1699 1428 ptor
1720 1356 1865 1412 enim

271 1482 3210 1516 Μ

1132 414 1199 470 IN
1237 412 1652 471 ΜΑΤΤΗᾸΞΠΜ
1695 412 1922 469 ll0.\lll..
1966 414 2277 479 LXXXVII.
2316 424 2386 481 al.
2433 426 2746 487 LXXXVIII

276 548 410 604 ergo
436 546 555 588 cum
587 532 837 596 sciamus,
872 530 1121 583 omuilms
1163 529 1297 595 viis,
1344 543 1462 598 qum
1494 527 1711 583 desides
1748 542 1877 596 pos-

3493 440 3599 496 ’ΠΟ

1988 546 2093 627 non
2124 548 2354 604 cogere,
2404 540 2501 595 sed
2551 545 2879 613 persuadere
2922 544 3104 603 debet.
3151 547 3209 605 Si
3251 564 3379 607 vero
3423 554 3467 610 is
3504 557 3599 627 qui

1976 621 2181 688 justum
2215 635 2441 696 pretium
2472 636 2795 702 numeravit,
2827 637 2897 691 ita
2926 635 3214 695 damnatus
3237 653 3353 709 est,
3380 648 3506 714 quia
3523 621 3593 705 ex

1987 713 2204 771 nolente
2233 720 2441 791 accepit
2468 739 2483 776 :
2513 724 2603 794 qui
2632 742 2739 781 non
2771 728 2933 785 modo
2956 729 3059 785 hoc
3084 733 3213 801 agit,
3246 735 3339 791 sed
3370 713 3472 791 crta
3499 755 3598 794 uo-

1984 803 2127 861 lente
2152 808 2381 879 abripit,
2414 824 2468 867 et
2499 814 2599 871 hoc
2619 817 2675 873 in
2697 817 2817 891 lege
2840 823 3047 891 gratiae,
3072 840 3179 895 quo
3207 841 3313 882 non
3339 832 3444 885 erit
3464 846 3599 901 sup-

1982 897 2141 965 plicio
2171 898 2401 969 dignus?
2431 903 2507 961 Ne
2536 907 2717 980 itaque
2748 914 3055 981 puniamur,
3087 932 3117 971 a
3151 918 3203 971 vi
3242 922 3387 976 omni
3414 935 3468 979 et
3501 897 3593 979 ra-

1984 987 2105 1055 pina
2136 1004 2236 1045 nos
2263 1006 2425 1061 puros
2462 1010 2766 1069 servantes,
2800 1013 2853 1058 et
2883 1019 2991 1061 non
3025 1018 3239 1077 peccata
3270 1013 3465 1079 modo,
3494 1017 3591 1072 sed

1981 1078 2141 1134 etiam
2177 1084 2434 1158 principia
2470 1103 2814 1158 peccatorum
2843 1107 3128 1165 caventes,
3162 1078 3586 1172 diligentervir-

1982 1178 2149 1227 tutem
2179 1176 2570 1244 amplectamur
2593 1201 2607 1236 :
2630 1185 2710 1239 sic
2735 1186 2880 1242 enim
2909 1191 3130 1246 aeternis
3150 1192 3389 1249 fruemur
3410 1196 3586 1263 bouis,

1977 1263 2151 1358 gratia
2193 1275 2246 1319 et
2289 1266 2615 1340 benignitate
2644 1274 2856 1332 Domini
2886 1280 3054 1358 nostri
3081 1280 3210 1337 Jesu
3235 1282 3467 1353 Christi,
3500 1288 3588 1345 cui

1981 1353 2149 1423 gloria
2178 1355 2230 1411 in
2261 1363 2457 1416 saacula
2483 1367 2827 1424 saeculorum.
2857 1353 3053 1428 Amen.

3215 1506 3570 1521 c—M

1286 1564 1637 1631 HOMILIA
1681 1561 2070 1640 LXXXVII,
2118 1568 2205 1630 al.
2251 1570 2673 1640 LXXXVIII.

260 1674 392 1731 ου.
442 1676 532 1732 27.
587 1695 637 1732 v.
695 1678 784 1734 27.
834 1678 980 1734 Tunc
1031 1678 1212 1733 milites
1271 1676 1507 1747 praesidis
1559 1674 1863 1743 accipientes

335 1766 510 1822 Iesum
530 1773 584 1822 in
609 1770 865 1837 pratorio,
897 1778 1325 1841 congregaverant
1342 1768 1411 1820 ad
1434 1784 1549 1821 eum
1577 1768 1862 1821 universam

333 1863 625 1924 cohortem;
663 1861 754 1917 28.
804 1872 855 1915 et
896 1872 1130 1916 eruentes
1155 1879 1293 1927 eum,
1319 1862 1637 1932 chlamydem
1690 1863 1857 1915 cocci-

332 1967 482 2005 neum
507 1952 940 2006 circumdederunt
966 1954 1042 2018 ei,
1071 1951 1163 2009 29.
1220 1962 1266 2006 et
1310 1953 1578 2021 plectentes
1616 1969 1857 2007 coronant

330 2040 399 2095 de
441 2041 618 2109 spinis,
666 2052 940 2112 posuerunt
964 2059 1119 2111 super
1147 2054 1300 2111 caput
1320 2044 1447 2112 ejus,
1477 2053 1525 2098 et
1553 2036 1855 2097 arundinetis

329 2133 386 2186 in
412 2133 619 2186 dextera
642 2134 770 2203 ejus.
804 2132 869 2187 Et
894 2150 1060 2205 genua
1084 2134 1339 2204 ﬂectentes
1358 2151 1529 2188 coram
1550 2152 1638 2200 ea,
1665 2136 1851 2189 illude-

329 2225 448 2277 bant
467 2225 514 2277 si
536 2225 776 2293 dicentes,
809 2225 931 2292 Ave,
954 2241 1046 2281 rea:
1068 2223 1390 2280 Judteorum.

329 2361 382 2416 I.
411 2360 543 2429 Quot
564 2370 609 2416 et
628 2371 819 2429 quanta
844 2363 896 2416 in
935 2362 1171 2432 passione
1196 2379 1289 2417 sua
1311 2362 1571 2434 pertulerit
1596 2362 1847 2418 Christus.

253 2450 324 2506 In
354 2452 556 2519 publica
583 2463 628 2506 et
654 2455 851 2523 privata
874 2455 1123 2524 passionis
1147 2454 1358 2509 lectione
1374 2471 1608 2526 quamam
1632 2456 1845 2511 utilitas.

247 2543 696 2599 'Censummatum
750 2556 870 2612 est,
916 2545 1040 2617 quid
1087 2546 1356 2617 signiﬁcet.
1385 2577 1456 2586 ——
1483 2547 1645 2615 Quasi
1688 2557 1847 2618 pacto

258 2650 386 2691 cum
416 2638 663 2692 omnibus
692 2638 866 2692 ‘inito
912 2638 1158 2693 diabolus
1201 2648 1327 2693 tunc
1378 2637 1605 2693 choreas
1632 2640 1843 2709 agebat.

254 2728 386 2785 Esto
408 2731 550 2785 enim
573 2728 788 2784 .ludzcos
817 2720 1015 2785 invidia
1061 2739 1116 2785 et
1140 2729 1309 2785 livore
1354 2732 1687 2786 tabescentes
1718 2739 1845 2786 tunc

250 2822 511 2877 adversus
560 2838 682 2877 eum
738 2822 1098 2879 debacchatos
1148 2822 1313 2879 fuisse
1344 2840 1359 2879 :
1386 2839 1484 2879 cur
1531 2831 1587 2878 et
1620 2838 1725 2894 qua
1776 2823 1844 2880 de

247 2930 412 2983 causa
438 2916 598 2971 etiam
626 2915 862 2970 milites?
889 2917 1080 2971 Annon
1103 2915 1244 2980 ideo,
1276 2926 1332 2970 ut
1360 2926 1526 2987 patet,
1549 2918 1691 2988 quod
1728 2916 1845 2972 dia-

246 3006 407 3063 bolus
433 3015 557 3061 tunc
583 3005 722 3074 apud
758 3021 946 3062 onmes
972 3005 1444 3063 debaccharetur?
1472 3007 1603 3062 Nam
1649 3018 1840 3063 cuntu-

247 3097 425 3151 melia:
455 3096 554 3166 ipsi
609 3098 772 3153 illata:
825 3099 1082 3169 voluptati
1140 3100 1242 3155 sibi
1291 3111 1464 3165 erant,
1515 3100 1843 3158 crudeleset

246 3190 526 3245 inhumani
553 3205 672 3245 cum
700 3201 882 3247 essent
922 3208 936 3246 :
990 3207 1114 3248 cum
1159 3195 1302 3249 enim
1346 3198 1671 3264 oportuisset
1722 3197 1842 3252 illos

244 3283 544 3353 reprimere
592 3298 671 3351 se,
728 3294 782 3341 et
836 3286 1141 3358 lacrymari,
1196 3288 1339 3357 quod
1387 3288 1550 3344 etiam
1580 3289 1648 3345 de
1688 3290 1840 3359 plebe

244 3376 468 3439 dixeris.
513 3373 616 3431 hoc
653 3391 757 3431 non
810 3376 1082 3443 fecerunt;
1125 3378 1235 3433 imo
1268 3381 1604 3435 contumeliis
1629 3380 1837 3437 allicie-

243 3468 394 3533 bant,
425 3468 765 3533 insultabant,
793 3481 851 3524 ut
871 3469 1101 3527 fortasse
1128 3472 1263 3541 grati
1292 3471 1491 3527 Jndmis
1517 3482 1718 3535 essent.
1753 3474 1837 3529 vel

242 3563 406 3617 etiam
435 3561 612 3631 pravis
640 3562 752 3617 suis
781 3572 991 3620 utentes
1020 3565 1259 3619 moribus
1292 3582 1304 3616 :
1334 3565 1674 3620 contumeliae
1710 3580 1838 3620 vero

240 3654 440 3710 diversi
470 3656 683 3725 generis
712 3665 883 3713 erant.
911 3655 1043 3710 Nam
1071 3656 1309 3711 divinum
1342 3655 1469 3709 illud
1499 3665 1657 3726 caput
1679 3657 1838 3711 modo

239 3746 486 3816 colaphis
505 3745 805 3809 caedebant,
826 3746 986 3802 modo
1001 3748 1402 3817 spineacorona
1420 3747 1835 3814 dedecorabant,

239 3836 406 3892 modo
465 3836 672 3892 calamo
719 3839 1118 3907 percutiebant,
1177 3840 1277 3894 viri
1325 3839 1536 3895 scelesti
1596 3850 1649 3894 et
1677 3856 1835 3895 exsc-

242 3927 457 3984 crandi.
490 3926 620 3997 Quae
650 3928 803 3984 nobis
826 3941 1006 3998 postea
1024 3930 1126 3984 erit
1145 3930 1436 3994 excusatio,
1467 3945 1587 3984 cum
1614 3945 1677 3984 ex
1701 3946 1833 3985 con-

241 4020 475 4075 tumeliis
505 4019 570 4073 ad
599 4018 731 4074 iram
760 4018 1110 4084 concitamur,
1152 4033 1432 4091 postquam
1461 4021 1562 4075 huc
1586 4020 1835 4075 Christus

240 4126 433 4183 passus
462 4111 583 4166 est?
606 4110 890 4167 Extremus
916 4122 1063 4169 certe
1087 4115 1532 4171 contumeliarum
1572 4115 1835 4171 terminus

237 4211 380 4268 erat,
409 4202 461 4257 id
488 4203 629 4273 quod
662 4215 785 4258 tunc
826 4202 1006 4259 flebat.
1050 4203 1232 4274 Neque
1258 4207 1399 4260 enim
1439 4222 1563 4276 pars
1606 4215 1832 4274 tantum,

238 4296 339 4350 sed
372 4303 538 4349 totum
560 4309 755 4364 corpus
772 4297 1107 4351 contumeliis
1145 4296 1696 4367 alliciebatur;capnt
1740 4314 1835 4369 per

238 4401 499 4442 coronam
528 4396 582 4441 et
607 4387 891 4451 calamum,
927 4387 1091 4441 facies
1118 4388 1359 4457 colaphis
1383 4397 1438 4444 et
1462 4390 1652 4458 sputis,
1682 4406 1834 4460 genae

238 4479 432 4548 alapis,
454 4481 648 4549 corpus
676 4488 842 4533 totum
873 4478 1111 4548 ﬂagellis,
1138 4480 1379 4534 nuditate
1404 4481 1451 4545 ’,
1468 4480 1667 4535 amictu
1692 4482 1835 4535 chla-

237 4568 436 4641 mydis,
470 4578 523 4623 et
552 4570 793 4624 simulata
830 4569 1174 4636 adoratione,
1226 4585 1415 4625 manus
1464 4573 1690 4637 calamo,
1741 4573 1831 4642 qui

238 4676 344 4732 pro
366 4671 578 4730 sceptro
601 4662 755 4715 datus
781 4670 898 4726 est;
917 4679 976 4716 os
1004 4679 1214 4717 rursum
1240 4679 1333 4733 per
1348 4663 1828 4721 oblatmnacetum.

235 4753 381 4820 Quid
404 4751 484 4805 Itis
513 4751 761 4821 gravius?
791 4752 914 4821 quid
957 4755 1435 4809 Contumeliosius?
1463 4755 1587 4811 Haec
1615 4771 1830 4812 onmem

236 4842 509 4899 excedunt
532 4842 852 4897 orationem.
884 4843 961 4898 Ac
990 4843 1034 4898 si
1056 4843 1200 4899 enim
1222 4845 1491 4911 timerent,
1524 4860 1592 4901 ne
1620 4846 1746 4916 quid
1780 4848 1831 4902 in

237 4946 392 4989 tanto
423 4934 657 4988 facinore
704 4934 951 5001 deesset,
1004 4934 1294 5005 prophetas
1332 4936 1547 5006 quidem
1587 4936 1833 4993 manibus

234 5028 355 5081 suis
402 5025 816 5088 iuterticiebant,
863 5025 1004 5080 hunc
1056 5042 1121 5081 ex
1167 5027 1361 5096 judicis
1407 5030 1693 5086 sententia.
1742 5031 1833 5086 Sic

234 5121 421 5181 utimia
452 5117 805 5181 faciunl,suis
846 5117 1099 5173 occidunt
1150 5120 1415 5184 manibus,
1469 5121 1725 5177 damnant
1777 5134 1832 5179 et

235 5210 560 5265 sententiam
617 5209 817 5273 ferunt,
871 5210 1030 5264 etiam
1082 5211 1222 5280 apud
1276 5212 1503 5268 Pilatum
1553 5213 1827 5283 dicentes,

236 5300 467 5369 Sanguis
491 5302 599 5371 ejus
637 5315 907 5368 supernos
947 5309 992 5354 et
1039 5317 1190 5362 super
1218 5302 1351 5369 ﬁlios
1394 5314 1613 5357 nostros.
1657 5305 1829 5361 Insul-

239 5402 377 5455 tant,
415 5392 767 5447 contumelias
794 5392 1049 5457 inferunt,
1070 5392 1334 5461 vinciunt,
1365 5394 1655 5459 abducnnt,
1686 5398 1829 5453 mili-

237 5484 383 5539 tibus
408 5484 850 5538 contumeliarum
889 5493 1136 5540 auctores
1187 5495 1330 5551 sunt,
1384 5488 1529 5541 cruci
1582 5488 1828 5561 ofﬁgunt,

236 5576 632 5641 conviciantur,
668 5585 992 5645 conspunnt,
1039 5575 1303 5631 derident.
1345 5577 1483 5633 Nihil
1515 5579 1602 5634 hic
1632 5581 1831 5639 Pilatus

239 5669 438 5729 intulit,
467 5668 558 5722 sed
589 5670 764 5720 utnnia
818 5668 891 5722 illi
927 5666 1187 5734 fecerunt,
1213 5681 1574 5739 accusatores,
1595 5672 1826 5743 judiccs,

301 5783 318 5817 ⁸
356 5780 520 5830 Morel.
549 5795 642 5829 non
668 5782 836 5838 habet,
864 5794 972 5830 cum
993 5782 1222 5833 omnibus.

298 5843 480 5913 ι-,γρχ
515 5844 748 5913 nudiutte,
769 5842 984 5913 (lcestjn
1012 5842 1171 5893 uin-cl.
1202 5846 1347 5907 Infra,
1373 5847 1498 5907 lucc,
1522 5851 1639 5913 quid
1663 5861 1828 5905 contu-

234 5904 500 5961 tncliorius,
526 5910 573 5955 in
600 5906 773 5954 eodem
796 5905 1158 5954 desiderantur.

1974 1672 2270 1765 carnilices,
2302 1679 2503 1734 nullam
2533 1698 2640 1736 non
2682 1695 2907 1755 agentes
2928 1701 3239 1757 personam.
3280 1690 3408 1748 ﬂare
3437 1696 3578 1765 apud

1972 1776 2072 1817 nos
2119 1762 2390 1837 leguntur,
2422 1786 2544 1826 cum
2578 1789 2769 1829 omnes
2791 1792 2893 1830 una
2928 1782 3277 1839 conveniunt.
3329 1762 3484 1838 Nam
3508 1802 3577 1843 ne

1967 1855 2197 1921 gentiles
2221 1858 2422 1927 dicant,
2454 1862 2610 1918 Clara
2639 1874 2694 1919 et
2721 1866 3000 1936 splendida
3030 1872 3242 1940 populis
3284 1874 3573 1942 exhibetis,

1966 1954 2025 1999 ut
2050 1946 2198 2017 signa
2226 1958 2281 2004 et
2309 1952 2586 2021 miracula,
2634 1955 2752 2013 bazc
2783 1973 2912 2013 vero
2942 1961 3201 2030 probrosa
3242 1967 3528 2023 occultatis
3557 1986 3571 2021 :

1965 2037 2017 2093 id
2066 2040 2396 2111 dispensavit
2458 2048 2630 2117 gratia
2694 2049 2958 2121 Spiritus,
3013 2064 3070 2109 ut
3120 2056 3171 2109 in
3227 2059 3573 2119 solemnitate

1961 2131 2215 2199 maxima,
2248 2149 2369 2189 cum
2399 2136 2497 2191 viri
2536 2139 2895 2211 mulieresque
2951 2159 3147 2216 magno
3200 2163 3427 2205 munero
3469 2154 3571 2209 ad-

1960 2234 2105 2287 sunt,
2129 2240 2424 2297 emnesque
2452 2232 2675 2286 omnino
2711 2233 2763 2287 in
2795 2249 2985 2305 magna
3016 2237 3293 2295 Paschalis
3317 2258 3568 2314 vespera,

1960 2322 2087 2370 tunc
2113 2315 2229 2372 hare
2252 2320 2432 2375 omnia
2474 2320 2721 2393 legantur
2745 2340 2761 2379 :
2791 2326 3041 2381 omnibus
3070 2329 3270 2400 ubique
3299 2340 3568 2390 terrarum

1958 2409 2333 2496 praesentibus,
2365 2410 2482 2480 haec
2525 2429 2717 2485 magna
2752 2432 2888 2475 voce
2919 2420 3284 2489 prmdicentur
3314 2443 3327 2477 :
3370 2427 3568 2496 quibus

1956 2495 2109 2552 lectis
2137 2508 2191 2553 et
2218 2503 2468 2572 cognitis,
2498 2503 2743 2564 Christus
2766 2509 3008 2566 creditur
3034 2526 3160 2568 esse
3181 2514 3343 2585 Deus,
3369 2495 3425 2575 et
3453 2530 3568 2575 tum

1954 2600 2176 2683 propter
2194 2591 2327 2683 alia,
2359 2602 2472 2649 tum
2505 2606 2725 2667 propter
2750 2599 2867 2657 haec
2892 2603 3057 2658 etiam
3096 2606 3377 2677 adoratur,
3419 2613 3567 2683 quod

1953 2692 2053 2748 pro
2079 2681 2235 2737 nobis
2273 2698 2339 2738 eo
2367 2700 2537 2756 usque
2564 2689 2899 2747 descendere
2928 2693 3175 2763 dignatus
3220 2698 3311 2765 sit,
3367 2681 3567 2774 illaque

1953 2771 2087 2840 pati,
2117 2782 2176 2828 ut
2204 2790 2303 2830 nos
2331 2777 2383 2831 in
2428 2780 2587 2833 omni
2606 2782 2817 2837 virtutis
2845 2798 3045 2854 genere
3087 2787 3410 2846 institueret.
3438 2771 3567 2850 lliec

1951 2860 2130 2932 itaque
2145 2880 2359 2936 semper
2388 2869 2629 2940 legamus
2661 2889 2676 2926 :
2710 2890 2832 2929 nam
2862 2878 3085 2934 multum
3138 2881 3265 2937 hinc
3310 2885 3561 2953 lucrum,

1952 2956 2181 3012 maxima
2210 2960 2433 3015 utilitas.
2465 2962 2600 3018 Cum
2628 2966 2773 3021 enim
2798 2968 2993 3025 videris
3018 2972 3169 3028 illum
3207 2983 3263 3029 et
3295 2978 3458 3033 rebus
3505 2990 3564 3035 ct

1947 3051 2126 3107 verbis
2154 3054 2453 3124 adoratum,
2483 3059 2694 3117 irrisum
2733 3074 2789 3120 et
2822 3066 3059 3137 illusum,
3110 3081 3306 3129 tortum
3349 3086 3405 3131 et
3451 3093 3555 3133 ex-

1950 3149 2115 3196 trema
2146 3140 2454 3214 patientem,
2485 3152 2695 3208 etiamsi
2742 3156 2878 3225 lapis
2929 3161 3114 3229 fueris,
3163 3180 3287 3221 cera
3340 3169 3555 3225 mollior

1947 3233 2159 3300 evades,
2193 3252 2519 3309 omnemque
2548 3244 2711 3299 animi
2744 3257 3008 3304 tumorem
3040 3253 3247 3321 ejicies.
3280 3259 3417 3313 Audi
3450 3260 3553 3331 igi-

1948 3334 2036 3379 tur
2076 3340 2137 3380 ea
2186 3345 2305 3398 qua:
2350 3344 2666 3409 sequuntur,
2703 3336 2989 3409 Postquam
3022 3343 3304 3402 illuserunt
3354 3350 3425 3413 ei,
3458 3352 3549 3407 51.

1948 3412 2216 3471 Duxerunt
2238 3435 2350 3472 eum
2380 3421 2434 3474 in
2483 3416 2706 3489 crucem,
2741 3436 2795 3481 et
2819 3428 3074 3487 denudati
3120 3447 3297 3492 vestes
3322 3455 3550 3512 accepe-

1945 3516 2092 3599 runt,
2122 3510 2479 3583 sedentesque
2507 3515 2866 3574 observabant
2893 3524 3109 3593 quando
3129 3510 3469 3599 exspiraret.—
3488 3534 3555 3590 Et

1944 3597 2242 3657 diviserunt
2265 3606 2581 3662 vestimenta
2608 3608 2745 3678 ejus,
2766 3613 2910 3682 quod
2930 3616 3077 3672 circa
3102 3597 3388 3679 damnatos
3412 3626 3554 3683 viles

1944 3701 2000 3747 et
2025 3692 2263 3761 abiectos
2293 3704 2347 3751 et
2378 3697 2448 3752 ab
2474 3700 2725 3757 omnibus
2774 3704 3022 3764 desertos
3052 3710 3168 3767 fieri
3202 3715 3365 3770 solet.
3411 3719 3547 3774 Par-

1946 3782 2151 3839 tiuntur
2176 3788 2512 3852 vestimenta,
2530 3793 2725 3863 quibus
2752 3804 2830 3852 tot
2858 3797 3000 3855 edita
3024 3801 3239 3861 fuerant
3264 3809 3544 3868 miracula.

1944 3873 2050 3929 Sed
2081 3874 2215 3930 nihil
2248 3887 2373 3933 tunc
2400 3882 2789 3951 operahantur,
2822 3889 3041 3948 Christo
3066 3896 3171 3949 vim
3226 3899 3436 3957 illorum
3462 3905 3548 3958 in-

1943 3966 2205 4023 effabilem
2264 3970 2571 4028 cohibente.
2616 3975 2731 4032 Hoc
2761 3996 2891 4035 vero
2915 3998 3023 4037 non
3054 3987 3323 4045 modicum
3355 3992 3552 4051 furoris

1942 4058 2361 4118 additamentum
2406 4076 2542 4121 erat.
2572 4068 2704 4124 Nam
2734 4075 2885 4142 quasi
2918 4091 3041 4147 erga
3075 4079 3354 4150 infamem,
3391 4087 3544 4157 abie-

1940 4165 2084 4208 ctum
2110 4167 2162 4211 ct
2186 4162 2425 4213 onmium
2454 4163 2792 4232 vilissimum,
2824 4178 2881 4222 ut
2919 4169 3050 4235 dixi,
3083 4173 3162 4227 sic
3200 4178 3378 4231 omnia
3414 4196 3545 4251 age-

1941 4244 2069 4300 bant
2098 4265 2112 4302 :
2145 4248 2442 4306 latronibus
2471 4253 2598 4308 nihil
2625 4256 2730 4311 tale
2756 4256 3032 4326 fecissent,
3065 4265 3163 4319 sed
3184 4266 3237 4323 in
3263 4244 3539 4327 Christum

1944 4335 2058 4393 haec
2101 4341 2279 4395 omnia
2326 4342 3011 4422 audebantzmediumque
3053 4354 3204 4410 illum
3254 4362 3540 4419 crucilise-

1940 4439 2086 4497 runt,
2121 4441 2177 4485 ut
2206 4432 2420 4488 illorum
2449 4436 2681 4494 infamiae
2706 4456 2930 4497 consors
2952 4458 3116 4501 esset.
3159 4450 3251 4505 34.
3282 4449 3351 4504 Et
3378 4454 3536 4511 deds-

1940 4534 2060 4577 runt
2113 4526 2158 4578 ei
2187 4539 2384 4582 acetum
2404 4529 2601 4595 bibere,
2637 4532 2738 4589 hoc
2773 4535 2902 4591 item
2947 4545 3339 4600 contumeliose
3370 4564 3384 4601 :
3415 4547 3532 4617 ipse

1940 4628 2118 4671 autem
2148 4619 2363 4675 nolebat
2411 4622 2615 4677 bibere.
2640 4627 2789 4681 Alius
2820 4630 2897 4683 sic
2927 4642 3108 4687 narrat
3138 4650 3153 4688 :
3188 4634 3315 4690 Cum
3342 4651 3545 4709 gustas-

1940 4717 2032 4772 set,
2058 4708 2205 4773 dixit,
2229 4707 2646 4768 Consunnuatum
2677 4728 2748 4771 cst
2777 4716 2795 4789 (
2812 4718 2969 4775 Joan.
3000 4723 3088 4778 l9.
3132 4724 3205 4781 50
3222 4726 3263 4796 ).
3293 4707 3430 4794 Quid
3464 4744 3546 4788 est

1940 4809 2139 4867 autem,
2167 4800 2582 4860 Consummatunt
2620 4811 2775 4863 est“!
2827 4811 3118 4885 Propltetia
3163 4818 3278 4875 lucc
3324 4822 3543 4893 impleta

1939 4902 2023 4947 est
2055 4910 2068 4946 :
2100 4891 2359 4949 Dederunt
2383 4898 2435 4950 in
2465 4915 2629 4954 escam
2657 4919 2821 4957 meam
2847 4908 2936 4975 fel,
2960 4918 3007 4961 et
3048 4910 3102 4963 in
3126 4912 3213 4966 siti
3254 4931 3365 4983 mea
3396 4891 3545 4987 pota-

1938 4994 2123 5080 verunt
2142 5002 2220 5039 me
2244 4996 2381 5041 aceto
2421 4986 2605 5060 (Psal.
2634 4995 2723 5049 68.
2766 4994 2898 5068 22
2929 4996 3111 5071 Neque
3141 5012 3319 5061 tamen
3352 4986 3440 5063 ille
3468 5010 3546 5080 ip-
3589 5034 3596 5040 ·

1940 5092 2057 5132 sum
2114 5079 2311 5135 bibisse
2340 5083 2618 5139 ostendit:
2653 5086 2783 5141 nihil
2838 5092 2980 5146 enim
3032 5095 3285 5153 differunt
3329 5079 3548 5170 guStare

1940 5170 2111 5225 solum
2143 5180 2198 5226 et
2224 5188 2328 5228 non
2361 5174 2567 5241 bibere,
2600 5178 2696 5233 sed
2747 5190 3035 5253 utrumque
3064 5186 3296 5257 idipsum
3343 5194 3545 5263 signiﬁ-

1937 5274 2043 5319 cat.
2074 5264 2254 5336 Neque
2282 5278 2459 5322 tamen
2508 5269 2594 5325 hic
2647 5271 2859 5327 furendi
2896 5275 3054 5331 linem
3108 5277 3383 5350 fecerunt;
3418 5304 3541 5343 nam

1943 5366 2219 5426 postquam
2247 5362 2603 5427 nudaverant,
2637 5366 3037 5433 crucilixerant,
3079 5382 3289 5428 acetum
3332 5377 3537 5432 obtule-

1940 5459 2080 5514 rant,
2114 5450 2250 5505 ultra
2281 5455 2733 5522 progrediuntur;
2766 5466 2819 5511 et
2852 5462 2997 5515 cruci
3027 5462 3249 5521 affisum
3278 5467 3541 5533 videntes,

1939 5543 2265 5609 exprobrant
2296 5554 2348 5599 et
2380 5544 2474 5611 illi,
2504 5556 2558 5601 et
2600 5548 2633 5601 ii
2661 5550 2748 5618 qui
2783 5556 3394 5625 praetergrediebsntur:
3424 5579 3541 5631 qua:

1941 5634 2179 5688 omnium
2208 5636 2521 5705 gravissima
2559 5649 2714 5695 erant
2765 5644 2927 5711 mala,
2980 5648 3195 5716 quando
3246 5651 3545 5711 seductoris

2005 5793 2021 5825 ι
2056 5798 2186 5862 uase,
2213 5793 2336 5862 Quid
2358 5800 2430 5846 est
2451 5804 2629 5862 autent,
2665 5816 2688 5845 ι
2709 5808 3097 5854 communiumin
3120 5812 3233 5857 ests
3261 5806 3313 5857 in
3336 5809 3545 5862 Savll.et

1939 5854 2106 5967 £3531;
2110 5857 2309 5968 “qua?
2331 5865 2447 5909 sunt
2468 5873 2562 5924 per
2598 5854 3058 5930 homoeoteleuton;
3102 5854 3191 5919 sed
3226 5854 3547 5926 habetutn'ui
