4156 6546
591 445 685 500 ἹἸΙ

600 557 812 613 nomine
858 556 955 609 hoc
1000 550 1310 622 patiebatur,
1340 555 1396 599 ut
1425 555 1677 611 arrogans
1716 549 1767 591 et
1795 532 2172 604 iactabundus.

602 650 725 704 ideo
766 647 909 714 illum
963 650 1017 696 et
1056 640 1265 709 publice
1318 635 1712 693 crucilixcrnnt,
1762 640 1819 682 ιιι
1876 625 2173 681 videntibus

603 739 851 793 omnibus
892 734 1251 802 vituperareut
1276 744 1289 781 ε
1322 726 1444 781 ideo
1474 726 1630 777 etiam
1659 720 1883 775 militum
1910 715 2171 775 manibus,

608 837 662 883 at
684 842 802 882 cum
840 824 957 880 bare
986 837 1079 893 per
1110 820 1375 891 publicum
1410 814 1666 886 judicium
1706 811 1915 871 tierent,
1944 805 2177 861 furorem

609 919 859 987 majorem
900 915 1231 971 exhiberem.

676 1021 731 1075 Ξ.
774 1021 845 1075 At
868 1033 997 1072 vero
1021 1030 1177 1086 quem
1204 1028 1305 1065 non
1336 1010 1572 1064 ﬂexisset
1602 1002 1751 1058 turba
1780 1012 2010 1069 sequens
2028 1004 2084 1052 et
2107 996 2182 1049 la-

611 1109 899 1183 crymaus?
945 1108 1060 1163 Non
1089 1117 1262 1158 tamen
1301 1104 1461 1155 hasce
1489 1098 1707 1153 belluas.
1737 1093 2071 1183 Quapropter
2096 1087 2187 1141 ille

615 1181 712 1255 hos
740 1199 1087 1269 responsione
1116 1194 1381 1264 dignatur,
1415 1188 1534 1242 illos
1557 1199 1729 1240 secus.
1758 1181 1887 1235 Nam
1911 1188 2186 1247 postquam

611 1293 789 1346 munia
823 1306 916 1360 pro
939 1288 1102 1343 lubito
1133 1286 1386 1346 fecerant,
1418 1279 1609 1334 famam
1635 1274 1750 1343 ejus
1772 1270 1963 1326 ledere
1988 1282 2189 1323 conan-

592 1395 720 1445 -ιιιιτ,
751 1356 867 1449 ejus
915 1376 1354 1434 resurrectionem
1396 1370 1663 1423 timentes.
1691 1363 1813 1417 Ideo
1838 1360 1952 1414 haec
1982 1356 2191 1427 publice

619 1448 835 1542 jactaiit,
869 1472 1102 1523 latrones
1124 1482 1243 1520 cum
1290 1463 1383 1516 illo
1407 1457 1740 1526 cruciiigtmt,
1788 1461 1842 1507 et
1867 1459 1923 1505 ut
1948 1448 2193 1504 seductu-

622 1540 734 1621 t-cm
748 1562 1108 1621 ostenderent,
1127 1556 1370 1612 dicebant
1392 1552 1505 1607 ξω.
1528 1550 1627 1618 Qui
1642 1547 1791 1602 solvis
1803 1544 2063 1613 templum,
2082 1540 2195 1594 etin

618 1653 778 1706 tribus
795 1654 966 1705 diebus
987 1650 1229 1712 wdiﬁcas,
1248 1643 1489 1699 descende
1507 1642 1571 1695 de
1582 1655 1747 1694 cruce.
1767 1636 1895 1691 Nam
1912 1632 2033 1704 quia
2054 1630 2193 1687 Pila-

623 1754 733 1796 tum
755 1750 999 1811 rogautes
1023 1750 1076 1791 ιιι
1101 1739 1404 1804 inscriptam
1426 1747 1637 1787 causam
1667 1730 1900 1793 tolleret,
1920 1739 2039 1795 qute
2058 1730 2193 1781 erat.

626 1834 733 1886 lica:
759 1830 1080 1895 Juda'orum,
1114 1828 1245 1882 nihil
1274 1828 1640 1896 impetrarunt,
1669 1822 1763 1876 sed
1788 1818 1980 1873 institit
2006 1815 2092 1871 ille
2120 1813 2199 1869 di-

618 1937 748 1975 t-uns
772 1938 785 1974 :
812 1919 957 1985 Quod
977 1919 1176 1988 scripsi,
1208 1915 1386 1985 scripsi
1426 1930 1443 1968 :
1472 1914 1546 1968 illi
1576 1912 1789 1966 demum
1819 1908 2064 1969 irrisione
2106 1918 2201 1959 sua

621 2011 845 2080 probare
884 2010 1175 2072 tentabant,
1216 2008 1386 2076 ipsum
1431 2020 1535 2058 non
1582 2015 1701 2057 esse
1735 2013 1933 2069 regem.
1979 1995 2102 2051 Ideo
2149 2000 2204 2048 et

624 2104 736 2155 lucc
761 2109 816 2155 et
864 2099 949 2154 illa
977 2093 1222 2152 dicebant
1250 2114 1263 2148 :
1292 2094 1379 2150 42.
1415 2094 1476 2148 Si
1502 2108 1593 2146 rea:
1619 2089 1783 2145 Israel
1816 2098 1909 2152 est,
1936 2085 2203 2140 descendat

623 2208 757 2245 nunc
787 2192 848 2244 de
872 2206 1016 2243 cruce
1043 2207 1060 2243 :
1096 2197 1150 2241 et
1175 2200 1406 2250 rursum,
1438 2184 1581 2237 Alios
1609 2182 1773 2235 salvos
1818 2180 1954 2250 fecit,
1983 2176 2204 2246 seipsum

624 2299 721 2335 non
748 2290 902 2349 potest
930 2281 1119 2334 salvum
1143 2280 1305 2347 [licere
1329 2292 1347 2331 :
1386 2286 1439 2329 et
1463 2273 1731 2344 prioribus
1772 2269 1936 2341 signis
1966 2268 2087 2323 hinc
2106 2267 2203 2324 de-

632 2373 848 2424 trahere
862 2373 1205 2423 conabantur
1224 2386 1238 2431 ;
1258 2376 1309 2419 ct
1328 2380 1540 2427 rursus,
1556 2361 1616 2417 Si
1635 2359 1808 2414 Filius
1828 2359 1919 2413 Dei
1937 2368 2012 2414 est
2028 2369 2076 2413 et
2095 2357 2203 2412 vult

629 2478 770 2524 eum,
792 2462 994 2515 salvum
1010 2460 1301 2528 [aciatenm
1328 2457 1365 2508 ί.
1388 2453 1431 2508 Ο
1454 2453 1667 2509 scelesti
1684 2463 1737 2505 et
1754 2449 2077 2506 exsecraudi
2094 2451 2108 2504 !
2124 2451 2204 2502 An

636 2552 907 2621 propheta:
934 2566 1039 2605 non
1061 2556 1213 2603 erant
1230 2546 1528 2617 propheta)?
1545 2560 1612 2598 an
1632 2542 2206 2612 justi,uonjusti,quia

638 2646 775 2698 Deus
800 2645 924 2697 illos
964 2658 1025 2695 ex
1051 2640 1309 2710 periculis
1331 2654 1438 2692 non
1459 2638 1704 2706 eripuit?
1740 2635 2076 2701 Atquierant
2107 2632 2211 2687 etsi

640 2736 782 2804 passi
802 2734 927 2787 sint.
943 2732 1081 2798 Quid
1107 2732 1332 2785 insania:
1354 2738 1544 2781 vestrae
1562 2742 1659 2796 par
1676 2725 2012 2779 fuerit?i\'am
2033 2725 2076 2778 si
2102 2724 2217 2777 illo-

641 2826 1008 2896 rumgioriam
1049 2838 1157 2877 non
1183 2817 1738 2875 labclactaruntillata
1779 2813 2134 2884 illispericuia
2162 2820 2217 2866 et

644 2918 904 2981 ntala,sed
919 2918 1196 2987 propheta:
1212 2909 1610 2974 crant,etiamsi
1630 2908 1719 2963 illa
1735 2902 2218 2977 paterenturmml—

644 3022 699 3064 to
714 3008 885 3079 magis
899 3022 1002 3061 non
1013 3004 1293 3061 debebatis
1309 3003 1375 3057 de
1393 3002 1497 3056 hoc
1513 2998 1873 3056 scandalizari
1889 2996 1981 3068 qui
1995 3004 2050 3051 et
2062 2994 2221 3050 factis

637 3105 689 3147 ut
713 3095 884 3150 verbis
910 3094 1020 3148 suis
1066 3092 1249 3147 falsam
1284 3090 1420 3145 hanc
1446 3088 1640 3158 repulit
1688 3086 2018 3156 opinionem.
2055 3085 2209 3139 Atta-

643 3205 764 3243 men
798 3187 911 3241 hzec
931 3186 1171 3241 dicentes
1195 3194 1249 3240 et
1270 3194 1487 3253 agentes
1517 3180 1647 3234 nihil
1682 3180 1764 3233 vel
1812 3180 1864 3232 in
1910 3179 2026 3245 ipso
2073 3185 2211 3230 tetu-

640 3296 765 3348 pure
792 3280 961 3333 facere
983 3284 1282 3347 potuerunt.
1314 3274 1471 3329 Certe
1497 3272 1586 3340 qui
1618 3270 1764 3325 omni
1789 3270 2062 3339 iniquitate
2084 3282 2208 3322 cor-

641 3382 824 3438 ruptus
850 3378 984 3433 erat,
1015 3367 1106 3438 qui
1154 3366 1316 3419 vitam
1364 3363 1415 3417 in
1466 3362 1704 3418 caedibus
1750 3368 1806 3416 et
1848 3358 2215 3431 sepulcrorum

640 3458 1014 3516 cﬂbssionibus
1050 3459 1288 3528 degerat,
1334 3470 1452 3511 cum
1492 3453 1609 3509 haec
1664 3451 2008 3513 dicerentur,
2045 3450 2217 3517 ipsum

644 3549 916 3604 cuiifessns
941 3558 1039 3611 est,
1093 3557 1146 3600 et
1201 3561 1420 3617 regnum
1477 3542 1935 3605 commemoravit,
1966 3540 2219 3611 plebsque

642 3643 787 3694 illum
817 3639 1049 3710 lugebat.
1079 3636 1408 3706 Quamquam
1452 3634 1765 3689 videbantur
1788 3648 1875 3689 res
1899 3629 2061 3701 geSta:
2088 3645 2217 3684 con-

642 3732 799 3785 traria
825 3729 1120 3800 signiﬁcare
1142 3728 1203 3783 iis
1231 3728 1321 3798 qui
1342 3726 1579 3798 mysterii
1607 3725 2094 3781 (economiam'non
2125 3736 2220 3776 no-

645 3832 845 3890 verant,
872 3821 1013 3894 quod
1038 3836 1228 3892 nempe
1255 3819 1498 3877 inﬁrmus
1536 3828 1697 3883 esset,
1732 3818 1967 3887 nihilque
1993 3825 2173 3886 posset
2200 3830 2213 3867 τ

644 3925 875 3969 attamen
904 3916 1098 3968 veritas
1148 3927 1243 3983 per
1266 3912 1529 3967 contraria
1563 3910 1723 3964 etiam
1773 3908 2065 3979 pra-valuit.
2097 3908 2220 3962 llaec

646 4007 801 4073 igitur
839 4005 1133 4067 audientes,
1167 4017 1433 4058 armemus
1461 4017 1559 4055 nos
1591 4010 1774 4057 contra
1806 4001 1937 4054 iram
1982 4008 2034 4054 ct
2078 3999 2224 4053 furo-

646 4114 779 4153 rem.
809 4098 861 4151 Si
910 4107 1113 4149 tumere
1140 4095 1219 4150 vel
1248 4093 1562 4147 inﬂammari
1591 4106 1685 4146 cor
1720 4099 1866 4145 tuum
1896 4088 2112 4153 videris,
2145 4088 2220 4142 si-

646 4188 867 4259 gnaculo
886 4186 1057 4241 crucis
1082 4194 1266 4255 pectus
1296 4194 1440 4237 tuum
1472 4183 1677 4235 munito
1713 4199 1725 4233 :
1758 4181 2011 4235 memoria
2039 4189 2223 4247 repete

639 4280 735 4335 illa
764 4295 881 4348 quin
910 4289 1030 4330 tunc
1078 4278 1431 4345 contigerunt,
1478 4284 1530 4327 et
1577 4274 1763 4326 horum
1810 4272 2065 4327 memoria
2092 4272 2220 4325 iram

648 4384 857 4423 omnem
881 4378 935 4420 ut
958 4367 1227 4436 pulverem
1260 4366 1517 4419 excuties.
1547 4362 1731 4432 Cogita
1756 4364 1921 4417 verba
1943 4371 1998 4418 et
2024 4372 2172 4433 gesta
2206 4380 2219 4417 :

646 4459 817 4527 cogita
862 4458 1004 4510 illum
1060 4469 1178 4509 esse
1218 4454 1535 4516 Dominum,
1594 4464 1749 4523 teque
1787 4468 1997 4507 servum
2031 4472 2045 4507 :
2078 4454 2221 4507 illum

647 4555 863 4617 propter
891 4558 941 4600 te
963 4560 1176 4616 passum
1218 4558 1356 4606 esse,
1407 4554 1459 4599 te
1486 4552 1704 4612 propter
1733 4552 1784 4597 te
1838 4542 2045 4611 ipsum;
2076 4543 2221 4596 illum

652 4657 744 4709 pro
776 4641 838 4693 iis
876 4639 965 4708 qui
1009 4636 1276 4692 beneﬁciis
1305 4636 1479 4690 ail'ecti
1521 4637 1690 4703 ipsum
1720 4634 2132 4704 crucifigebant,
2172 4644 2223 4688 te

652 4748 745 4799 pro
769 4740 818 4785 te
845 4730 986 4799 ipso;
1008 4728 1155 4780 illum
1178 4742 1273 4795 pro
1289 4726 1352 4779 iis
1372 4727 1457 4794 qui
1485 4741 1542 4779 se
1558 4726 1894 4779 contumeliis
1915 4725 2220 4791 aliecerant,

652 4834 701 4875 te
729 4834 872 4887 smpe
903 4833 998 4887 pro
1034 4817 1097 4870 iis
1120 4830 1252 4886 quos
1303 4815 1515 4881 laesisti;
1555 4816 1697 4868 illum
1727 4814 1940 4870 vidente
1976 4816 2221 4882 civitate,

653 4916 760 4966 imo
787 4911 980 4981 populo
1008 4918 1119 4963 toto
1138 4907 1437 4962 intimorum
1460 4949 1473 4971 ,
1506 4908 1924 4979 peregrinorum.
1952 4908 2225 4977 indigena-

654 5017 790 5067 rum,
819 5001 1011 5070 quibus
1032 4998 1352 5068 benignitate
1382 4998 1531 5067 plena
1556 4996 1713 5051 verba
1738 5000 1971 5069 protulit,
2010 5010 2061 5054 te
2099 5014 2223 5069 pau-

653 5098 730 5151 cis
780 5093 1128 5165 praesentibus
1165 5109 1177 5145 :
1224 5100 1279 5147 et
1318 5090 1457 5162 quod
1506 5092 1720 5159 majoris
1745 5106 1862 5147 esse
1892 5095 2225 5151 contumelia:

657 5188 882 5247 videtur,
933 5183 1073 5255 quod
1118 5182 1403 5237 derelictus
1435 5183 1503 5235 sit
1544 5198 1573 5235 a
1620 5182 1910 5252 discipulis.
1950 5182 2082 5239 Nam
2136 5187 2224 5256 qui

657 5288 811 5332 antea
839 5276 1006 5343 ipsum
1031 5274 1292 5337 colebant,
1320 5276 1652 5327 resdierunt:
1685 5274 1880 5329 inimici
1904 5290 2033 5331 vero
2054 5286 2106 5331 et
2136 5279 2228 5333 ad-

660 5367 877 5422 versarii
910 5364 961 5418 in
994 5365 1167 5420 medio
1197 5366 1449 5436 positum,
1490 5364 1765 5431 conviciis,
1801 5366 1934 5430 risu,
1968 5368 2227 5423 illusioni-

662 5465 757 5514 bus
798 5458 1216 5514 debonesturnnt
1239 5498 1254 5518 ,
1283 5457 1450 5512 Jttdari
1473 5499 1488 5524 ,
1516 5457 1732 5523 milites,
1766 5457 1889 5513 hinc
1918 5469 1973 5515 et
1999 5460 2119 5515 inde
2147 5462 2227 5514 la—

662 5561 839 5603 trones
870 5568 881 5602 :
914 5547 1071 5602 ambo
1098 5550 1290 5617 quippe
1325 5548 1557 5603 latrones
1586 5548 1757 5618 ipsum
1787 5549 1995 5619 probris
2019 5559 2072 5605 et
2094 5564 2228 5605 con-

666 5644 893 5699 tumeiiis
915 5642 1233 5697 aﬂicicbant.
1267 5640 1541 5709 Quomodo
1565 5656 1693 5713 ergo
1712 5642 1882 5698 Lucas
1897 5642 2039 5709 dicit,
2066 5658 2227 5699 unum

739 5828 760 5862 ί
789 5828 885 5879 Alii
903 5831 1107 5893 habent,
1134 5833 1179 5885 si
1215 5830 1370 5885 Filius
1413 5834 1495 5887 Dei
1514 5850 1585 5899 es,
1615 5837 1754 5889 mira
1784 5836 2097 5903 tamtipsttnt.

1318 431 1373 486 S.
1413 421 1685 484 JOANNiS
1721 414 2186 477 CHRYSOSTOMI
2228 411 2540 467 ARCIIIEP.
2579 410 3109 467 CONSTANTINOP.

3757 389 3870 449 ΤΒ

2278 546 2358 588 ex
2413 532 2706 587 latronibus
2757 531 2984 586 alterum
3036 531 3338 600 increpasse
3380 524 3541 601 (Luc.
3590 525 3681 580 9.2.
3726 524 3859 593 ω).

2294 625 2585 696 Utrumque
2605 624 2801 679 tinctum
2824 634 2907 679 est
2932 642 2945 677 :
2968 624 3198 694 primum
3224 623 3365 677 enim
3389 620 3549 675 ambo
3576 616 3862 688 exprobra-

2294 717 2451 780 bant,
2494 726 2676 786 postea
2715 731 2823 770 non
2872 716 3022 770 item.
3053 713 3131 769 Ne
3169 721 3325 783 putes
3371 713 3511 766 enim
3551 725 3618 765 ex
3638 707 3878 778 quodam

2293 821 2449 881 pacto
2474 825 2586 865 rem
2614 817 2814 878 gestam
2852 806 3036 869 fuisse,
3063 816 3155 860 aut
3183 804 3443 859 latronem
3474 816 3580 857 non
3612 800 3779 855 [uisae
3802 800 3880 855 ias

2296 911 2524 962 trouem,
2556 913 2585 953 a
2612 898 2930 953 contumelia
2962 895 3091 951 illud
3118 895 3208 950 tibi
3239 894 3475 949 declarat
3501 909 3515 945 :
3561 904 3798 961 superne
3823 890 3878 941 in

2294 1005 2453 1046 cruce
2478 992 2614 1045 latro
2637 999 2753 1045 erat
2779 997 2833 1045 et
2862 988 3136 1053 inimicus;
3159 986 3251 1043 sed
3272 992 3495 1054 repente
3515 991 3753 1037 mutatus
3771 990 3877 1035 est.

2301 1083 2423 1137 limc
2450 1084 2608 1153 igitur
2625 1083 2799 1139 omnia
2827 1091 3001 1137 tecum
3031 1090 3281 1151 reputans
3314 1078 3713 1150 philosophum.
3739 1074 3878 1144 Quid

2296 1178 2437 1230 enim
2457 1187 2661 1231 tantum
2684 1178 2897 1245 pateris,
2926 1184 3181 1244 quantum
3212 1173 3468 1227 Dominus
3496 1169 3657 1225 tuus?
3684 1184 3754 1224 an
3782 1183 3880 1238 pu-

2299 1268 2438 1322 blice
2465 1267 2792 1337 vituperatus
2818 1269 2918 1323 es?
2943 1265 3047 1322 Sed
3079 1280 3182 1320 non
3222 1280 3343 1319 cum
3387 1264 3546 1317 tantis
3590 1272 3873 1317 conluuie-

2268 1393 2281 1400 ς
2305 1358 2405 1413 liis.
2433 1358 2753 1413 Verberibus
2780 1372 2954 1412 mosus
2976 1357 3070 1411 es?
3092 1355 3196 1412 Sed
3228 1372 3331 1410 non
3356 1364 3467 1408 toto
3495 1367 3725 1422 corpore
3743 1392 3757 1412 ,
3782 1367 3880 1405 ne-

2300 1465 2404 1518 que
2422 1450 2491 1503 ita
2510 1448 2737 1503 nudatus
2758 1457 2814 1504 et
2836 1447 3150 1519 ﬂagellatus.
3175 1446 3231 1503 Si
3253 1457 3430 1501 autem
3450 1443 3692 1514 colaphis
3709 1456 3884 1497 casus

2302 1556 2379 1603 es,
2413 1550 2467 1595 at
2497 1557 2599 1594 non
2628 1542 2722 1597 illo
2757 1541 2932 1595 modo.

2374 1634 2427 1686 3.
2458 1631 2553 1686 His
2591 1631 2729 1688 adde
2770 1648 2799 1687 a
2843 1631 3070 1702 quibus,
3118 1644 3323 1700 quare,
3363 1627 3621 1699 quando:
3659 1635 3717 1680 et
3740 1625 3880 1696 quod

2302 1723 2669 1790 gravissimum
2701 1730 2801 1786 est,
2831 1722 2956 1776 dum
2985 1721 3096 1776 inec
3141 1721 3351 1786 tierent,
3386 1734 3545 1775 nemo
3575 1718 3883 1787 petulantes

2304 1812 2558 1881 arguebat
2581 1812 2668 1867 vel
2695 1812 3036 1882 increpabat;
3067 1822 3248 1866 contra
3276 1826 3437 1874 vero,
3467 1809 3786 1874 laudabant,
3811 1809 3884 1862 si-

2305 1905 2418 1958 mul
2464 1903 2745 1967 ridebant,
2773 1903 2932 1957 simul
2976 1902 3270 1957 illudebant
3295 1910 3351 1957 et
3376 1909 3433 1955 ttt
3458 1908 3797 1969 arrogantem
3822 1913 3887 1951 ac

2306 1996 2675 2060 seductorem,
2698 1995 2787 2065 qui
2820 2012 2923 2050 non
2954 2004 3132 2065 posset
3158 1995 3299 2051 dicta
3329 2006 3426 2049 sua
3455 1992 3708 2063 operibus
3734 2007 3884 2048 com-

2308 2086 2555 2155 probare,
2584 2087 2661 2141 sic
2686 2086 2945 2141 conviciis
2972 2086 3315 2155 intpetehant.
3341 2083 3434 2139 Ille
3456 2099 3583 2139 vero
3608 2083 3679 2138 ad
3708 2082 3885 2137 omnia

2310 2179 2548 2245 tacebat,
2583 2193 2772 2249 magna
2803 2180 2957 2234 nobis
2986 2179 3219 2233 remedia
3249 2193 3441 2249 parans
3467 2177 3535 2232 ad
3577 2177 3886 2246 patientiam

2309 2271 2684 2324 exercendam.
2715 2269 2817 2325 Sed
2849 2285 2946 2324 nos
2977 2269 3092 2324 lucc
3118 2270 3425 2334 audientes,
3454 2285 3521 2323 ne
3546 2282 3738 2324 servos
3766 2268 3890 2338 qui-

2309 2358 2429 2413 dem
2476 2368 2689 2415 nostros
2718 2358 2857 2415 ferre
2880 2355 3169 2431 possumus
3192 2402 3209 2425 ,
3239 2364 3332 2415 sed
3380 2361 3659 2431 plusquam
3700 2358 3891 2427 onagri

2313 2448 2630 2503 insuliamus
2654 2490 2669 2511 ,
2699 2450 3036 2504 calcitramus
3057 2490 3072 2516 ,
3103 2449 3244 2505 circa
3272 2448 3343 2505 'ea
3374 2466 3493 2520 quas
3521 2465 3619 2504 uos
3647 2458 3893 2520 spectant

2312 2541 2557 2597 crudeles
2583 2550 2637 2597 et
2674 2541 2987 2606 inhumani,
3020 2557 3081 2596 ea
3120 2555 3248 2597 vero
3277 2558 3395 2610 que
3422 2542 3490 2595 ad
3531 2541 3697 2596 Deum
3728 2542 3895 2610 perti-

2314 2642 2441 2686 nent
2468 2649 2571 2687 non
2602 2635 2728 2687 tanti
2753 2635 3023 2689 facientes.
3052 2633 3201 2688 Circa
3232 2634 3432 2687 amicos
3460 2634 3621 2688 etiam
3646 2632 3895 2687 similiter

2314 2724 2486 2778 atl‘ecti
2516 2739 2699 2781 sumus
2724 2743 2737 2779 :
2771 2726 2814 2779 si
2848 2727 2967 2794 quis
2997 2741 3097 2782 nos
3126 2725 3359 2781 offendat
3378 2768 3394 2791 ,
3425 2742 3528 2781 non
3562 2725 3783 2781 ferimus
3806 2743 3820 2789 ;
3847 2725 3895 2780 si

2313 2812 2634 2870 contumelia
2662 2816 2889 2878 alliciat,
2924 2818 3043 2885 plus
3070 2833 3231 2889 quam
3259 2817 3429 2873 bellua
3459 2818 3666 2888 qumvis
3697 2817 3895 2872 feroci-

2316 2921 2467 2971 mus,
2510 2908 2599 2977 qui
2648 2916 2824 2964 tamen
2873 2909 2987 2965 hmc
3031 2910 3269 2980 quotidie
3308 2910 3548 2981 legimus.
3594 2910 3899 2980 Discipulos

2318 2999 2583 3067 prodidit,
2612 3002 2801 3072 reliqui
2831 3002 2919 3057 illo
2950 3004 3139 3058 relicto
3170 3003 3416 3073 fugerunt
3442 3022 3455 3057 :
3502 3002 3590 3058 alii
3620 3002 3898 3059 beneﬁciis

2317 3092 2491 3147 ali'ecti
2519 3104 2917 3161 eonspuerunt;
2958 3110 3145 3151 servus
3176 3096 3371 3151 summi
3400 3094 3662 3166 pontificis
3686 3097 3897 3164 alapam

2319 3185 2504 3250 dedit;
2534 3187 2735 3241 milites
2756 3188 2997 3257 colaphis
3025 3189 3369 3253 ceciderunt;
3398 3170 3491 3261 qui
3519 3189 3897 3257 prmierihant,

2320 3276 2614 3332 illudebant
2639 3288 2693 3333 et
2716 3280 3151 3335 conviciabantur
3177 3280 3224 3335 ei
3247 3296 3264 3343 ς
3295 3280 3528 3335 latrones
3548 3280 3897 3335 incusabant:

2320 3376 2376 3423 et
2399 3368 2655 3425 adversus
2679 3369 2794 3425 hzec
2819 3386 2886 3427 ne
2912 3372 3128 3427 verbum
3160 3372 3373 3441 quidem
3406 3372 3493 3428 ille
3519 3373 3774 3442 protulit,
3801 3373 3897 3427 sed

2322 3442 2534 3515 silentio
2571 3475 2759 3517 omnes
2803 3463 2960 3528 vicit,
3010 3472 3067 3519 ut
3096 3473 3147 3520 te
3194 3462 3443 3533 operibus
3473 3464 3815 3530 institueret,
3848 3476 3900 3519 ιο

2323 3555 2521 3612 quanto
2549 3547 2879 3601 mansuetius
2906 3547 3043 3603 feres
3061 3590 3076 3614 ,
3108 3557 3254 3602 tanto
3280 3549 3449 3618 magis
3477 3550 3612 3603 male
3641 3548 3899 3605 facientes

2324 3646 2719 3701 superaturum,
2750 3639 3101 3707 omnibusque
3127 3637 3462 3703 admirationi
3492 3638 3749 3693 futurum.
3773 3640 3903 3707 Quis

2324 3725 2466 3777 enim
2493 3740 2595 3778 non
2620 3730 2843 3792 miretur
2856 3743 2976 3783 eum
2995 3730 3083 3798 qui
3104 3729 3451 3784 contumelias
3476 3728 3578 3785 fert
3596 3730 3900 3800 patienter?

2323 3813 2787 3881 Quemadmodum
2812 3818 2954 3873 enim
2982 3819 3025 3874 si
3055 3820 3178 3891 quis
3204 3822 3365 3875 etiam
3388 3821 3531 3890 juste
3557 3822 3787 3890 patiatur
3806 3864 3821 3886 ,
3848 3831 3903 3877 et

2328 3908 2524 3962 malum
2548 3918 2826 3965 mansuete
2853 3910 3008 3978 ferat,
3032 3927 3060 3964 a
3082 3913 3263 3967 multis
3291 3920 3510 3983 putatur
3535 3914 3731 3982 injuste
3758 3914 3864 3984 pati
3888 3932 3903 3967 :

2329 3999 2399 4051 ita
2428 3999 2472 4053 si
2501 3999 2696 4069 injuste
2723 4001 2950 4070 patiatur
2974 4011 3029 4057 et
3056 4000 3276 4057 ferociat
3299 4046 3313 4067 ,
3340 4018 3400 4059 se
3423 4004 3563 4071 juste
3590 4006 3697 4075 pati
3726 4006 3779 4059 in
3816 4021 3909 4061 su-

2328 4088 2617 4155 Spicionem
2649 4090 2846 4157 veniet,
2875 4101 2927 4147 et
2956 4091 3207 4147 ridiculus
3233 4093 3355 4157 erit,
3376 4102 3435 4148 ut
3462 4096 3704 4164 captivus
3729 4097 3800 4152 ab
3829 4098 3907 4152 ira

2332 4184 2651 4244 pertractus,
2679 4181 2768 4249 qui
2794 4181 3121 4236 nobilitatem
3146 4194 3295 4237 suam
3321 4183 3571 4252 perdidit.
3592 4183 3737 4240 Talis
3754 4188 3912 4257 quip-

2331 4283 2395 4335 pe
2417 4268 2579 4323 homo
2604 4285 2701 4326 nec
2728 4272 2863 4328 liber
2882 4273 3096 4343 quidem
3115 4274 3384 4328 vocandus
3403 4284 3506 4339 est,
3531 4276 3739 4331 etiamsi
3762 4278 3912 4334 mille

2331 4359 2499 4412 servis
2543 4359 2867 4416 dominetur.
2921 4366 2988 4417 At
3034 4374 3083 4418 te
3114 4364 3398 4418 admodum
3430 4366 3521 4420 ille
3551 4366 3810 4422 irritavit?
3841 4368 3913 4423 Et

2330 4448 2451 4517 quid
2482 4449 2620 4504 hoc?
2645 4451 2793 4506 Tunc
2814 4453 2954 4508 enim
2984 4454 3370 4524 philosophiam
3395 4457 3652 4514 exhibere
3674 4473 3772 4528 par
3787 4468 3908 4515 est:

2331 4557 2450 4597 cum
2479 4546 2621 4599 enim
2649 4550 2883 4603 concitat
2912 4564 3071 4604 nemo
3094 4593 3108 4615 ,
3144 4551 3284 4620 ipsas
3313 4551 3453 4607 feras
3494 4564 3800 4610 mansuetas
3825 4555 3910 4610 vi-

2330 4632 2519 4689 demus
2541 4651 2560 4688 :
2593 4650 2697 4689 non
2729 4651 2942 4707 semper
2977 4639 3119 4695 enim
3167 4640 3430 4697 ferociunt
3451 4684 3466 4706 ,
3500 4642 3594 4699 sed
3623 4658 3747 4699 cum
3790 4647 3911 4715 quis

2334 4723 2451 4778 illas
2478 4726 2843 4781 concitaverit.
2877 4726 2986 4784 Nos
3024 4745 3237 4800 quoque
3262 4733 3303 4785 si
3338 4742 3462 4788 tunc
3497 4743 3699 4809 tantum
3742 4739 3911 4807 quieti

2330 4830 2548 4880 sumus,
2578 4832 2700 4871 cum
2732 4833 2891 4875 nemo
2920 4835 3017 4874 nos
3042 4826 3313 4887 concitat,
3346 4825 3469 4894 quid
3502 4826 3735 4895 amplius
3766 4842 3906 4897 prae-

2331 4908 2573 4963 Stamus?
2606 4908 2711 4963 illae
2738 4912 2880 4965 enim
2920 4914 3228 4985 stepe-jttste
3257 4915 3596 4985 indignantur
3616 4960 3632 4985 ,
3664 4935 3719 4975 ct
3746 4936 3912 4975 excu-

2332 4999 2434 5052 sari
2470 5009 2724 5069 possunt;
2770 5016 2891 5057 nam
2934 5014 3217 5061 commove
3242 5016 3294 5061 et
3340 4997 3549 5075 punctis-
3592 5009 3909 5075 irritantur;

2332 5100 2589 5159 praeterea
2617 5092 2837 5146 rationis
2864 5104 2990 5147 sunt
3014 5106 3297 5165 expertes,
3329 5106 3383 5152 et
3408 5114 3477 5154 ex
3509 5109 3695 5155 natura
3725 5101 3910 5156 ferito.

2333 5192 2441 5238 tem
2469 5182 2685 5238 habent.
2732 5184 2809 5238 Tu
2841 5201 2967 5240 vero
2992 5180 3326 5253 si'ferocias,
3356 5189 3528 5253 unde,
3560 5207 3745 5261 quaso
3766 5235 3782 5256 ,
3816 5207 3905 5263 po-

2337 5276 2462 5329 teris
2486 5274 2691 5328 veniam
2713 5278 3001 5344 consequi?
3022 5278 3148 5347 quid
3171 5280 3292 5332 mali
3322 5294 3509 5348 passus
3530 5297 3608 5341 es.
3635 5284 3871 5352 rapinam
3890 5286 3914 5338 ἳ

2335 5367 2460 5420 Ideo
2489 5367 2631 5423 ferre
2656 5378 2898 5437 oportet,
2933 5371 3059 5441 quia
3087 5374 3254 5441 magis
3285 5373 3594 5429 lucraberis.
3618 5374 3724 5430 Sed
3756 5377 3807 5430 in
3837 5380 3911 5431 ia-

2335 5475 2421 5512 ma
2450 5460 2607 5514 laesus
2635 5462 2731 5515 es?
2758 5461 2831 5516 Et.
2848 5462 2972 5531 quid
3004 5462 3146 5519 hoc?
3168 5463 3283 5518 Non
3307 5464 3450 5520 enim
3483 5465 3659 5521 minor
3689 5466 3810 5521 ideo
3828 5483 3909 5533 es,

2335 5550 2378 5604 si
2408 5550 2817 5620 philosopheris.
2843 5554 2899 5609 Si
2927 5570 3054 5610 vero
3071 5556 3211 5623 ,nthii
3237 5556 3417 5611 damni
3442 5556 3662 5627 pateris,
3692 5573 3791 5613 cur
3811 5558 3914 5613 ira-

2336 5648 2499 5721 sceris
2520 5644 3033 5718 adversuseumuui
3064 5649 3193 5703 nihil
3223 5649 3316 5703 tibi
3344 5648 3502 5704 infert
3524 5650 3679 5712 mali,
3706 5649 3802 5715 sed
3822 5646 3912 5719 qui

2335 5739 2492 5793 etiam
2539 5738 2757 5809 prodest
2784 5738 2921 5793 tibi?
2960 5740 3060 5807 Qui
3106 5740 3249 5796 enim
3297 5742 3594 5805 honorant,
3640 5740 3913 5798 molliores

2339 5845 2437 5887 nos
2461 5830 2710 5899 reddunt,
2740 5830 2784 5889 si
2818 5848 2923 5887 non
2960 5833 3239 5903 vigilemus
3266 5851 3280 5901 ;
3316 5833 3405 5905 qui
3436 5845 3558 5889 vero
3588 5832 3908 5891 contumelia

3810 6364 3821 6379 1
3858 6368 3871 6377 ε
3938 6370 3947 6385 η

3788 6394 3813 6407 ,,
3950 6396 3951 6399 η

3630 6368 4124 6472 ἐρέω*-
