4156 6520
1367 263 1376 296 f

287 449 389 504 7'73

285 565 531 618 alliciunt
556 571 611 615 et
658 567 1028 618 Contemnunt,
1057 569 1150 609 eos
1171 595 1185 618 ,
1215 555 1301 622 qui
1333 554 1431 606 sibi
1461 551 1758 609 attendunt.
1783 551 1873 601 lir-

288 663 488 711 liuores
524 653 772 707 reddunt.
807 651 939 704 Nam
968 647 1180 702 desides
1203 647 1371 715 magis
1398 644 1668 698 la'duntur
1697 642 1876 696 lauda-

288 753 349 810 ti,
375 763 530 816 quam
562 743 883 798 rontnnu-iia
906 740 1098 794 affecti.
1126 738 1224 804 Qui
1251 737 1466 801 ltcdunt,
1498 737 1540 790 si
1565 735 1870 804 vigilemus,

289 838 443 892 nobis
473 833 821 904 philosophia.-
843 845 1002 884 causa
1031 839 1154 882 sunt
1175 846 1188 892 ;
1212 829 1300 897 qtti
1336 842 1465 880 vero
1488 826 1730 887 laudant,
1759 824 1874 878 ela-

287 936 370 978 tos
398 925 662 989 reddunt,
693 930 1004 989 arrogantes
1022 961 1034 982 ,
1066 933 1214 972 vana:
1240 918 1420 987 gloria:
1445 915 1698 984 copidos,
1732 914 1873 968 desi-

286 1020 383 1070 des
406 1057 419 1079 ,
449 1017 628 1069 animo
672 1012 968 1067 molliores.
1020 1009 1183 1078 Cujus
1227 1009 1304 1063 rei
1333 1015 1500 1062 testes
1532 1015 1658 1060 sunt
1699 1014 1876 1074 patres

289 1112 382 1179 qui
418 1110 553 1163 filios
599 1121 723 1162 suos
753 1121 857 1160 non
891 1115 994 1158 tam
1028 1103 1310 1158 adulantur
1342 1116 1499 1171 quam
1531 1101 1874 1168 vituperant,

291 1201 448 1255 veriti
480 1215 545 1252 ue
574 1197 712 1266 quod
743 1196 866 1251 inde
892 1195 1142 1249 damnum
1167 1193 1465 1262 patiantur;
1489 1192 1724 1259 magistri
1747 1204 1879 1260 quo-

287 1309 393 1361 que
422 1292 524 1344 hoc
556 1299 775 1343 utuntur
819 1288 1076 1343 remedio.
1109 1286 1286 1354 Quare
1312 1286 1355 1338 si
1384 1284 1689 1354 quempiam
1718 1297 1877 1335 aver-

288 1382 397 1435 sari
431 1397 526 1450 par
553 1380 622 1435 sit
646 1421 660 1444 ,
690 1379 1017 1432 adnlatorem
1047 1377 1224 1447 potius
1253 1390 1531 1438 aversare,
1564 1389 1722 1443 quam
1749 1387 1877 1427 con-

291 1471 666 1524 tnmeliosum;
699 1469 953 1534 majorem
982 1468 1177 1536 quippe
1208 1481 1312 1519 non
1340 1465 1562 1519 attentis
1583 1464 1734 1518 ali'ert
1759 1479 1877 1532 per-

296 1564 490 1616 niciem
520 1560 838 1615 adulationis
865 1558 1111 1612 illecebra
1133 1597 1149 1623 ,
1179 1572 1335 1624 quam
1363 1556 1706 1617 contumelia,
1731 1553 1874 1608 dim-

285 1652 552 1720 ciliusque
591 1660 671 1704 est
716 1649 890 1716 hanc,
931 1663 1088 1719 quam
1132 1649 1272 1701 illam
1317 1661 1570 1716 superare
1619 1647 1657 1698 ยน.
1713 1645 1872 1700 Multo

292 1745 467 1810 major
513 1743 632 1796 inde
661 1755 870 1796 merces
890 1783 904 1807 ,
954 1741 1119 1794 multo
1151 1741 1321 1808 major
1366 1741 1481 1793 laus
1508 1747 1562 1794 et
1593 1737 1875 1792 admiratio

294 1834 561 1902 sequitur.
591 1833 719 1886 Nam
749 1832 1043 1886 mirabilius
1065 1842 1147 1885 est
1179 1831 1448 1885 hominem
1480 1829 1660 1884 videre
1688 1838 1877 1883 conlu-

293 1925 469 1978 meliis
497 1924 766 1985 affectum,
794 1938 891 1977 nec
909 1931 1254 1984 commotum,
1278 1937 1434 1988 quam
1460 1921 1726 1974 hominem
1751 1935 1874 1988 per-

289 2031 508 2070 cussum
529 2058 546 2082 ,
579 2031 676 2070 nec
701 2015 1001 2070 cadentem.
1041 2013 1106 2067 Et
1149 2014 1450 2082 quomodo,
1480 2012 1688 2080 inquies
1708 2052 1721 2075 ,
1755 2025 1875 2079 pos-

287 2122 475 2161 sumus
506 2123 609 2161 non
656 2108 1018 2162 commoveri?
1044 2106 1117 2161 Te
1159 2104 1477 2160 contumelia
1507 2104 1624 2173 quis
1651 2103 1861 2157 affecit?

287 2200 485 2254 Pectus
532 2215 691 2254 cruce
722 2201 929 2269 signato
951 2241 965 2263 ,
997 2198 1283 2253 recordare
1327 2197 1563 2251 omnium
1599 2211 1718 2264 qua:
1749 2205 1873 2250 tunc

283 2299 437 2358 gesta
464 2300 587 2344 sunt
611 2331 626 2355 ,
657 2299 713 2344 et
751 2292 929 2343 omnia
959 2290 1388 2358 exstinguuntur.
1420 2286 1496 2341 Ne
1521 2286 1873 2341 contumelias

284 2388 492 2433 tantum
542 2382 742 2448 cogites
768 2421 783 2446 ,
813 2379 906 2435 sed
935 2390 988 2434 et
1016 2380 1058 2434 si
1085 2379 1210 2449 quid
1241 2379 1333 2433 tibi
1379 2377 1502 2432 boni
1529 2393 1558 2431 a
1591 2386 1871 2431 contume-

289 2473 429 2526 lioso
458 2472 548 2526 illo
593 2473 893 2538 advenerit,
945 2474 995 2526 in
1043 2481 1275 2527 mentem
1312 2480 1581 2537 revocato,
1609 2483 1664 2525 et
1693 2471 1870 2525 statim

287 2565 618 2618 mansuetior
648 2563 763 2618 fles.
801 2564 910 2618 lmo
943 2565 1116 2634 potius
1144 2575 1266 2619 ante
1293 2565 1469 2619 omnia
1500 2563 1590 2620 Dei
1625 2564 1870 2619 timorem

283 2653 335 2706 in
367 2665 542 2710 mente
591 2655 821 2720 habeas,
868 2667 922 2710 et
972 2658 1151 2710 statim
1198 2655 1524 2711 moderatior
1565 2654 1872 2726 mquiorque

283 2747 419 2801 eris.

357 2839 410 2892 ฮน.
444 2838 520 2892 Ad
563 2839 677 2894 base
700 2883 714 2904 ,
747 2855 776 2893 a
820 2839 989 2894 servis
1017 2841 1127 2893 tuis
1165 2838 1542 2894 documentum
1587 2838 1866 2908 suscipias.

294 2928 363 2982 Et
393 2945 511 2983 cum
537 2930 735 2986 videris
757 2941 806 2985 te
828 2930 1232 2993 Conviciantem,
1264 2930 1408 2984 illum
1432 2945 1558 2983 vero
1581 2938 1864 2994 tacentem,

282 3023 460 3091 cogita
491 3031 542 3076 te
571 3022 938 3092 philosophari
972 3037 1127 3091 posse
1148 3065 1160 3085 ,
1196 3031 1349 3090 teque
1375 3029 1746 3090 exasperatum
1775 3019 1869 3073 da-

281 3129 427 3167 uma.
454 3118 624 3182 Atque
650 3113 700 3166 in
725 3113 841 3184 ipso
864 3113 1309 3167 contumeliarum
1335 3120 1573 3180 tempore
1593 3109 1737 3164 disce
1762 3126 1866 3163 non

277 3205 656 3259 contumeliam
694 3205 890 3259 inferre
909 3245 923 3269 ,
946 3213 1001 3258 et
1025 3205 1102 3258 sic
1131 3218 1227 3256 nec.
1256 3204 1366 3273 ipse
1394 3201 1727 3256 contumeliis
1747 3201 1868 3256 allec

277 3309 398 3350 ctus
443 3297 667 3352 dolebis.
716 3298 901 3366 Cogita
946 3312 1068 3350 cum
1113 3297 1206 3366 qui
1251 3296 1590 3350 contumeliis
1617 3293 1785 3348 al'.icit
1812 3302 1866 3348 et

281 3390 411 3444 furit
443 3405 546 3443 non
578 3389 658 3443 sui
704 3399 1004 3458 compotem
1052 3403 1170 3443 esse
1192 3430 1206 3454 ,
1236 3397 1288 3441 et
1317 3389 1393 3442 sic
1438 3386 1503 3442 de
1540 3386 1865 3441 contumelia

281 3497 390 3536 non
420 3482 814 3550 indignaberis:
849 3497 967 3535 nam
996 3495 1046 3536 et
1077 3480 1393 3536 daemoniaci
1422 3495 1518 3534 nos
1548 3480 1862 3544 verberant,

281 3589 384 3629 nec
413 3574 571 3628 modo
599 3589 706 3628 non
741 3588 1036 3639 movemur,
1067 3572 1162 3628 sed
1192 3574 1350 3627 etiam
1381 3571 1499 3625 illos
1521 3572 1862 3626 miserantur.

279 3662 394 3716 Hoc
419 3672 473 3716 et
504 3673 557 3716 tu
585 3663 775 3728 facito;
806 3663 1058 3718 miserare
1089 3663 1562 3744 contumeliosum;
1594 3664 1669 3717 ira
1696 3663 1862 3730 enim,

282 3757 429 3822 gravi
467 3755 573 3810 fera
601 3797 616 3818 ,
648 3756 937 3822 detinetur,
972 3756 1216 3812 daemone
1244 3757 1568 3827 pernicioso.
1598 3756 1760 3812 Solve
1788 3757 1868 3825 ip-

281 3862 399 3902 sum
443 3848 530 3915 qui
559 3847 624 3900 2h
678 3846 980 3915 hujusmodi
1030 3848 1273 3903 daemone
1316 3857 1570 3912 vexatur,
1619 3856 1672 3902 ct
1717 3847 1861 3901 brevi

283 3947 524 4005 tempore
549 3939 930 4007 corrumpitur.
963 3939 1106 3993 Talis
1137 3940 1332 4010 quippe
1376 3939 1463 3995 hic
1491 3942 1711 3994 morbus
1739 3951 1820 3994 est
1843 3981 1860 4006 ,

280 4027 372 4097 qui
397 4027 462 4080 ad
491 4029 776 4096 perniciem
799 4030 926 4099 a'gri
955 4044 1058 4084 non
1087 4030 1255 4084 multo
1274 4039 1425 4100 egeat
1453 4040 1710 4100 tempore.
1740 4029 1862 4084 Ideo

280 4116 491 4170 dicebat
530 4120 790 4188 quiSpiam
821 4137 833 4172 :
887 4118 1199 4174 Momentum
1241 4121 1429 4190 furoris
1468 4122 1578 4190 ejus
1606 4138 1753 4175 casus
1791 4130 1863 4176 est

279 4211 382 4278 ipsi
429 4210 630 4281 (Eccli.
681 4214 727 4268 l.
757 4213 862 4283 28)
891 4232 903 4266 :
937 4229 1043 4284 quo
1084 4215 1313 4269 maxime
1343 4215 1676 4286 tyrannidem
1708 4231 1859 4270 suam

275 4302 546 4366 ostendit,
576 4305 714 4372 quod
746 4305 888 4359 brevi
941 4315 1180 4376 tempore
1223 4314 1367 4359 tanta
1398 4302 1651 4376 operetur
1681 4307 1818 4360 mala
1842 4347 1858 4372 ,

279 4409 380 4448 nec
411 4409 554 4447 mora
583 4410 716 4464 opus
747 4396 937 4451 habeat
964 4415 975 4451 ฮต
1006 4407 1059 4451 et
1085 4397 1128 4451 si
1159 4399 1209 4451 in
1235 4398 1285 4450 vi
1317 4391 1411 4452 sua
1460 4409 1857 4467 perseveraret,

278 4484 366 4537 vix
415 4487 729 4555 superabilis
771 4497 932 4543 esset.
964 4488 1165 4543 Vellem
1199 4490 1483 4545 ostendere
1509 4532 1524 4555 ,
1568 4492 1688 4561 quis
1719 4493 1785 4545 sit
1817 4494 1861 4548 is

277 4576 366 4645 qui
389 4577 735 4638 conviciator,
760 4580 877 4647 quis
905 4580 991 4633 ille
1020 4581 1106 4649 qui
1135 4580 1557 4652 philosophatur,
1582 4593 1636 4638 et
1666 4585 1859 4639 nudam

279 4669 554 4738 utriusque
603 4670 831 4725 animam
864 4671 914 4725 in
949 4674 1178 4727 medium
1221 4674 1431 4730 alferre.
1466 4675 1685 4732 Videres
1717 4678 1860 4734 illam

276 4759 507 4814 similem
533 4777 653 4816 esse
683 4763 867 4833 pelago
889 4762 1134 4820 ๏ฌuctibus
1161 4768 1380 4836 agitato,
1413 4769 1548 4824 hanc
1573 4772 1859 4840 tranquillo

276 4854 473 4920 portui.
508 4853 690 4924 Neque
739 4857 880 4911 enim
917 4859 1158 4914 turbatur
1184 4875 1213 4914 a
1247 4862 1488 4931 malignis
1516 4865 1720 4928 ventis,
1767 4864 1858 4918 sed

277 4943 400 4999 illos
431 4944 584 5002 facile
630 4948 799 5002 sedat.
828 4949 958 5003 Nam
987 4951 1071 5020 qui
1105 4953 1455 5007 contumelias
1485 4953 1740 5017 inferunt.
1775 4957 1857 5011 ni-

280 5033 352 5086 hil
385 5051 489 5090 non
515 5047 678 5104 agunt
702 5048 754 5092 ut
784 5040 1096 5105 mordeaut;
1127 5057 1248 5096 cum
1271 5052 1449 5098 autem
1479 5043 1577 5098 hac
1602 5059 1698 5115 spe
1730 5047 1858 5117 lapsi

281 5136 424 5192 sunt,
448 5127 545 5197 ipsi
568 5129 780 5185 demum
809 5131 1079 5197 sedantur,
1105 5144 1157 5188 et
1181 5136 1447 5190 emendati
1472 5137 1687 5193 abeunt.
1721 5139 1858 5196 Fieri

298 5336 307 5347 _
339 5275 356 5307 ฮน
385 5276 639 5351 'Hicllqcus
661 5281 731 5329 sic
772 5281 982 5350 habetur
1004 5285 1130 5345 apud
1147 5287 1412 5343 ,tdontf.....
1455 5304 1600 5351 quam
1623 5300 1860 5345 contrunc-

269 5337 359 5388 lin.
385 5337 804 5414 [adulatio-quasi
826 5357 954 5414 esse
971 5337 1195 5406 quicumยป
1214 5337 1290 5414 est,
1307 5337 1415 5414 qum
1439 5337 1858 5406 rimata-585%;

267 5400 477 5478 rgpmtq
495 5400 828 5478 difficiliusque
844 5413 914 5455 est
1077 5421 1220 5478 quam
1245 5400 1375 5461 illim
1395 5400 1648 5476 superare.
1660 5400 1857 5467 taurinis

271 5463 436 5512 clausa
468 5463 569 5512 nou'
589 5463 901 5526 reperiuntur
931 5470 975 5517 in
1003 5463 1141 5518 textu
1166 5471 1352 5523 ฮนแฝถแฟฯฮนฮนฯ.

1102 440 1163 496 l.\'
1205 437 1607 495 MATTll/Hi.โ
1654 437 1877 493 l|0.\llL.
1922 435 2224 491 LXXXVII.
2265 435 2332 490 al.
2378 435 2710 490 LXXXVIII.

3474 441 3580 500 ฮคฮ

1981 550 2120 599 enim
2147 547 2328 616 nequit
2357 556 2412 600 ut
2441 548 2521 601 vir
2546 547 2714 602 iratus
2744 561 2846 600 non
2880 561 2938 600 se
2967 544 3254 601 admodum
3280 547 3568 619 improbet,

1975 648 2119 700 sicut
2145 645 2259 697 lieri
2305 644 2495 713 nequit
2531 654 2590 696 ut
2617 641 2709 712 qui
2739 657 2845 697 non
2877 639 3136 694 irascitur
3165 640 3402 710 seipsum
3434 655 3570 695 cou-

1971 738 2208 792 demnet.
2233 734 2365 790 Nam
2385 738 2431 791 si
2453 738 2504 789 in
2520 735 2761 805 aliquem
2780 735 3070 804 insurgere
3088 740 3357 802 oporteat.
3378 732 3430 787 id
3447 732 3572 788 sine

1971 828 2050 881 ira
2079 838 2255 896 pote.-t
2276 828 2413 893 lieri,
2443 837 2497 882 et
2518 827 2737 896 quidem
2766 823 2984 878 facilius
3005 823 3436 893 prudentiusque
3459 832 3566 889 est,

1970 937 2135 990 quam
2158 914 2356 974 iratum
2377 920 2428 973 id
2454 920 2665 973 lacere:
2693 918 2940 986 nihilque
2971 917 3244 986 ingratum
3268 917 3568 985 patientur.

1971 1012 2026 1068 Si
2049 1028 2286 1081 namque
2305 1012 2564 1075 velimus,
2585 1010 2728 1081 apud
2750 1026 2850 1066 nos
2877 1011 3025 1079 ipsos
3043 1009 3185 1064 bona
3209 1015 3392 1074 erunt,
3411 1007 3570 1078 etju-

1965 1113 2123 1156 vante
2151 1103 2243 1158 Dei
2268 1105 2436 1172 gratia
2464 1103 2616 1157 nobis
2642 1104 2771 1171 ipsis
2797 1102 2926 1156 satis
2950 1103 3150 1156 erimus
3174 1101 3239 1154 ad
3268 1101 3484 1155 tutelam
3510 1114 3565 1156 ct

1967 1194 2249 1248 honorem.
2283 1193 2393 1246 Cur
2423 1194 2566 1248 enim
2617 1193 2841 1262 gloriam
2891 1191 2960 1244 ab
3005 1194 3173 1246 altero
3217 1192 3454 1262 quaeris?
3486 1193 3564 1247 'lโu

1967 1285 2194 1354 teipsnm
2241 1286 2443 1340 honora
2469 1326 2484 1350 ,
2516 1296 2568 1339 et
2598 1300 2760 1340 nemo
2790 1285 2882 1339 tibi
2937 1284 3132 1352 poterit
3178 1274 3560 1338 contumeliam

1965 1377 2196 1440 inferre;
2229 1377 2271 1430 si
2322 1392 2451 1431 vero
2499 1386 2552 1431 tu
2597 1377 2826 1445 teipsunt
2881 1375 3240 1448 dehonestcs.
3273 1377 3480 1430 etiamsi
3515 1387 3566 1430 te

1965 1481 2156 1524 omnes
2189 1467 2476 1529 honorent.
2504 1482 2607 1521 non
2633 1467 2687 1520 in
2712 1467 2918 1520 honore
2941 1467 3068 1520 eris.
3097 1466 3561 1534 Quemadmodum

1966 1559 2107 1615 enim
2139 1558 2242 1612 nisi
2277 1571 2374 1610 nos
2405 1557 2546 1610 malo
2572 1556 2876 1610 imbuamus
2905 1556 3095 1609 affectu
3121 1598 3137 1622 ,
3173 1573 3330 1611 nemo
3362 1571 3460 1609 nos
3489 1557 3568 1610 sic

1969 1649 2174 1704 imbuet
2198 1665 2209 1699 :
2243 1648 2323 1701 sic
2354 1647 2454 1701 nisi
2478 1661 2575 1700 nos
2600 1647 2921 1701 contumelia
2946 1645 3262 1711 afficiamus,
3290 1662 3446 1702 nemo
3474 1646 3569 1700 de-

1965 1739 2263 1794 decorabit.
2291 1738 2372 1792 Sit
2397 1737 2539 1791 enim
2586 1737 2669 1790 vir
2695 1737 2957 1806 quispiam
2989 1737 3334 1792 admirandus
3361 1749 3415 1793 ct
3447 1753 3566 1790 ma-

1965 1844 2105 1898 gnus
2128 1870 2141 1893 ,
2171 1841 2470 1897 omnesque
2502 1827 2650 1880 illum
2680 1828 2952 1883 iurechum
2984 1837 3176 1882 vocent
3196 1870 3212 1894 ,
3241 1828 3409 1883 furem
3435 1871 3449 1894 ,
3481 1846 3566 1884 se-

1970 1921 2281 1990 pulcrorum
2330 1917 2684 1983 elIosSorem,
2737 1918 3095 1983 homicidam,
3146 1919 3564 1976 latronemzille

1968 2028 2097 2066 vero
2138 2027 2238 2067 nec
2271 2022 2551 2066 moveatur
2573 2054 2587 2077 ,
2622 2025 2722 2065 nec
2753 2010 3099 2082 indignetur,
3132 2012 3330 2066 nullius
3376 2027 3562 2068 eorum

1966 2105 2064 2159 sibi
2092 2107 2342 2160 conscius
2377 2124 2388 2158 :
2420 2119 2580 2173 quam
2610 2104 2700 2158 ille
2729 2103 3110 2159 contumeliam
3145 2105 3413 2173 patietur?
3438 2106 3564 2160 Nul-

1966 2195 2070 2248 lam
2119 2195 2299 2266 plane.
2334 2196 2471 2263 Quid
2518 2210 2682 2266 ergo,
2717 2196 2960 2264 inquies,
2997 2195 3042 2250 si
3075 2195 3227 2250 umlti
3259 2196 3564 2271 hujusmodi

1965 2286 2030 2339 de
2082 2287 2197 2356 ipso
2241 2287 2553 2356 Opinionem
2601 2285 2873 2341 habeant?
2904 2286 3086 2356 Neque
3117 2287 3195 2342 sic
3237 2291 3561 2344 contumelia

1964 2377 2190 2433 allectus
2218 2388 2336 2442 est,
2367 2378 2458 2432 sed
2489 2379 2562 2431 illi
2595 2380 2804 2447 seipsos
2832 2377 3265 2445 dedecorarunt,
3311 2381 3452 2450 quod
3486 2391 3565 2435 ta-

1964 2471 2066 2524 lem
2092 2471 2237 2524 illttm
2264 2471 2398 2526 falso
2418 2471 2866 2526 existimaverint.
2901 2471 2995 2525 Dic
3017 2473 3159 2526 enim
3185 2473 3312 2527 mihi
3337 2514 3352 2537 ,
3376 2475 3418 2527 si
3444 2477 3564 2544 quis

1963 2565 2130 2619 Solem
2159 2565 2447 2620 obscurum
2472 2578 2593 2618 esse
2618 2572 2792 2634 putet,
2819 2578 2886 2617 an
2915 2563 3015 2618 soli
3045 2563 3296 2627 detraxit,
3324 2580 3390 2621 an
3419 2567 3562 2620 sibi?

1965 2656 2077 2710 Sibi
2126 2660 2307 2727 utique
2328 2699 2342 2721 ,
2394 2656 2520 2709 dum
2569 2655 2668 2709 sibi
2701 2665 2793 2709 aut
2833 2655 2962 2710 casei
2989 2663 3084 2709 aut
3112 2656 3337 2712 furentis
3367 2656 3562 2713 famam

1963 2749 2233 2803 conciliat.
2274 2747 2364 2802 Sic
2389 2756 2444 2801 et
2472 2742 2505 2800 ii
2553 2747 2643 2816 qui
2690 2746 2863 2800 bonos
2912 2761 3032 2801 esse
3078 2746 3250 2800 malos
3280 2756 3500 2816 putant,
3531 2767 3562 2803 e

1961 2839 2234 2893 contrario
2262 2837 2472 2908 seipsos
2496 2835 2764 2892 dedecore
2784 2836 3026 2890 afficiunt
3053 2854 3066 2889 :
3100 2836 3219 2890 ideo
3247 2838 3436 2909 majori
3471 2854 3551 2893 cn.

1964 2930 2186 2986 randum
2217 2930 2396 2985 studio
2425 2937 2546 2996 est,
2581 2941 2636 2984 ut
2666 2930 3053 2985 conscientiam
3084 2939 3325 2986 nostram
3354 2946 3559 3000 expur-

1960 3039 2148 3094 gemus
2168 3063 2183 3088 ,
2215 3038 2388 3093 neque
2414 3037 2600 3076 ansam
2628 3022 2789 3076 ullam
2821 3023 3108 3092 suspicioni
3141 3022 3366 3088 demus;
3391 3027 3436 3077 si
3471 3040 3561 3077 veo

1961 3132 2022 3171 ro
2049 3116 2138 3170 alii
2167 3115 2348 3170 furere
2375 3115 2666 3181 voluerint,
2699 3115 2854 3170 nobis
2883 3115 2983 3170 hoc
3011 3116 3173 3170 modo
3199 3117 3425 3182 allectis,
3451 3135 3558 3172 non

1960 3210 2011 3264 id
2039 3224 2230 3264 curare
2253 3251 2268 3274 ,
2303 3208 2388 3263 vel
2417 3208 2603 3263 dolere
2634 3223 2772 3277 opus
2818 3218 2920 3264 est.
2953 3209 3084 3264 Nam
3113 3211 3202 3277 qui
3234 3212 3408 3266 bonus
3437 3227 3559 3266 cum

1961 3302 2065 3366 sit,
2115 3300 2396 3370 improbus
2422 3315 2450 3352 a
2482 3300 2800 3370 quibusdam
2849 3309 3065 3370 putatur
3093 3316 3215 3357 esse
3239 3343 3254 3367 ,
3285 3300 3372 3354 hic
3413 3316 3562 3357 certe

1961 3391 2089 3446 nihil
2121 3392 2244 3447 hinc
2270 3392 2512 3459 lzeditur;
2540 3393 2630 3463 qui
2663 3408 2790 3447 vero
2820 3391 2871 3447 id
2906 3393 3043 3447 male
3071 3400 3124 3446 et
3155 3402 3357 3447 temere
3379 3395 3559 3464 suspi-

1957 3494 2109 3540 catus
2135 3493 2238 3549 est,
2265 3484 2309 3538 is
2332 3492 2631 3539 extremam
2659 3482 2958 3554 perniciem
2988 3481 3183 3547 subiit;
3208 3483 3560 3548 quemadmo-

1958 3577 2082 3631 dmn
2111 3586 2164 3632 et
2196 3575 2493 3646 improbus,
2525 3574 2572 3630 si
2603 3589 2635 3631 e
2659 3575 2933 3629 contrario
2957 3573 3129 3629 bonus
3150 3587 3273 3628 esse
3301 3580 3519 3644 putetur
3537 3616 3554 3639 ,

1958 3670 2089 3724 nihil
2120 3669 2245 3724 hinc
2275 3668 2612 3732 lucrabitur;
2640 3667 2734 3722 sed
2765 3667 2957 3736 majori
2984 3668 3249 3723 obnoxius
3276 3667 3378 3721 erit
3403 3666 3558 3722 dan:-

1959 3761 2161 3815 nationi
2190 3803 2205 3828 ,
2256 3760 2419 3829 inque
2449 3759 2706 3828 majorem
2740 3759 2940 3812 incidet
2967 3773 3275 3813 turni-orem.
3305 3757 3436 3813 Nam
3467 3762 3556 3829 qui

1961 3854 2135 3907 malus
2162 3867 2300 3906 cunr
2315 3853 2386 3904 sit
2408 3890 2422 3913 ,
2469 3850 2638 3903 malus
2666 3851 3005 3902 existimatur
3029 3864 3148 3903 esse
3168 3890 3184 3915 ,
3219 3851 3353 3904 forte
3385 3851 3563 3903 humi-

1959 3944 2117 3996 liatus
2140 3983 2154 4007 ,
2188 3953 2403 4011 peccata
2436 3956 2531 3995 sua
2562 3941 2801 4006 noverit;
2833 3942 2876 3994 si
2908 3956 3037 3995 vero
3077 3941 3272 4008 lateat,
3301 3943 3353 3997 in
3398 3943 3557 3996 indo-

1959 4035 2174 4090 lentiam
2200 4035 2433 4088 decidet.
2461 4033 2593 4088 Nam
2617 4033 2660 4088 si
2687 4033 3062 4088 accusantibus
3085 4035 3336 4090 omnibus
3364 4052 3555 4106 pecca-

1958 4137 2102 4184 tores
2134 4130 2220 4184 vix
2273 4130 2576 4183 excitantur
2625 4127 2692 4183 ad
2733 4139 3251 4198 compuncnonem:
3293 4145 3415 4184 cum
3450 4147 3558 4187 non

1958 4221 2117 4279 modo
2146 4237 2250 4277 non
2271 4229 2556 4286 accusent,
2583 4221 2677 4277 sed
2702 4223 2860 4275 etiam
2887 4220 3110 4276 laudent
3132 4223 3395 4290 nonnulli,
3424 4241 3560 4295 quo-

1959 4315 2118 4369 modo
2159 4315 2346 4368 oculos
2391 4315 2597 4383 aperire
2642 4314 2848 4384 possint
2891 4315 2942 4369 in
2993 4316 3228 4385 nequitiaโ
3271 4317 3557 4373 viventes?

1956 4406 2070 4461 Non
2093 4406 2245 4461 audis
2275 4405 2495 4460 Paulum
2517 4415 2858 4460 accusantem
2881 4406 3023 4474 quod
3048 4407 3423 4463 fornicatoretn
3450 4425 3556 4464 non

1959 4500 2118 4554 modo
2144 4501 2499 4554 uonsiveriut
2525 4495 2786 4553 Corinthii
2821 4508 3096 4568 peceatum
3119 4515 3274 4555 suum
3296 4516 3554 4572 agnosceโ

1959 4607 2016 4646 re
2039 4633 2053 4653 ,
2088 4592 2213 4644 dum
2247 4591 2573 4646 honorarcnt
2605 4589 2752 4644 illum
2780 4632 2795 4656 ,
2831 4591 3038 4660 ipsique
3068 4592 3382 4659 plauderent
3408 4633 3429 4660 ,
3459 4597 3555 4650 sed

1958 4683 2117 4736 etiam
2148 4689 2200 4735 in
2229 4682 2464 4752 nequitia
2505 4681 2836 4736 detinuerint
2877 4685 2894 4750 (
2918 4683 2969 4737 l.
2996 4683 3113 4737 Cor.
3141 4685 3194 4738 5.
3230 4683 3551 4753 l)?Quatn-

1957 4775 2165 4842 obrcm,
2198 4777 2459 4842 obsecro,
2494 4776 2781 4830 multarunt
2814 4777 3117 4846 opiniones,
3151 4782 3508 4837 contumelias
3533 4826 3548 4848 ,

1959 4868 2190 4923 honores
2218 4869 2546 4939 negligentes
2569 4910 2583 4934 ,
2619 4869 2718 4923 hoc
2752 4885 2916 4922 unum
2957 4870 3268 4927 studeamus
3291 4915 3306 4939 ,
3342 4885 3397 4928 ut
3430 4879 3555 4928 nul-

1959 4961 2059 5016 lius
2091 4961 2214 5015 mali
2248 4961 2401 5016 nobis
2433 4964 2631 5016 conscii
2662 4963 2851 5026 simus,
2883 4979 3054 5035 neque
3083 4980 3180 5019 nos
3213 4966 3358 5035 ipsos
3388 4967 3559 5023 dede-

1956 5069 2082 5108 core
2109 5051 2446 5117 afficiamus;
2495 5055 2570 5109 sic
2615 5057 2758 5110 enim
2787 5065 2841 5111 et
2870 5056 2953 5110 hic
2986 5067 3040 5112 et
3068 5057 3119 5110 in
3153 5057 3330 5112 futuro
3358 5063 3560 5115 smculo

1957 5143 2120 5197 multa
2170 5144 2339 5212 gloria
2375 5143 2654 5210 fruemur;
2703 5162 2862 5215 quam
2915 5148 3118 5202 utinam
3162 5163 3561 5220 consequamur

1957 5248 2166 5298 omnes,
2193 5235 2361 5304 gratia
2391 5243 2445 5288 et
2473 5236 2798 5307 benignitate
2824 5238 3031 5292 Domini
3062 5240 3229 5295 nostri
3255 5241 3379 5296 Jesu
3403 5243 3560 5298 Chri-

1957 5325 2023 5378 sti
2048 5365 2064 5390 ,
2093 5326 2311 5395 quicum
2356 5325 2501 5380 Patri
2543 5328 2809 5398 simulque
2839 5329 3058 5399 Spiritui
3088 5342 3277 5387 sancto
3307 5333 3474 5402 gloria
3505 5346 3558 5389 et

1957 5418 2236 5486 imperium
2263 5460 2278 5484 ,
2303 5434 2444 5474 nunc
2472 5430 2526 5474 et
2557 5435 2793 5491 semper,
2823 5433 2876 5477 et
2900 5423 2951 5476 in
2979 5425 3174 5478 smcula
3202 5429 3553 5482 steculornm.

1958 5515 2148 5565 Amen.

1674 5695 2161 5776 W

597 5962 864 6022 ฮกฮฯฮนฮนฮฟฮน..
907 5962 1022 6020 Gu.
1075 5962 1288 6022 L\'lll.
