4156 6512
1664 624 2006 687 HOMIIJA
2052 620 2460 681 LXXXVIII.
2506 619 2589 681 al.
2636 621 2993 682 LXXXIX.

676 788 800 840 (lar.
837 783 926 838 27.
969 798 1018 838 ν.
1067 781 1155 837 43.
1209 780 1251 834 Α
1293 786 1430 833 sexta
1465 785 1628 830 autem
1682 778 1805 826 liora
1855 767 2064 822 tenebrat
2102 765 2250 832 facta:

748 884 865 927 smit
885 889 1036 940 super
1061 872 1342 924 universam
1371 878 1554 922 terram
1575 879 1732 932 usque
1755 862 1821 913 ad
1845 861 2022 912 horam
2040 869 2243 908 nonum.

744 963 832 1018 46.
878 960 1026 1018 Circa
1068 971 1232 1014 autem
1277 959 1451 1012 horam
1479 970 1661 1009 nonam
1690 951 1920 1004 clamauit
1957 947 2107 1001 Jesns
2135 960 2249 998 race

745 1069 951 1125 magna,
981 1052 1150 1105 dicens
1173 1064 1192 1102 :
1225 1048 1326 1112 Eli,
1361 1046 1466 1111 Eli,
1507 1046 1642 1099 larua
1681 1039 1974 1096 suimet/iani
1995 1039 2020 1091 .9
2057 1037 2112 1090 id
2153 1045 2243 1093 est,

2355 765 2634 834 qumsivit;
2668 767 2831 820 multa
2868 782 3078 837 quoque
3105 778 3231 822 tunc
3272 768 3514 840 impietas
3538 785 3602 824 es
3641 783 3943 824 Consuetu-

2353 854 2476 910 dine
2505 855 2840 925 praevalebat.
2887 857 3070 927 Neque
3109 859 3350 914 sciebant
3393 876 3510 928 qua:
3564 874 3728 916 causa
3771 873 3945 934 gesta

2352 945 2427 999 rei
2459 955 2600 1000 esset
2629 965 2641 1002 :
2670 947 2806 1002 forte
2827 949 3084 1017 putabant
3111 965 3206 1018 per
3224 950 3483 1021 eclipsim,
3515 955 3595 1006 vel
3625 955 3784 1006 aliam
3843 971 3941 1009 na-

2353 1037 2573 1091 turalem
2599 1054 2811 1092 causam
2839 1039 2886 1094 id
2912 1043 3177 1098 evenisse.
3211 1042 3410 1111 Ecquid
3450 1044 3660 1098 miraris
3689 1045 3758 1100 de
3782 1055 3943 1100 cato-

747 1144 886 1200 Deus
913 1158 1071 1209 mens,
1103 1140 1240 1196 Deus
1265 1155 1420 1200 meus,
1453 1145 1507 1191 ut
1530 1135 1650 1206 quid
1676 1129 1983 1201 dereliquisti
2010 1126 2129 1181 me?
2154 1126 2221 1180 47

748 1235 966 1302 Quidam
991 1248 1105 1287 uero
1133 1247 1197 1287 ea:
1221 1227 1556 1294 adstantibus,
1582 1241 1695 1280 cum
1723 1223 1826 1277 luet:
1854 1219 2109 1280 audirent,
2142 1231 2243 1270 cur.

747 1396 798 1448 Ι.
826 1391 938 1446 Hoc
966 1398 1048 1445 est
1090 1389 1300 1458 signum
1335 1381 1485 1446 illud,
1511 1378 1650 1450 quod
1680 1375 1822 1448 prius
1856 1370 2159 1444 petentibus
2187 1381 2246 1420 se

674 1485 918 1538 daturum
967 1478 1330 1546 pollicebatur,
1388 1474 1572 1527 dicens
1619 1487 1632 1523 :
1684 1465 1948 1523 Geueratio
1996 1478 2150 1531 prara
2197 1469 2245 1513 et

675 1575 902 1629 adultera
928 1572 1123 1640 signum
1152 1567 1350 1640 quierit,
1383 1574 1428 1617 ct
1461 1565 1660 1633 signum
1695 1575 1796 1612 non
1829 1557 2030 1610 dabitur
2055 1553 2121 1618 ei,
2149 1551 2245 1605 nisi

675 1679 873 1738 signum
906 1664 1054 1718 Iona:
1090 1661 1344 1732 propheta:
1370 1655 1581 1729 (Matth.
1615 1653 1699 1708 12.
1726 1650 1816 1721 59)
1852 1667 1864 1702 :
1899 1647 1983 1701 ubi
2006 1657 2239 1706 crucem,

679 1767 925 1820 mortem,
977 1751 1321 1824 sepulcrum‘
1354 1758 1407 1804 et
1460 1743 1900 1802 resurrectionem
1961 1736 2240 1807 significat.

678 1851 743 1904 Et
772 1862 953 1902 rursus
980 1847 1083 1900 alio
1127 1842 1284 1898 modo
1313 1842 1557 1894 virtutem
1585 1836 1758 1891 crucis
1791 1828 2132 1902 signiﬁcando
2159 1826 2243 1878 di-

673 1942 826 1995 cebat
855 1956 867 1989 :
897 1936 1021 1992 Cum
1053 1931 1388 1989 exaltavcritis
1421 1928 1612 1982 Filium
1652 1924 1886 1979 hominis.
1913 1931 2029 1974 tunc
2056 1931 2239 1987 rogito-

673 2031 816 2086 scetis
845 2013 962 2094 quia
991 2044 1078 2098 ego
1107 2041 1218 2079 sum
1261 2021 1442 2092 (Joan.
1488 2020 1540 2074 8.
1589 2017 1721 2086 28);
1775 2014 1824 2068 id
1853 2022 1953 2074 εει,
1994 2010 2125 2063 Cum
2158 2022 2242 2062 me

674 2119 1062 2180 i-rnciﬁxeritis,
1095 2126 1258 2170 etme
1285 2115 1476 2166 victum
1513 2125 1542 2162 a
1586 2106 1734 2162 vobis
1762 2119 1880 2158 esse
1912 2099 2236 2172 putaveritis,

675 2219 798 2268 tunc
829 2212 1055 2266 maxime
1085 2205 1445 2261 fortitudinem
1485 2215 1653 2255 meam
1700 2197 1896 2252 scietis.
1935 2192 2062 2247 Nam
2093 2199 2237 2259 post-

674 2323 830 2376 quam
868 2303 1150 2360 cruciﬁxus
1179 2307 1279 2362 est,
1330 2297 1537 2350 iilorum
1588 2293 1771 2346 civitas
1811 2286 1986 2358 periit,
2025 2283 2239 2339 Judaim

672 2413 864 2454 cessat"
894 2407 967 2459 ut,
999 2406 1051 2447 ct
1080 2390 1257 2462 politia
1279 2401 1491 2457 quoque
1518 2393 1571 2437 et
1598 2383 1810 2436 libertas
1852 2377 2059 2431 illorum
2095 2372 2238 2427 ceci-

670 2494 769 2552 dit,
794 2488 1096 2559 prredicatio
1121 2483 1318 2542 ﬂoruit,
1349 2489 1401 2532 et
1435 2477 1500 2530 ad
1525 2485 1820 2530 extremum
1866 2471 2048 2522 urbem
2077 2482 2237 2520 θωπι-

671 2584 869 2651 geiieus
896 2594 1071 2634 sermo
1095 2573 1366 2646 pervenit;
1392 2579 1552 2633 terra,
1582 2581 1748 2628 mare,
1779 2561 2005 2615 habitata
2029 2556 2239 2612 inhabi-

673 2645 885 2742 iataquc
929 2680 1065 2724 terra
1099 2645 1349 2720 virtutem
1388 2661 1501 2730 ejus
1544 2657 1736 2725 ubique
1770 2651 2073 2722 priedicant.
2116 2645 2240 2700 llmc

671 2739 964 2833 ergo-dicit,
988 2769 1040 2815 et
1064 2773 1123 2812 ea
1147 2770 1263 2825 quas
1286 2755 1401 2823 ipso
1434 2750 1607 2806 crucis
1637 2757 1872 2814 tempore
1906 2739 2235 2795 acciderunt.

670 2827 834 2908 multo
862 2852 1055 2920 quippe
1095 2844 1386 2900 mirabilius
1428 2839 1524 2894 fuit
1559 2837 1672 2892 IIREC
1701 2833 1956 2888 accidisse
1985 2845 2102 2884 cum
2125 2827 2238 2895 ipse

668 2945 810 3000 cruci
843 2944 1028 2997 aitixus
1053 2945 1210 3001 esset,
1241 2949 1395 3006 quam
1419 2932 1462 2987 si
1487 2931 1537 2986 in
1571 2939 1708 2984 terra
1740 2936 1864 2979 tunc
1890 2922 2233 2977 ambulasset.

669 3038 847 3107 Neque
889 3036 937 3088 in
975 3032 1076 3086 boc
1104 3028 1275 3084 solum
1306 3041 1392 3080 res
1435 3020 1690 3093 stupenda
1719 3025 1853 3082 erat,
1898 3013 1991 3070 sed
2031 3013 2235 3082 signum

670 3104 820 3191 illud,
859 3123 997 3194 quod
1040 3119 1386 3193 qumrebant,
1434 3115 1500 3169 de
1543 3111 1677 3166 cado
1706 3109 1897 3163 factum
1950 3115 2052 3170 est,
2101 3113 2155 3158 et
2185 3104 2235 3157 in

673 3221 916 3275 universa
947 3227 1119 3280 terra;
1149 3214 1198 3268 id
1226 3209 1365 3282 quod
1397 3221 1681 3275 numquam
1711 3204 2026 3270 contigerat,
2057 3198 2154 3252 nisi
2185 3197 2236 3250 in

673 3312 903 3382 ﬁgypto
945 3318 1168 3368 tantum,
1215 3301 1425 3374 quando
1471 3297 1665 3369 pascha
1711 3291 2029 3349 celebraturi
2067 3297 2234 3341 erant.

674 3402 879 3458 Etenim
903 3401 987 3452 illa
1020 3399 1205 3452 borum
1239 3405 1392 3464 typus
1410 3401 1581 3447 erant.
1609 3389 1675 3442 Et
1697 3383 2242 3448 animadvertequau-

671 3499 861 3551 donant
909 3493 1020 3547 bmc
1064 3487 1310 3544 tiant.'|n
1348 3483 1589 3547 meridie,
1622 3490 1677 3534 ut
1706 3492 1895 3533 omnes
1929 3490 2021 3545 per
2059 3472 2240 3527 orbem

671 3589 954 3644 discerent,
981 3598 1100 3636 nam
1133 3579 1325 3647 ubique
1356 3587 1612 3630 terrarum
1639 3570 1754 3625 dies
1777 3575 1891 3621 erat
1922 3583 1934 3617 :
1967 3563 2106 3635 quod
2139 3564 2243 3616 uti—

672 3695 775 3746 inte
803 3676 866 3731 ad
904 3677 1020 3729 illos
1050 3667 1436 3728 convertendos
1479 3662 1792 3724 sufﬁciebat,
1837 3673 1940 3712 non
1981 3656 2240 3725 ninguitu-

674 3773 797 3825 dine
824 3770 990 3824 solum
1021 3761 1278 3825 miraculi,
1307 3758 1399 3814 sed
1444 3754 1582 3827 quod
1629 3753 1744 3808 lucc
1774 3757 2073 3820 Opportune
2101 3744 2241 3799 acci-

675 3864 878 3917 derent.
931 3857 1058 3912 Nam
1103 3862 1224 3924 post
1260 3851 1350 3906 illa
1389 3837 1564 3903 omnia
1603 3861 1720 3915 qua:
1770 3843 1951 3896 insane
1984 3838 2237 3898 iecerant,

677 3961 796 4022 post
821 3947 1112 4004 derisioues
1138 3943 1254 3998 illas
1282 3942 1504 4010 iniquas,
1536 3937 1585 3991 id
1615 3934 1825 3997 accidit,
1858 3929 2068 4000 quando
2096 3927 2241 3982 l'uror

675 4043 970 4102 remiserat,
1003 4031 1210 4105 quando
1257 4031 1462 4088 ridendi
1514 4029 1670 4084 liuent
1722 4026 1977 4086 ieeurant,
2031 4018 2242 4089 quando

671 4135 825 4202 jactis
854 4130 1087 4184 dicteziis
1130 4123 1369 4180 exsatiati
1419 4129 1590 4182 erant,
1639 4126 1693 4173 et
1734 4115 1908 4171 omnia
1942 4126 2037 4182 pro
2082 4110 2244 4163 lubito

678 4227 947 4280 dixerant;
979 4227 1101 4271 tunc
1148 4213 1392 4268 tenebras
1417 4208 1673 4272 exhibuit,
1705 4216 1762 4260 ut
1808 4205 1886 4258 vel
1939 4204 2014 4258 sic
2045 4202 2117 4254 ira
2159 4214 2255 4269 se:

677 4320 819 4376 data,
849 4331 908 4368 ex
940 4309 1193 4366 miraculo
1215 4304 1408 4376 aliquid
1445 4303 1796 4357 lucrarentur.
1823 4299 1928 4352 Res
1963 4294 2102 4348 enim
2132 4302 2243 4345 tan-

678 4421 758 4462 tas
785 4409 835 4461 in
860 4420 1015 4460 crure
1059 4416 1214 4467 agere
1253 4396 1542 4452 mirabilius
1569 4403 1702 4459 erat,
1729 4407 1883 4462 quam
1923 4390 1966 4466 si
1992 4389 2056 4442 de
2087 4401 2242 4442 cruce

678 4499 1052 4556 descendissi-t.
1091 4493 1217 4548 Nam
1265 4490 1377 4544 sive
1408 4489 1551 4542 illum
1593 4487 1707 4539 liatc
1757 4484 1946 4537 fecisse
1975 4486 2239 4551 putarent,

680 4592 896 4646 credi-re
940 4587 1218 4655 operti-bat
1259 4593 1312 4635 et
1357 4584 1576 4644 timere;
1622 4580 1733 4632 sive
1774 4593 1878 4630 non
1930 4575 2096 4636 illum,
2149 4569 2241 4624 sed

681 4683 909 4740 Patrem,
945 4677 1066 4729 hinc
1098 4674 1253 4727 etiam
1294 4672 1569 4740 compuugi
1605 4684 1698 4738 par
1734 4675 1888 4722 erat:
1926 4680 2045 4718 nam
2093 4672 2242 4716 tene-

680 4773 790 4825 brtc
827 4769 926 4822 illa:
971 4781 1035 4820 ex
1081 4765 1154 4819 ira
1183 4763 1248 4818 de
1295 4761 1610 4816 facinoribus
1642 4759 1745 4813 illis
1785 4766 2036 4826 conecpla
2085 4755 2245 4825 proii-

679 4862 1030 4918 eiscebautur.
1057 4856 1203 4926 Quod
1232 4856 1370 4910 enim
1406 4870 1508 4908 non
1535 4853 1922 4921 esselcclipsis,
1949 4850 2040 4906 sed
2080 4851 2152 4903 ira
2191 4857 2246 4903 et

680 4955 991 5026 indignatio,
1031 4967 1133 5006 non
1182 4949 1304 5003 hinc
1358 4948 1526 5002 solum
1559 4945 1894 5000 manifestum
1946 4953 2091 5006 erat,
2150 4942 2242 4997 sed

679 5051 838 5104 etiam
877 5060 907 5100 a
966 5052 1201 5110 tempore
1247 5056 1258 5092 :
1313 5037 1478 5091 tribus
1528 5035 1667 5090 enim
1723 5036 1866 5089 boris
1914 5032 2239 5102 permansit;

682 5140 892 5210 eclipsis
940 5152 1066 5189 \‘ero
1112 5135 1163 5185 in
1211 5140 1478 5184 momento
1530 5128 1780 5197 temporis
1819 5128 1876 5180 lit
1916 5169 1929 5181 .
1971 5125 2108 5196 quod
2140 5139 2242 5179 non

685 5218 919 5302 ignorant
945 5227 1032 5297 qui
1063 5224 1305 5278 viderunt
1335 5238 1348 5272 :
1379 5235 1499 5272 nam
1526 5230 1702 5272 nostra
1730 5217 1887 5273 etiam
1921 5225 2074 5270 artate
2113 5215 2244 5270 ccli-

678 5328 787 5400 psis
813 5320 1051 5390 contigit.
1085 5315 1149 5370 Et
1187 5308 1474 5383 quomodo,
1523 5309 1744 5378 inquies,
1780 5325 1882 5362 non
1921 5308 2092 5362 mirati
2125 5316 2246 5360 sunt

675 5398 882 5479 omnes,
917 5426 1011 5467 nec
1038 5412 1356 5479 putaverunt
1377 5415 1497 5457 esse
1521 5400 1684 5454 Deum
1708 5399 1728 5451 ?
1755 5398 1884 5467 Quia
1917 5409 2041 5451 tunc
2081 5414 2244 5466 genus

678 5511 952 5569 hoinimuo
986 5505 1036 5556 in
1085 5499 1246 5556 multa
1280 5491 1592 5564 negligentia
1620 5500 1673 5543 ct
1712 5490 1939 5557 nequitia
1974 5488 2244 5543 detimba-

674 5619 776 5662 tur.
811 5603 872 5658 Et
902 5601 1002 5655 hoc
1031 5593 1340 5651 miraculum
1367 5601 1528 5642 unum
1555 5593 1670 5639 erat
1694 5599 1708 5647 ;
1738 5582 1873 5652 quod
1893 5584 2067 5636 statim
2091 5592 2243 5650 atque

673 5695 935 5770 apparuit,
967 5686 1259 5765 pra'lcrivil
1290 5702 1302 5736 :
1332 5680 1611 5750 nullusque
1643 5675 1718 5731 rei
1759 5689 1970 5729 cauam
2010 5672 2246 5729 ediscere

735 5851 755 5886 ⁸
787 5854 881 5905 Alit
922 5854 1103 5915 legunt,
1130 5841 1446 5909 sepulturam,
1473 5849 1578 5901 pro,
1605 5831 1892 5898 sepulcrum.

2351 1131 2421 1180 ris
2447 1129 2537 1197 qui
2567 1130 2694 1184 nihil
2731 1131 2990 1196 sciebant,
3025 1133 3220 1201 quique
3255 1133 3326 1187 ob
3364 1134 3621 1188 desidiam
3653 1137 3722 1190 de
3763 1151 3824 1191 re
3856 1151 3940 1189 tu-

2365 1221 2604 1284 ptiretida
2652 1237 2756 1274 non
2799 1223 3137 1293 Cogitabam,
3185 1226 3396 1295 quando
3447 1231 3479 1280 ii
3530 1231 3691 1280 etiam
3740 1229 3834 1298 qui
3885 1230 3937 1284 in

2346 1311 2521 1362 Judma
2548 1322 2717 1377 erant,
2751 1321 2864 1382 post
2898 1323 2974 1367 tot
3007 1315 3280 1381 miracula,
3317 1317 3488 1372 adhuc
3517 1321 3936 1387 perseverabant

2347 1401 2698 1456 contumelias
2729 1403 3034 1468 inferentes,
3069 1421 3384 1477 quamquam
3413 1410 3540 1478 ipsis
3569 1411 3716 1464 clare
3750 1423 3937 1467 osten-

2346 1492 2530 1554 disset,
2560 1508 2619 1548 se
2647 1494 2767 1548 talia
2794 1508 3070 1565 operatum
3099 1497 3303 1552 fuisse?
3327 1498 3448 1555 Ideo
3471 1511 3524 1553 et
3549 1512 3731 1570 postea
3766 1503 3936 1572 loqui-

2349 1593 2452 1643 tur,
2486 1592 2540 1638 ut
2568 1585 2773 1640 discant
2792 1602 2851 1641 se
2876 1587 3047 1642 adhuc
3077 1589 3273 1652 vivere,
3307 1598 3359 1643 et
3381 1591 3469 1645 illa
3501 1590 3710 1654 fecisse,
3736 1605 3790 1647 et
3811 1595 3936 1649 hinc

2347 1675 2532 1728 saltem
2575 1677 2959 1742 moderatiores
3020 1680 3173 1743 liant,
3219 1693 3283 1735 ac
3323 1680 3471 1746 dicit,
3502 1681 3606 1747 Eli,
3663 1681 3769 1748 Eli,
3798 1685 3933 1736 [ams

2346 1766 2656 1830 mbiirtlmni,
2686 1775 2740 1820 ut
2765 1766 3005 1823 viderent
3031 1785 3149 1824 eum
3184 1786 3350 1840 usque
3372 1770 3437 1825 ad
3464 1783 3663 1828 extren'
3693 1791 3763 1827 ἰη
3803 1774 3930 1828 bali-

2350 1870 2456 1914 tmn
2489 1860 2750 1915 honorare
2790 1860 3020 1927 Patrem,
3053 1880 3225 1932 neque
3255 1879 3372 1920 esse
3403 1866 3511 1920 Deo
3541 1865 3929 1922 adversarium.

2348 1949 2469 2005 ideo
2497 1951 2852 2019 propheticum
2883 1953 3164 2023 quanalam
3208 1955 3384 2009 emisit
3412 1971 3615 2020 vocem,
3663 1973 3832 2028 usque
3867 1961 3932 2013 ad

2347 2043 2583 2096 uitinzam
2631 2044 2810 2097 boram
2859 2046 3027 2098 veteri
3073 2044 3172 2113 legi
3225 2048 3468 2116 prmbens
3519 2049 3930 2104 testiinonium:

2343 2149 2443 2189 nec
2481 2136 2636 2190 modo
2686 2138 3064 2206 prophetieam,
3109 2138 3200 2194 sed
3245 2148 3298 2195 et
3343 2140 3651 2196 llebraicam
3710 2157 3930 2200 vocem:

2344 2227 2412 2282 ita
2447 2239 2498 2281 ut
2524 2229 2624 2281 illis
2647 2240 2826 2284 notum
2847 2238 2901 2284 et
2928 2231 3265 2286 manifestum
3299 2231 3346 2286 id
3373 2243 3548 2297 esset;
3581 2249 3784 2302 perque
3810 2251 3930 2290 om-

2344 2320 2426 2372 nia
2457 2320 2685 2374 ostendit
2705 2335 2852 2375 suam
2882 2338 3001 2374 eum
3026 2321 3277 2379 Genitore
3299 2325 3658 2378 concm‘diam.
3696 2327 3776 2380 Tu
3804 2342 3929 2379 vero

2343 2408 2446 2462 vid:
2505 2411 2710 2463 illan-um
2767 2412 3105 2478 petulantiam
3159 2422 3317 2484 atque
3353 2416 3643 2469 vesaniam.
3702 2416 3930 2470 Putare-

2343 2514 2482 2565 runt,
2516 2503 2703 2572 inquit,
2725 2503 2892 2558 Etiam
2911 2506 2978 2559 ab
3007 2520 3071 2560 eo
3094 2508 3293 2572 vocari,
3320 2517 3370 2562 et
3398 2510 3575 2563 statim
3603 2522 3930 2580 [mtavertint

2343 2598 2491 2652 illum
2519 2610 2685 2652 aceto.
2713 2598 2860 2652 Altus
2897 2607 3073 2653 autem
3100 2598 3291 2681 [lancea
3336 2600 3470 2655 latus
3514 2601 3628 2670 ejus
3673 2604 3935 2671 aper-uiti.

2341 2686 2474 2754 Quid
2504 2686 2585 2740 his
2611 2688 2857 2757 iniquius,
2887 2687 3010 2758 quid
3041 2688 3286 2755 ferocius,
3317 2691 3406 2762 qui
3427 2705 3665 2762 eousque
3697 2695 3930 2749 furorem

2242 2821 2252 2829 .
2340 2793 2491 2833 suum
2535 2782 2909 2846 extenderunt,
2961 2788 3016 2836 et
3065 2795 3329 2836 mortuum
3361 2797 3555 2853 corpus
3601 2786 3925 2840 contumelia

2340 2869 2665 2924 affecerunt?
2715 2870 2794 2924 Tu
2832 2887 2958 2926 vero
3011 2873 3279 2941 perpende
3321 2873 3588 2942 quomodo
3629 2875 3927 2932 sceleribus

2340 2974 2524 3014 eorum
2554 2975 2679 3015 usus
2703 2963 2773 3015 sit
2793 2962 2859 3016 ad
2887 2963 3107 3017 salutem
3136 2974 3389 3021 nostram.
3412 2966 3532 3020 Post
3558 2966 3767 3036 plagam
3786 2969 3925 3023 enim

2341 3049 2514 3106 fontes
2542 3053 2727 3108 salutis
2775 3054 2898 3107 inde
2927 3064 3229 3109 manarunt.
3254 3055 3367 3111 '50.
3414 3055 3565 3111 Iesus
3605 3069 3774 3111 autem
3810 3057 3923 3110 cla-

2340 3162 2482 3199 mans
2507 3162 2622 3199 voce
2640 3161 2843 3214 "mgna,
2873 3147 3034 3199 emisit
3060 3147 3312 3214 spiritum.
3344 3147 3454 3202 lloc
3490 3159 3566 3203 est
3606 3151 3745 3218 quod
3778 3151 3926 3206 dice-
3978 3176 3987 3184 ι

2340 3235 2430 3290 bat
2461 3255 2475 3290 :
2510 3235 2813 3298 Potestatern
2844 3238 3002 3291 habeo
3033 3237 3250 3306 ponendi
3287 3240 3508 3291 animam
3526 3254 3532 3260 ·
3552 3257 3734 3304 meum,
3760 3251 3807 3294 et
3843 3257 3924 3311 po-

2343 3340 2562 3383 testatem
2588 3331 2745 3384 habeo
2768 3331 2943 3384 iterum
2968 3331 3197 3384 sumendi
3226 3347 3335 3383 eam
3360 3331 3533 3401 (Joau.
3568 3333 3652 3386 10.
3697 3334 3818 3403 ιε);
3849 3344 3923 3397 et,

2343 3421 2455 3493 Ego
2500 3439 2630 3491 pono
2676 3440 2785 3476 eam
2831 3439 2862 3476 a
2907 3439 2984 3476 me
3030 3424 3161 3492 ipso.
3217 3422 3341 3478 Ideo
3392 3439 3521 3478 voce
3569 3427 3920 3489 esc'amarit,

2343 3521 2402 3567 ut
2443 3511 2749 3568 ostenderet
2792 3528 2854 3568 ex
2903 3524 3161 3583 potestate
3213 3528 3473 3577 sua,rem
3522 3514 3655 3584 ﬁeri.
3718 3517 3925 3572 Marcus

2345 3604 2496 3676 (Cap.
2524 3605 2605 3658 15.
2633 3605 2722 3659 ﬂ.
2752 3605 2841 3674 39)
2880 3619 3004 3660 vero
3028 3603 3173 3670 dicit,
3198 3605 3450 3658 miratum
3481 3605 3644 3660 fuisse
3674 3605 3922 3668 Pilatum,

2342 3697 2385 3750 si
2407 3696 2517 3765 jam
2547 3707 2785 3750 mortuus
2809 3705 2952 3753 esset
2979 3715 2992 3750 :
3021 3712 3082 3751 ac
3119 3698 3482 3752 centurionem
3527 3695 3648 3752 ideo
3695 3699 3924 3756 maxime

2341 3787 2650 3850 credidisse,
2683 3787 2801 3857 quia
2828 3802 2947 3842 cum
2990 3788 3264 3857 potestatis
3299 3788 3451 3859 signo
3486 3799 3729 3843 mortuus
3761 3802 3922 3846 essm.

2345 3880 2468 3935 [late
2498 3895 2598 3934 vox
2627 3879 2798 3933 velum
2827 3878 3054 3942 discidit,
3087 3889 3427 3935 monumenta
3469 3881 3698 3951 aperuit,
3742 3891 3796 3936 et
3828 3884 3924 3936 do-

2343 3991 2487 4031 mum
2527 3976 2793 4029 desertam
2847 3973 3095 4027 reddidit.
3151 3972 3262 4026 lloc
3302 3981 3476 4028 autem
3525 3973 3668 4037 fecit,
3718 3991 3826 4028 non
3872 3985 3926 4029 ut

2346 4065 2597 4133 templum
2640 4062 3012 4118 dehonestaret
3066 4060 3354 4133 (quomodo
3394 4062 3534 4116 enim
3576 4063 3627 4118 id
3669 4066 3924 4130 potuisset

2345 4159 2431 4228 qui
2463 4158 2585 4212 dicit
2621 4172 2636 4209 :
2662 4155 2831 4210 Nolite
2856 4160 3020 4221 facere
3047 4154 3251 4206 domum
3279 4153 3450 4207 Patris
3480 4156 3574 4207 mei
3603 4155 3812 4209 domum
3838 4174 3921 4210 ne-

2345 4247 2672 4320 gotiationis?
2698 4243 2956 4318 [learn-2.
2992 4244 3103 4317 16])
3135 4244 3228 4298 sed
3259 4243 3502 4314 indignos
3536 4245 3655 4299 illos
3700 4246 3923 4300 reddens

2345 4343 2430 4408 qui
2462 4339 2531 4394 ibi
2562 4346 2918 4396 versarentur,
2948 4345 3005 4388 ut
3029 4337 3186 4388 etiam
3209 4349 3328 4388 cum
3353 4333 3478 4388 illud
3503 4333 3809 4406 Babyloniis
3831 4349 3923 4390 tra-

2345 4431 2496 4485 didit.
2530 4429 2651 4483 llaac
2674 4443 2836 4500 porro
2866 4443 2968 4479 non
2997 4441 3058 4480 ea
3091 4427 3261 4480 solum
3292 4425 3358 4480 de
3385 4441 3545 4481 causa
3577 4425 3795 4493 “clunt,
3833 4427 3919 4483 sed

2347 4532 2462 4577 erat
2487 4520 2610 4574 illml
2635 4518 2907 4587 prortltelia
2936 4516 3126 4571 futurae
3147 4516 3508 4581 desolationis,
3537 4526 3590 4571 et
3614 4520 3919 4572 conversio-

2348 4615 2430 4668 nis
2465 4616 2512 4666 in
2554 4613 2771 4666 meliora
2800 4609 3234 4680 sublimiomque,
3265 4621 3470 4664 necnon
3505 4612 3760 4677 potentiae
3789 4611 3921 4666 illius

2347 4706 2574 4774 signum.

2415 4794 2469 4847 2.
2497 4793 2571 4846 Ad
2603 4794 2714 4846 lucc
2743 4801 2917 4846 autent
2946 4807 3009 4845 ex
3039 4790 3124 4857 iis,
3155 4805 3271 4859 qua:
3297 4801 3481 4859 postea
3519 4800 3741 4859 sequuta
3781 4801 3919 4855 sunt,

2347 4887 2576 4953 scipsmn
2618 4884 2998 4944 manifesmvit,
3037 4899 3100 4936 ex
3143 4891 3472 4936 mor-tuorum
3513 4884 3921 4949 resarrectione,

2348 4993 2412 5031 ex
2454 4976 2733 5031 obscurata
2788 4975 2922 5040 luce,
2975 4984 3030 5028 et
3067 4989 3132 5029 ex
3174 4973 3560 5029 elementorum
3613 4975 3920 5029 mutatione.

2349 5068 2522 5123 Elisari
2559 5069 2698 5123 enim
2741 5078 2978 5135 tempore
3008 5076 3248 5119 mortuus
3279 5075 3544 5119 mortuum
3587 5073 3810 5134 tangens
3841 5082 3921 5120 rc-

2348 5163 2575 5217 surrexit
2601 5161 2678 5229 (4.
2724 5161 2846 5229 Rrg.
2881 5161 2965 5214 t3.
2998 5159 3132 5228 2i):
3161 5173 3298 5212 nunc
3331 5167 3508 5211 autem
3553 5171 3650 5210 vos
3685 5159 3806 5212 illos
3834 5174 3922 5213 cx-

2347 5255 2544 5319 citavit,
2574 5253 2698 5309 dum
2728 5268 2919 5321 corpus
2951 5253 3000 5305 in
3035 5268 3194 5305 cruce
3236 5265 3466 5320 superne
3507 5248 3724 5304 anisum
3761 5262 3920 5306 esset.

2348 5352 2591 5420 Alioquin
2617 5367 2741 5404 vero
2769 5350 2850 5403 illa
2882 5349 3067 5404 borum
3101 5351 3281 5419 ﬁgura:
3306 5359 3480 5404 erant.
3524 5350 3649 5405 lrleo
3673 5351 3816 5406 enim
3845 5334 3921 5401 illa

2349 5443 2482 5497 iacta
2525 5452 2667 5504 sunt,
2703 5453 2758 5496 ut
2787 5441 2897 5494 lnec
2929 5441 3293 5497 crederentur.
3327 5439 3510 5510 Neque
3535 5441 3709 5507 solum
3736 5441 3921 5494 mortui

2347 5536 2702 5597 Suscitautur,
2745 5536 2834 5589 sed
2885 5536 3044 5590 etiam
3086 5544 3247 5603 pt-trze
3288 5535 3640 5594 scinduntur.
3683 5545 3919 5604 terraque

2348 5633 2666 5694 ιύιιρυιίιυΐ,
2715 5640 2764 5684 ut
2795 5631 3002 5685 disc-tm
3030 5645 3086 5684 se
3131 5628 3251 5684 illos
3298 5643 3455 5699 posse
3501 5638 3554 5684 et
3583 5634 3918 5685 excacarcct

2436 5837 2452 5868 ί
2478 5832 2533 5888 In
2559 5840 2669 5884 Mss.
2685 5845 2776 5880 non
2804 5829 2972 5894 raucis
2996 5826 3198 5890 legitur,
3217 5823 3460 5888 lacerarit,
3480 5836 3589 5888 pro,
3605 5816 3814 5886 aperuit.
