4156 6534
288 424 393 484 77'.-

286 542 612 608 dEi-nmpete.
648 536 775 592 Nam
814 536 899 604 qui
943 544 1120 605 petras
1160 533 1389 595 discidit,
1420 542 1474 586 et
1500 541 1692 585 terram
1727 536 1868 582 tene-

292 629 407 691 bris
425 630 667 695 obduxit,
710 628 875 683 multo
906 627 1072 695 magis
1114 625 1163 679 in
1196 624 1300 678 illis
1333 623 1455 676 talia
1484 632 1739 689 prarstare
1780 631 1874 687 po-

291 724 500 788 Iuisset,
548 721 595 777 si
623 721 837 790 quidem
876 719 1176 774 voluisset:
1209 732 1392 771 rerum
1445 714 1496 769 id
1548 714 1735 773 nutuit,
1781 710 1875 765 sed

288 818 527 871 immissa
575 815 626 869 in
671 813 937 868 elementa
969 813 1045 866 ira
1075 826 1193 873 sua,
1237 824 1302 865 ex
1351 806 1758 863 mansuetudine
1782 820 1877 859 sua

289 911 527 977 ipsorum
550 906 775 961 salutem
798 904 1035 959 curabat.
1062 902 1165 959 Sed
1204 901 1277 957 illi
1305 902 1356 955 in
1388 900 1593 954 insania
1625 897 1877 967 perstite-

290 1009 435 1057 runt.
463 999 607 1055 Talis
634 1014 718 1053 res
760 1006 843 1053 est
887 996 1118 1056 invidia;
1150 1009 1253 1049 non
1286 992 1438 1048 facile
1466 991 1699 1047 sedatur.
1730 989 1879 1043 Tunc

290 1109 420 1162 ergo
447 1092 533 1147 his
552 1091 854 1157 conspectis
880 1088 1151 1161 prodigiis.
1181 1086 1312 1141 nihil
1338 1102 1399 1142 ex
1433 1083 1761 1154 impudentia
1792 1096 1879 1136 re-

293 1188 587 1251 miserunt;
637 1195 817 1252 pcatca
865 1193 1040 1238 autem
1093 1180 1305 1251 quando
1342 1178 1517 1247 sigillo
1558 1176 1800 1249 apposito
1828 1182 1882 1227 ct

293 1274 553 1329 militibus
582 1272 1001 1328 custodientibus
1031 1270 1352 1332 resurrexit;
1392 1268 1443 1322 id
1478 1267 1619 1337 quod
1659 1266 1726 1321 ab
1754 1264 1883 1333 ipsis

292 1367 608 1424 custodibus
645 1365 978 1429 didicerunt;
1014 1372 1237 1433 argento
1272 1361 1392 1415 illos
1418 1374 1792 1427 corruperunt.
1827 1365 1885 1409 ut

294 1457 704 1514 resurrectionis
752 1454 1048 1511 testimonia
1101 1452 1506 1509 suffurareutur.
1557 1450 1633 1505 Ne
1675 1448 1885 1502 mireris

296 1550 500 1618 itaque,
540 1550 583 1603 si
617 1560 742 1603 tunc
769 1549 927 1600 etiam
971 1538 1213 1614 improbe
1243 1558 1300 1599 se
1323 1549 1641 1614 gesserunt;
1691 1541 1769 1594 sic
1800 1552 1887 1592 se-

298 1640 407 1695 mel
447 1654 506 1694 se
543 1645 985 1706 comparaverant
1011 1635 1077 1689 ad
1105 1649 1317 1689 omnem
1349 1631 1696 1700 impudentia:
1724 1630 1886 1685 ratio-

299 1744 423 1784 nem
459 1745 473 1782 :
504 1726 596 1783 sed
624 1726 749 1780 illud
777 1725 1083 1781 consideres
1112 1724 1293 1789 velim,
1325 1724 1499 1793 qualia
1529 1723 1677 1793 signa
1705 1719 1888 1774 fecerit

298 1835 365 1873 ex
388 1818 543 1883 cat-lo,
572 1818 622 1872 in
650 1826 790 1874 terra
820 1825 875 1871 et
899 1816 953 1871 in
972 1815 1089 1886 ipso
1117 1815 1349 1886 templo;
1376 1813 1530 1868 simul
1568 1811 1887 1880 indignatio-

301 1924 424 1964 ucm
470 1924 621 1963 suam
669 1919 1130 1973 commoustrans,
1178 1907 1442 1976 simulque
1492 1904 1770 1961 declarans
1826 1916 1888 1955 ea

300 2017 424 2068 ιιιιω
446 2001 572 2055 olim
601 2000 870 2055 inaccessa
906 2008 1078 2066 erant,
1113 1998 1227 2065 jam
1279 1997 1411 2052 adiri
1463 2011 1619 2066 posse
1652 2013 1667 2049 :
1699 1993 1888 2047 mulum

301 2108 424 2148 esse
440 2092 804 2163 aperiendum,
832 2100 887 2146 et
908 2091 972 2145 ad
993 2107 1115 2146 vera
1139 2100 1322 2145 sancta
1341 2099 1646 2144 sanctorum
1669 2102 1754 2142 res
1770 2101 1890 2139 esse

305 2181 721 2237 transferendas.
762 2182 831 2236 Et
855 2181 940 2235 alii
968 2182 1182 2252 quidem
1222 2180 1491 2243 dicebant,
1524 2179 1587 2234 Si
1610 2194 1699 2232 rex
1728 2171 1894 2232 Israel

303 2282 399 2333 est,
430 2272 693 2325 descendat
717 2283 855 2326 nunc
898 2271 962 2324 de
1003 2286 1188 2334 cruce;
1219 2272 1332 2340 ipse
1380 2285 1508 2324 vero
1538 2267 1793 2333 ostendit,
1834 2282 1894 2322 se

306 2379 413 2417 non
456 2362 663 2417 lsraelis
700 2362 880 2425 modo,
912 2362 1004 2417 sed
1050 2365 1209 2416 totius
1237 2362 1382 2417 orbis
1407 2377 1585 2432 regem
1631 2375 1771 2415 esse.
1815 2360 1893 2414 Illi

306 2452 575 2512 dicebant.
610 2451 707 2519 Qui
741 2450 887 2507 solvit
925 2452 1164 2523 templum
1212 2453 1326 2519 hor,
1368 2463 1413 2505 et
1458 2454 1509 2507 in
1537 2450 1696 2505 tribus
1724 2450 1895 2504 diebus

308 2542 531 2610 cedi/ient
558 2542 723 2605 illud;
767 2543 880 2612 ipse
904 2557 1032 2598 vero
1065 2543 1323 2605 declarat,
1354 2542 1606 2611 templum
1649 2556 1817 2611 usque
1841 2541 1894 2595 iu

310 2634 471 2687 tinem
500 2632 767 2689 desertum
798 2632 933 2689 fore.
962 2633 1192 2689 Rursum
1226 2634 1297 2688 illi
1328 2632 1594 2695 dicebant,
1620 2631 1760 2685 Alios
1801 2631 1897 2684 sat-

310 2740 399 2775 ros
429 2724 565 2795 fecit,
589 2724 809 2793 seipsum
844 2740 946 2778 non
977 2733 1137 2793 potest
1171 2726 1362 2778 salsum
1390 2725 1592 2794 facere;
1630 2723 1744 2794 ipse
1771 2737 1898 2777 vero

314 2815 367 2867 iu
394 2827 576 2878 cruce,
603 2813 654 2867 iu
685 2828 961 2869 servorum
990 2814 1303 2883 corporibus
1343 2813 1392 2866 id
1423 2828 1541 2867 cum
1584 2827 1774 2882 magna
1804 2827 1900 2882 pu-

314 2905 477 2958 tentia
523 2902 773 2958 ostendit.
806 2903 937 2959 Nam
984 2905 1027 2958 si
1074 2905 1484 2974 quatriduanum
1536 2902 1795 2958 Lazarum
1833 2916 1900 2957 ex

314 2995 563 3063 sepulcro
610 2995 756 3050 exire
794 3010 1044 3065 magnum
1081 3004 1218 3060 erat,
1261 2995 1427 3051 multo
1468 2995 1640 3064 majus
1685 3003 1902 3049 sanctos

317 3087 439 3142 illos
464 3102 655 3143 omnes
678 3088 786 3152 jam
830 3088 955 3143 olim
984 3090 1221 3158 sepultos
1248 3089 1530 3145 confertim
1557 3091 1707 3144 rivos
1733 3102 1899 3157 appa-

318 3196 472 3243 rere;
500 3179 639 3250 quod
689 3179 877 3235 futura:
920 3180 1327 3236 resurrectionis
1369 3182 1576 3251 signum
1627 3190 1763 3235 erat.
1819 3180 1905 3235 Ait

318 3271 461 3324 enim
493 3291 505 3325 :
535 3269 625 3326 52.
658 3258 823 3324 Multa
873 3288 1088 3342 corpora
1128 3284 1419 3325 sanctorum
1455 3273 1542 3342 qui
1571 3273 1900 3336 dormierunt,

316 3370 662 3416 surrexerunt.
690 3362 780 3417 55.
807 3360 869 3414 Et
894 3362 1191 3416 introierunt
1220 3364 1273 3416 in
1305 3373 1532 3416 sanctam
1562 3363 1827 3425 civitatem,
1859 3371 1905 3415 et

318 3464 665 3522 apparuerunt
695 3454 884 3507 multis.
925 3453 1002 3509 Ne
1029 3455 1170 3509 enim
1198 3464 1474 3525 putaretur
1493 3455 1544 3510 id
1574 3455 1713 3525 quod
1749 3456 1909 3511 fiebat

323 3546 638 3611 phantasma
668 3559 804 3608 esse,
835 3546 1016 3603 multis
1036 3547 1193 3600 etiam
1219 3557 1475 3617 apparent
1499 3546 1552 3602 in
1576 3548 1808 3602 civitate.
1843 3549 1909 3602 Et

320 3634 567 3688 centurio
586 3650 796 3705 quoque
828 3636 991 3691 Deum
1017 3646 1143 3691 tunc
1170 3636 1483 3707 gloriﬁcavit
1512 3639 1694 3693 dicens
1728 3659 1740 3692 :
1786 3638 1909 3692 Vere

323 3726 406 3776 hic
443 3724 589 3778 homo
608 3728 782 3795 justus
809 3735 935 3783 erat.
982 3725 1051 3780 Et
1082 3728 1239 3782 turbae
1264 3744 1377 3798 qua:
1418 3741 1652 3784 venerant
1695 3732 1761 3783 ad
1803 3748 1912 3801 spe-

321 3817 582 3877 rtandum,
625 3819 952 3885 percutientes
978 3829 1180 3888 pectora
1206 3836 1319 3883 sua,
1350 3821 1719 3875 revertebantur
1757 3820 1906 3890 (Luc.

322 3907 395 3960 εδ
440 3908 525 3961 47.
559 3908 669 3979 I8).
718 3908 885 3963 Tanta
931 3920 1015 3965 est
1057 3912 1228 3965 virtus
1273 3914 1531 3974 crucifixi,
1578 3922 1633 3966 ut
1678 3923 1794 3983 post
1834 3922 1912 3968 tot

326 3997 604 4052 irrisiones
630 4007 683 4053 et
708 3998 948 4065 dicteria,
979 4010 1034 4056 et
1060 4002 1303 4057 centurio
1323 4013 1375 4058 et
1401 4003 1623 4072 populus
1648 4018 1911 4073 compun-

324 4096 597 4156 gercntur.
646 4088 869 4154 Quidam
927 4106 1053 4145 vero
1095 4104 1314 4147 narrant
1365 4091 1505 4147 hunc
1542 4096 1908 4150 ceutmiuuem

330 4189 513 4242 postea
536 4179 586 4231 iu
611 4179 712 4232 tide
736 4181 1059 4244 rulmratum,
1087 4185 1395 4254 martyrium
1424 4184 1632 4240 fortiter
1661 4187 1915 4241 subiisse.

327 4269 419 4325 55.
449 4267 606 4322 Erant
624 4280 800 4325 autem
827 4273 931 4326 illic
955 4275 1188 4327 mulieres
1216 4277 1385 4329 nmltte
1431 4294 1459 4328 a
1496 4278 1642 4345 longe
1671 4278 1909 4343 ridrutrs,

326 4376 445 4425 qut:
472 4372 692 4430 sequuta!
734 4367 934 4431 fuerunt
976 4363 1149 4417 Iesum
1176 4383 1208 4418 tt
1239 4365 1453 4420 Gali/ma
1484 4370 1819 4422 ministrantes
1844 4370 1909 4435 ei,

331 4451 421 4511 3:6,
453 4451 505 4503 in
534 4452 711 4520 quibus
737 4465 841 4507 erat
883 4454 1049 4509 Maria
1081 4456 1400 4527 dlngduleue,
1432 4470 1477 4512 et
1514 4460 1680 4514 ,Πανία
1709 4462 1907 4523 Jacobi.

329 4552 377 4594 et
399 4541 521 4595 Jose
550 4552 725 4609 mater,
754 4556 799 4598 et
820 4556 977 4599 mater
996 4550 1215 4615 ﬁliorum
1240 4550 1483 4606 Zebedxci.
1522 4553 1644 4607 lla3c
1668 4555 1800 4609 facta
1839 4558 1914 4609 \‘i-

330 4632 457 4684 clunt
486 4633 734 4689 mulieres
767 4635 891 4700 illm,
916 4653 1034 4706 qua:
1064 4641 1293 4693 maxime
1318 4642 1498 4695 duleut
1525 4622 1589 4697 ac
1617 4644 1817 4707 lugent.
1850 4646 1915 4699 Et

330 4725 637 4779 rotisidrrcs
679 4727 837 4779 velim
880 4744 1037 4798 quam
1092 4730 1319 4785 assidam
1364 4733 1490 4785 sint.
1542 4735 1916 4804 Sequebantur

334 4817 506 4884 ipsum
547 4817 933 4883 ministrantes,
980 4830 1032 4874 et
1072 4837 1238 4892 usque
1280 4824 1343 4876 ad
1394 4827 1625 4893 pericula
1668 4829 1910 4885 aderant.

333 4904 563 4974 Ideoque
601 4909 776 4960 omnia
822 4911 1154 4979 spectabant,
1208 4916 1473 4982 quomodo
1520 4918 1831 4973 clamaverit
1864 4930 1917 4974 et

330 4997 716 5064 exspiraverit;
768 5001 1034 5067 qnmundu
1067 5015 1229 5069 petra:
1262 5008 1439 5059 scissa)
1466 5006 1588 5068 sint,
1620 5019 1918 5081 ceteraque

334 5090 530 5141 omnia.
563 5088 797 5160 Ipsarque
834 5094 1017 5161 primm
1044 5094 1224 5149 Iesum
1273 5098 1482 5164 vidi-nt;
1528 5099 1718 5168 liicque
1757 5119 1918 5159 sexus

333 5179 565 5233 maxime
589 5180 887 5245 damnatus,
924 5184 1121 5251 priums
1148 5186 1408 5240 bonorum
1440 5193 1747 5257 SpCCIaCtlitt
1791 5196 1920 5247 frui.

334 5279 418 5319 tur
449 5285 463 5317 :
492 5268 632 5335 quod
662 5272 890 5325 maxime
923 5274 1127 5329 illarum
1157 5276 1519 5333 fortitudinem
1551 5284 1911 5341 commendat.

335 5359 585 5425 Itiseipuli
624 5358 887 5429 fugerunt,
922 5364 1022 5417 illm
1045 5367 1284 5421 aderant.
1323 5370 1578 5438 Quantam
1608 5374 1919 5430 illa-.craut?

332 5449 501 5501 Mater
525 5450 659 5517 ejus,
692 5470 849 5521 quam
872 5456 997 5509 dicit
1020 5456 1222 5521 Jacobi,
1252 5471 1301 5514 et
1326 5462 1565 5531 reliqum.
1594 5467 1741 5519 Alius
1768 5484 1921 5522 evan-

332 5541 519 5606 gelism
549 5541 755 5609 (Lucas,
780 5546 929 5616 ibid.)
960 5548 1106 5611 dicit,
1140 5552 1331 5605 multos
1361 5554 1523 5609 fuisse
1562 5560 1649 5625 qui
1690 5558 1759 5611 ob
1806 5560 1918 5615 lure

335 5632 645 5717 plangere-nt
694 5644 979 5706 pectusque
1023 5641 1333 5709 tuudereut;
1367 5648 1508 5716 quod
1556 5654 1790 5707 maxime
1820 5652 1917 5706 Ju-

330 5722 568 5775 da‘orum
601 5726 969 5781 crudelitatem
1001 5734 1339 5803 usteudcbat,
1372 5740 1461 5807 qui
1500 5740 1565 5794 de
1602 5745 1795 5811 quibus
1826 5746 1913 5800 alii

338 5815 611 5882 gestiebant
649 5818 1019 5891 l-egebnuque,
1054 5825 1117 5880 i‘e
1162 5828 1348 5885 iisdem
1388 5833 1482 5901 ipsi
1526 5833 1910 5904 gloriabantur.

1122 417 1189 473 IN
1230 414 1633 474 MATTIUEUII
1676 414 1904 469 HOMIL.
1953 410 2284 469 LXXXVIII.
2329 408 2398 461 al.
2443 407 2732 463 LXXXIX.

3473 405 3576 461 77S

1984 544 2154 593 neque
2186 523 2550 579 miserit-ordia
2572 524 2723 585 muti,
2750 536 2922 593 neque
2946 522 3135 577 timore
3155 521 3397 576 cohibiti.
3418 524 3580 591 Signa

1983 620 2179 688 quippe
2208 616 2319 682 illa,
2362 631 2466 669 nou
2513 615 2673 668 mtqu
2714 616 2882 684 signa,
2936 614 3030 668 sed
3062 615 3156 668 ira:
3186 628 3394 682 magum
3439 613 3585 665 furo-

1985 713 2163 781 ris-que
2184 710 2331 780 signa
2373 716 2560 773 erant;
2595 709 2855 772 tenebrat,
2886 717 3053 777 petra:
3087 707 3292 773 scisam,
3334 705 3509 760 velum
3552 722 3579 757 a

1986 804 2163 859 medio
2194 803 2507 867 rescissum,
2554 808 2710 855 terra:
2753 808 2928 854 motus
2959 816 2973 853 :
3006 798 3125 854 htec
3159 798 3391 869 ingentis
3430 800 3588 852 erant

1988 895 2384 967 indignationis.
2419 894 2509 949 58.
2540 892 2798 947 Accedens
2841 901 3008 945 autent
3050 890 3265 959 Ioseph,
3302 890 3441 961 petiit
3480 906 3588 943 cor-

1986 1005 2098 1059 pus.
2134 988 2229 1042 llic
2259 997 2373 1043 erat
2412 984 2613 1056 Ioseph
2644 985 2752 1047 ille,
2785 983 2873 1054 qui
2914 997 2975 1037 se
3005 983 3151 1052 prius
3182 982 3541 1039 occultaverat
3571 999 3584 1043 ;

1989 1094 2131 1133 nunc
2165 1093 2294 1133 vero
2330 1091 2579 1147 magnum
2615 1074 2886 1144 quidpiam
2914 1089 3081 1129 ausus
3118 1082 3202 1130 est
3234 1083 3353 1143 post
3382 1060 3585 1129 Christi

1989 1180 2236 1223 mortem.
2267 1166 2383 1223 Non
2414 1168 2558 1223 enim
2590 1165 2840 1235 ignobilis
2867 1166 3208 1237 iguutusque,
3240 1165 3336 1220 sed
3368 1180 3433 1220 ex
3456 1178 3585 1218 cun-

1989 1261 2110 1315 silio
2139 1276 2271 1314 unus
2300 1257 2695 1327 admudumque
2726 1257 2950 1327 insignis
2989 1265 3108 1313 erat
3137 1273 3151 1310 :
3182 1256 3323 1312 unde
3355 1256 3588 1311 maxime

1990 1352 2106 1417 ejus
2138 1349 2393 1406 tortitudo
2422 1350 2712 1421 spectanda
2744 1360 2868 1406 est:
2896 1365 3019 1406 nam
3058 1350 3110 1405 in
3152 1349 3345 1406 mortis
3373 1349 3590 1420 pericu-

1994 1444 2101 1497 lum
2141 1444 2409 1509 veniebat,
2440 1459 2562 1498 cum
2604 1444 2843 1498 omnium
2880 1444 2934 1498 in
2966 1458 3025 1498 se
3056 1442 3240 1499 odium
3266 1443 3585 1508 concitaret,

1993 1534 2119 1597 dum
2161 1550 2312 1590 suam
2343 1550 2466 1605 erga
2502 1533 2687 1590 Iesum
2718 1535 3146 1590 benevolentiam
3188 1533 3590 1598 demonstrans,

1993 1639 2189 1695 corpus
2218 1633 2399 1696 petere
2429 1640 2592 1680 ausus
2627 1634 2728 1690 est,
2761 1640 2931 1695 neque
2958 1616 3183 1690 destitit,
3214 1624 3389 1681 donec
3431 1624 3482 1679 id
3509 1639 3594 1679 as-

1994 1725 2251 1786 scquutus
2299 1724 2462 1772 esset.
2494 1715 2604 1772 Nec
2643 1717 2852 1786 accepit
2897 1715 3059 1771 modo
3105 1724 3159 1772 et
3201 1731 3335 1797 cum.
3374 1726 3590 1785 sumptu

1995 1808 2257 1877 sepelivit,
2285 1808 2380 1863 sed
2409 1809 2460 1862 in
2483 1808 2733 1878 sepulcro
2757 1822 2856 1863 suo
2884 1824 3044 1879 uorp,
3071 1808 3195 1863 hinc
3217 1822 3457 1865 amorem
3484 1807 3595 1863 for-

1998 1900 2387 1970 titudinemque
2412 1916 2563 1954 suam
2594 1899 2993 1955 demonstrans.
3023 1899 3138 1955 Hoc
3178 1915 3307 1955 vero
3338 1915 3444 1955 non
3477 1900 3596 1954 sine

1998 2006 2178 2056 c:=usa,
2208 2006 2307 2047 nec
2333 1991 2449 2046 sine
2492 1991 2825 2063 providentia
2850 1991 2920 2046 ita
2948 1991 3145 2046 factum
3180 2002 3283 2057 est,
3313 1991 3407 2046 sed
3442 2006 3491 2044 ιιι
3529 2007 3597 2045 ne

2001 2085 2104 2138 ulla
2130 2084 2214 2140 vel
2247 2084 2468 2138 minima
2512 2083 2747 2152 suspicio
2781 2089 3105 2146 remaneret,
3154 2082 3318 2136 alium
3363 2096 3463 2153 pro
3492 2081 3599 2136 alio

2001 2177 2322 2233 surrexisse.
2371 2176 2460 2232 6l.
2516 2175 2677 2230 Erant
2716 2184 2883 2228 autem
2930 2173 3102 2229 Maria
3156 2173 3507 2243 Magdaleue,
3553 2184 3599 2227 et

2003 2268 2165 2321 altera
2212 2266 2381 2321 Maria
2412 2267 2639 2322 sedentes
2682 2282 2709 2320 e
2742 2267 2944 2337 regione
2973 2266 3216 2337 sepulcri.
3250 2266 3359 2321 Cur
3394 2266 3499 2320 illa:
3530 2266 3599 2319 ita

2003 2360 2289 2415 assident?
2337 2358 2480 2414 Nihil
2519 2357 2695 2414 adhuc
2740 2374 2990 2428 maguum
3026 2358 3109 2412 vel
3140 2357 3374 2412 sublime
3412 2357 3479 2410 de
3511 2357 3603 2411 illo

2003 2452 2244 2506 sciebant
2273 2469 2288 2508 :
2318 2451 2546 2521 ideoque
2574 2461 2843 2523 unguenta
2873 2450 3189 2515 attulerunt,
3232 2458 3288 2504 et
3314 2464 3481 2518 prope
3512 2464 3603 2502 se-

2013 2536 2265 2607 pulcrum
2300 2541 2615 2608 manebaut,
2652 2554 2730 2610 ut,
2762 2543 2807 2597 si
2850 2540 3167 2597 Iuda-orum
3208 2540 3364 2596 furor
3389 2541 3609 2598 sedare-

2016 2634 2130 2694 tur,
2168 2630 2491 2686 accedereut
2519 2640 2575 2688 et
2605 2631 2776 2687 eﬂ'use
2804 2631 3293 2701 amplecterentur.

2076 2725 2130 2779 5.
2182 2723 2518 2795 Eleemosyua
2546 2722 2756 2792 pauperi
2804 2721 2948 2787 data,
3005 2719 3208 2776 Christo
3249 2729 3510 2791 erogatur.
3536 2750 3607 2763 --

2015 2816 2171 2872 Vides
2199 2816 2481 2871 mulierum
2518 2814 2923 2871 fortitudinem?
2952 2813 3103 2869 vides
3135 2813 3424 2869 amorem?
3454 2812 3607 2867 vides

2010 2908 2386 2963 liberalitatem
2417 2908 2469 2961 in
2494 2922 2727 2976 expensa
2756 2921 2926 2977 usque
2960 2906 3025 2961 ad
3052 2906 3246 2961 mortis
3265 2905 3563 2976 periculum
3586 2904 3609 2957 ζ’

2012 3001 2187 3054 llasce
2208 3001 2459 3054 mulieres
2498 2999 2790 3062 imitemur,
2837 2999 2934 3052 viri
2970 3015 2982 3051 ;
3024 3012 3091 3053 ne
3117 2996 3301 3053 Iesum
3345 2996 3397 3051 in
3432 3005 3609 3053 tenta-

2012 3092 2243 3147 tionibus
2270 3090 2655 3160 relinquamus.
2690 3090 2798 3146 Illa:
2832 3089 2882 3144 in
2916 3097 3189 3144 mortuum
3224 3097 3303 3143 tot
3336 3088 3611 3157 impende-

2013 3192 2157 3249 runt,
2183 3182 2381 3236 iuvit-.1:
2412 3196 2522 3237 sua:
2563 3182 2857 3251 periculum
2889 3199 2901 3233 :
2934 3195 3032 3236 nos
3067 3179 3434 3250 autemtlibet
3467 3181 3611 3234 enim

2015 3276 2245 3345 idipsum
2270 3278 2540 3345 repetere)
2567 3289 2665 3329 nec
2683 3275 3012 3329 esurientem
3031 3274 3248 3340 alimus,
3282 3287 3384 3328 nec
3405 3271 3611 3327 nudum

2017 3368 2307 3434 induimus,
2352 3367 2445 3422 sed
2486 3367 2636 3421 illum
2678 3366 3075 3422 mendicantem
3106 3364 3351 3420 videntes
3386 3374 3612 3434 praeter-

2015 3462 2303 3517 currinms.
2348 3461 2489 3515 Sane
2545 3460 2590 3515 si
2646 3461 2821 3529 ipsmn
2867 3455 3142 3513 Christum
3192 3455 3472 3523 videretis,
3518 3473 3615 3511 sua

2017 3555 2212 3625 singuli
2258 3552 2660 3623 profumlerent.
2704 3551 2809 3608 Sed
2844 3566 2987 3607 lllllic
3029 3550 3167 3605 idem
3201 3548 3319 3621 ipse
3362 3558 3463 3605 est.
3498 3548 3616 3618 Ipse

2019 3660 2248 3715 namque
2276 3644 2429 3709 dixit,
2462 3643 2577 3714 Ego
2616 3658 2754 3697 sum.
2783 3641 2892 3698 Cur
2920 3657 3048 3712 ergo
3079 3656 3183 3697 non
3212 3642 3391 3695 omnia
3441 3640 3615 3694 effun-

2017 3738 2139 3792 dis?
2166 3736 2373 3792 Etenim
2405 3751 2545 3790 nunc
2569 3734 2837 3789 dicentem
2860 3735 3034 3797 audis,
3058 3732 3187 3787 Mihi
3217 3734 3398 3804 [acis‘.
3427 3731 3613 3801 Neque

2018 3829 2288 3901 quidpiam
2335 3830 2559 3882 interest
2603 3837 2777 3882 utrum
2825 3827 2966 3889 huic,
3022 3838 3200 3881 utrum
3257 3826 3330 3881 illi
3374 3825 3610 3887 dederis,

2024 3940 2198 3994 neque
2225 3925 2403 3978 minus
2430 3924 2643 3986 feceris,
2685 3938 2846 3992 quam
2893 3925 3149 3979 nudiercs
3190 3925 3315 3987 illae,
3346 3939 3463 3992 qua-
3496 3936 3619 3977 tunc

2024 4016 2195 4084 ipsum
2238 4014 2564 4077 nutriebant,
2595 4013 2702 4068 imo
2743 4016 2912 4068 multo
2953 4015 3147 4085 majus.
3182 4014 3376 4069 Verum
3410 4031 3477 4070 ne
3508 4025 3622 4069 tur-

2023 4106 2056 4159 h
2078 4105 2242 4158 'miui.
2289 4104 2402 4159 Non
2432 4114 2511 4158 est
2541 4104 2683 4159 enim
2714 4105 2919 4174 :rqua’le
2948 4106 3121 4174 ipsum
3156 4106 3438 4160 Dominum
3480 4122 3619 4174 [mr-

2023 4205 2232 4250 srntcm
2267 4196 2435 4259 alere,
2476 4196 2615 4265 quod
2647 4196 2726 4249 vel
2762 4196 3027 4265 lapideum
3060 4196 3296 4251 animum
3332 4197 3612 4267 pertrahe-

2025 4298 2126 4345 ret.
2185 4296 2237 4340 ot
2286 4296 2504 4356 Frontcr
2549 4288 2712 4341 verba
2762 4288 2879 4357 ejus
2928 4287 3244 4353 dumtaxat,
3302 4303 3617 4358 pauperem,

2026 4383 2292 4443 nnnilum,
2328 4382 2602 4435 incurvum
2634 4381 2903 4436 hominem
2953 4384 3153 4439 fovere.
3187 4383 3262 4439 lbi
3294 4385 3435 4439 enim
3463 4401 3619 4455 aspe-

2025 4486 2141 4526 ctus
2163 4474 2502 4543 dignitasque
2532 4476 2811 4543 praesentis
2838 4475 3094 4539 attrahit;
3130 4478 3215 4532 hic
3240 4488 3417 4534 autem
3450 4488 3619 4534 totum

2028 4564 2409 4618 misericordee
2440 4565 2529 4618 tibi
2556 4566 2833 4633 praunium
2856 4567 3177 4622 adscribitur
3203 4588 3216 4623 :
3243 4571 3523 4640 majusque
3542 4582 3623 4625 est

2028 4664 2129 4709 tua!
2154 4671 2279 4724 erga
2312 4657 2457 4709 illum
2490 4658 2810 4712 reverentize
2840 4669 3238 4729 argumentum,
3265 4662 3481 4729 quando
3500 4679 3624 4729 pro-

2027 4757 2145 4815 pter
2175 4748 2291 4813 ejus
2324 4751 2486 4802 verba
2533 4764 2851 4803 conservum
2890 4750 3037 4803 fures
3069 4754 3118 4805 iu
3158 4753 3430 4808 omuihus.
3480 4754 3623 4809 Fore

2031 4837 2211 4903 igitur,
2258 4853 2321 4891 ac
2370 4838 2529 4892 crede
2572 4840 2856 4908 accipienti
2887 4852 2940 4894 et
2968 4842 3189 4905 dicenti,
3237 4842 3368 4897 Mihi
3409 4846 3609 4900 dedisti.

2030 4928 2137 4981 Nisi
2181 4930 2323 4982 enim
2357 4929 2457 4998 ipsi
2498 4928 2678 4995 dares,
2719 4946 2827 4985 non
2859 4941 2909 4986 te
2949 4933 3037 4986 ille
3083 4949 3249 5001 regno
3287 4934 3622 5005 dignaretur.

2028 5016 2136 5071 Nisi
2168 5019 2337 5087 ipsmn
2368 5023 2714 5088 aversareris,
2751 5039 2855 5077 non
2888 5033 2937 5077 te
2963 5023 3012 5077 in
3041 5025 3343 5094 gehennam
3362 5029 3617 5091 mitteret,

2030 5108 2172 5176 quod
2204 5109 2358 5162 vilem
2397 5111 2627 5178 aliquem
2667 5111 2941 5169 hominem
2970 5116 3329 5186 ‘ii‘SPCXISeCS.
3358 5120 3461 5175 Sed
3501 5125 3622 5191 quia

2032 5200 2121 5253 ille
2152 5202 2265 5266 ipse
2294 5211 2375 5255 est
2404 5204 2490 5270 qui
2520 5204 2831 5272 despicnur,
2868 5209 2986 5259 ideo
3009 5226 3257 5277 magnum
3293 5212 3341 5265 id
3364 5214 3617 5284 ﬂagitium

2030 5303 2132 5345 cst.
2156 5293 2245 5346 Sic
2274 5304 2326 5347 et
2352 5293 2546 5348 Paulus
2582 5297 2729 5350 illum
2756 5303 3200 5368 prrsequrbatur;
3236 5303 3356 5359 ideo
3384 5305 3616 5370 dieebat,

2035 5382 2171 5447 Quid
2192 5400 2269 5436 me
2293 5389 2600 5455 persequeris
2621 5389 2757 5455 (Δεῖ.
2780 5391 2832 5445 9.
2860 5393 2911 5461 I)
2935 5393 2955 5443 ?
2981 5393 3068 5448 Sic
3086 5410 3235 5463 ergo,
3259 5412 3380 5451 cum
3409 5398 3618 5461 damus,

2030 5470 2203 5526 aﬂecti
2236 5476 2423 5537 simus,
2464 5492 2525 5530 ae
2567 5480 2609 5529 si
2640 5478 2854 5534 Christo
2882 5498 3227 5552 ervgarcmus
3258 5506 3270 5541 :
3304 5504 3424 5541 nam
3462 5492 3624 5545 verba

2030 5563 2164 5632 ejus,
2199 5564 2315 5633 plus
2354 5582 2510 5635 quam
2551 5583 2613 5622 ea
2656 5585 2776 5639 qtuc
2808 5573 2907 5625 sub
2954 5587 3227 5644 aspectum
3262 5580 3459 5633 eadunt
3495 5596 3619 5637 cre-

2030 5656 2222 5710 denda.
2281 5659 2413 5713 Cum
2475 5662 2668 5717 videris
2729 5681 2858 5736 ergo
2925 5684 3257 5737 pauperem,
3327 5674 3618 5731 reeordmu

2098 5789 2124 5866 If
2149 5791 2344 5864 Morel...
2361 5801 2571 5866 (‘itr‘nnn
2595 5798 2753 5843 mtmiu
2770 5800 2995 5862 eﬂinaiis,
3021 5806 3214 5864 quando
3234 5806 3427 5866 quidem
3463 5832 3482 5855 ιλ
3500 5810 3625 5862 Mihi

2025 5850 2167 5912 fucis,
2204 5872 2218 5899 θ
2246 5854 2445 5907 omissis
2471 5862 2798 5916 intertmsitis.
