4156 6520
603 365 703 423 779

601 481 907 545 verborum,
951 476 1142 548 quibus
1182 485 1238 526 se
1283 470 1396 538 ipse
1441 465 1569 520 dicit
1618 461 1886 517 alendum.
1939 457 2166 548 Etiamsi

605 571 742 627 enim
774 571 819 625 is
844 567 932 639 qui
957 547 1176 634 apparet
1204 568 1307 615 non
1337 557 1406 612 sit
1426 556 1691 619 Christus,
1716 552 1810 608 sed
1831 550 1929 606 sub
1960 549 2055 603 hac
2078 547 2168 602 ille

606 664 771 731 tlgura
809 657 936 728 petit
960 665 1012 709 et
1044 652 1254 720 accipit.
1287 649 1551 704 Erubesce
1594 646 1769 716 igitur,
1807 657 1927 696 cum
1967 639 2166 731 petenti

607 730 711 806 non
745 747 970 803 dederis.
1003 745 1113 799 lloc
1149 741 1333 811 pudori
1364 749 1464 804 est,
1504 737 1604 791 hoc
1639 749 1844 805 pinnam
1873 741 1928 786 et
1955 730 2169 813 suppli-

604 843 743 898 cium
776 845 1025 893 meretur.
1057 834 1185 889 Nam
1213 831 1353 903 quod
1377 829 1659 890 memllcet,
1697 826 1763 879 ad
1791 826 1906 890 ejus
1941 823 2167 892 pertinet

607 930 912 992 bonitatem,
938 942 1000 981 ac
1021 936 1236 996 prepter
1253 922 1351 976 hoc
1371 935 1465 974 nos
1484 919 1694 988 gloriari
1721 932 1815 984 par
1833 924 1914 969 est
1939 931 1952 966 :
1982 915 2026 968 si
2047 929 2171 966 vero

606 1039 711 1078 non
742 1020 975 1081 dederis,
1011 1028 1114 1072 tua:
1144 1016 1244 1070 erit
1272 1012 1615 1090 crudeli'ptis.
1648 1007 1797 1077 Quod
1824 1007 1868 1062 si
1898 1022 2037 1059 nunc
2067 1021 2170 1057 non

604 1112 793 1168 eredas
820 1119 892 1174 te,
915 1123 1033 1164 cum
1057 1119 1340 1176 pauperem
1365 1100 1571 1156 fidelem
1599 1097 1979 1169 pratici-curris.
2002 1096 2170 1164 ipsum

606 1210 1037 1272 prwtercurrerc,
1064 1205 1186 1249 tunc
1211 1192 1395 1247 credes
1422 1205 1542 1244 cum
1580 1198 1630 1242 te
1661 1188 1711 1241 in
1750 1185 1926 1241 medio
1964 1185 2170 1237 illorunt

608 1290 886 1362 producto,
923 1288 1100 1344 dicet:
1127 1284 1196 1340 In
1237 1293 1478 1354 quantum
1515 1282 1592 1335 his
1630 1296 1730 1333 non
1772 1279 1976 1348 fecistis,
2018 1291 2174 1344 neque

607 1384 732 1436 mihi
758 1380 965 1452 fecistis.
1007 1377 1112 1432 Sed
1148 1376 1286 1431 absit
1315 1384 1368 1428 ut
1399 1388 1494 1426 vos
1537 1371 1664 1427 illud
1700 1372 1770 1424 ita
1807 1369 2046 1434 discatis,
2078 1364 2172 1420 sed

611 1474 809 1527 utinam
834 1484 971 1526 nunc
993 1469 1292 1531 credentes,
1317 1474 1372 1520 et
1399 1464 1789 1525 fructificantes,
1812 1460 2173 1517 beatissimam

611 1565 753 1619 illam
781 1562 1005 1617 audiatis
1032 1574 1237 1624 vocem,
1267 1571 1383 1627 qua:
1410 1567 1503 1608 vos
1529 1555 1579 1608 iu
1609 1567 1827 1618 regnum
1854 1549 2170 1604 introducat.

610 1654 808 1710 Verum
845 1653 987 1707 dicet
1021 1651 1245 1705 fortasse
1288 1645 1547 1717 quispiam
1586 1659 1600 1696 :
1641 1641 1888 1708 Quotidie
1919 1637 2071 1693 nobis
2107 1636 2176 1692 de

611 1748 948 1816 elecmosyna
991 1751 1046 1798 et
1092 1737 1449 1796 misericordia
1500 1735 1739 1791 disseris.
1791 1723 2174 1801 Neque‘fiuem

611 1835 824 1892 dicendi
846 1835 1054 1889 faciam.
1089 1830 1306 1886 Etiamsi
1334 1830 1474 1884 enim
1497 1843 1559 1882 ea
1589 1825 1727 1896 apud
1754 1839 1847 1878 vos
1880 1832 2024 1879 recte
2052 1834 2174 1891 pro-

612 1926 884 1990 cederent,
919 1938 1088 1993 neque
1117 1931 1240 1975 tunc
1262 1917 1622 1973 desistendum
1651 1924 1809 1978 esset,
1843 1931 1908 1968 ne
1933 1912 2055 1966 hinc
2083 1926 2178 1966 ne-

613 2013 952 2084 gligentiores
992 2009 1305 2065 cvaderctis.
1339 2008 1585 2061 Attamen
1621 2005 1664 2060 si
1705 2004 1839 2059 bene
1873 2017 1959 2057 res
1997 2014 2182 2070 proce-

613 2107 784 2172 deret,
816 2104 989 2158 tninus
1015 2102 1266 2155 instarent
1293 2099 1366 2152 :si
1397 2111 1613 2151 verone
1632 2093 1696 2148 ad
1716 2093 1944 2146 medium
1966 2089 2178 2160 quidem

633 2195 963 2266 pervenistis,
989 2208 1056 2247 ne
1086 2190 1233 2254 mihi,
1255 2188 1348 2246 scd
1378 2187 1524 2242 vobis
1551 2185 1678 2256 ipsis
1703 2183 1752 2238 id
1789 2181 2023 2252 ohjicite.
2047 2179 2179 2234 Nam

625 2287 845 2359 perinde
885 2285 1185 2350 facis,-dum
1216 2271 1577 2352 conquereris,
1605 2285 1763 2346 atque
1797 2274 1840 2328 si
1874 2287 2004 2343 puer
2026 2271 2179 2341 alpha

617 2394 760 2447 sa-pe
783 2377 1025 2440 audiens,
1052 2389 1149 2430 nec
1173 2373 1436 2437 edisceus,
1466 2368 1603 2438 apud
1625 2367 1930 2437 magistrum
1951 2377 2182 2432 conque-

619 2470 848 2530 tcrctur,
892 2469 1031 2535 quod
1083 2464 1390 2532 frequenter
1441 2475 1505 2515 ac
1548 2467 1804 2528 perpetuo
1843 2454 1895 2510 id
1946 2454 2180 2507 dot-cret.

619 2559 750 2626 Quis
790 2557 930 2611 enim
973 2571 1039 2610 cx
1081 2553 1259 2608 verbis
1302 2551 1433 2606 meis
1463 2549 1630 2604 factus
1667 2555 1749 2602 est
1785 2543 2081 2614 expeditior
2117 2540 2184 2596 ad

620 2649 1011 2717 clecmosynam
1033 2644 1298 2699 dandam?
1326 2642 1443 2713 quis
1491 2640 1740 2712 pecunias
1775 2635 2040 2708 profudit?
2065 2637 2185 2704 quis

621 2741 894 2796 dimidium
941 2753 1138 2809 opum,
1195 2736 1313 2805 quis
1367 2735 1573 2789 tertiam
1627 2742 1828 2801 partem
1880 2723 2184 2783 dialfibllll?

621 2831 810 2887 Nemo.
838 2827 1115 2895 Quomodo
1135 2842 1262 2894 ergo
1288 2823 1570 2878 absurdum
1603 2838 1707 2875 non
1729 2819 1906 2882 fuerit,
1933 2817 2058 2872 dum
2091 2829 2183 2869 vos

559 2981 561 2988 η
623 2937 728 2976 non
749 2919 970 2982 discitis,
997 2917 1184 2985 jubere
1211 2930 1307 2970 nos
1330 2931 1358 2966 a
1388 2911 1626 2967 docendo
1655 2907 1954 2965 absistere?
1986 2907 2182 2962 Contra

551 2989 553 2991 1
623 3010 919 3066 faciendum
965 3016 1151 3062 esset:
1185 3005 1228 3059 si
1285 3019 1380 3059 nos
1426 3002 1686 3057 absistere
1741 3000 2035 3063 vellemus,
2087 3012 2184 3050 vos

621 3108 894 3169 o;:ortcret
919 3099 1148 3152 retinere
1167 3110 1229 3150 ac
1249 3094 1460 3148 dicere:
1481 3090 1721 3147 Nondum
1743 3087 1856 3142 bicc
1881 3087 2182 3149 didicimus,

622 3200 677 3246 et
700 3205 797 3244 cur
823 3203 854 3244 a
880 3185 1146 3242 monendo
1168 3178 1457 3239 desistitis?
1483 3181 1539 3236 Si
1565 3180 1682 3249 quis
1708 3178 1844 3233 oculi
1881 3177 2186 3231 infirmitate

623 3280 908 3345 laboraret,
935 3285 988 3332 et
1025 3291 1124 3347 ego
1161 3273 1399 3329 medicus
1436 3287 1631 3336 essem,
1661 3270 1703 3322 si
1741 3267 2051 3337 emplastro,
2093 3281 2190 3318 uu-

622 3371 822 3432 ctione,
863 3367 1076 3438 reliquis
1118 3363 1366 3420 remediis
1402 3360 1672 3420 adhibitis.
1720 3375 1904 3430 parum
1959 3355 2188 3426 profuis-

622 3476 757 3525 sent,
789 3467 844 3514 et
879 3458 1082 3513 abirem
1113 3468 1328 3511 :annon
1357 3453 1424 3508 ad
1451 3452 1676 3506 ofﬁcium
1708 3450 1847 3504 fores
1889 3446 2185 3510 accederet,

624 3552 897 3616 clamaret,
937 3563 1126 3619 tneque
1171 3546 1240 3602 de
1283 3545 1481 3616 ingenti
1532 3543 1845 3612 negligentia
1894 3549 2189 3605 accusaret,

629 3642 769 3713 quod
797 3648 1169 3711 perseverante
1199 3638 1384 3691 morbo
1420 3635 1796 3690 recessissem?
1822 3644 1876 3686 et
1900 3633 1944 3686 si
1973 3645 2190 3687 accusa-

631 3746 716 3788 tus
756 3731 1132 3803 responderem
1169 3749 1184 3782 :
1228 3728 1559 3797 Cataplasma
1600 3724 1842 3794 apposui,
1885 3725 2031 3790 unxi,
2066 3739 2188 3776 num

631 3825 759 3880 illud
803 3824 996 3878 ferret?
1026 3821 1259 3883 Minime,
1290 3818 1382 3876 sed
1410 3817 1588 3872 statim
1621 3816 1820 3871 diceret
1853 3834 1867 3868 :
1905 3814 2034 3882 Qua:
2059 3813 2188 3868 mihi

635 3916 757 3968 hinc
792 3913 1008 3977 utilitas,
1040 3911 1165 3966 dum
1205 3909 1346 3965 male
1372 3907 1607 3963 afficior?
1649 3906 1875 3975 Idipsum
1921 3905 1988 3959 de
2016 3905 2190 3958 anima

633 4006 882 4075 rogitato.
914 4002 1074 4070 Quid,
1097 4003 1141 4057 si
1168 4015 1378 4056 manum
1404 3999 1687 4064 infirmam,
1719 4007 2035 4068 torpentem,
2059 4011 2159 4051 con
2176 4023 2190 4034 ο

616 4106 867 4158 tractam,
909 4107 1051 4161 saepe
1097 4091 1487 4145 fomentatiooe
1521 4103 1719 4142 ctu-aus
1742 4126 1756 4148 ,
1792 4083 2038 4139 emollire
2078 4095 2187 4134 non

625 4188 927 4261 potuissem
950 4184 973 4236 ?
999 4197 1181 4236 annon
1200 4181 1433 4250 idipsum
1455 4176 1736 4232 audirem?
1765 4175 1833 4228 At
1863 4188 2007 4227 nunc
2028 4173 2191 4261 etiam

625 4259 850 4335 inanum
918 4281 1254 4330 contractam
1309 4280 1365 4326 ct
1410 4270 1703 4325 arefactam
1760 4265 2068 4335 irrigamus.
2131 4259 2199 4313 Et

638 4364 776 4423 ideo,
809 4361 977 4414 donec
1010 4358 1153 4412 illam
1175 4366 1451 4411 extensam
1488 4354 1794 4420 viderimus,
1825 4356 2049 4410 circuire
2087 4371 2194 4410 non

634 4454 971 4508 desislcmus.
1012 4449 1222 4506 Utinam
1263 4457 1318 4502 et
1363 4462 1457 4502 vos
1497 4447 1565 4502 de
1602 4448 1745 4502 nullo
1777 4447 1883 4502 alio
1924 4448 2197 4518 colloqua-

639 4544 789 4609 mini,
818 4541 1057 4606 etdomi,
1097 4541 1232 4594 etin
1273 4538 1408 4602 foro,
1454 4549 1505 4593 et
1537 4538 1586 4591 in
1632 4554 1833 4604 mensa,
1876 4549 2055 4605 noctu,
2090 4541 2198 4594 imo

635 4643 688 4687 et
719 4647 810 4701 per
838 4631 1120 4685 somnium.
1153 4628 1280 4682 Nam
1308 4627 1352 4681 si
1384 4627 1608 4682 interdiu
1633 4627 1743 4681 hme
1762 4629 1969 4682 solliciti
1988 4645 2199 4699 semper

639 4722 1034 4784 meditaremur,
1064 4721 1221 4774 etiam
1252 4734 1344 4789 per
1372 4719 1642 4784 somnium
1672 4718 1722 4772 in
1753 4720 1814 4773 iis
1841 4735 2196 4776 versaremur.

706 4816 759 4869 4.
815 4813 984 4879 Quare
1028 4813 1405 4881 Chrysostomus
1439 4815 1716 4884 frequenter
1751 4813 1814 4866 de
1852 4814 2196 4885 elemosyna,

639 4923 738 4959 non
768 4916 932 4959 autem
961 4903 1024 4956 de
1049 4903 2070 4973 pugnacontraudversariosC/tristiamc
2085 4907 2198 4960 reli-

635 4998 798 5069 gionis
810 4995 1049 5049 disserat.
1063 4992 1220 5045 Arma
1231 4991 1662 5053 Christianorum,
1671 4996 1892 5048 virtutes.
1915 4995 2196 5063 Auditores,

637 5089 770 5158 ("uad
798 5088 937 5139 mum
963 5087 1012 5138 in
1047 5085 1248 5138 rec/asia
1278 5100 1377 5135 non
1415 5100 1467 5136 se
1509 5095 1784 5138 reverenter
1824 5098 2076 5155 gererent,
2120 5091 2200 5143 in-

639 5187 805 5242 rreth
825 5219 837 5237 ,
895 5179 1114 5244 ipsorum
1184 5175 1549 5227 irret'eremium
1601 5175 1895 5232 describens.
1945 5207 2018 5218 -—
2066 5180 2200 5247 Quid

640 5265 817 5320 dicis?
859 5265 934 5318 Dc
978 5266 1315 5334 cleemosyua
1360 5278 1574 5333 semper
1617 5264 1863 5320 dissero?
1897 5267 2098 5322 Vellem
2149 5279 2202 5327 et

637 5372 738 5426 rgo
765 5352 1058 5422 hujusmodi
1089 5353 1454 5408 adhortatione
1476 5353 1601 5407 nihil
1631 5356 1767 5425 apud
1791 5369 1881 5411 vos
1905 5374 2038 5425 Opus
2059 5373 2197 5426 esse,
2243 5401 2246 5404 .

636 5445 730 5500 sed
752 5445 1011 5498 disserere
1035 5444 1100 5498 de
1121 5461 1288 5514 pugna
1310 5456 1489 5500 centra
1509 5445 1740 5510 Judzeos,
1756 5458 1932 5502 contra
1952 5451 2196 5519 gentiles,

639 5543 824 5589 contra
856 5534 1132 5588 haereticos
1164 5552 1178 5586 :
1209 5537 1300 5589 sed
1328 5537 1557 5590 nondum
1585 5538 1823 5593 valentes
1850 5543 1964 5609 quis
1991 5558 2199 5598 armare

641 5624 842 5694 possit?
890 5625 1154 5693 quomodo
1196 5626 1245 5678 iu
1286 5628 1452 5683 aciem
1482 5628 1707 5684 educere
1749 5631 1918 5686 adhuc
1945 5635 2110 5706 pl-ngis
2146 5647 2199 5691 et

656 5715 959 5771 vulneribus
985 5717 1244 5774 sauciata:
1263 5724 1283 5771 ’ἰ
1312 5723 1364 5776 Si
1397 5739 1487 5777 vos
1518 5722 1651 5777 bene
1682 5725 1912 5781 valentes
1941 5728 2192 5798 viderem,

1334 356 1386 412 S.
1425 351 1699 409 JOANNIS
1735 340 2200 404 CllliYSOSTOMI
2239 340 2552 397 ARCIIIEP.
2592 339 3115 398 CONSTANTINOP.

3749 343 3854 400 730

2264 451 2374 524 jam
2405 471 2456 508 tn
2485 455 2655 510 aciem
2687 455 2830 509 illam
2857 455 3158 511 eduxissent
3178 497 3193 524 ,
3240 463 3397 526 atque
3439 452 3637 510 Christi
3681 459 3851 524 gratia

2272 547 2387 601 fulti
2437 556 2668 618 stragem
2717 548 2982 625 vidissctis
3040 549 3438 603 innumerorum
3485 548 3848 612 cadaverum,

2273 637 2539 706 multaque
2583 638 2739 691 allata
2783 653 2966 692 eorum
3013 639 3206 708 capita.
3259 638 3316 692 In
3364 638 3483 692 aliis
3507 653 3671 708 perm
3702 639 3851 694 libris

2273 729 2434 783 multa
2466 728 2564 784 hac
2607 729 2672 784 de
2700 745 2757 784 re
2790 730 3018 785 diximus
3049 748 3062 784 :
3095 729 3187 785 sed
3232 745 3405 800 neque
3432 731 3509 784 sic
3541 730 3698 798 plane
3725 745 3849 798 pos-

2272 833 2475 885 sumus,
2523 819 2589 873 ob
2638 820 2924 873 multorum
2954 818 3350 888 negligentiam,
3397 821 3534 872 hanc
3571 819 3849 873 victoriam

2273 909 2563 965 celebrare.
2618 911 2900 980 Postquam
2955 911 3097 965 enim
3155 909 3275 963 illos
3322 924 3463 979 smpe
3512 909 3851 979 dogmatibus

2275 1002 2666 1073 proﬂigavimus
2688 1044 2704 1068 ,
2749 1004 2908 1057 vitam
2937 1003 3227 1056 nmltorum
3257 1002 3410 1057 nobis
3437 1002 3452 1034 ⁸
3484 1002 3846 1072 ettprobrant,

2272 1093 2359 1162 qui
2412 1093 2548 1162 apud
2595 1108 2693 1148 nos
2738 1103 3148 1164 congregantur,
3200 1106 3492 1162 eorumque
3545 1094 3770 1147 vulnera
3799 1102 3850 1146 ct

2233 1261 2236 1264 ἢ
2273 1185 2435 1238 animi
2465 1186 2696 1239 morbos.
2725 1185 3001 1251 Quomodo
3029 1199 3158 1254 ergo
3185 1199 3279 1238 vos
3323 1182 3551 1239 fidenter
3593 1185 3644 1238 in
3678 1185 3847 1238 aciein

2276 1275 2576 1340 cducemus,
2621 1291 2740 1331 cum
2770 1278 2928 1332 etiam
2957 1277 3110 1331 nohis
3157 1277 3362 1331 molesti
3406 1277 3542 1340 sitis,
3579 1276 3705 1330 dum
3755 1293 3847 1330 vos

2278 1369 2458 1422 hostes
2504 1368 2811 1422 confodiunt
2856 1383 2919 1422 ac
2962 1368 3250 1423 derident?
3296 1369 3440 1422 Illius
3484 1369 3628 1423 enim
3661 1384 3852 1422 manus

2277 1475 2416 1530 :cgra
2454 1471 2534 1515 est
2559 1471 2608 1515 ct
2639 1461 2703 1514 ad
2733 1461 3057 1528 largitionem
3082 1462 3104 1492 '
3128 1472 3418 1515 contracta.
3459 1460 3738 1527 Quomodo
3768 1462 3852 1514 ille

2277 1551 2518 1621 clypeum
2567 1561 2746 1605 tenere
2776 1559 2828 1604 et
2857 1550 3145 1606 obtendere
3193 1553 3424 1620 poterit,
3453 1567 3520 1606 ne
3546 1551 3854 1606 crudelibus

2277 1639 2514 1696 dicteriis
2543 1639 2797 1696 feriatur?
2840 1641 2940 1696 Alii
2983 1642 3204 1710 pedibus
3247 1642 3548 1697 claudieaut
3595 1654 3852 1712 quotquot

2280 1732 2571 1786 ascendunt
2601 1735 2665 1784 ad
2699 1733 2898 1786 theatra
2924 1773 2937 1793 ,
2969 1741 3025 1786 ct
3074 1733 3139 1786 ad
3187 1733 3481 1803 diversoria
3516 1734 3852 1788 meretricum

2281 1822 2581 1876 mulierum.
2614 1821 2889 1888 Quomodo
2915 1821 2966 1875 hi
2999 1823 3050 1876 in
3077 1837 3248 1893 pugna
3277 1833 3419 1877 stare
3451 1832 3727 1892 poterunt,
3760 1840 3856 1878 nec

2281 1910 2510 1966 lascivia:
2553 1912 2864 1966 criminibus
2891 1912 3147 1966 confodi?
3175 1912 3326 1966 Alius
3355 1913 3528 1968 oculis
3557 1913 3765 1968 laborat
3805 1924 3858 1968 ct

2283 2016 2418 2072 pene
2444 2017 2618 2057 caacus
2657 2011 2777 2068 est,
2825 2017 2929 2057 non
2956 2002 3120 2072 probe
3151 2003 3483 2074 respiciens,
3515 2004 3607 2059 sed
3641 2005 3857 2060 lascivia

2285 2093 2490 2161 plenus,
2509 2093 2785 2147 mulierum
2807 2093 3105 2161 pudicitiam
3123 2093 3362 2156 adortus,
3386 2103 3441 2149 et
3466 2094 3747 2150 connubiis
3775 2096 3860 2149 in-

2282 2181 2520 2236 sidiatus.
2552 2182 2829 2251 Quomodo
2860 2182 2942 2239 hic
2972 2185 3212 2239 inimicos
3237 2185 3501 2253 respicere
3529 2187 3742 2254 poterit,
3769 2186 3861 2238 ha-

2283 2282 2418 2327 stam
2449 2272 2656 2328 vibrare
2679 2314 2694 2339 ,
2725 2275 2884 2329 telum
2914 2275 3176 2342 emittere,
3208 2274 3332 2329 dum
3363 2275 3593 2345 undique
3621 2276 3860 2332 dicteriis

2285 2363 2624 2419 confoditur?
2654 2366 2800 2421 Alios
2828 2366 3007 2422 videre
3045 2376 3128 2422 est
3150 2377 3332 2421 ventre
3357 2367 3599 2423 dolentes
3624 2385 3731 2423 non
3761 2369 3860 2426 mi~

2287 2470 2388 2510 nus
2423 2472 2578 2527 quam
2622 2455 2974 2529 hydropicos,
3013 2459 3100 2528 qui
3139 2473 3171 2513 a
3198 2458 3320 2528 gula
3360 2471 3412 2514 et
3442 2459 3698 2515 ebrietate
3725 2459 3862 2515 deti-

2287 2557 2497 2602 nentur.
2528 2547 2807 2616 Quomodo
2838 2549 2995 2618 igitur
3037 2549 3134 2603 hos
3175 2550 3353 2604 ebrios
3383 2549 3436 2604 in
3467 2565 3696 2619 pugnam
3725 2549 3861 2605 edu-

2287 2651 2410 2691 cere
2441 2637 2664 2705 potero?
2689 2636 2857 2692 Alteri
2888 2652 2948 2690 os
2975 2639 3145 2707 ipsum
3171 2641 3530 2709 computruit;
3560 2639 3860 2709 cuiusmodi

2285 2737 2411 2782 sunt
2451 2726 2710 2792 iracundi,
2756 2726 3161 2795 conviciatores,
3215 2727 3531 2799 blasphemi.
3580 2731 3864 2797 Quomodo

2288 2819 2447 2890 igitur
2491 2819 2578 2874 hic
2619 2820 2670 2874 in
2701 2819 2842 2874 bello
2890 2836 3139 2890 umquam
3176 2820 3456 2891 iubilahit,
3507 2838 3865 2893 magnumque

2285 2911 2554 2982 quidpiam
2571 2923 2952 2980 strenuumque
2971 2921 3109 2983 aget,
3125 2913 3247 2967 dum
3269 2923 3322 2969 et
3337 2915 3450 2984 ipse
3466 2914 3571 2969 alio
3588 2915 3861 2971 ebrietatis

2288 3015 2485 3071 genere
2514 3001 2694 3057 ebrius
2719 3009 2837 3070 est,
2879 3004 3206 3073 multamque
3234 3002 3476 3058 hostibus
3501 3004 3706 3075 praebet
3725 3007 3864 3060 risus

2285 3095 2595 3152 materiam?
2622 3094 2746 3152 ideo
2781 3096 2927 3151 hunc
2963 3097 3208 3168 qu0tidie
3245 3096 3544 3152 exercitum
3561 3095 3864 3158 circumeo,

2281 3191 2504 3244 vulnera
2518 3203 2742 3253 curans,
2771 3187 2953 3244 ulcera
2982 3202 3179 3244 sanare
3211 3187 3462 3244 studens.
3481 3185 3538 3240 Si
3562 3195 3745 3240 autem
3764 3184 3866 3238 aii—

2281 3279 2501 3350 quando
2515 3280 2857 3351 evigiletis,si
2876 3278 3058 3335 idonei
3076 3289 3130 3334 et
3150 3278 3389 3350 prompti
3409 3277 3623 3333 fueritis
3638 3277 3708 3330 ad
3726 3275 3864 3330 alios

2281 3368 2579 3437 feriendus,
2603 3370 2718 3425 haec
2743 3384 2840 3427 vos
2867 3385 3021 3426 arma
3057 3379 3289 3426 tractare
3318 3370 3546 3425 docebo.
3568 3365 3665 3422 Vel
3684 3367 3865 3436 potius

2293 3459 2405 3527 ipsa
2434 3472 2598 3528 opera
2627 3457 2777 3513 vobis
2804 3472 2950 3512 arma
2981 3467 3157 3524 erunt,
3187 3467 3242 3514 et
3268 3459 3505 3528 pretinus
3532 3473 3724 3513 omnes
3745 3473 3866 3513 suc~

2294 3548 2563 3614 cumbent,
2591 3548 2636 3604 si
2665 3547 3056 3614 misericordes,
3084 3549 3128 3603 si
3166 3547 3412 3614 modesti,
3439 3549 3483 3603 si
3511 3550 3797 3614 mansueti,
3821 3550 3864 3604 si

2294 3639 2604 3706 injuriarum
2629 3639 2966 3695 immemores
2987 3638 3210 3708 fueritis,
3231 3640 3277 3695 si
3297 3640 3426 3696 alias
3438 3656 3628 3697 omnes
3647 3642 3868 3697 virtutes

2294 3729 2658 3784 cxhibucritis.
2709 3729 2766 3785 Si
2810 3744 2940 3784 vero
2968 3730 3201 3802 quipiam
3243 3731 3691 3802 repugnaverint,
3741 3740 3868 3786 tunc

2293 3821 2455 3874 etiam
2477 3830 2650 3874 nostra
2670 3819 3035 3891 adiungemus,
3060 3835 3156 3890 vos
3176 3821 3227 3875 in
3250 3821 3482 3876 medium
3504 3822 3865 3891 proferentes:

2295 3925 2438 3965 nunc
2478 3910 2620 3964 enim
2653 3910 2702 3966 in
2736 3911 2836 3966 hoc
2879 3926 3037 3966 cursu
3068 3927 3097 3965 a
3123 3912 3272 3968 vobis
3298 3913 3635 3983 itnpedimur.
3673 3912 3863 3968 Consi-

2295 3998 2455 4055 deres
2482 4000 2638 4054 velim
2658 4041 2672 4066 ,
2704 4015 2906 4069 qumso.
2946 4000 3178 4055 Dicimus
3206 4015 3392 4072 magna
3414 4011 3691 4070 operatum
3712 4001 3867 4057 Chri-

2298 4098 2440 4145 stum
2467 4104 2605 4155 esse,
2629 4093 2716 4160 qui
2743 4089 2960 4160 angelos
2989 4104 3053 4144 ex
3087 4090 3387 4145 hominibus
3415 4090 3600 4147 fecerit
3625 4109 3641 4157 ;
3669 4091 3864 4148 deinde

2302 4197 2428 4237 vero
2455 4197 2573 4237 cum
2619 4182 2850 4236 rationes
2879 4191 3235 4250 expetuntur,
3279 4182 3412 4249 jussi
3455 4196 3519 4237 ex
3566 4182 3670 4237 hoc
3712 4200 3869 4255 grege

2300 4273 2565 4341 specimen
2613 4273 2825 4342 aliquod
2873 4272 3140 4342 proferte,
3191 4271 3630 4329 obmutescinius.
3684 4274 3868 4331 Timeo

2302 4365 2443 4418 enim
2492 4379 2558 4418 ue
2609 4379 2703 4432 pro
2745 4365 2945 4434 angelis
2987 4378 3176 4434 porcos
3215 4379 3279 4420 es
3326 4364 3449 4418 hara
3482 4367 3747 4434 educam,
3779 4378 3869 4422 aut

2301 4469 2467 4523 equos
2512 4456 2838 4508 emissarios.
2884 4454 3007 4509 Scio
3053 4454 3167 4508 hzre
3197 4455 3348 4510 vobis
3377 4457 3600 4512 molesu
3631 4473 3755 4513 esse
3777 4498 3793 4521 ,
3819 4469 3872 4513 at

2303 4557 2405 4596 nou
2456 4555 2638 4597 contra
2692 4558 2786 4597 vos
2835 4560 3021 4598 omnes
3059 4546 3172 4600 lia-c
3197 4544 3462 4606 dicuntur,
3493 4547 3586 4601 sed
3615 4547 3872 4604 adversus

2303 4648 2394 4687 eos
2415 4634 2500 4702 qui
2527 4633 2606 4689 his
2631 4633 2844 4688 obnoxii
2877 4645 3031 4700 sunt;
3064 4636 3169 4689 imo
3198 4651 3264 4690 ne
3287 4644 3470 4690 contra
3495 4635 3614 4691 illm
3633 4639 3870 4707 quidem,

2304 4723 2347 4777 si
2380 4723 2717 4792 resipiscam,
2749 4725 2841 4778 sed
2869 4739 2965 4796 pro
2989 4726 3109 4780 illis.
3146 4725 3293 4782 Nunc
3321 4725 3462 4781 enim
3489 4727 3666 4782 omnis
3697 4730 3870 4798 peric-

2303 4826 2428 4870 runt
2470 4826 2821 4886 corruptique
2868 4826 3032 4871 sunt:
3068 4819 3301 4888 nihilque
3349 4817 3546 4874 differt
3574 4821 3800 4876 ecclesia
3842 4837 3873 4876 ι

2303 4907 2478 4968 botun,
2509 4907 2771 4961 asinorum
2794 4907 3188 4962 eatnelorumve
3211 4908 3417 4963 stabulo
3445 4926 3459 4963 :
3484 4924 3547 4966 ac
3569 4909 3698 4965 dum
3720 4925 3873 4966 orem

2307 5000 2537 5068 requiro,
2575 5016 2641 5054 ue
2671 5016 2826 5056 unam
2855 5001 3068 5072 quidem
3103 5018 3314 5071 possum
3341 5005 3541 5060 videre.
3572 5004 3645 5060 ita
3685 5021 3875 5075 nempe

2305 5104 2489 5145 omnes
2517 5091 2794 5145 calcitraut
2814 5135 2828 5155 ,
2854 5103 2908 5146 ut
2934 5094 3054 5162 equi
3081 5105 3134 5148 ct
3169 5095 3302 5149 asini
3330 5106 3568 5166 agrestes
3590 5138 3606 5160 ,
3638 5097 3727 5166 qui
3761 5096 3874 5154 bare

2304 5181 2478 5234 omnia
2526 5190 2762 5256 stercore
2807 5185 3118 5260 complent:
3154 5186 3274 5240 talia
3319 5187 3463 5241 enim
3501 5197 3625 5242 sunt
3664 5189 3873 5243 illorum

2305 5271 2584 5340 colloquia.
2628 5275 2703 5326 Ac
2734 5274 2776 5326 si
2807 5289 2989 5342 pOsscs
3019 5277 3154 5330 scire
3193 5279 3368 5332 omnia
3410 5294 3529 5348 qua:
3561 5280 3613 5333 in
3653 5280 3874 5350 singulis

2304 5364 2647 5418 eoneionibus
2691 5365 2936 5419 dicuntur
2983 5383 3010 5418 a
3044 5369 3201 5431 virts,
3231 5384 3262 5423 a
3289 5370 3602 5425 mulieribus
3623 5413 3635 5430 .
3668 5374 3877 5428 videres

2307 5455 2482 5519 utique
2499 5454 2611 5510 huic
2630 5469 2863 5511 stercore
2882 5458 2970 5511 illo
2988 5459 3335 5530 immupiliora
3357 5462 3510 5531 longe
3524 5478 3664 5519 esse.
3681 5451 3876 5530 Quam-

2305 5543 2486 5597 obrem
2535 5562 2660 5614 rogo
2715 5547 2850 5601 luinc
2893 5549 3082 5602 malam
3133 5552 3570 5608 consuetudinem
3625 5556 3874 5623 mutetis,

2368 5681 2380 5710 ¹
2410 5677 2460 5728 In
2478 5678 2636 5728 Morel.
2657 5678 2853 5741 legitur,
2882 5681 3019 5732 vobis.

2369 5745 2387 5774 '
2414 5749 2534 5793 ttxc.
2565 5756 2624 5790 tu:
2649 5741 2964 5802 largius-mm,
2994 5762 3033 5792 u:
3056 5759 3083 5793 n
3111 5744 3339 5807 leguntur
3361 5746 3410 5795 iu
3427 5745 3588 5796 Morel.
