4156 6524
256 422 367 477 7M

249 550 321 591 est
347 536 572 591 ecclesia
602 542 927 606 unguentum
954 532 1137 603 spiret.
1169 530 1321 587 Nunc
1361 543 1538 587 autem
1577 533 1847 591 sensibilia

252 629 273 680 ἰ
284 648 325 683 ιι
357 628 443 683 illa
472 627 816 699 tbymiamata
843 624 1087 693 ponimus
1106 664 1122 688 ,
1149 623 1217 678 de
1243 624 1500 693 spirituali
1530 636 1706 679 autem
1752 623 1852 677 im-

245 719 526 774 niunditia
557 734 665 774 non
694 725 894 770 tantam
918 728 1100 769 curam
1126 713 1361 783 gerimus
1380 755 1394 778 ,
1426 722 1478 765 ut
1504 727 1621 767 eam
1654 726 1850 781 purge-

242 827 388 867 lnns
435 810 863 878 snleratnusque.
905 806 1158 875 Quaenam
1206 820 1336 877 ergo
1381 804 1618 859 utilius?
1666 803 1850 872 Neque

241 903 410 957 enim
444 903 510 955 ita
538 901 822 955 ecclesiam
853 897 1294 965 doturparemns,
1324 905 1530 952 stercus
1548 910 1845 964 congeren-

241 1002 367 1055 tes,
400 1007 555 1065 quam
588 989 872 1054 lmdamus,
902 990 1022 1042 talia
1050 997 1233 1042 mutuo
1255 987 1551 1058 loquentes,
1580 986 1647 1041 de
1677 987 1844 1045 lucrn,

235 1085 333 1140 de
365 1082 743 1153 negotiatione,
771 1080 838 1133 de
865 1079 1271 1149 cauponalinne,
1301 1078 1366 1133 de
1389 1078 1454 1132 iis
1478 1093 1598 1149 quas
1627 1076 1755 1131 nihil
1779 1076 1841 1131 ad

1235 418 1300 475 lN
1339 419 1745 476 MATTIIEUM
1788 415 2015 473 ιιοιιιι.
2061 416 2345 472 LXXXIX.
2391 418 2462 472 al.
2512 417 2620 473 XC.

3455 426 3561 479 78':

1962 547 2060 587 nos
2086 532 2388 602 pertinent,
2415 547 2536 587 ctnn
2564 542 2839 603 oporteret
2868 535 2952 589 bic
2982 536 3258 603 angelicas
3280 553 3403 593 esse
3430 547 3561 593 ιιιιιι-

1961 636 2072 684 ros,
2114 629 2170 675 et
2213 620 2492 675 ecclesiam
2538 622 2728 677 ca-lmn
2772 624 2969 692 lacere,
3018 626 3254 697 nihilque
3294 627 3438 682 aliud
3472 630 3560 685 tm.

1960 726 2080 766 esse
2106 727 2263 781 quam
2295 713 2631 781 precntimtes
2670 715 2915 768 assiduas
2937 755 2952 777 ,
2998 715 3273 770 silentium
3301 726 3351 773 et
3383 729 3557 773 alten-

1960 804 2179 858 tionem.
2204 804 2317 859 ﬂoc
2342 804 2425 858 vel
2450 820 2589 860 llllllc
2615 805 2892 871 faciamus,
2921 816 2980 861 ut
3002 817 3057 862 et
3080 808 3242 863 vitam
3262 826 3561 882 purgemus

1960 903 2218 959 nostram,
2262 902 2319 949 et
2360 895 2628 965 promissa
2674 905 2875 951 aeterna
2925 897 3063 951 bena
3115 913 3512 969 consequamur
3544 943 3558 958 .

1958 986 2129 1056 gratia
2151 995 2201 1041 et
2234 986 2567 1058 benignitate
2598 986 2809 1041 Domini
2841 989 3011 1042 nostri
3038 988 3165 1044 Jesu
3200 990 3434 1059 Christi,
3467 994 3557 1048 cui

1957 1077 2122 1147 gloria
2153 1077 2205 1131 in
2236 1078 2427 1133 sarcula
2458 1080 2797 1134 saeculorum.
2826 1080 3017 1134 Amen.

230 1191 2267 1221 ____________________________,

1396 1257 1746 1321 HOMlLlA
1788 1255 2152 1318 LXXXIX.
2196 1256 2285 1320 al.
2329 1256 2466 1321 XC.

233 1416 402 1473 Car.
429 1413 518 1468 27.
552 1427 606 1468 v.
658 1410 746 1466 62.
807 1406 1023 1462 Postera
1068 1414 1238 1460 autem
1284 1401 1399 1467 die,
1438 1415 1552 1472 qua:
1598 1406 1673 1453 est
1731 1406 1843 1465 post

332 1509 649 1562 Parasceoen
668 1545 688 1572 ,
742 1506 1078 1557 convenerunt
1132 1498 1384 1567 principes
1427 1492 1745 1548 sacerdotum
1795 1499 1844 1545 et

328 1598 594 1653 l’ltariscl
620 1597 687 1649 ad
711 1593 935 1648 Pilatum
953 1632 968 1655 ,
996 1590 1087 1647 65.
1112 1589 1329 1644 diecula
1353 1601 1373 1640 :
1398 1584 1617 1639 Domine
1633 1625 1648 1648 ,
1676 1596 1844 1635 recor-

324 1692 440 1744 dati
475 1703 650 1743 sumus
686 1685 820 1757 quod
848 1685 1091 1755 impostor
1113 1680 1201 1735 ille
1236 1677 1418 1733 dixerit
1442 1676 1608 1729 adhuc
1636 1673 1803 1727 virens
1824 1711 1842 1737 ,

333 1783 461 1837 Post
486 1792 585 1836 tres
609 1781 715 1834 dies
742 1792 1021 1847 resurgam.
1053 1773 1141 1829 64.
1170 1771 1303 1826 lube
1329 1785 1450 1840 ergo
1474 1766 1662 1822 muniri
1680 1764 1842 1834 sepul-

324 1891 474 1930 crum
520 1889 676 1943 usque
715 1871 768 1924 in
814 1871 948 1924 diem
978 1867 1198 1929 tertium,
1240 1880 1303 1917 ne
1329 1862 1578 1917 venientes
1604 1854 1845 1927 discipuli

321 1968 440 2034 ejus
466 1964 697 2033 furentur
724 1978 856 2024 eunt,
885 1968 931 2012 et
956 1958 1126 2012 dicant
1154 1954 1362 2027 populo,
1392 1950 1527 2024 quod
1552 1960 1841 2003 resurrex-

319 2058 396 2111 rit
418 2074 449 2110 a
466 2056 673 2110 mortuis
693 2069 715 2108 :
735 2062 780 2106 et
806 2052 900 2105 erit
918 2048 1215 2103 nouissimus
1238 2061 1383 2099 error
1409 2041 1554 2114 peior
1580 2042 1771 2110 priore.

320 2151 353 2206 I
371 2187 386 2202 .
414 2146 624 2218 Ubique
651 2160 801 2201 error
828 2144 891 2197 in
928 2142 1161 2213 seipsum
1193 2137 1435 2207 impingit
1464 2137 1482 2168 ³
1507 2176 1522 2199 ,
1550 2148 1615 2189 ac
1643 2131 1729 2187 vel
1757 2131 1840 2185 in-

230 2243 403 2295 ritus
444 2238 653 2294 veritati
696 2236 1033 2305 suﬂ'ragatur.
1086 2229 1364 2301 Perpende
1401 2228 1582 2299 igitur.
1610 2224 1843 2292 Credere

228 2335 515 2406 oportuit,
566 2342 832 2385 mortuum
860 2328 1005 2382 illum
1033 2340 1174 2385 esse.
1208 2332 1262 2379 et
1299 2322 1585 2393 sepultum,
1636 2333 1701 2373 ac
1751 2332 1841 2371 re-

229 2428 557 2484 stari-exisse
587 2443 600 2477 :
631 2438 749 2493 quze
784 2422 961 2476 omnia
990 2419 1327 2473 inimicorum
1363 2428 1524 2485 opera
1566 2411 1841 2468 credibilia

232 2525 413 2577 tium.
445 2518 581 2573 Vide
604 2518 760 2587 igitur
790 2514 875 2568 illa
909 2512 1065 2567 verba
1086 2552 1102 2576 ,
1132 2525 1253 2578 quze
1278 2509 1376 2563 ista
1408 2519 1625 2575 prorsus
1645 2502 1841 2558 contir-

229 2622 408 2667 mant
438 2630 456 2665 :
486 2606 755 2664 Recordati
776 2619 951 2659 sanius
969 2644 983 2668 ,
1012 2600 1148 2673 quod
1163 2601 1405 2669 impostor
1429 2597 1517 2651 ille
1539 2594 1725 2649 dixerit
1749 2592 1841 2646 ad-

208 2705 329 2757 huc
350 2703 529 2757 virens
561 2709 812 2753 mortuus
825 2707 906 2750 cat
928 2698 1135 2763 lglltll‘),
1147 2689 1268 2744 Post
1289 2699 1394 2742 tres
1406 2688 1519 2741 dies
1532 2700 1832 2755 resurgam.

207 2796 371 2852 lube
426 2793 697 2864 obsignari
720 2792 741 2821 '
788 2786 1087 2857 sepulcrum
1117 2784 1272 2851 (ergo
1299 2780 1546 2849 sepultus
1588 2778 1695 2847 est)
1725 2818 1741 2844 ,
1774 2792 1838 2831 ne

232 2890 386 2955 forte
417 2884 614 2938 veniant
642 2881 883 2951 discipuli
905 2881 1050 2950 ejus,
1082 2888 1129 2933 et
1150 2880 1381 2949 [urentur
1409 2892 1540 2930 eum.
1571 2873 1628 2928 Si
1662 2875 1840 2945 itaque

227 2979 561 3047 sepulcrum
605 2975 863 3029 munitum
896 2973 967 3028 sit
1008 2982 1063 3028 et
1104 2971 1470 3039 obsignatum,
1512 2967 1651 3022 nulla
1694 2966 1841 3021 fraus

231 3069 392 3125 erit?
422 3067 576 3122 Nulla
602 3074 766 3121 certe.
801 3066 939 3135 Ergo
980 3073 1125 3120 certa
1172 3074 1254 3118 est
1297 3060 1707 3116 resurrectionis
1746 3059 1841 3114 de-

231 3159 577 3216 monstratio
601 3199 616 3223 ,
650 3166 706 3211 ut
737 3167 883 3227 patet
906 3172 969 3211 es
1002 3156 1065 3210 iis
1095 3170 1211 3225 qua:
1238 3170 1331 3210 vos
1357 3152 1667 3208 obtendilis.
1701 3152 1834 3205 Cum

230 3254 393 3310 enim
441 3250 778 3320 obsignatum
810 3248 965 3302 luerit
1008 3247 1333 3317 sepulcrum,
1380 3247 1520 3301 nulla
1546 3246 1690 3300 fraus
1718 3245 1833 3299 fuit.

231 3346 294 3402 Si
331 3344 485 3400 nulla
512 3343 678 3409 fraus,
701 3354 755 3399 et
777 3353 952 3400 tamen
979 3342 1281 3415 sepulcrum
1312 3358 1534 3398 vacuam
1566 3352 1834 3413 repertum

232 3445 347 3498 est.
380 3436 559 3506 palam
590 3434 611 3466 ³
636 3444 688 3488 ct
718 3436 834 3490 sine
860 3435 1219 3490 controversia
1251 3444 1332 3489 est
1378 3436 1549 3503 ipsum
1594 3448 1837 3488 resurre-

232 3530 415 3583 uisse.
450 3526 633 3582 Viden‘
658 3527 926 3596 quomodo
954 3527 1037 3583 vel
1062 3528 1207 3581 inviti
1236 3542 1332 3596 pro
1357 3527 1597 3583 veritatis
1619 3527 1837 3581 demon-

233 3620 513 3675 stratione
534 3618 807 3689 pugnent?
833 3618 912 3674 Τιι
940 3634 1067 3674 vero
1091 3619 1219 3674 mihi
1249 3619 1519 3688 perpende
1541 3633 1701 3690 quam
1728 3618 1834 3673 sint

231 3710 499 3780 discipuli
530 3710 769 3765 veritatis
792 3720 1071 3775 amantes;
1097 3710 1366 3781 quomodo
1394 3709 1523 3764 nihil
1562 3710 1835 3766 occultent

234 3818 304 3855 ex
355 3801 425 3855 iis
471 3816 590 3871 quze
636 3801 830 3856 inimici
881 3800 1165 3867 dixerunt,
1205 3804 1546 3872 quantumvis
1572 3802 1829 3872 probrosa

235 3893 327 3946 illa
359 3892 495 3946 sint.
527 3892 662 3948 Ecce
692 3894 833 3947 enim
863 3894 1206 3962 impostorem
1240 3902 1464 3960 meant,
1498 3912 1673 3967 neque
1702 3895 1829 3950 illud

234 3984 341 4051 ipsi
380 3993 560 4038 lacent
593 4002 606 4037 :
640 3984 690 4038 id
718 3984 857 4053 quod
887 3986 1046 4039 etiam
1080 3986 1288 4040 illorum
1325 3987 1695 4043 crudelitatem
1738 3988 1833 4043 dc-

231 4084 514 4130 niunstrat
549 4123 567 4149 ,
623 4077 763 4144 quod
792 4092 856 4132 ne
884 4086 1001 4146 post
1027 4088 1249 4133 mortem
1273 4081 1485 4149 quidem
1529 4081 1659 4135 iram
1699 4080 1829 4135 mis-

231 4182 353 4221 Sam
404 4162 837 4223 fecerintﬁlllnd
882 4181 1057 4223 autem
1107 4186 1347 4241 qui-rere
1374 4185 1553 4241 operte
1600 4172 1827 4246 pretium

231 4260 402 4313 luerit
432 4278 446 4312 :
479 4258 567 4312 ubi
614 4274 805 4326 nrinpc
849 4259 1071 4322 dixerit,
1120 4259 1237 4314 Post
1273 4273 1371 4316 tres
1401 4262 1508 4315 dics
1545 4279 1826 4333 resurgam.

230 4350 425 4420 Neque
471 4351 614 4404 enim
660 4351 784 4405 illud
812 4350 955 4407 clare
984 4352 1181 4406 dictum
1224 4353 1526 4419 invenitur;
1552 4354 1647 4408 sed
1678 4352 1827 4408 luna:

232 4450 447 4495 tantum
471 4442 716 4509 exemplo
734 4442 775 4494 ³.
808 4442 985 4511 Itaque
1016 4444 1255 4497 sciebant
1284 4444 1494 4499 seelesti
1525 4443 1692 4499 ,ιιιάωί
1716 4486 1730 4508 ,
1764 4460 1825 4499 ea

227 4547 352 4599 qua:
385 4531 482 4587 ille
509 4532 733 4595 dixerat,
756 4543 812 4587 et
836 4549 927 4586 sua
951 4542 1140 4600 sponte
1167 4535 1397 4604 maligne
1418 4535 1664 4604 agebant.
1689 4535 1825 4603 Quid

228 4637 363 4692 ergo
416 4622 654 4678 Pilatus?
696 4623 784 4679 65.
839 4623 1047 4678 Habetis
1093 4628 1408 4693 custodiam,
1458 4628 1646 4681 munite
1696 4630 1825 4683 sicut

226 4715 390 4770 scitis.
424 4716 517 4770 66.
548 4714 613 4769 Et
643 4717 958 4769 muniverunt
984 4716 1289 4785 sepulcrum,
1317 4718 1570 4788 signantes
1601 4719 1824 4788 lapidem

227 4820 344 4859 cum
368 4807 625 4861 custodia.
652 4806 765 4861 Non
798 4808 1054 4877 permittit
1085 4818 1140 4861 ut
1170 4808 1364 4863 milites
1385 4810 1483 4863 soli
1515 4809 1817 4880 obsignent:

229 4911 353 4949 nam
380 4898 538 4968 quasi
568 4898 634 4953 de
668 4898 827 4952 rebus
871 4898 1037 4968 ipsius
1067 4899 1327 4967 edoctus,
1375 4917 1480 4955 non
1527 4902 1669 4955 ultra
1697 4917 1818 4956 cum

227 4986 335 5041 illis
364 4989 480 5043 vult
521 5003 713 5059 agere;
760 4989 853 5044 Sed
884 4999 940 5044 ut
984 5004 1103 5060 sese
1149 4990 1217 5047 ab
1252 4992 1354 5047 illis
1395 4994 1675 5062 expediat,
1719 4994 1821 5049 hoc

222 5077 389 5132 etiam
434 5082 699 5149 permittit
739 5092 793 5136 et
835 5082 947 5139 ait:
981 5081 1087 5139 Vos
1126 5092 1183 5138 ut
1214 5085 1370 5140 vultis
1411 5086 1721 5157 obsignato,
1752 5104 1819 5145 ne

276 5229 291 5299 ξ
328 5229 541 5299 Quidam
562 5230 770 5286 habent.
789 5233 1004 5299 scipsum
1034 5238 1409 5295 transverberat.

273 5292 299 5361 ξ
330 5292 652 5361 ᾼιιι-Ιεικιιιιιει.
689 5308 795 5361 pro,
821 5292 1067 5361 obsignari
1101 5301 1304 5351 numiri.

243 5351 597 5433 :A'ulnARorellt.
626 5351 827 5420 legitur,
859 5359 901 5408 si
925 5351 1067 5412 ’ἱιιιιια
1096 5362 1253 5425 fraus,
1292 5371 1477 5432 palam,
1514 5379 1595 5422 etc
1622 5410 1634 5433 ,
1667 5378 1819 5427 omis-

212 5423 282 5459 s's
315 5417 644 5475 interpositis.

276 5482 296 5506 ι
330 5479 543 5548 supple.
569 5489 621 5557 ut
644 5482 807 5529 ﬁrma
830 5484 1063 5557 videlicet
1087 5486 1281 5557 integre
1304 5494 1593 5557 reddantur,
1615 5497 1815 5551 [torum-

212 5545 306 5609 quf
335 5545 667 5609 sinceritatem
688 5545 1087 5609 rerarittdetuqite
1119 5553 1435 5604 demonstrat.

251 5600 817 5684 {.{alilossatorprecens
860 5600 1050 5684 (Iudicis
1084 5600 1585 5684 ﬁgit-sicntegendnm
1632 5625 1811 5684 innuit,

215 5667 446 5738 nimirum
487 5681 499 5713 :
543 5667 639 5738 Ubi
669 5683 837 5737 nempe
877 5670 1062 5738 diserit
1102 5675 1315 5733 Iudicis,
1357 5667 1395 5725 ιυ
1426 5667 1813 5738 ιιοειίνὲῖιιῖἑὲ

513 5798 525 5809 ⁸
544 5744 561 5776 ι
605 5732 799 5809 strains
820 5734 1047 5809 .qttidem
1078 5738 1166 5809 hor
1202 5732 1459 5809 discipulis
1490 5732 1675 5797 dictum
1711 5732 1812 5809 Esi}

216 5784 409 5894 {uagatis
441 5798 602 5874 autpm
634 5784 766 5843 (tare
798 5784 982 5845 dictum
1013 5784 1812 5867 nontumuli-2'M3253};L831

345 5862 533 5894 arcum
541 5870 582 5894 u,

345 5862 585 5914 armario.

1955 1396 2089 1450 alios
2128 1398 2376 1455 incusare
2406 1400 2643 1470 possitis.
2670 1400 2807 1458 Nam
2837 1403 2883 1459 si
2908 1405 3009 1460 soli
3041 1406 3238 1461 milites
3266 1405 3552 1477 obsignas-

1951 1496 2097 1552 seut,
2122 1487 2306 1544 dicere
2338 1492 2668 1559 potuissent,
2698 1494 2911 1549 etiamsi
2934 1495 2984 1551 id
3016 1495 3205 1552 falsum
3235 1507 3293 1553 et
3318 1499 3552 1553 ἱιιιϊιιιΙί-

1950 1579 2057 1634 bile
2096 1579 2313 1645 luisset;
2356 1594 2589 1639 attamen
2628 1592 2685 1638 nt
2711 1572 2847 1640 alias
2876 1584 3223 1658 impudenter
3276 1589 3552 1657 iecerant,

1949 1670 2130 1728 dicere
2157 1676 2471 1744 potuissent,
2498 1678 2694 1734 milites
2712 1693 2909 1748 corpus
2933 1678 3285 1735 auferendum
3312 1681 3549 1744 dedisse.

1917 1763 2330 1837 vdiseipulisqne
2376 1783 2561 1824 ansam
2617 1754 2937 1841 praebuisse,
2985 1780 3043 1826 ut
3092 1775 3545 1828 resurrectionem

1948 1860 2065 1925 ejus
2093 1858 2462 1931 contingerent
2490 1880 2504 1914 :
2530 1876 2671 1917 nunc
2690 1871 2871 1918 autem
2891 1876 3014 1919 cum
3044 1863 3144 1935 ipsi
3168 1865 3548 1928 munivissent,

1950 1944 2052 2000 hoc
2082 1947 2265 2004 dicere
2296 1964 2401 2004 non
2431 1960 2699 2020 poterant.

2020 2039 2459 2097 Resurrectionem
2493 2043 2683 2099 Christi
2708 2054 2898 2100 certam
2930 2063 3041 2102 esse
3063 2049 3327 2119 probatur.
3355 2080 3427 2092 --
3451 2049 3547 2105 Vi-

1949 2129 2070 2185 den‘
2096 2131 2367 2200 qnomodo
2392 2133 2635 2188 nolentes
2666 2136 2944 2191 veritatem
2982 2152 3231 2195 asserere
3266 2141 3505 2194 nitantur
3524 2142 3553 2194 ἲ

1946 2219 2078 2274 Nam
2109 2222 2206 2291 ipsi
2235 2233 2598 2287 accesserunt,
2621 2226 2717 2293 ipsi
2742 2229 3032 2296 petierunt,
3069 2229 3165 2298 ipsi
3195 2219 3549 2300 obsignatum

1946 2325 2067 2366 cum
2094 2312 2373 2380 custodia;
2407 2315 2475 2368 ita
2522 2328 2576 2369 ut
2617 2330 2737 2371 Sese
2766 2329 2951 2372 mutuo
2995 2330 3248 2374 ntroitsent
3279 2332 3333 2376 et
3360 2323 3547 2377 enniu-

1897 2408 1904 2415 '
1949 2412 2081 2459 tent.
2114 2406 2277 2475 Atqui
2304 2408 2520 2477 quando
2558 2408 2716 2464 furati
2744 2420 2926 2465 essent
2954 2412 3007 2465 in
3038 2413 3302 2479 sabbato,
3327 2424 3381 2470 et
3412 2431 3549 2485 quo-

1945 2494 2146 2549 modo?
2173 2496 2355 2575 Neque
2387 2499 2531 2554 enim
2564 2498 2778 2569 prodire
2805 2512 3077 2571 poterant.
3113 2503 3266 2568 Quod
3297 2506 3341 2558 si
3371 2505 3545 2574 legem

1946 2589 2315 2656 pnetergrcssi
2344 2599 2526 2645 essent
2549 2633 2562 2653 ,
2595 2592 2869 2660 quomodo
2892 2594 3006 2648 ausi
3050 2594 3275 2666 fuissent
3302 2596 3372 2651 ita
3404 2599 3544 2652 timi-

1945 2678 1999 2732 di
2025 2678 2323 2734 accedere?
2351 2682 2623 2751 quomodo
2651 2683 2977 2752 persuadere
3004 2688 3173 2740 turba:
3202 2689 3499 2755 potuissent
3520 2688 3548 2742 ?

1944 2768 2070 2839 quid
2095 2769 2372 2836 dixisscnt,
2405 2774 2530 2843 quid
2563 2774 2850 2830 fecissent?
2879 2792 2987 2853 quo
3012 2778 3194 2832 animo
3217 2794 3313 2845 pro
3334 2792 3546 2836 mortuo

1943 2870 2088 2917 stare
2134 2864 2463 2932 potuissent?
2498 2881 2656 2935 quam
2683 2878 3064 2936 exspectantes
3096 2870 3546 2928 retributionem?

1944 2968 2104 3022 quam
2133 2955 2478 3011 mercedem?
2520 2957 2651 3012 Cum
2684 2958 2955 3014 viventem
2988 2959 3138 3015 illum
3182 2964 3543 3031 comprehen-

1942 3056 2062 3098 sum
2093 3045 2110 3077 ³
2146 3044 2419 3113 viderent,
2462 3046 2741 3117 fugerunt;
2783 3059 2839 3105 et
2867 3062 2987 3120 post
3019 3061 3246 3106 mortem
3287 3052 3544 3109 audacter

1946 3150 2042 3203 pro
2075 3134 2168 3189 illo
2197 3134 2467 3205 loqunturi
2495 3146 2683 3203 erant,
2711 3137 2755 3192 si
2799 3153 2907 3193 non
2953 3143 3375 3198 resurrexisset?
3402 3145 3543 3211 Quo-

1941 3224 2102 3277 modo
2133 3225 2249 3279 barc
2277 3224 2499 3295 cogitari
2543 3226 2789 3297 possint?
2829 3227 2981 3294 Quod
3024 3230 3169 3286 enim
3214 3247 3315 3287 nec
3345 3235 3543 3289 voluis-

1941 3323 2061 3369 sent
2086 3330 2187 3371 nec
2214 3318 2513 3386 potuissent
2540 3320 2993 3375 resurrectionem
3014 3362 3029 3386 ,
3060 3338 3177 3393 qua:
3202 3339 3305 3379 non
3333 3325 3540 3395 lttiSSot,

1941 3405 2179 3475 ﬁngere,
2216 3406 2344 3462 hinc
2374 3408 2547 3477 palam
2574 3418 2676 3463 est.
2706 3408 2867 3464 Multa
2899 3412 3043 3466 enim
3078 3413 3182 3469 illis
3207 3413 3275 3470 de
3301 3432 3541 3473 resurre-

1939 3497 2387 3566 ctioueloquutns
2408 3497 2716 3569 frequenter
2743 3498 2955 3568 luerat,
2988 3513 3045 3557 ut
3076 3504 3175 3573 ipsi
3210 3508 3500 3563 narrabant
3521 3552 3537 3570 .

1939 3586 2065 3643 Post
2112 3589 2359 3645 tres'dies
2399 3606 2682 3662 resurgam.
2722 3592 2778 3649 Si
2809 3607 2940 3665 ergo
2967 3611 3072 3650 non
3105 3602 3492 3657 resurrexissct
3517 3643 3540 3669 ,

1938 3684 2279 3741 manifestum
2303 3696 2388 3742 est
2412 3702 2505 3743 cos
2523 3728 2541 3754 ,
2572 3696 2758 3759 utpote
2783 3690 3040 3761 deceptos
3064 3734 3081 3758 ,
3109 3703 3165 3749 et
3192 3708 3222 3747 a
3249 3704 3353 3749 tota
3377 3708 3539 3767 gente

1939 3790 2155 3850 propter
2186 3780 2359 3850 ipsum
2389 3780 2747 3852 impugnatos,
2771 3782 2977 3839 (edibus
2996 3795 3051 3842 et
3075 3785 3299 3843 urbibus
3322 3789 3501 3858 pulsos
3518 3833 3538 3857 ,

1936 3869 2003 3922 ab
2031 3870 2172 3925 illius
2198 3872 2343 3926 cultu
2374 3871 2710 3928 discessuros
2732 3874 2937 3941 fuisse;
2969 3891 3144 3947 neque
3164 3879 3307 3934 enim
3332 3882 3533 3935 voluis-

1936 3971 2054 4015 sent
2096 3961 2166 4017 de
2214 3962 2306 4017 illo
2358 3963 2518 4017 talem
2552 3964 2861 4034 opinionem
2891 3981 3176 4039 spargere,
3220 3979 3403 4041 utpote
3442 3975 3539 4042 qui

1936 4051 2141 4121 decepti
2178 4053 2245 4107 ab
2286 4053 2381 4109 illo
2421 4054 2678 4120 fuissent,
2706 4066 2762 4111 el.
2806 4057 2860 4112 in
2911 4071 3152 4114 extrema
3195 4076 3291 4130 pro
3318 4062 3410 4118 illo
3434 4065 3533 4119 de-

1934 4142 2080 4198 ducti
2125 4145 2382 4212 pericula.
2416 4146 2568 4212 Quod
2600 4162 2730 4202 vero
2760 4164 2865 4202 non
2908 4152 3238 4220 potuissent,
3279 4155 3380 4209 nisi
3407 4171 3538 4212 veta

1936 4237 2257 4291 resurrectio
2287 4234 2474 4293 fuisset
2494 4280 2508 4302 ,
2540 4238 2688 4294 illam
2727 4240 2985 4296 simulare
3006 4283 3023 4309 ,
3067 4243 3117 4298 id
3165 4258 3313 4301 certe
3344 4247 3528 4302 admu-

1933 4327 2061 4381 dum
2096 4329 2367 4396 probabile
2393 4340 2493 4386 est.
2528 4330 2584 4385 In
2614 4346 2719 4403 qua
2768 4348 2828 4389 re
2854 4334 2999 4389 enim
3030 4334 3277 4391 ﬁduciam
3308 4338 3531 4394 babuis-

1932 4420 2093 4472 sent?
2118 4419 2170 4473 in
2199 4422 2464 4475 sermonis
2486 4424 2786 4493 gravitate?
2828 4426 2898 4479 At
2922 4428 3162 4481 Ollllllllm
3194 4428 3531 4498 imperitissi-

1933 4510 2003 4563 tni
2031 4519 2203 4564 erant.
2235 4510 2291 4565 ln
2322 4514 2667 4579 pecuniarum
2696 4515 2890 4585 c0pia?
2916 4514 3103 4589 Neque
3126 4506 3328 4591 virgam
3353 4539 3534 4593 neque

1930 4601 2286 4655 calceamenta
2333 4601 2619 4658 habebunt.
2665 4605 2720 4659 ln
2765 4606 3052 4676 splendore
3091 4614 3355 4681 generis?
3383 4614 3531 4670 Viles

1929 4701 2101 4750 erant.
2128 4706 2193 4744 ex
2226 4692 2419 4747 vilibus
2448 4695 2571 4749 orti.
2606 4694 2659 4749 ln
2688 4700 2875 4767 patriae
2903 4700 3234 4767 splendore?
3272 4704 3347 4757 lix
3377 4706 3526 4776 igno-

1927 4780 2125 4836 bilibus
2166 4785 2270 4838 orti
2320 4784 2452 4839 locis
2495 4798 2667 4841 erant.
2703 4788 2757 4843 lu
2804 4791 3187 4848 multitudine?
3216 4793 3332 4850 Non
3372 4811 3525 4854 erant

1927 4875 2107 4944 plures
2158 4892 2315 4947 quam
2365 4879 2647 4946 undecim,
2697 4882 2747 4935 in
2800 4884 2959 4939 variis
3008 4884 3240 4956 dispersi
3270 4888 3423 4946 locis.
3468 4894 3529 4947 In

1928 4968 2371 5047 promissionibus
2402 4972 2690 5043 magistri?
2721 4974 2832 5030 Nisi
2867 4982 3255 5036 resurrexisset
3276 5023 3291 5047 ,
3324 4984 3527 5040 nullam

1928 5044 1978 5113 in
2012 5060 2139 5129 ipsis
2161 5060 2317 5116 fidem
2348 5063 2581 5119 habituri
2612 5076 2788 5120 erant.
2816 5069 3099 5133 Quomodo
3125 5044 3307 5127 autem
3339 5073 3523 5131 furen-

1927 5161 2032 5206 tem
2066 5154 2318 5223 populum
2364 5139 2787 5212 sustinuissent?
2831 5158 2887 5215 Si
2926 5175 3156 5231 namque
3201 5165 3524 5236 cnrypbarns

1924 5245 2161 5315 ipSorum
2203 5248 2439 5305 ostiaria:
2468 5250 2709 5305 mulieris
2736 5252 2955 5308 verbum
2989 5271 3096 5309 non
3121 5256 3257 5321 tulit,
3284 5268 3335 5311 et
3365 5261 3407 5313 si
3438 5278 3524 5316 re~

1924 5336 2049 5406 liqui
2081 5337 2229 5393 illum
2262 5340 2499 5394 vinctum
2527 5342 2773 5398 videntes
2802 5344 3030 5415 dispersi
3052 5359 3175 5402 sunt
3204 5367 3217 5403 :
3249 5354 3523 5418 quomodo

1923 5428 1971 5479 in
2004 5428 2239 5482 animum
2272 5430 2639 5496 induxissent,
2671 5436 2735 5488 ad
2770 5445 3007 5491 extrema
3036 5439 3181 5493 orbis
3209 5457 3521 5513 accurrere,

1920 5527 1976 5569 nl
2005 5518 2185 5572 tictum
2220 5524 2633 5577 resurrectionis
2672 5528 2893 5580 verbum
2928 5530 3347 5597 plantat-cut?Si
3372 5538 3519 5590 enim

1920 5609 2010 5663 ille
2030 5610 2290 5668 adversus
2322 5616 2563 5670 ntulieris
2588 5617 2761 5673 minas
2791 5636 2895 5675 non
2923 5622 3101 5686 stetit,
3138 5640 3313 5693 neque
3343 5628 3415 5680 ιιι
3448 5629 3514 5683 ad

1918 5702 2247 5758 vinculorum
2275 5718 2622 5776 couSpectum
2646 5711 2665 5739 ²
2688 5750 2704 5773 ,
2737 5712 3008 5781 quomodo
3041 5724 3288 5784 poterant
3316 5716 3523 5771 olivi-r-

1980 5816 2003 5883 ’Δ
2038 5814 2086 5883 in
2123 5815 2286 5883 Morel.
2318 5831 2419 5883 non
2449 5817 2648 5880 legitur,
2684 5822 3100 5883 comprehensum.

1987 5878 2005 5906 ³
2045 5878 2096 5925 lu
2134 5879 2241 5980 alii:
2275 5880 2473 5941 legitur,
2502 5878 2653 5943 ἷιρΊιιε
2678 5883 2752 5933 illi
2774 5878 2836 5933 αξι(
2868 5886 3033 5947 νεαιιριιίι
3060 5900 3146 5937 €th
3175 5901 3219 5947 μ
3264 5895 3382 5936 tun.
