4156 6520
196 480 316 536 ἳῖὅ

195 612 321 665 que
375 593 421 647 si
476 591 662 646 beatas
702 590 863 643 hasce
910 584 1166 639 mulieros
1220 580 1424 634 imitari
1475 576 1661 637 vultis,
1714 588 1806 625 or-

202 706 219 740 I
251 698 406 741 atum
461 686 623 739 istum
677 680 935 745 vendite,
1001 688 1058 731 ιιι
1108 677 1455 744 cleemosyna
1507 667 1805 724 orucmini.

201 778 347 840 Qua:
380 773 625 833 utilitas.
670 784 894 841 quaeso,
959 782 1024 821 ex
1077 766 1158 817 his
1206 762 1477 831 lapidibus
1530 757 1804 828 pretiosis,

192 872 256 915 et
289 875 358 915 ex
383 859 620 913 Vestibus
648 872 781 911 auro
812 855 1070 910 intextis?
1098 854 1188 909 llis
1214 852 1439 924 gaudet,
1473 849 1683 921 inquies
1703 892 1717 913 ,
1745 860 1800 904 ct

201 955 428 1005 ta-tatur
447 953 646 1005 anima.
671 949 782 1015 Ego
810 956 860 1002 te
885 946 952 1002 de
983 948 1129 1001 luero
1157 956 1212 1000 et
1234 946 1459 999 utilitate
1489 944 1797 1013 interrogo;

201 1054 265 1094 ιιι
324 1041 452 1095 mihi
501 1042 754 1095 danumm
799 1054 1003 1093 narras.
1056 1036 1150 1091 llis
1178 1036 1321 1090 enim
1366 1049 1584 1103 cperant
1628 1033 1798 1100 dare,

199 1131 469 1199 gaudere,
498 1130 723 1196 haerere,
751 1130 881 1184 nihil
913 1128 1080 1198 pejus.
1104 1126 1255 1181 Tunc
1278 1124 1666 1201 acerbiorhmc
1688 1140 1799 1178 scr-

202 1218 354 1271 vitus
380 1226 462 1271 est
482 1255 498 1281 ,
530 1229 649 1269 cum
675 1215 793 1284 quis
821 1214 1061 1267 serviens
1106 1212 1336 1264 la:tatur.
1367 1209 1463 1265 Cui
1510 1210 1653 1264 enim
1685 1207 1800 1276 spi-

205 1307 490 1362 ritualium
538 1321 758 1376 orerum
805 1319 1055 1374 quuam
1104 1313 1158 1358 ut
1196 1302 1450 1357 convenit
1493 1298 1801 1355 incumbet?

204 1398 429 1467 quando
461 1398 584 1452 item
616 1397 843 1451 utdecet
872 1410 958 1450 res
986 1393 1248 1448 humanas
1273 1392 1537 1448 deridebit
1562 1407 1682 1459 quae
1708 1406 1803 1445 au-

205 1506 277 1544 ro
307 1490 495 1546 vinciri
545 1496 689 1559 putat
734 1501 854 1541 esse
895 1486 1092 1557 gaudio
1138 1484 1399 1554 dignum?
1448 1482 1579 1538 Nant
1608 1483 1696 1553 qui
1748 1484 1801 1536 in

208 1597 434 1637 carcere
465 1581 654 1636 lubens
682 1579 922 1645 habitat,
970 1593 1259 1645 numquam
1290 1578 1417 1633 hinc
1454 1576 1585 1647 eripi
1615 1576 1757 1630 volet
1785 1592 1799 1628 :

207 1670 665 1741 (ιυιξιιιςιιιιιιοάιιιιιΔ
693 1681 748 1727 et
776 1670 885 1741 ipsa
904 1711 918 1734 ,
956 1669 1049 1724 sed
1072 1668 1222 1737 quasi
1251 1668 1463 1735 captiva
1496 1682 1675 1737 pravtc
1705 1668 1804 1721 btt-

202 1766 365 1832 jusce
410 1764 747 1833 cupiditatis,
782 1777 954 1832 neque
978 1778 1164 1819 vocem
1205 1762 1531 1833 spiritualem
1560 1778 1681 1816 cum
1720 1761 1803 1815 (li-

209 1860 356 1912 rrttli
384 1858 574 1925 gaudio
597 1857 784 1912 audire
812 1857 1093 1911 sustinebit
1114 1900 1129 1919 ,
1158 1856 1350 1911 nedum
1376 1870 1511 1925 opus
1530 1853 1807 1925 aggredia-

213 1961 321 2002 tnr.
383 1949 533 2015 Quod
564 1964 693 2019 ergo
742 1949 947 2003 lucrum
998 1964 1061 2002 ex
1097 1948 1198 2003 hoc
1242 1957 1464 2010 ornatu,
1510 1956 1564 2002 et
1608 1962 1673 2000 ex
1708 1945 1806 2000 hac

216 2041 485 2094 mollitie?
536 2040 811 2105 Delector,
846 2040 1034 2107 inquit.
1084 2040 1315 2093 Rursum
1350 2038 1476 2092 mihi
1508 2051 1805 2091 uocumen-

214 2141 330 2184 tam
362 2146 545 2184 narras
573 2140 626 2184 et
675 2130 983 2199 perniciem.
1025 2129 1131 2184 Sed
1175 2130 1341 2183 multo
1372 2127 1519 2183 fruor
1560 2128 1765 2180 honore
1789 2166 1805 2193 ,

216 2223 424 2289 inquit,
458 2222 595 2289 apud
638 2230 987 2289 spectatores.
1023 2220 1091 2275 Et
1125 2220 1249 2291 qttid
1293 2221 1393 2275 hoc
1429 2222 1546 2275 est't
1576 2220 1808 2274 Alterius

214 2315 417 2368 scilicet
447 2315 808 2384 corruptionis
846 2324 1257 2384 argumentum,
1298 2330 1419 2369 cum
1468 2314 1522 2369 in
1574 2312 1766 2368 fastum
1790 2354 1805 2379 ,

214 2421 341 2455 cum
374 2407 421 2456 in
465 2406 827 2474 arrogantiam
867 2406 1150 2459 attolleris.
1196 2407 1308 2475 Age
1348 2407 1526 2476 igitur,
1558 2408 1807 2474 quoniam

219 2506 275 2547 tu
310 2495 515 2548 lncrmn
551 2510 653 2548 non
680 2495 889 2559 dixisti,
917 2495 1067 2561 sine,
1098 2511 1283 2564 quaeso
1306 2536 1319 2558 .
1352 2505 1669 2551 nocumenta
1712 2486 1810 2551 cx-

218 2603 415 2655 pnnant
444 2588 556 2642 tibi.
606 2588 735 2654 Qua:
765 2602 894 2658 ergo
942 2588 1067 2643 inde
1108 2589 1469 2643 Documenta?
1496 2588 1812 2644 Sollicitudo

219 2668 577 2748 majorquam
608 2681 869 2749 voluptas.
910 2678 1036 2735 Ideo
1073 2681 1310 2751 plerique
1335 2682 1688 2756 spectantium
1719 2697 1811 2735 ru-

218 2774 431 2826 diorum
480 2773 646 2840 magis
674 2772 1038 2833 delectantur,
1069 2788 1226 2841 quam
1250 2788 1368 2842 qu:e
1399 2772 1495 2826 ista
1528 2780 1699 2841 gestat
1722 2787 1810 2826 or-

222 2874 495 2917 namenta.
518 2863 597 2917 Tu
620 2864 760 2917 enim
784 2879 903 2918 cum
935 2864 1291 2919 sollicitmline
1317 2865 1555 2927 ornaris;
1582 2863 1669 2919 illc
1696 2864 1814 2919 sino

219 2974 346 3011 cura
404 2958 567 3024 pascit
614 2958 818 3010 o:u'os.
866 2957 1019 3010 Aliud
1066 2958 1191 3011 item
1247 2957 1640 3010 incommodum
1695 2966 1811 3022 cst,

221 3050 364 3116 quod
418 3048 504 3101 illa
548 3050 725 3101 animo
755 3048 1034 3115 (injiciatur
1058 3090 1071 3113 ,
1102 3058 1155 3102 et
1202 3048 1455 3103 invidiam
1500 3048 1731 3117 undique
1761 3057 1816 3103 et

223 3142 419 3212 ubique
460 3152 685 3196 moveat.
724 3140 922 3195 \‘icinze
950 3142 1092 3196 enim
1136 3142 1414 3196 concitata:
1459 3152 1643 3196 contra
1672 3141 1816 3195 virus

222 3253 350 3289 suos
380 3245 673 3297 armantur,
703 3247 748 3287 et
787 3234 921 3287 bella
952 3233 1128 3304 gravia
1152 3235 1405 3289 oscitant.
1437 3234 1513 3288 Ad
1547 3235 1661 3286 haec
1688 3248 1815 3286 vero

224 3329 392 3380 otium
425 3342 618 3389 omne,
666 3324 968 3380 sollicitudo
998 3326 1173 3379 omnis
1224 3325 1275 3379 in
1319 3325 1400 3379 his
1438 3324 1809 3386 consumitur,

224 3417 592 3485 spiritualihus
637 3418 890 3486 operibus
936 3430 1041 3471 non
1086 3417 1372 3473 admodum
1413 3432 1573 3487 Opera
1622 3417 1813 3480 datur;

226 3509 555 3577 iusnporque
586 3510 724 3561 fastu
748 3550 763 3574 ,
793 3508 1116 3577 arrogantia,
1148 3523 1282 3562 vana
1310 3508 1476 3578 gloria
1506 3507 1812 3578 hujusmodi

226 3598 421 3653 tnulier
446 3598 712 3667 impletur,
744 3614 807 3654 ac
835 3610 991 3653 terra:
1020 3608 1127 3654 tota
1154 3600 1412 3665 adlnrret,
1443 3602 1581 3671 quod
1614 3615 1816 3668 pennas

225 3690 470 3749 amittat,
497 3700 549 3743 et
577 3704 672 3759 pro
700 3688 877 3759 aquila
922 3688 1013 3744 ﬁat
1041 3691 1191 3744 canis
1213 3700 1266 3745 et
1296 3704 1509 3761 porcus.
1553 3690 1817 3747 Omittrns

227 3784 375 3835 enim
419 3781 469 3834 in
500 3779 688 3835 caelum
714 3782 956 3850 aspicere
1003 3791 1058 3836 et
1099 3783 1319 3849 volare,
1367 3782 1813 3850 qnetnadmmlnm

230 3873 377 3942 porci
408 3873 627 3927 humum
678 3874 934 3942 respicis,
980 3874 1192 3928 metalla
1226 3874 1437 3928 curiose
1483 3875 1737 3929 scrutaris
1766 3883 1817 3929 et

228 3976 407 4026 antra,
438 3964 782 4033 animumque
812 3963 1025 4018 mollem
1057 3973 1111 4018 ct
1138 3964 1453 4019 illiberalem
1484 3964 1684 4019 reddis.
1708 3962 1813 4019 Sed

228 4056 281 4110 in
315 4054 434 4109 l‘oro
461 4065 511 4109 te
540 4062 835 4119 ostentans,
867 4054 1104 4108 omnium
1132 4055 1316 4109 oculos
1347 4056 1397 4109 in
1428 4064 1476 4110 te
1504 4056 1816 4110 convertis?

231 4147 520 4215 Propterea
544 4160 731 4200 aurum
760 4154 971 4217 gestare
996 4159 1100 4199 non
1130 4146 1407 4219 oportuit,
1433 4161 1500 4201 ne
1528 4160 1814 4201 commune

230 4240 494 4291 theatrum
526 4238 683 4291 lieres
702 4278 716 4303 ,
749 4236 1084 4305 pluriumque
1107 4246 1474 4290 accusatorum
1504 4251 1596 4290 ora
1637 4237 1816 4306 aperi-

228 4344 338 4383 res.
370 4326 559 4381 Nullus
590 4329 730 4380 enim
764 4326 1161 4395 reSpicientinm
1192 4335 1243 4381 te
1271 4328 1525 4392 miratur,
1562 4327 1659 4381 sed
1688 4328 1817 4382 irri-

228 4421 357 4473 dent
408 4427 464 4471 ut
512 4426 731 4471 ornatus
779 4417 1021 4483 avidam,
1072 4428 1412 4489 arrogantem
1445 4428 1499 4473 et
1545 4420 1814 4474 carnalem

228 4510 530 4566 mulierem.
564 4509 716 4577 Quod
762 4509 807 4563 si
857 4511 908 4564 in
952 4510 1234 4565 ecclesiam
1286 4511 1641 4581 ingrediaris,
1693 4512 1815 4567 inde

228 4602 502 4673 egrederis
532 4602 660 4656 nihil
692 4601 902 4672 adepta,
939 4604 1035 4657 nisi
1060 4613 1308 4658 sexcenta
1339 4605 1561 4660 dicteria
1584 4646 1598 4667 ,
1627 4607 1815 4661 convi-

228 4696 346 4758 cia,
403 4694 724 4759 maledicta,
773 4710 877 4748 non
925 4711 952 4747 ει
1020 4696 1383 4763 spectantibus
1432 4705 1670 4760 tantum,
1721 4698 1814 4753 sed

227 4787 389 4840 etiam
420 4802 447 4838 a
480 4786 732 4855 pr0pheta
778 4785 906 4839 Nam
926 4789 1103 4840 statim
1146 4788 1231 4840 ille
1254 4788 1619 4843 vocalissimus
1656 4788 1816 4843 Isaias

230 4888 280 4932 te
310 4879 643 4946 cnnSpiciens
672 4878 922 4933 clamabit
953 4896 967 4931 :
1004 4878 1127 4933 "(ac
1169 4881 1289 4933 dicit
1332 4878 1579 4934 Dominus
1619 4881 1687 4934 ad
1718 4882 1815 4935 do-

228 4973 517 5023 minatrices
548 4972 682 5039 ﬁlias
713 4971 841 5025 Sion
871 4988 889 5025 :
918 4971 1019 5025 Pro
1046 4988 1103 5026 eo
1132 4972 1266 5043 quod
1294 4973 1675 5027 ambulaverunt
1703 4992 1814 5029 ere-

226 5072 307 5114 (ιο
332 5062 484 5125 collo,
513 5072 558 5115 et
601 5062 802 5116 nutibus
837 5062 1133 5129 oculorum,
1166 5075 1215 5118 et
1252 5081 1426 5134 gressu
1461 5066 1644 5135 pedum
1694 5078 1817 5121 tra-

220 5153 400 5206 hentes
450 5153 667 5219 tunicas,
716 5163 762 5206 et
808 5153 1018 5221 pedibus
1063 5154 1215 5209 simul
1249 5156 1475 5211 ludentes
1521 5173 1540 5211 :
1577 5160 1814 5213 reuelabit

227 5241 477 5297 [laminas
528 5252 765 5295 ornatum
820 5243 1079 5312 ipsarum,
1130 5254 1178 5299 et
1226 5247 1316 5300 erit
1350 5264 1442 5315 pro
1468 5254 1612 5302 suavi
1660 5251 1816 5304 odore

228 5332 392 5399 pulvis
412 5374 425 5394 ,
459 5342 505 5384 et
534 5348 625 5401 pro
656 5348 784 5386 zona
811 5333 1037 5402 funiculo
1083 5336 1297 5406 ringeris
1325 5338 1339 5404 (
1372 5335 1495 5390 1δαὶ.
1526 5339 1576 5394 5.
1608 5340 1691 5394 l6.
1731 5344 1809 5393 l7.

223 5421 340 5487 ει).
379 5421 502 5489 lla-c
529 5423 620 5476 tibi
648 5438 744 5492 pro
775 5434 965 5477 ornatu
1003 5435 1177 5479 erant.
1224 5425 1405 5496 Neque
1430 5427 1572 5482 enim
1600 5430 1665 5483 ad
1692 5431 1809 5483 illas

227 5523 431 5565 tantum
486 5510 598 5566 bam
630 5513 768 5567 dicta
817 5525 974 5577 sunt,
1010 5514 1103 5569 sed
1145 5516 1209 5567 ad
1256 5518 1518 5585 quaslibet
1564 5521 1813 5574 mulieres

226 5605 343 5657 illas
374 5604 659 5658 imitantes.
690 5605 753 5658 Et
783 5616 897 5675 post
926 5607 1096 5675 ipsum
1123 5608 1312 5661 Panlth
1336 5620 1614 5664 accusator
1638 5624 1734 5665 szat
1772 5614 1809 5675 ',

224 5695 545 5751 'l'himotheo
576 5698 837 5765 scribens,
861 5708 918 5752 ut
950 5699 1263 5753 mulieribus
1290 5705 1580 5771 pra‘eipiat,
1617 5702 1737 5757 Non
1762 5708 1811 5759 in

288 5852 307 5885 ι
346 5851 398 5902 In
424 5851 709 5902 Commelin.
739 5862 789 5904 et
812 5854 976 5905 Morel.
1004 5854 1186 5919 legitur
1217 5871 1227 5905 :
1252 5864 1304 5908 ιλ
1329 5865 1430 5921 r05!
1454 5857 1611 5921 ipsum
1636 5862 1813 5914 Paulus

226 5912 407 5963 clamat
438 5921 484 5967 et
500 5925 747 5966 arctisator
771 5924 880 5967 stat.

1170 467 1234 521 IN
1275 458 1682 518 ΜΛΤΤΙΙΑΞΕΜ
1727 455 1956 512 ιιιιιιῑιμ
2003 456 2291 511 LXXXIX.
2334 456 2404 509 al.
2450 455 2557 511 XC.

3408 457 3513 511 786

1909 576 2054 627 tortis
2076 574 2315 635 niuibus,
2346 584 2432 625 ant
2460 588 2607 635 auro,
2638 580 2727 623 aut
2749 573 3039 642 margaritis
3059 614 3073 635 ,
3106 584 3193 625 aut
3222 575 3512 627 vestimento

1906 674 2202 736 stiniptnoso
2232 680 2339 717 sese
2361 673 2605 717 exornent
2633 662 2650 733 (
2676 664 2728 717 1.
2756 659 2892 716 Tim.
2916 661 2965 716 2.
2994 662 3075 732 9).
3110 664 3291 733 Itaque
3320 680 3510 718 aurum

1906 766 2118 826 gestare
2156 756 2353 824 ultique
2401 754 2757 825 perniciosum
2800 756 3185 819 estimaxime
3229 772 3362 812 vero
3387 772 3510 812 cum

1908 847 1959 899 in
1982 847 2262 900 ecclesiam
2292 845 2619 913 ingrederis,
2641 845 2855 914 quando
2878 859 2973 914 per
2999 860 3264 917 pauperes
3291 847 3507 902 transis.

1908 936 1950 991 N
1973 952 2041 991 Διιι
2069 938 2111 990 si
2147 937 2374 1004 teipsum
2405 935 2759 991 vehementer
2783 937 3057 990 criminari
3084 936 3366 999 strideres,
3401 953 3510 991 non

1908 1029 2014 1083 alio
2065 1029 2295 1083 utereris
2349 1030 2711 1095 vestimento,
2758 1043 2918 1099 quam
2968 1028 3069 1082 hac
3098 1027 3432 1083 crudelitatis
3459 1040 3513 1083 et

1910 1122 2313 1175 inhtunauitatis
2352 1121 2521 1174 larva.

1979 1216 2032 1268 4.
2081 1213 2271 1267 Contra
2299 1213 2554 1266 inanriwn
2582 1212 2782 1266 (texunt.
2807 1242 2879 1252 —
2898 1210 3083 1281 Cogita
3113 1221 3243 1279 quot
3268 1212 3511 1265 esurien-

1908 1306 2109 1360 ricntes
2136 1314 2349 1362 ventres
2377 1319 2497 1358 eum
2526 1302 2616 1357 tali
2646 1302 2828 1357 habitu
2859 1314 3179 1373 prwtereas,
3210 1312 3342 1373 quot
3372 1303 3511 1355 nuda

1909 1412 2134 1465 corpora
2192 1411 2313 1451 cum
2365 1396 2605 1451 satanico
2661 1395 2969 1464 huiusmodi
3028 1408 3241 1449 ornatu.
3302 1396 3514 1463 Quanto

1910 1490 2101 1545 melius
2149 1500 2294 1544 esset
2345 1489 2643 1543 esurientes
2674 1492 2881 1544 animas
2913 1490 3094 1547 a'ere.
3141 1504 3300 1556 quam
3352 1490 3512 1540 imam

1914 1580 2210 1634 auriculam
2239 1578 2515 1647 perforare
2534 1621 2549 1645 ,
2583 1590 2633 1634 ct
2665 1580 2738 1634 ibi
2767 1580 2909 1633 u-illc
2939 1596 3235 1647 pauperum
3261 1580 3512 1633 alnnenta

1912 1669 2107 1724 frustra
2154 1669 2504 1739 SttSpendere.
2556 1668 2693 1724 Num
2747 1669 2840 1723 tibi
2888 1669 3153 1725 ditescere
3182 1670 3515 1740 gloriosum?

1912 1777 2037 1815 num
2091 1762 2179 1816 tibi
2231 1777 2419 1815 aurum
2469 1772 2683 1832 gestare
2714 1761 3018 1816 laudabile?
3049 1761 3273 1823 Etiamsi
3316 1764 3413 1816 ista
3448 1779 3514 1816 ex

1907 1855 2066 1924 justis
2093 1855 2186 1909 tibi
2219 1865 2364 1924 parta
2392 1865 2573 1909 essent
2602 1854 2875 1909 laboribus
2894 1896 2909 1921 ,
2933 1853 3012 1909 sic
3035 1855 3200 1909 etiam
3235 1868 3322 1908 res
3349 1858 3517 1908 maxi-

1914 1946 2297 2023 maeulpauda
2342 1960 2488 2003 esset
2522 1965 2535 2000 :
2567 1964 2688 2003 cum
2732 1958 2912 2003 autem
2944 1948 3140 2018 injuste
3170 1958 3321 2018 parta
3352 1960 3476 2002 sunt
3498 1990 3514 2012 ,

1913 2040 2085 2111 cogita
2112 2056 2271 2110 quam
2304 2041 2492 2111 ingens
2523 2041 2593 2094 sit
2637 2040 2923 2111 ﬂagitium.
2958 2043 3022 2095 At
3056 2040 3265 2095 laudem
3289 2056 3438 2094 amas
3463 2053 3519 2095 et

1913 2133 2180 2205 gloriam?
2206 2134 2346 2205 Ergo
2374 2133 2657 2188 ridiculum
2700 2133 2846 2188 hunc
2870 2133 3123 2187 amictum
3152 2148 3289 2188 exue
3314 2175 3329 2199 ,
3362 2143 3519 2186 tunc-

1913 2239 2019 2295 que
2044 2232 2098 2279 te
2120 2238 2313 2277 omnes
2342 2223 2679 2277 mirabuntur
2702 2264 2717 2289 ,
2750 2233 2877 2278 tunc
2916 2223 3085 2291 gloria
3113 2233 3168 2278 ct
3195 2237 3325 2293 pura
3358 2223 3515 2275 voln-

1914 2324 2059 2384 ptatc
2092 2314 2282 2369 frueris
2309 2331 2321 2367 :
2352 2322 2409 2367 ut
2451 2328 2594 2369 nunc
2619 2313 2859 2369 dicteriis
2883 2315 3127 2383 exposita
3154 2328 3217 2368 es
3239 2355 3254 2379 ,
3288 2314 3516 2366 multas-

1915 2420 2021 2471 que
2080 2403 2174 2460 tibi
2207 2404 2455 2458 maeroris
2487 2404 2801 2458 occasiooes
2830 2404 2954 2458 hinc
2982 2406 3260 2460 concilias.
3312 2406 3442 2460 Nam
3472 2407 3517 2459 si

1918 2494 2108 2549 horum
2134 2496 2406 2565 quidpiam
2437 2495 2719 2557 exciderit,
2753 2495 2925 2565 cogita
2955 2505 3152 2565 quanta
3184 2496 3307 2549 hinc
3331 2496 3516 2549 orian-

1922 2596 2007 2641 tur
2038 2587 2198 2651 mala,
2231 2594 2359 2657 quot
2382 2585 2594 2639 ancilla:
2625 2587 2996 2651 verberentur,
3031 2598 3156 2657 qttot
3184 2587 3280 2640 viri
3310 2596 3520 2657 pertur-

1917 2679 2112 2733 bentur
2132 2719 2146 2745 ,
2177 2688 2309 2748 quot
2351 2678 2687 2734 abducantur
2710 2720 2725 2743 ,
2757 2689 2885 2747 quot
2917 2679 2967 2733 in
2998 2694 3219 2735 carcere
3252 2680 3517 2734 habitent.

1920 2771 2055 2826 llinc
2081 2771 2276 2841 judicia
2299 2811 2313 2836 ,
2344 2771 2582 2827 actiones
2610 2782 2664 2826 et
2693 2771 2842 2826 mille
2873 2772 3107 2842 undique
3152 2772 3434 2827 maledicta
3468 2783 3522 2827 et

1920 2865 2160 2918 convicia
2207 2861 2361 2917 uxori
2411 2877 2441 2917 a
2484 2863 2602 2933 viro
2647 2878 2768 2926 suo,
2808 2864 2924 2918 viro
2971 2865 3038 2920 ab
3071 2865 3292 2929 amicis;
3325 2865 3522 2920 animai

1919 2966 2132 3023 quoque
2158 2966 2187 3005 a
2216 2953 2413 3021 seipsa.
2458 2952 2565 3008 Sed
2616 2952 2733 3009 haec
2763 2968 2869 3008 non
2905 2955 3171 3024 peribunt.
3204 2958 3271 3010 At
3298 2972 3517 3010 scrvare

1922 3060 2027 3100 nun
2060 3045 2128 3098 ita
2161 3044 2316 3100 facile
2341 3054 2440 3101 est.
2471 3044 2695 3101 Etiamsi
2723 3054 2903 3101 autem
2933 3058 3195 3118 perpetuo
3215 3060 3519 3113 serventur,

1922 3136 2142 3190 multam
2178 3137 2418 3206 pra-bent
2442 3138 2884 3204 sollicitudinem,
2917 3155 3125 3203 curam.
3178 3142 3476 3196 molestiam
3506 3186 3519 3205 ,

1923 3226 2055 3283 lucri
2089 3228 2241 3282 nihil.
2271 3227 2403 3296 Quis
2431 3228 2554 3283 inde
2584 3239 2874 3299 proventus
2902 3231 3126 3286 domui?
3152 3250 3273 3302 qum
3314 3234 3523 3287 utilitas

1922 3333 1987 3372 ex
2015 3327 2203 3371 ornatu
2228 3318 2435 3371 mulieri
2454 3317 2477 3370 ?
2499 3317 2651 3372 Nulla
2674 3330 2823 3375 certe
2846 3361 2861 3385 ,
2890 3320 2983 3374 sed
3008 3320 3241 3376 dedecus
3272 3339 3522 3394 magnum

1922 3423 1971 3463 et
1996 3409 2297 3464 criminatio
2325 3407 2576 3477 undique.
2602 3408 2886 3476 Quomodo
2909 3412 3109 3480 poteris
3136 3412 3332 3466 Christi
3361 3414 3525 3483 pedes

1923 3500 2154 3555 osculari
2201 3510 2254 3555 et
2303 3510 2487 3555 tenere
2517 3516 2637 3559 cum
2692 3502 2785 3559 tali
2833 3504 3065 3557 ornatu"
3096 3505 3248 3561 Hunc
3273 3519 3523 3562 ornatum

1922 3591 2014 3644 ille
2039 3600 2338 3645 aversatur.
2388 3590 2619 3658 Ideoque
2671 3592 2723 3647 in
2778 3593 2910 3648 labri
2942 3594 3106 3650 domo
3149 3600 3294 3653 nasci
3323 3600 3523 3666 voluit;

1924 3683 2032 3739 imo
2062 3701 2189 3739 vero
2233 3701 2337 3742 non
2386 3687 2437 3741 in
2464 3687 2626 3743 domo
2656 3688 2742 3743 illa
2769 3729 2786 3753 ,
2818 3690 2910 3745 sed
2942 3691 2993 3745 in
3023 3693 3266 3764 tugurio,
3297 3695 3351 3750 in
3386 3713 3527 3766 pra--

1922 3777 2091 3843 sepio.
2120 3777 2219 3843 Qui
2267 3793 2396 3847 ergo
2421 3781 2622 3847 poteris
2670 3781 2820 3837 illum
2856 3782 3038 3841 videre
3064 3824 3081 3850 ,
3112 3800 3234 3841 cum
3287 3802 3393 3842 non
3426 3790 3524 3859 ipsi

1922 3876 2125 3934 gratam
2177 3866 2399 3922 formam
2432 3877 2488 3924 et
2516 3878 2799 3939 ornatum,
2849 3872 2941 3928 sed
2996 3875 3244 3931 odiosum
3280 3876 3526 3935 habeas?

1923 3956 2055 4012 Nam
2088 3961 2175 4028 qui
2211 3961 2357 4021 illum
2402 3962 2637 4029 adeunt,
2690 3981 2793 4019 non
2840 3967 3039 4021 talibus
3092 3970 3293 4026 debent
3341 3977 3522 4028 ornari

1922 4049 2291 4113 vestimentis,
2333 4052 2426 4108 sed
2477 4055 2672 4110 virtute
2722 4055 2986 4112 decorari.
3039 4059 3221 4130 Cagita
3276 4066 3402 4133 quid
3455 4070 3524 4119 sit

1922 4154 2109 4194 aurum
2140 4140 2288 4197 illud.
2322 4142 2461 4197 Niltil
2495 4145 2594 4199 nisi
2630 4155 2769 4201 terra
2814 4158 2865 4201 et
2905 4149 3061 4203 cinis.
3100 4150 3260 4221 lnjicc
3291 4170 3482 4225 aquam
3505 4199 3521 4218 .

1922 4240 1976 4283 et
2003 4229 2062 4285 lit
2091 4230 2279 4287 lutum.
2308 4232 2602 4290 Considera
2634 4246 2689 4291 et
2718 4238 3015 4305 erubesce,
3047 4244 3189 4311 quod
3226 4245 3392 4299 lutmn
3425 4248 3525 4302 do-

1923 4326 2125 4379 minum
2156 4334 2302 4381 tuum
2329 4330 2653 4393 constituas,
2682 4341 2731 4384 et
2768 4332 2843 4403 (al
2878 4330 3152 4406 [omnibus
3182 4340 3396 4394 omissis
3424 4340 3523 4408 ipsi

1924 4415 2175 4489 assides.]
2202 4418 2395 4487 ubique
2426 4420 2596 4488 ipsum
2624 4436 2803 4493 gesms
2834 4435 2885 4477 et
2912 4428 3246 4483 circumfers.
3270 4431 3333 4485 Et
3356 4448 3528 4501 quan-

1924 4507 1995 4560 do
2026 4507 2075 4561 in
2100 4509 2382 4563 ecrlcsiam
2411 4511 2580 4565 intras
2602 4556 2616 4574 ,
2652 4524 2761 4567 tmn
2809 4518 3044 4574 maxime
3090 4520 3259 4589 ipsum
3286 4528 3523 4581 amoveri

1922 4600 2221 4667 Oportebat.
2249 4598 2433 4670 Neque
2462 4605 2604 4657 enim
2646 4604 2767 4660 ideo
2799 4617 3001 4664 structa
3040 4610 3139 4664 fuit
3163 4613 3411 4675 ecclesia,
3470 4629 3523 4672 ut

1923 4689 1992 4744 ibi
2028 4689 2123 4745 bas
2150 4691 2359 4746 divitias
2390 4705 2691 4752 ostentares
2715 4739 2730 4763 ,
2764 4698 2855 4752 scd
2884 4710 2941 4754 ut
2969 4703 3273 4771 spiritualrs
3313 4706 3528 4761 divitias

1923 4784 2228 4839 exhiberes.
2256 4785 2335 4840 Tu
2359 4802 2488 4842 vero
2514 4804 2616 4844 ceu
2649 4791 2700 4844 in
2732 4808 2981 4862 pompam
3009 4796 3335 4866 ingressura,
3367 4801 3443 4853 sie
3474 4815 3525 4855 te

1924 4874 2158 4944 undique
2196 4892 2393 4944 ornas,
2423 4880 2774 4951 scenicaSque
2814 4884 3071 4941 mulieres
3100 4888 3326 4942 imitaris
3347 4932 3361 4950 ,
3391 4906 3513 4942 cum

1923 4977 2072 5023 tanto
2098 4979 2354 5039 apparatu
2379 4971 2631 5028 ridiculas
2661 4975 2755 5028 has
2781 4986 2996 5047 gestans
3020 4979 3229 5035 sordes.
3263 4981 3521 5050 Propter-

1921 5074 1983 5115 ea
2011 5060 2064 5114 in
2094 5062 2384 5117 multorum
2433 5064 2730 5135 ingrederis
2771 5069 3062 5138 perniciem
3090 5088 3105 5126 :
3136 5080 3192 5126 et
3225 5074 3398 5127 soluta
3430 5091 3522 5130 ec-

1921 5154 2101 5208 clesiae
2128 5156 2353 5212 collecta
2372 5200 2387 5221 ,
2418 5159 2471 5212 in
2515 5158 2797 5227 domibus,
2829 5162 2895 5216 ad
2922 5179 3164 5220 mensam
3189 5166 3302 5221 hzec
3328 5168 3520 5223 mults

1923 5255 2203 5301 narrantes
2234 5248 2441 5305 audias.
2493 5250 2586 5305 His
2624 5268 2819 5323 nempe
2867 5255 3047 5309 missis
3074 5256 3252 5311 verbis
3277 5299 3291 5322 ,
3324 5258 3435 5313 lloc
3473 5270 3525 5315 et

1924 5338 2025 5393 hoc
2052 5339 2187 5394 dixit
2218 5343 2475 5411 propheta
2503 5386 2517 5407 ,
2544 5344 2646 5398 hoc
2673 5347 2980 5414 apostolus,
3008 5347 3075 5403 de
3098 5351 3328 5404 vestimu
3358 5351 3485 5405 lusn
3512 5395 3526 5415 ,

1923 5430 1990 5485 de
2016 5431 2384 5503 magnitudine
2410 5448 2743 5503 gemmarum
2768 5479 2782 5503 ,
2818 5436 2885 5493 de
2914 5440 3126 5511 aliaque
3158 5440 3319 5497 simili
3360 5449 3519 5513 turpi-

1924 5520 2108 5577 tudine
2156 5524 2317 5579 verba
2370 5525 2590 5580 faciunt.
2640 5528 2766 5585 Ila'c
2815 5545 2948 5597 vos,
3006 5548 3214 5590 necnon
3264 5538 3525 5606 conjngos

1922 5622 2169 5679 vestros,
2226 5615 2290 5668 ad
2320 5617 2718 5688 elecmosynam
2769 5624 3093 5693 erogandam
3140 5626 3356 5682 inutiles
3402 5634 3525 5683 red-

1921 5704 2071 5759 dunt.
2102 5705 2286 5777 Neque
2315 5707 2471 5764 facile
2498 5713 2762 5782 quispiam
2792 5729 2860 5770 cx
2901 5718 3001 5771 hoc
3029 5732 3165 5773 auro
3206 5722 3330 5790 quid
3383 5723 3524 5776 han-

1923 5935 1953 5971 η
2089 5864 2422 5973 Qiu’m‘ttqcilnis
2449 5867 2757 5932 clauduntur,
2784 5885 2880 5922 non
2905 5871 3138 5938 leguntur
3158 5876 3207 5926 in
3232 5876 3520 5930 Commrliu.

1959 5941 1985 5972 ι
2062 5938 2087 5964 ι·
2141 5958 2154 5972 .
2210 5941 2273 5973 ..o
2305 5942 2331 5974 α
2356 5960 2370 5975 .

1959 5938 2087 5975 υιιιιςι
2123 5938 2170 5973 ω
2210 5938 2370 5975 διυηι.
