4156 6510
745 439 848 498 ⁸18⁵1

748 560 868 620 gat,
911 556 969 603 ut
1017 550 1338 604 esurientem
1385 549 1507 604 alat.
1559 548 1693 604 Cum
1739 551 1881 605 enim
1929 552 2038 621 ipsa
2067 552 2296 606 malisin

745 640 979 709 angustia
1031 655 1182 704 esse,
1235 623 1389 709 quam
1443 640 1554 698 luco
1607 641 1766 696 fracta
1815 642 1995 698 videre
2041 643 2308 712 quomodo

744 731 904 783 alium
933 745 998 785 ex
1027 731 1107 785 his
1133 731 1285 786 alas?
1309 729 1440 786 Nam
1469 729 1646 786 multa!
1670 747 1794 803 erga
1824 734 1918 788 ista
1949 734 2164 803 perinde
2186 743 2312 790 sunt

742 818 944 872 atl'octa:
963 859 977 882 ,
1003 829 1163 887 atque
1185 835 1310 890 erga
1353 836 1440 876 res
1483 823 1769 887 animatas,
1824 838 1920 876 nec
1949 824 2124 878 minus
2150 840 2306 893 quam

741 922 866 975 erga
915 907 1162 962 infantes.
1205 911 1415 979 Apage,
1447 909 1649 965 dicetis.
1685 911 1794 965 Hoc
1824 912 1979 981 igitur
2006 915 2304 981 ostendite,

742 1010 835 1063 per
859 1010 1020 1065 opera
1045 999 1385 1067 comprobato
1413 1015 1428 1051 :
1459 1014 1597 1054 nunc
1621 1015 1746 1054 vero
1778 1003 2101 1056 contrarium
2131 1005 2303 1058 video.

745 1083 922 1154 Ecqua
951 1087 1092 1140 enim
1123 1103 1187 1142 ex
1230 1088 1294 1142 iis
1317 1103 1434 1156 qua:
1463 1088 1565 1143 hoc
1606 1089 1792 1144 morbo
1820 1091 2101 1146 admodum
2154 1093 2303 1148 laba.

740 1185 897 1242 rant,
930 1177 1011 1232 his
1034 1177 1272 1232 conﬂatis
1300 1182 1412 1232 auri
1439 1185 1761 1236 ornamentis
1788 1224 1801 1245 ,
1826 1197 2046 1252 puerum
2072 1200 2100 1236 a
2133 1197 2304 1241 morte

742 1267 976 1336 eripuit?
1019 1268 1216 1337 Ecquid
1262 1269 1383 1324 dico
1428 1272 1835 1342 pucrum?quis
1879 1275 2104 1328 animam
2150 1290 2298 1329 suam

740 1367 1043 1425 pereuntem
1091 1361 1212 1415 hinc
1255 1362 1520 1416 redemit?
1561 1363 1754 1416 Contra
1783 1379 1909 1418 vero
1957 1366 2105 1419 multi
2155 1367 2298 1420 illam

735 1447 968 1514 quotidie
993 1447 1091 1501 hac
1117 1449 1184 1504 de
1212 1465 1370 1504 causa
1399 1451 1651 1505 vendunt.
1682 1453 1748 1506 Et
1771 1453 1812 1505 si
1841 1455 2136 1522 corporalis
2161 1454 2300 1508 adsit

734 1536 1010 1604 agritudo,
1031 1538 1158 1591 nihil
1183 1553 1286 1592 non
1313 1549 1505 1608 agunt;
1530 1542 1572 1593 si
1593 1556 1720 1596 vero
1741 1541 1972 1596 animant
1994 1553 2296 1612 corruptam

735 1627 996 1693 Viderint,
1028 1627 1156 1682 niltil
1199 1630 1369 1684 simile
1405 1630 1633 1698 faciunt,
1659 1633 1751 1686 sed
1774 1644 1824 1687 ct
1851 1633 2078 1688 flliornm
2127 1650 2296 1704 nepo-

737 1724 948 1784 tumque
967 1719 1218 1783 animam,
1237 1729 1289 1773 et
1313 1734 1459 1774 suam
1488 1724 1786 1791 negligunt;
1809 1735 1864 1777 ut
1887 1723 1999 1778 ha‘c
2024 1733 2292 1791 maneant,

735 1809 1076 1879 rubigineque
1107 1821 1345 1880 pereant.
1376 1811 1442 1866 Et
1471 1821 1528 1870 ut
1550 1814 1765 1883 quidem
1795 1815 1938 1869 mille
1972 1817 2293 1870 talentorum

731 1912 888 1952 aurea
909 1900 1280 1969 circumponis,
1305 1901 1428 1956 dum
1449 1901 1642 1958 Christi
1675 1905 1968 1958 membrum
1992 1920 2060 1960 ne
2079 1906 2290 1975 quidem

729 1989 1026 2040 necessaria
1080 1990 1266 2044 fruitur
1307 2005 1448 2044 esca.
1481 1990 1584 2045 Sed
1630 1992 1719 2047 ille
1745 1994 1954 2062 quidem
1993 1997 2292 2050 communis

726 2078 957 2131 omnium
983 2079 1232 2132 Dominus
1251 2121 1264 2144 ,
1292 2090 1345 2134 et
1371 2081 1621 2135 celerum
1645 2093 1698 2136 et
1721 2083 2009 2136 czeleStinm
2034 2084 2288 2150 Spiritu-a-

726 2165 827 2222 lem
861 2182 1096 2222 mensam
1121 2171 1368 2224 onmibus
1394 2187 1457 2225 ex
1488 2187 1639 2241 :equo
1669 2174 1918 2242 apponit;
1953 2184 2007 2228 tu
2037 2190 2162 2229 vero
2188 2191 2286 2230 nec

1464 438 1519 495 S.
1557 437 1831 495 JOANNIS
1865 439 2331 498 CIIRYSOSTOMI
2372 444 2680 502 ARClilEP.
2719 447 3242 513 CONSTANTINOP.

3890 463 3997 522 788

2407 560 2739 624 pereuntium
2761 577 2938 616 rerum
2960 577 3261 623 consortem
3291 568 3446 637 facis,
3471 581 3530 627 ut
3559 573 3712 630 hisce
3736 579 3992 647 gravibus

2415 649 2614 703 catenis
2631 653 2915 707 constricta
2942 669 3176 711 maneas.
3201 658 3334 715 llinc
3359 663 3500 716 mala
3527 665 3808 722 innumera
3866 671 3989 727 hinc

2413 737 2687 809 zelotypitr
2706 780 2721 806 ,
2758 741 2878 797 hinc
2907 747 3138 801 virorum
3165 751 3422 808 adulteria
3441 795 3459 820 ,
3486 758 3700 824 quando
3725 761 3848 816 illos
3881 778 3986 819 non

2411 827 2477 881 ad
2505 829 2977 900 philosophandum
3020 838 3272 906 incitatis,
3294 843 3386 897 sed
3414 845 3531 900 illos
3562 847 3768 903 docetis
3799 851 3866 905 iis
3893 853 3988 908 de-

2413 917 2809 990 lectariqnihus
2835 929 3144 984 meretrices
3187 943 3532 988 exornantur.
3588 935 3714 992 Ideo
3760 940 3838 995 illi
3880 945 3986 997 cito

2408 1011 2707 1077 capiuntur.
2738 1012 2791 1067 Si
2822 1017 2962 1070 enim
3008 1019 3156 1074 illum
3197 1022 3268 1076 ita
3307 1024 3628 1083 instituisses
3660 1041 3714 1083 ut
3746 1032 3865 1088 haec
3887 1034 3986 1088 de-

2406 1098 2671 1166 spiccrct,
2717 1111 2771 1156 et
2813 1103 2881 1160 de
2910 1109 3154 1165 castitate
3201 1115 3492 1183 gauderet,
3523 1117 3590 1173 de
3638 1122 3874 1189 pietate,
3915 1125 3983 1182 de

2409 1188 2704 1248 humilitate
2727 1236 2742 1257 ,
2770 1211 2873 1251 non
2905 1197 3060 1256 facile
3087 1217 3115 1256 a
3145 1204 3505 1263 fornicationis
3524 1188 3759 1280 appetitu
3791 1225 3978 1285 captu

2404 1279 2606 1336 fuisset.
2641 1285 2750 1340 lloc
2774 1289 2912 1342 enim
2940 1301 2994 1345 et
3022 1293 3208 1362 majori
3261 1299 3419 1353 modo
3444 1279 3622 1356 ornari
3654 1314 3837 1373 potest
3865 1323 3980 1363 me-

2403 1373 2601 1436 retrix;
2650 1375 2753 1430 illis
2779 1393 2905 1434 vero
2933 1396 3036 1436 non
3069 1384 3211 1440 item.
3259 1386 3434 1456 Ipsum
3481 1392 3655 1463 itaque
3701 1413 3768 1450 eo
3811 1399 3978 1455 Iruri

2403 1473 2594 1518 ornatu
2624 1469 2965 1536 assuefacito,
2994 1490 3152 1544 quem
3195 1493 3298 1533 non
3343 1491 3518 1551 potest
3555 1486 3697 1553 apud
3732 1494 3979 1546 meretri-

2401 1567 2515 1608 cem
2546 1557 2742 1612 vidcre.
2769 1560 3044 1627 Quomodo
3069 1576 3244 1623 autem
3269 1571 3413 1625 illum
3438 1574 3489 1628 in
3520 1575 3657 1633 hanc
3678 1592 3977 1637 consueta-

2399 1643 2576 1700 dinem
2609 1648 2870 1706 induces?
2898 1653 2952 1708 Si
2979 1654 3120 1711 hunc
3147 1659 3431 1716 abstuleris
3452 1707 3467 1730 ,
3512 1664 3657 1720 illbm
3703 1669 3965 1732 induaris.

2398 1733 2486 1791 Sic
2512 1747 2566 1792 et
2596 1740 2679 1794 vir
2709 1741 2760 1796 in
2783 1748 3087 1812 securitate,
3121 1759 3176 1804 tu
3208 1752 3258 1805 in
3288 1753 3487 1810 honore
3523 1775 3538 1812 :
3565 1773 3628 1813 ac
3657 1761 3799 1815 Dens
3824 1764 3970 1819 vobis

2401 1827 2656 1897 propitius
2684 1833 2784 1886 erit
2809 1875 2826 1899 ,
2853 1845 2901 1889 et
2933 1835 3174 1895 homines
3195 1857 3381 1899 omnes
3405 1861 3501 1900 vos
3528 1849 3969 1920 admirabuntur,

2396 1929 2460 1970 ac
2505 1917 2678 1973 futura
2723 1922 2858 1976 bona
2887 1933 3321 1998 consequemini,
3361 1938 3527 2006 gratia
3559 1949 3613 1992 et
3643 1917 3970 2014 benignitate

2399 2004 2601 2061 Domini
2651 2013 2813 2064 nostri
2860 2013 2984 2068 Jesu
3012 2015 3244 2085 Christi,
3276 2004 3561 2096 cui'gloria
3580 2039 3635 2085 et
3654 2004 3967 2103 imperium,

2393 2095 2445 2148 in
2472 2098 2665 2152 swcula
2693 2102 3031 2160 graculorum.
3065 2110 3258 2168 Amen.

1936 2376 2277 2440 HOMILIA
2319 2380 2454 2462 xc,
2497 2383 2582 2444 al.
2627 2385 2786 2448 xcr.

731 2507 860 2564 CAP.
909 2512 996 2568 28.
1047 2530 1098 2569 ν.
1155 2517 1240 2570 Η.
1299 2517 1398 2582 Qui
1442 2535 1552 2572 cum
1609 2519 1882 2586 abiisscnt,
1931 2537 2044 2575 ecce
2084 2523 2289 2591 quidam

798 2607 862 2660 de
898 2605 1184 2660 custodibus
1234 2609 1477 2662 venientes
1521 2611 1573 2662 in
1619 2611 1884 2675 civitatem,
1937 2614 2286 2666 nuntiaverunt

792 2693 1098 2762 principibus
1121 2697 1433 2749 sacerdotum
1458 2699 1626 2750 omnia
1649 2715 1761 2763 qua:
1779 2703 1916 2767 facta
1941 2705 2160 2770 fuerant.
2197 2703 2282 2756 19.

793 2781 862 2834 Et
887 2787 1171 2854 congregati
1198 2803 1309 2840 cum
1339 2788 1634 2853 maioribus,
1678 2790 1888 2843 consilio
1925 2791 2048 2844 inito
2067 2833 2081 2853 ,
2131 2809 2282 2859 pecu-

791 2874 927 2926 niam
957 2876 1164 2928 multam
1185 2877 1422 2930 dederunt
1451 2879 1709 2943 militibus,
1762 2881 1849 2936 i3.
1898 2881 2114 2935 dicentes
2149 2898 2167 2935 :
2190 2883 2284 2934 Di-

792 2963 887 3015 cite
909 2965 1042 3033 quod
1072 2965 1303 3034 discipuli
1328 2969 1434 3033 ejus
1456 2980 1597 3022 nocte
1626 2981 1881 3033 verterunt,
1909 2981 1953 3024 et
1983 2973 2140 3042 furati
2163 2982 2279 3026 sunt

787 3066 920 3116 eum,
966 3053 1106 3106 nobis
1155 3055 1533 3109 dormientibus.
1584 3058 1668 3110 H.
1702 3057 1764 3110 Et
1787 3061 1831 3112 si
1861 3061 1954 3113 hoc
1978 3062 2215 3114 audiatur
2247 3077 2279 3114 a

789 3141 1018 3202 preside,
1045 3159 1136 3197 nos
1171 3146 1493 3201 suadebimus
1519 3149 1584 3212 ei,
1634 3157 1681 3201 et
1717 3165 1800 3204 vos
1826 3159 1954 3205 tutos
1977 3153 2239 3222 faciemus.

784 3274 833 3326 1.
880 3274 1100 3342 Pr0pter
1131 3275 1226 3330 hos
1258 3279 1450 3333 milites
1479 3288 1632 3334 terra!
1662 3293 1836 3337 motus
1865 3283 1952 3338 ille
1974 3282 2142 3340 factus
2171 3295 2272 3351 est,

713 3361 783 3414 ita
808 3374 862 3416 ιιι
904 3363 1358 3435 obstupescerent,
1408 3377 1462 3422 et
1500 3370 1567 3423 ah
1607 3371 1731 3439 ipsis
1763 3374 2117 3430 testimonium
2149 3393 2276 3445 pro-

715 3450 980 3518 ferretur;
1014 3458 1151 3523 quod
1180 3458 1337 3510 etiam
1369 3460 1562 3513 evenit.
1596 3461 1684 3515 Sic
1721 3465 1860 3517 enim
1889 3467 2087 3535 prolata
2118 3485 2145 3522 a
2178 3486 2273 3524 cu-

710 3541 949 3595 stodibns
981 3543 1113 3597 fama
1161 3560 1400 3615 suspecta
1431 3564 1533 3603 non
1571 3550 1685 3605 fuit.
1734 3549 1890 3623 Signa
1937 3560 2130 3628 quippe
2172 3562 2272 3615 alia

711 3632 1031 3698 generaliter
1060 3650 1151 3702 per
1179 3636 1385 3703 orbem,
1433 3639 1529 3693 alia
1562 3642 1800 3708 priVuiittl
1829 3645 1896 3699 ibi
1925 3651 2272 3715 prmseutibus

711 3723 843 3775 facta
871 3734 994 3778 sunt
1024 3741 1037 3776 :
1068 3725 1182 3778 orbi
1210 3728 1418 3789 quidem
1452 3730 1543 3783 toti
1571 3733 1839 3798 tenebrze;
1890 3738 2130 3804 privatim
2177 3755 2270 3795 au-

709 3821 816 3866 tent
846 3815 1015 3882 angeli
1049 3815 1199 3880 visio,
1227 3830 1276 3870 et
1303 3826 1461 3873 terra:
1501 3832 1694 3877 motus.
1726 3824 1855 3890 Quia
1913 3828 2068 3895 igitur
2110 3846 2268 3887 vene-

708 3912 829 3954 runt
860 3913 912 3955 et
939 3904 1024 3956 illa
1073 3907 1377 3960 nuntiarunt
1420 3909 1652 3978 (veritas
1686 3915 1828 3968 enim
1860 3916 1924 3970 ab
1952 3919 2266 3977 adversariis

709 3992 994 4060 przedicata
1041 3995 1339 4062 resplendet
1365 4000 1404 4066 ),
1448 4015 1627 4054 rursus
1669 4008 1940 4070 pecuniam
1985 4010 2259 4077 dederunt,

706 4091 762 4133 ut
806 4082 1035 4137 dicerent
1063 4085 1348 4153 discipulos
1374 4089 1489 4155 ejus
1516 4092 1743 4155 venisse,
1775 4095 2047 4168 ipsumque
2071 4100 2266 4157 iuratos

703 4186 843 4225 esse.
890 4173 1163 4250 Qttnmodo
1208 4174 1359 4230 furati
1402 4190 1544 4241 sunt,
1588 4196 1621 4235 ο
1664 4187 1896 4238 omnium
1929 4189 2266 4247 stultissimi?

703 4259 835 4315 Nam
865 4263 1002 4330 quod
1033 4264 1222 4318 veritas
1249 4267 1314 4319 ita
1345 4267 1947 4346 fulgeatsplendeatque,
1967 4293 2032 4333 ne
2053 4283 2260 4350 quidem

702 4352 900 4420 fingere
949 4365 1164 4423 possmtt
1196 4358 1232 4408 ί.
1286 4359 1486 4414 Etenim
1536 4363 1660 4418 illud
1703 4383 1919 4433 prorsus
1958 4374 2260 4433 incredibile

699 4453 835 4508 erat,
864 4453 918 4497 et
954 4445 1293 4510 improbabile
1318 4452 1531 4506 omnino
1561 4456 1912 4512 mendacium.
1946 4461 2222 4528 Quomodo
2241 4510 2256 4535 ,

698 4547 898 4600 qttazso,
933 4533 1081 4587 furati
1105 4548 1223 4590 sunt
1254 4539 1514 4609 discipuli,
1543 4542 1783 4600 homines
1813 4565 2068 4618 pauperes
2091 4570 2146 4610 et
2175 4533 2261 4610 ru-

698 4620 815 4684 des,
857 4623 940 4689 qui
973 4638 1036 4676 ne
1067 4625 1114 4676 itt
1143 4636 1480 4694 conspectum
1519 4633 1728 4700 quidem
1756 4639 1937 4693 Venire
1958 4643 2260 4701 audebant?

699 4717 888 4766 Annon
917 4714 1144 4782 sigillum
1176 4727 1288 4771 erat
1312 4722 1606 4788 appositum
1631 4725 1653 4777 ἲ
1679 4741 1851 4783 annon
1896 4740 1973 4785 tot
2011 4736 2258 4792 custodes

695 4803 1016 4869 assidebam,
1063 4815 1113 4857 et
1141 4809 1351 4871 milites,
1394 4819 1444 4864 et
1492 4812 1702 4869 Judzei?
1739 4835 1914 4875 annon
1942 4823 2020 4877 iiii
2047 4826 2146 4882 hoc
2170 4844 2256 4882 sn-

693 4886 1053 4962 spiéabantur.
1091 4903 1142 4948 et
1168 4897 1373 4952 solliciti
1404 4902 1686 4970 vigilabant
1709 4913 2099 4983 curabantqne?
2151 4918 2258 4976 Cur

693 4995 868 5038 autem
899 4985 1053 5038 furati
1085 4988 1244 5042 sunt?
1291 5007 1356 5044 an
1386 5001 1438 5044 ut.
1471 5003 1867 5056 resurrectionis
1897 5005 2087 5075 dogma
2122 5027 2252 5066 con-

694 5078 984 5145 ﬁngerent?
1015 5079 1076 5131 Et
1103 5083 1365 5149 quomodo
1392 5085 1492 5140 illis
1521 5088 1572 5141 in
1606 5101 1831 5149 utentem
1864 5098 2098 5155 venisset
2132 5104 2249 5159 talia

691 5168 1010 5237 contingere,
1045 5169 1360 5237 hominibus,
1402 5179 1594 5245 quibus
1626 5182 1750 5236 illud
1781 5187 1950 5243 solum
1981 5191 2030 5245 in
2059 5199 2249 5262 optatis

693 5266 823 5320 erat,
853 5268 908 5335 ut
926 5260 1115 5314 Occulti
1135 5265 1364 5320 viverent
1386 5268 1407 5318 7
1429 5273 1692 5336 quomodo
1713 5276 1938 5345 lapidem
1968 5260 2109 5338 illum
2134 5306 2232 5342 uiu-

693 5347 859 5400 nitttm
892 5353 1205 5406 amovissent
1232 5356 1294 5408 ’Υ
1338 5361 1604 5425 quomodo
1639 5375 1738 5417 tam
1773 5371 1949 5426 multis
1977 5381 2247 5443 prwseuti-

690 5436 788 5492 bus
833 5438 1147 5496 latuissent?
1194 5446 1349 5515 Atqui
1393 5451 1596 5506 etiamsi
1639 5470 1859 5516 mortem
1899 5477 2146 5538 contemp
2176 5471 2245 5526 is-

749 5592 763 5622 ¹
800 5598 937 5676 ,ζιιῖιε
971 5592 1250 5647 Commelin.
1284 5607 1334 5649 et
1348 5605 1517 5676 Attorel.
1548 5606 1807 5670 legendum
1834 5623 1990 5676 esset,
2017 5619 2065 5668 in
2105 5635 2240 5674 erro-

685 5663 784 5720 rem
809 5651 1035 5706 inducere
1057 5672 1147 5708 non
1170 5670 1373 5720 possunt.

689 5778 714 5786 μ
746 5716 773 5824 ὖ
800 5721 935 5773 tunc,
959 5716 1190 5778 quomodo
1231 5722 1596 5784 lapittcnt........
1642 5734 1944 5799 amorisscnt,
1981 5741 2156 5796 desunt
2190 5749 2236 5798 in

689 5787 741 5824 HK
779 5791 874 5824 em.

683 5787 874 5827 iisdem.

2393 2531 2532 2590 sent,
2580 2542 2865 2599 numquam
2906 2533 2956 2588 id
2989 2544 3188 2596 temere
3213 2551 3265 2597 et
3291 2542 3483 2600 frustra
3510 2555 3760 2608 tentatnri
3789 2567 3963 2626 erant,

2389 2625 2510 2668 cum
2541 2623 2615 2670 tot
2642 2631 2819 2674 essent
2847 2628 3113 2683 custodes.
3164 2631 3313 2699 Quod
3345 2648 3518 2693 autem
3549 2643 3715 2699 timidi
3759 2623 3961 2712 essent,

2388 2716 2504 2770 qua:
2532 2705 2677 2773 prius
2702 2707 2834 2764 facta
2859 2723 2983 2770 sunt
3005 2718 3362 2780 declarabant.
3379 2727 3508 2783 Cum
3539 2735 3678 2788 enim
3698 2736 3849 2791 illum

2387 2803 2531 2861 ptum
2563 2798 2840 2869 vidissent,
2881 2807 3197 2880 aufugerunt
3223 2830 3428 2873 omnes.
3475 2823 3529 2876 Si
3558 2839 3684 2895 ergo
3713 2839 3841 2886 tunc
3872 2834 3961 2889 illo

2385 2884 2561 2941 adhuc
2598 2891 2807 2949 vivente
2847 2911 2913 2951 ne
2951 2910 3092 2957 stare
3131 2906 3342 2973 quidem
3367 2913 3479 2966 ausi
3511 2927 3655 2982 sunt,
3686 2922 3959 2987 quomodo

2383 2989 2503 3046 post
2541 2995 2766 3040 mortem
2805 2989 2918 3059 ejus
2962 3002 3158 3050 tantam
3204 3001 3425 3058 militum
3468 3016 3692 3066 turmam
3739 3031 3844 3069 non
3894 3019 3958 3072 ti-

2382 3069 2682 3128 muissent?
2719 3077 2852 3133 Nunt
2885 3082 3043 3150 janua
3073 3096 3274 3144 tantum
3303 3099 3586 3152 evertenda
3617 3115 3732 3172 erat
3755 3106 3780 3158 2
3827 3125 3952 3163 num

2384 3158 2464 3212 vel
2487 3175 2623 3216 unus
2647 3165 2811 3221 latere
2833 3175 3070 3238 poterat?
3090 3175 3248 3246 Lapis
3269 3193 3383 3238 erat
3405 3197 3628 3257 magnus
3650 3165 3949 3264 appositus.

2379 3251 2461 3303 cui
2487 3256 2782 3311 amovenda
2812 3261 2994 3317 multis
3021 3276 3134 3322 erat
3173 3285 3306 3340 opus
3347 3279 3609 3352 manibus.
3653 3251 3785 3340 Jure
3821 3302 3950 3359 ergo

2379 3341 2624 3400 dicebant
2655 3365 2669 3401 :
2704 3348 2768 3402 Et
2788 3353 2880 3406 erit
2899 3358 3194 3416 novissimus
3212 3381 3356 3419 error
3375 3347 3523 3438 pejor
3545 3375 3711 3438 priore
3733 3341 3945 3448 (Huni.

2378 3429 2466 3484 27.
2500 3433 2620 3504 65);
2671 3451 2851 3495 contra
2891 3459 2950 3498 se
2995 3448 3137 3517 ipsos
3178 3453 3277 3509 hoc
3321 3429 3947 3540 p.50.'.u..iianzcs:}}n;i

2380 3531 2496 3588 post
2525 3535 2726 3581 tantum
2772 3529 3023 3597 furorem,
3069 3554 3186 3594 cum
3227 3548 3539 3615 resipiscere
3580 3560 3944 3628 Oportuisset,

2378 3613 2551 3677 priora
2584 3631 2834 3686 superare
2864 3639 3182 3685 conarentur
3209 3649 3279 3688 ex
3307 3638 3540 3695 ridiculis
3576 3644 3682 3699 illis
3723 3649 3945 3719 figmen-

2377 3703 2473 3767 tis;
2507 3714 2560 3758 et
2604 3711 2691 3776 qui
2721 3712 2940 3769 viventis
2968 3724 3278 3789 sanguinem
3306 3744 3564 3796 emerant,
3614 3703 3862 3796 cruciﬁxi
3892 3755 3946 3799 et

2372 3804 2550 3860 postea
2578 3807 2899 3871 resurgentis
2930 3813 3145 3876 pecunia
3175 3825 3616 3880 resurrectionem
3640 3831 3941 3892 subducere

2373 3887 2663 3943 tentabant.
2700 3892 2778 3948 Tu
2806 3912 2932 3952 vero
2956 3903 3314 3963 animadverte
3343 3916 3610 3981 quomodo
3637 3925 3809 3990 gestis
3831 3929 3946 3982 suis

2369 3977 2564 4046 ubique
2588 3985 2877 4051 capiantur.
2901 3990 2955 4046 Si
2981 3996 3119 4049 enim
3148 3997 3370 4056 Pilatum
3404 4021 3507 4061 non
3529 4009 3807 4082 adiissent,
3843 4035 3945 4075 nec

2371 4070 2665 4126 custodiam
2696 4079 2993 4150 petiisscnt,
3039 4084 3245 4144 facilius
3275 4097 3568 4161 potuissent
3615 4102 3730 4160 hmc
3764 4070 3944 4176 impu-

2374 4155 2429 4176 λ-
2479 4168 2492 4176 .

3275 4155 3290 4161 _
3655 4155 3729 4160 ﬁ-

2368 4155 2557 4213 denter
2594 4178 2899 4226 asseverare
2931 4189 2944 4225 :
2974 4191 3112 4232 nunc
3157 4196 3283 4236 vero
3324 4201 3428 4241 non
3475 4190 3620 4247 item.
3671 4196 3804 4253 Nam
3860 4204 3940 4258 sic

2368 4249 2543 4303 omnia
2577 4251 2831 4323 fecerunt,
2880 4277 2942 4317 ac
2971 4266 3014 4318 si
3043 4269 3333 4328 voluissent
3373 4277 3472 4333 sibi
3515 4295 3607 4337 ora
3648 4301 3938 4348 cons-uere.

2368 4335 2422 4390 Si
2451 4343 2589 4394 enim
2619 4343 2859 4416 discipuli
2884 4352 3097 4422 vigilare
3118 4374 3235 4415 cum
3263 4365 3474 4421 Christo
3499 4387 3602 4426 non
3631 4389 3936 4448 potuerant,

2363 4431 2520 4485 etiam
2567 4435 2655 4491 ilio
2702 4440 2752 4494 id
2801 4448 3172 4517 exprobrante,
3214 4462 3482 4525 quomodo
3519 4431 3771 4528 boc'ausi
3805 4431 3938 4531 fnis:

2362 4522 2517 4574 sent?
2543 4523 2650 4579 Cur
2668 4540 2842 4586 autem
2869 4535 2994 4591 illttd
3018 4556 3121 4596 non
3153 4522 3296 4612 prius
3318 4548 3471 4606 furati
3493 4566 3638 4622 sunt,
3788 4522 3934 4635 nisi-

2360 4623 2515 4677 quam
2565 4629 2658 4669 vos
2698 4627 3080 4682 accesseratis?
3128 4632 3183 4688 Si
3223 4637 3363 4692 enim
3410 4642 3539 4698 illud
3581 4647 3761 4708 facere
3788 4623 3935 4712 uole-

2359 4699 2515 4768 bant,
2562 4721 2682 4760 cum
2725 4714 2955 4770 nondum
3003 4725 3360 4784 custodiretur
3398 4736 3736 4810 sepulcrum,
3784 4746 3835 4800 id
3878 4749 3930 4804 in

2358 4793 2524 4857 prima
2555 4809 2709 4854 nocte
2748 4802 3016 4873 fecissent,
3054 4827 3172 4869 cum
3213 4817 3263 4872 id
3310 4828 3422 4876 tuto
3447 4836 3501 4880 et
3529 4829 3644 4886 sine
3678 4793 3922 4904 pI-riculo

2359 4881 2389 4904 η
2413 4884 2468 4904 ...ε
2506 4903 2521 4904 κ
2547 4901 2559 4904 ᾼ
2583 4903 2586 4904 ν
2664 4900 2674 4904 -
2755 4893 2794 4904 ι·
2989 4901 2997 4904 ·

2359 4881 2468 4937 ficri
2502 4900 2700 4956 posset.
2751 4893 2881 4950 Nam
2925 4901 3146 4958 sabbato
3189 4913 3505 4973 accedentes
3550 4881 3848 4983 custodiam
3895 4947 3926 4987 a

2359 4973 2523 5030 Pilato
2556 4982 2814 5047 petierunt
2846 4997 2899 5042 ct
2943 4996 3209 5053 custodire
3253 5017 3528 5072 ceperunt
3558 5028 3572 5064 :
3608 5016 3776 5082 prima
3800 5036 3929 5078 vero

2355 5079 2510 5124 nocte
2536 5088 2690 5128 nemo
2720 5078 2937 5136 istorum
2964 5090 3210 5156 sepulcro
3235 5095 3440 5155 aderat.

2421 5158 2474 5214 2.
2518 5161 2623 5217 Sed
2669 5169 2793 5235 quid
2835 5173 2932 5227 sibi
2981 5178 3160 5234 volunt
3210 5185 3422 5243 sudaria
3466 5208 3582 5261 qua:
3611 5211 3675 5252 ex
3706 5205 3924 5273 myrrha

2350 5253 2705 5322 eouglutiuata
2739 5265 2928 5318 erant?
2956 5267 3082 5324 Haec
3110 5274 3250 5329 enim
3271 5253 3501 5346 jacentia
3545 5286 3732 5347 Petrus
3762 5253 3920 5353 (vidit.

2349 5339 2478 5396 Nam
2507 5345 2550 5398 si
2582 5345 2741 5404 furari
2773 5354 3084 5425 voluissent,
3131 5379 3236 5418 non
3281 5370 3477 5425 nudum
3521 5390 3718 5446 corpus
3765 5385 3921 5442 furati

2348 5447 2526 5491 essent
2551 5457 2565 5502 ;
2610 5457 2713 5497 non
2756 5446 2914 5502 modo
2942 5465 3007 5504 ne
3035 5452 3085 5506 id
3111 5470 3228 5511 esse
3255 5466 3575 5520 contumelia
3611 5472 3919 5546 videretur,

2346 5528 2437 5582 sed
2473 5537 2631 5586 etiam
2678 5552 2764 5599 ne,
2805 5539 2930 5594 dum
2959 5559 3233 5613 exuerent,
3268 5568 3451 5611 moras
3481 5561 3771 5632 traherent,
3814 5570 3913 5626 da-

2345 5629 2566 5689 rentque
2595 5622 2766 5679 locum
2805 5628 2908 5684 illis
2938 5640 3252 5706 exsurgendi
3275 5683 3290 5704 ,
3317 5659 3482 5716 seque
3511 5622 3916 5721 deprehenden-

2341 5708 2432 5772 di;
2465 5727 2582 5766 cum
2615 5718 2841 5774 maxime
2881 5726 3090 5794 myrrha
3129 5740 3288 5797 esset,
3337 5737 3558 5805 glutinis
3586 5745 3752 5801 instar
3787 5766 3910 5807 cor-

2340 5803 2454 5872 pori
2500 5813 2552 5858 et
2601 5809 2926 5869 vestimentis
2960 5815 3194 5887 haerens;
3241 5803 3562 5892 quapropter
3610 5853 3711 5892 non
3750 5803 3907 5900 facile
