4156 6540
225 503 331 559 ἶΞῦ

221 624 345 671 erat
368 610 683 667 vestimenta
714 623 744 661 a
779 616 1006 672 corpore
1045 598 1297 662 avellere,
1340 593 1433 651 sed
1461 591 1627 647 multo
1651 588 1717 643 ad
1747 588 1798 642 id

224 717 469 774 tempore
513 713 648 770 opus
690 707 841 754 crat:
890 695 960 747 ita
992 700 1049 745 ut
1083 689 1167 745 vel
1198 688 1320 741 hinc
1351 684 1546 739 furtum
1574 677 1703 735 illud
1733 678 1803 731 sit

221 794 557 854 incredibile.
608 793 688 845 An
740 801 870 842 vero
914 782 1191 839 Judaicum
1228 778 1461 833 furorem
1506 787 1611 827 non
1638 782 1803 824 nove-

220 893 368 952 rant,
411 884 502 955 qui
532 882 584 937 in
616 895 674 935 se
697 874 1088 933 convertendus
1127 869 1284 927 erat?
1324 865 1460 935 Quid
1489 878 1649 936 porro
1678 860 1800 916 hinc

220 979 359 1035 lucri
388 952 515 1040 illis,
546 974 590 1028 si
620 987 724 1026 non
756 964 1174 1026 resurrexisset?
1228 961 1352 1017 llaec
1397 968 1575 1012 autem
1620 952 1797 1008 omnia

217 1084 349 1126 cum
396 1082 456 1123 se
499 1064 716 1119 tinxisse
739 1062 839 1118 sibi
865 1058 1303 1120 consciiessent,
1352 1050 1630 1122 pecuniam
1670 1045 1799 1101 dant

218 1169 278 1214 et
302 1158 481 1213 dicunt
510 1172 523 1209 :
559 1154 684 1209 llmc
723 1167 820 1206 vos
845 1149 1025 1211 dicite,
1056 1156 1112 1202 et
1140 1160 1238 1201 nos
1268 1140 1476 1215 prasidi
1508 1136 1797 1210 persuade-

220 1250 418 1304 bimus.
447 1245 599 1300 lluuc
626 1243 768 1298 enim
796 1253 1066 1296 rumorem
1097 1234 1272 1307 spargi
1297 1231 1568 1295 volebant,
1602 1229 1798 1283 frustra

219 1347 414 1393 contra
442 1337 719 1390 veritatem
745 1332 1106 1393 decertantes,
1135 1340 1199 1381 ac
1224 1340 1318 1396 per
1343 1338 1406 1379 ea
1432 1322 1622 1393 quibus
1651 1319 1796 1374 illam

216 1429 514 1482 obscurare
557 1423 887 1494 satagebant,
936 1417 1350 1490 splendidiorem
1375 1414 1458 1469 vel
1485 1412 1634 1467 inviti
1669 1402 1797 1465 red-

216 1518 433 1574 dentes.
483 1516 614 1571 Nam
665 1514 768 1569 hoc
804 1511 1253 1567 resurrectionem
1298 1504 1612 1570 conﬁrmat,
1653 1501 1796 1573 quod

219 1610 404 1664 dicant
448 1606 737 1676 discipulos
779 1604 926 1659 illum
975 1602 1175 1657 furatos
1236 1613 1357 1654 esse
1408 1614 1423 1651 :
1479 1595 1799 1651 conﬁtentur

216 1700 367 1755 enim
412 1711 605 1767 corpus
650 1704 777 1750 tunc
815 1692 887 1748 ibi
928 1706 1033 1747 non
1060 1690 1243 1745 fuisse.
1268 1687 1402 1743 Cum
1427 1695 1603 1740 autem
1632 1679 1797 1739 conﬁ-

219 1798 436 1846 teantur
463 1801 658 1857 corpus
700 1786 773 1841 ibi
818 1800 926 1839 non
968 1782 1149 1844 fuisse,
1194 1778 1498 1847 furtumque
1524 1774 1714 1829 falsum
1743 1779 1798 1828 et

217 1878 534 1935 incredibile
572 1875 845 1932 declarent
886 1873 1111 1929 militum
1158 1867 1459 1940 pratsentia,
1504 1864 1791 1936 signacula,

214 1969 709 2040 discipulorumque
734 1965 1008 2031 timiditas,
1032 1961 1268 2017 indubita
1298 1959 1423 2014 hinc
1448 1955 1798 2013 resurrectio-

218 2062 305 2116 nis
349 2056 736 2115 demonstratio
781 2060 1004 2129 eruitur.
1055 2056 1302 2109 Attamen
1341 2046 1679 2118 impudentes
1718 2044 1796 2099 illi

216 2151 311 2217 qui
339 2149 473 2204 nihil
501 2162 607 2203 non
634 2140 917 2209 audebant,
949 2144 1072 2198 licet
1102 2152 1178 2197 tot
1206 2151 1455 2211 tantaque
1481 2148 1660 2193 essent
1678 2150 1797 2207 quas

216 2243 339 2295 illos
354 2241 725 2294 obmutescere
739 2243 1017 2307 cogerent,
1030 2232 1211 2299 Dicite,
1230 2232 1396 2295 aiunt,
1417 2240 1464 2283 et
1485 2245 1577 2285 nos
1590 2226 1797 2297 persua-

215 2334 469 2398 debitum,
498 2348 559 2385 ac
597 2347 684 2385 vos
711 2344 913 2385 securos
941 2326 1228 2380 reddemus.
1258 2323 1443 2379 Viden‘
1471 2336 1655 2377 omnes
1676 2334 1795 2373 cor-

214 2422 447 2492 ruptos?
483 2422 747 2477 Pilatum?
796 2418 911 2490 Ipse
944 2417 1086 2473 enim
1118 2413 1523 2484 obtemperavit.
1569 2407 1796 2465 Μίιιίεεῗ

215 2514 474 2585 pepulum
500 2510 819 2568 Judaicnm?
857 2508 963 2567 Sed
992 2522 1059 2563 ne
1085 2505 1295 2561 mireris
1320 2504 1364 2558 si
1391 2501 1631 2573 pecunia:
1653 2500 1795 2555 tuiti-

216 2614 300 2659 tes
346 2602 672 2674 subegeriut.
720 2598 853 2655 Nam
902 2599 945 2653 si
995 2607 1192 2652 tantam
1234 2595 1288 2650 in
1330 2591 1644 2662 discipulum
1687 2589 1795 2644 vim

214 2696 537 2759 habuerunt,
580 2693 747 2748 multo
787 2692 954 2761 magis
994 2688 1133 2759 apud
1182 2687 1318 2741 illos.
1374 2683 1439 2738 Et
1481 2682 1796 2753 divulgatum

214 2800 316 2856 est,
345 2788 533 2859 inquit,
565 2786 767 2842 uerbum
795 2785 1061 2851 hocusque
1085 2781 1137 2835 in
1164 2788 1461 2851 presentem
1477 2777 1612 2830 diem
1633 2776 1673 2829 ⁸.
1701 2776 1793 2831 Vi-

215 2880 344 2935 den‘
399 2892 607 2933 rursum
653 2874 1036 2944 discipulorum
1088 2868 1474 2926 ve‘racitatem?
1524 2864 1795 2938 quomodo

215 2986 326 3027 non
354 2970 669 3025 erubescant
695 2966 898 3028 dicere,
938 2964 1073 3019 hanc
1098 2974 1282 3018 contra
1318 2961 1439 3017 illos
1468 2959 1663 3014 famam
1691 2957 1793 3013 ob-

215 3062 489 3119 tinuisse?
526 3060 639 3117 16..
669 3057 916 3114 Undecim
961 3067 1127 3110 autem
1174 3054 1411 3123 discipuli
1459 3052 1692 3106 abierunt
1738 3049 1794 3102 in

216 3153 531 3217 Galilaeam;
578 3151 665 3206 l7.
714 3159 760 3204 et
797 3149 888 3202 alii
924 3146 1131 3217 quidem
1170 3144 1523 3207 adoraueruut,
1554 3140 1647 3195 alii
1679 3154 1795 3193 cunt

214 3247 384 3315 ipsum
412 3244 669 3308 vidissent,
698 3239 1070 3294 dubitaverunt.
1112 3236 1210 3292 Hic
1252 3234 1381 3290 mihi
1413 3243 1682 3303 postremo
1713 3230 1795 3285 vi-

213 3337 377 3392 detur
401 3336 547 3390 visus
571 3346 694 3388 esse
734 3332 786 3386 in
814 3329 1052 3393 Galilaea,
1096 3326 1309 3398 quando
1353 3324 1471 3378 illos
1516 3322 1696 3377 emisit
1738 3330 1795 3375 ut

214 3430 569 3500 baptizarent.
598 3424 751 3495 Quod
774 3424 819 3479 si
848 3421 1063 3494 quidam
1094 3418 1470 3481 dubitaverint,
1510 3415 1633 3469 hinc
1663 3428 1797 3484 quo—

213 3535 322 3592 que
348 3520 558 3573 illorum
590 3515 933 3572 veracitatem
964 3512 1177 3575 mirare,
1220 3505 1485 3577 quomodo
1514 3519 1704 3573 nempe
1726 3505 1793 3559 ad

216 3611 459 3666 ultimam
487 3623 657 3678 usque
682 3606 825 3673 diem
856 3602 1194 3659 inﬁrmitates
1215 3614 1340 3655 suas
1368 3612 1473 3653 non
1500 3597 1787 3651 occultent.

215 3707 469 3757 Attamen
513 3714 581 3753 ex
623 3696 762 3752 illius
799 3701 1090 3763 conspectu
1134 3689 1436 3749 conﬁrmati
1481 3697 1623 3742 sunt.
1652 3687 1793 3755 Quid

212 3806 346 3862 ergo
372 3790 492 3844 illos
520 3787 856 3857 conSpiciens
891 3783 1064 3839 dixit?
1094 3780 1179 3836 18.
1213 3780 1350 3833 Data
1376 3789 1447 3833 est
1476 3779 1603 3831 mihi
1630 3778 1794 3832 euntis

213 3892 441 3955 potestas
482 3881 534 3933 in
563 3878 689 3934 uelo
714 3888 762 3932 et
790 3879 845 3931 in
875 3886 1026 3930 terra.
1054 3875 1254 3928 Rursus
1280 3872 1513 3926 humano
1538 3884 1689 3925 more
1715 3868 1794 3922 lo-

213 3976 400 4046 quitur
426 3973 528 4028 illis
554 3991 567 4039 ;
602 3971 840 4026 nondum
869 3969 1014 4024 enim
1040 3974 1358 4037 acceperant
1384 3965 1640 4036 Spiritum
1666 3978 1791 4018 san-

212 4080 386 4131 ctum,
411 4066 500 4136 qui
531 4064 649 4119 illos
689 4061 1028 4117 sublimiores
1053 4057 1307 4114 efﬁceret.
1348 4057 1438 4114 l9.
1470 4055 1659 4110 Euntes
1695 4056 1794 4111 do-

211 4170 323 4212 cete
347 4172 518 4210 omnes
555 4165 743 4225 gentes,
777 4153 1085 4223 baptizantes
1129 4165 1213 4204 eos
1236 4150 1289 4203 in
1315 4149 1515 4201 nomine
1551 4146 1723 4202 Patris
1746 4156 1793 4200 et

216 4248 346 4302 Filii
376 4259 423 4300 et
463 4246 688 4315 Spiritus
728 4243 891 4297 sancti
917 4256 934 4295 :
956 4240 1047 4296 9.0.
1095 4240 1328 4293 docentes
1352 4254 1435 4293 eos
1462 4253 1661 4293 servare
1681 4252 1791 4291 orn-

214 4343 303 4393 m’a
347 4325 684 4408 quwcttntquc‘
709 4335 945 4388 utandtwi
986 4332 1142 4387 vobis.
1182 4331 1256 4386 De
1282 4330 1639 4401 dogmatibus,
1664 4329 1791 4385 item

210 4434 283 4487 de
317 4430 601 4501 praeceptis
638 4426 919 4491 mandans,
964 4423 1270 4479 Judaeorum
1298 4437 1367 4478 ne
1396 4422 1640 4476 meminit
1671 4421 1790 4491 qui-

209 4526 363 4590 dem,
394 4538 565 4592 neque
591 4521 642 4575 in
672 4519 903 4574 medium
936 4517 1137 4587 profert
1164 4531 1225 4570 ea
1255 4531 1373 4586 quae
1394 4514 1527 4569 facta
1558 4515 1787 4581 fuerant,

214 4630 393 4684 neque
420 4613 575 4666 Petro
606 4610 961 4680 negationem,
991 4607 1072 4662 vel
1099 4606 1322 4660 aliorum
1370 4604 1459 4659 ulli
1496 4603 1672 4673 fugam
1701 4619 1795 4659 ex-

214 4705 470 4778 probrat;
498 4702 649 4772 jubet
673 4710 852 4755 autem
879 4714 975 4769 per
1002 4698 1185 4753 orbem
1216 4696 1412 4752 eﬁ'undi
1444 4696 1791 4765 compendio.

213 4811 330 4855 sam
358 4795 501 4850 illaut
539 4792 787 4863 baptismi
824 4791 1142 4847 doctrinam.
1186 4788 1388 4844 Deinde
1433 4790 1555 4858 quia
1603 4802 1791 4857 magna

212 4891 324 4945 illis
346 4894 690 4958 prtnceperat,
720 4884 953 4953 ipsorum
990 4883 1195 4935 animos
1218 4880 1486 4945 attollens,
1523 4879 1629 4933 ait:
1662 4877 1795 4931 Ecce

210 4996 307 5049 ego
335 4977 583 5031 vobiscum
604 4992 717 5029 sunt
744 4973 975 5027 omnibus
996 4971 1169 5024 diebus
1194 4985 1349 5038 usque
1375 4969 1443 5021 ad
1467 4984 1790 5021 consumma-

211 5074 403 5126 tionem
444 5067 637 5121 satculi.
680 5064 867 5119 Viden’
904 5076 1113 5117 rursum
1160 5059 1574 5114 auctoritatem?
1617 5057 1793 5112 viden'

209 5159 489 5233 qruomodo
516 5157 599 5211 illa
630 5170 751 5211 sese
776 5150 1166 5222 attemperandi
1204 5163 1363 5205 causa
1399 5147 1632 5203 dixerit?
1672 5146 1787 5201 Non

208 5252 335 5310 cum
364 5252 465 5305 illis
492 5249 663 5304 solum
687 5262 746 5301 se
774 5247 884 5301 fore
901 5245 1057 5307 dixit,
1086 5242 1182 5298 sed
1208 5243 1366 5296 etiam
1392 5255 1513 5295 cum
1542 5239 1793 5293 omnibus

208 5345 303 5413 qui
335 5351 456 5412 post
478 5340 599 5394 illos
624 5337 884 5392 credituri
907 5344 1084 5391 erant.
1138 5332 1317 5402 Neque
1364 5331 1507 5385 enim
1559 5330 1790 5399 apostoli

211 5448 384 5503 usque
431 5430 496 5485 ad
549 5427 1063 5484 consummationem
1091 5423 1270 5478 saeculi
1302 5422 1542 5476 mansuri
1584 5430 1740 5476 erant
1773 5438 1787 5474 :

209 5524 309 5579 sed
350 5521 594 5576 ﬁdelibus
639 5518 885 5573 erunibus
943 5516 1094 5585 quasi
1133 5515 1220 5569 uni
1272 5514 1481 5583 corpori
1530 5514 1786 5583 loquitur.

208 5616 293 5673 Nc
338 5614 490 5680 mihi,
522 5612 711 5681 inquit,
754 5608 1120 5663 difﬁcultatem
1149 5622 1325 5661 rerum
1369 5605 1614 5660 dixeritis
1653 5620 1791 5675 :ego

208 5710 357 5763 enim
399 5706 673 5760 vobiscum
704 5718 846 5767 sum,
889 5702 979 5771 qui
1007 5700 1185 5754 omnia
1229 5698 1399 5755 facilia
1444 5698 1632 5754 reddo.
1678 5698 1790 5752 Hoc

275 5842 294 5876 ³
328 5837 615 5892 Commelin.
652 5844 703 5885 et
738 5833 902 5884 aurei.
925 5833 1133 5891 iubent,
1161 5840 1215 5882 Et
1254 5832 1545 5894 divulgatum
1582 5838 1651 5880 est
1689 5841 1793 5879 ver-

211 5906 324 5953 bson
344 5901 433 5954 hat
448 5900 583 5963 apud
599 5902 812 5947 πραεῖαί.

509 5985 785 6044 Ps’t‘ttOL.
836 5986 951 6044 Gn.
1002 5983 1209 6045 LVIII.

1238 484 1305 541 ΙΝ
1344 474 1751 538 ΜΛΠΗᾹΞΠΜ
1789 472 2018 530 ηυδιιι.
2045 471 2155 528 XC.
2186 474 2258 529 al.
2299 473 2437 529 XCI.

3392 469 3501 527 πο

1913 586 2073 641 etiam
2123 584 2399 657 prophetis
2445 586 2496 639 in
2545 585 2714 641 veteri
2739 585 2856 656 lege
2883 585 3139 643 diccbat:
3169 592 3227 639 ct
3247 579 3500 641 Ieremia:

1908 677 2187 745 pueritiam
2230 676 2565 742 obtendenti,
2608 685 2664 732 et
2710 676 2878 747 Moysi
2912 685 2970 732 et
2996 674 3503 732 Ezechielisubtcr—

1907 766 2253 837 fugientibus,
2287 765 2395 840 Ego
2415 768 2667 822 vobiscum
2691 783 2823 833 sum,
2853 766 3045 836 inquit.
3074 765 3187 822 Hoc
3211 766 3318 822 illis
3358 779 3502 822 nunc

1906 856 2053 913 dicit.
2098 857 2196 913 Hic
2223 872 2352 914 vero
2378 859 2508 914 mibi
2533 860 2749 915 illorum
2778 859 3133 917 diﬁ‘erentiam
3164 860 3495 917 consideres.

1906 946 1989 1003 llli
2016 949 2159 1004 enim
2187 948 2252 1004 ad
2281 963 2440 1004 unam
2466 950 2615 1006 missi
2643 960 2883 1022 gentem,
2934 967 3081 1024 smpe
3128 963 3445 1009 recusarunt
3478 971 3494 1007 :

1906 1038 1961 1091 lii
2008 1037 2139 1092 nihil
2165 1038 2471 1108 huiusmodi
2502 1039 2709 1112 loquuti
2735 1049 2883 1111 sunt,
2932 1043 2985 1097 in
3015 1042 3203 1098 orbem
3233 1055 3494 1099 terrarum

1894 1133 2074 1189 ‘missi.
2115 1133 2224 1191 illis
2251 1150 2381 1191 vero
2417 1137 2937 1193 consummationem
2976 1146 3385 1204 commemorat,
3439 1147 3496 1193 ut

1906 1227 2076 1298 magis
2095 1227 2218 1283 illos
2243 1228 2599 1298 pertraheret,
2641 1238 2697 1285 et
2741 1244 2809 1285 ne
2838 1230 3122 1300 praesentia
3151 1229 3326 1285 solum
3356 1230 3496 1300 inju-

1904 1315 2077 1371 cunda
2103 1317 2494 1388 conspicerent,
2529 1318 2624 1374 sed
2646 1317 2827 1375 futura
2853 1320 2941 1375 illa
2962 1318 3167 1375 inﬁnita
3195 1318 3355 1374 bona.
3383 1318 3495 1373 Ad-

1906 1422 2063 1463 versa
2105 1408 2270 1476 enim,
2320 1409 2513 1481 inquit,
2559 1426 2681 1481 quas
2724 1412 2933 1482 passuri
2973 1411 3125 1479 estis,
3157 1411 3211 1466 in
3241 1413 3491 1481 praesenti

1904 1498 2011 1552 vita
2056 1499 2357 1566 solvuntur,
2399 1500 2831 1572 quandoquidem
2858 1512 2913 1557 et
2940 1502 3114 1574 ipsum
3152 1503 3407 1558 naculum
3435 1503 3490 1559 in

1906 1590 2426 1659 consummationem
2472 1592 2653 1647 veniet
2684 1610 2700 1647 :
2734 1592 2875 1648 bona
2901 1607 3055 1657 vero,
3102 1593 3296 1664 quibus
3343 1594 3487 1650 fruc-

1904 1676 2056 1743 mini,
2087 1690 2285 1735 retenta
2315 1688 2557 1747 manent,
2590 1691 2649 1737 ut
2673 1696 2819 1754 swpe
2846 1681 2956 1739 dixi
2987 1684 3253 1754 superius.
3284 1684 3373 1740 Sic
3394 1698 3487 1741 eo-

1902 1784 2022 1824 rum
2067 1770 2277 1826 animos
2318 1773 2561 1829 excitans
2584 1788 2696 1845 per
2720 1773 2864 1829 illius
2890 1773 2997 1830 diei
3020 1770 3491 1830 commemoratio-

1903 1873 2027 1914 nem
2063 1860 2210 1916 misit
2245 1876 2361 1918 eos.
2408 1863 2531 1919 Dies
2552 1865 2695 1919 enim
2720 1864 2811 1919 illa
2832 1874 2981 1921 recte
3006 1864 3308 1940 viventibus
3332 1872 3488 1934 opta-

1903 1949 2044 2017 bilis,
2095 1960 2154 2006 ut
2192 1953 2563 2021 peccatoribus
2606 1945 2883 2021 terribilis,
2930 1963 3114 2025 utpote
3147 1954 3487 2011 damnandis.

1902 2036 2008 2094 Sed
2054 2055 2121 2095 ne
2155 2041 2456 2109 timeamus,
2504 2058 2604 2100 nec
2634 2042 2956 2100 horreamus
2984 2052 3209 2111 tantum,
3237 2043 3333 2101 sed
3360 2043 3487 2117 dum

1902 2138 2115 2200 tempus
2140 2140 2243 2197 est,
2272 2133 2641 2203 immutemur,
2674 2143 2729 2191 et
2754 2150 2822 2191 ex
2844 2134 3081 2206 nequitia
3107 2150 3444 2207 emergamus
3470 2154 3487 2191 :

1903 2237 2189 2293 possumus
2216 2225 2383 2294 enim,
2411 2225 2458 2281 si
2482 2226 2827 2283 voluerimus.
2879 2227 3015 2284 Nam
3040 2229 3084 2284 si
3114 2238 3241 2285 ante
3265 2230 3489 2301 gratiam

1902 2314 2052 2368 multi
2080 2313 2179 2369 hoc
2210 2313 2471 2381 fecerunt,
2510 2316 2680 2373 multo
2706 2317 2874 2387 magis
2903 2326 3024 2388 post
3045 2320 3273 2390 gratiam
3304 2321 3413 2377 ﬁet.

1971 2404 2025 2459 3.
2070 2402 2220 2458 Nihil
2244 2404 2446 2476 diﬁicile
2469 2406 2523 2461 in
2554 2408 2819 2477 praeceptis
2847 2405 3058 2464 Christi.
3080 2438 3153 2452 —-
3178 2410 3317 2479 Quid
3344 2412 3488 2468 enim

1902 2506 2063 2562 grave
2089 2504 2411 2565 perceptum
2441 2496 2596 2551 nobis
2621 2496 2747 2551 est?
2786 2512 2854 2553 an
2901 2508 3113 2556 montes
3153 2501 3379 2557 secare?
3420 2517 3491 2559 an

1902 2584 2080 2640 volare
2108 2599 2204 2656 per
2228 2601 2409 2643 aerem
2430 2587 2455 2641 ?
2475 2597 2568 2643 aut
2594 2588 2927 2661 Tyrrhvnum
2957 2592 3177 2664 pelagus
3208 2594 3492 2665 trajicere?

1902 2674 2241 2747 Nequaquam
2271 2697 2285 2732 :
2311 2678 2407 2734 sed
2434 2679 2594 2735 vitam
2627 2681 2700 2736 ita
2737 2680 2945 2738 facilem
2970 2684 3125 2739 nobis
3155 2685 3402 2756 injuuxit,
3434 2700 3493 2745 ut

1904 2770 2277 2839 instrumentis
2307 2774 2439 2829 nihil
2468 2790 2603 2845 Opus
2632 2777 2722 2841 sit,
2768 2777 2863 2833 sed
2900 2777 3083 2834 animo
3120 2787 3178 2836 et
3219 2779 3493 2836 voluntate

1904 2870 2129 2919 tantum.
2179 2864 2310 2932 Qua:
2356 2867 2709 2923 instrumenta
2749 2868 3051 2926 habuerunt
3092 2873 3346 2943 apostoli,
3399 2875 3492 2945 qui

1902 2961 1985 3009 tot
2009 2955 2261 3025 praeclara
2286 2962 2607 3028 gesserunt?
2650 2961 2843 3017 Annon
2873 2976 2975 3017 una
3000 2961 3172 3019 induti
3199 2964 3403 3031 tunica,
3436 2977 3494 3022 et

1903 3045 2060 3102 nudis
2106 3048 2330 3118 pedibus
2382 3060 2569 3118 erant,
2620 3059 2676 3109 et
2722 3053 2900 3109 omnia
2945 3056 3308 3125 superarunt?
3350 3056 3492 3125 Quid

1902 3137 2044 3193 enim
2073 3137 2293 3194 difﬁcile
2318 3139 2370 3195 in
2400 3143 2681 3213 prmeeptis
2722 3142 2918 3199 Christi
2966 3144 3095 3201 est?
3130 3144 3344 3203 Nullum
3388 3148 3491 3205 ba-

1902 3225 2031 3283 beas
2056 3228 2363 3293 inimicum;
2394 3233 2661 3288 neminem
2689 3234 2814 3289 odio
2841 3234 3069 3303 habeas;
3097 3240 3296 3297 nemini
3324 3240 3489 3298 male-

1902 3316 2070 3372 dicas.
2112 3316 2242 3385 Quae
2267 3318 2352 3375 his
2379 3330 2502 3375 sunt
2529 3324 2820 3389 contraria,
2853 3316 3153 3383 difﬁciliora
3191 3340 3336 3388 sunt.
3380 3333 3486 3390 Sed

1901 3408 2055 3475 dixit,
2086 3411 2312 3481 inquies,
2346 3413 2605 3471 Pecunias
2628 3414 2818 3485 abjice.
2846 3416 2916 3473 Et
2935 3417 3037 3474 hoc
3058 3436 3345 3479 onerosum
3372 3427 3491 3481 est?

1902 3505 2016 3560 lmo
2046 3521 2174 3561 vero
2204 3521 2307 3561 non
2337 3508 2613 3579 praecepit,
2645 3510 2738 3567 sed
2763 3510 2863 3567 boc
2882 3513 3166 3570 consilium
3194 3514 3356 3572 dedit.
3381 3517 3489 3575 Sed

1902 3598 2025 3654 volo
2052 3598 2153 3654 hoc
2178 3614 2300 3655 esse
2328 3610 2675 3671 pra-ceptum,
2703 3617 2845 3658 anne
2865 3618 3024 3675 grave
3053 3614 3156 3674 est,
3189 3622 3354 3666 onera
3380 3625 3486 3666 non

1902 3689 2063 3758 ferre,
2092 3706 2192 3746 nec
2220 3692 2612 3748 sollicitudines
2646 3694 3087 3765 intempestivas?
3130 3698 3234 3755 Sed
3266 3716 3299 3756 o
3329 3703 3491 3760 misc-

1901 3797 2015 3837 ram
2053 3783 2395 3851 pecuniarum
2441 3783 2785 3867 aviditatem!
2837 3784 3025 3843 Omnia
3062 3791 3304 3859 pecuniae
3349 3793 3489 3852 facta

1900 3883 2046 3942 sunt,
2074 3874 2195 3930 ideo
2219 3876 2397 3931 omnia
2427 3889 2521 3931 sus
2548 3876 2719 3948 deque
2746 3879 2917 3948 posita
2947 3892 3092 3937 sunt.
3123 3882 3178 3941 Si
3207 3885 3327 3956 quis
3358 3887 3491 3944 bea-

1902 3973 2013 4020 tum
2045 3966 2345 4036 quempiam
2373 3968 2623 4034 aestimet,
2673 3969 2893 4025 istarum
2945 3975 3273 4032 mentionem
3311 3977 3439 4035 facit
3470 3998 3485 4035 :

1901 4057 1946 4110 si
1994 4057 2244 4112 miserum
2292 4065 2478 4126 putet,
2541 4056 2668 4114 hinc
2713 4061 3133 4121 commiseratio.
3183 4066 3491 4141 Omnesque

1900 4161 2179 4203 sermones
2202 4146 2287 4202 his
2312 4148 2365 4204 in
2395 4148 2557 4203 rebus
2576 4158 2859 4205 versantur
2906 4169 2921 4205 :
2967 4152 3248 4222 Quomodo
3280 4157 3367 4216 bic
3408 4161 3492 4217 di-

1902 4238 2099 4293 tescit?
2150 4238 2420 4308 quomodo
2462 4238 2551 4293 ille
2604 4255 2805 4312 pauper
2833 4242 2949 4298 est?
2976 4243 3035 4300 Si
3070 4248 3191 4317 quis
3218 4248 3487 4321 militiam,

1902 4330 1946 4385 si
1974 4330 2318 4398 connuhium,
2347 4331 2392 4385 si
2424 4342 2617 4397 artem,
2648 4332 2694 4387 si
2727 4334 2937 4404 quidvis
2964 4336 3107 4393 aliud
3137 4348 3350 4410 tractet,
3382 4358 3489 4401 non

1901 4422 2048 4491 prius
2076 4420 2153 4477 rei
2184 4436 2397 4477 manum
2424 4421 2692 4488 admovet,
2714 4439 2873 4495 quam
2903 4425 3094 4483 viderit
3121 4444 3208 4486 res
3236 4446 3493 4502 prospere

1901 4523 1957 4569 et
1982 4523 2226 4584 prompte
2249 4514 2351 4570 sibi
2371 4528 2617 4570 cessuras
2641 4530 2779 4571 esse.
2810 4515 3011 4589 Hisque
3036 4522 3340 4593 conspectis
3362 4539 3492 4581 coo-

1902 4606 2101 4677 gregati
2132 4621 2237 4661 non
2262 4605 2709 4674 consultabimus,
2731 4628 2733 4630 ·
2752 4610 3023 4678 quomodo
3057 4611 3200 4670 hunc
3241 4616 3489 4677 morbum

1902 4696 2205 4769 pellemus?
2241 4713 2348 4754 non
2390 4712 2490 4753 nos
2539 4697 2754 4767 pudebit
2800 4714 2986 4755 eorum
3036 4717 3156 4774 qua:
3190 4720 3221 4760 a
3248 4709 3489 4776 patribus

1902 4790 2158 4861 prmelare
2186 4791 2326 4848 facta
2356 4790 2516 4846 sunt?
2548 4806 2647 4847 nec
2674 4804 2757 4846 ter
2784 4792 2931 4847 mille
2953 4792 3094 4862 illos,
3124 4804 3181 4853 et
3205 4799 3491 4870 quinquies

1901 4885 2066 4949 mille,
2094 4885 2183 4955 qui
2208 4886 2511 4939 communia
2541 4885 2809 4941 habebant
2836 4886 3039 4954 onmia,
3087 4890 3492 4959 spectabimus?

1900 4974 2030 5043 Quin
2058 4976 2339 5045 praesentis
2362 4976 2489 5031 vitae
2518 4976 2742 5042 utilitas,
2766 4977 2811 5030 si
2836 4978 2949 5046 ipsa
2975 4978 3042 5033 ad
3072 4978 3303 5036 futuram
3327 4999 3492 5053 nego-

1902 5068 2172 5122 tiationem
2204 5082 2309 5121 non
2341 5068 2596 5122 utamur?
2630 5066 2919 5139 Quousque
2946 5068 3189 5128 servituti
3222 5087 3328 5128 non
3358 5074 3477 5129 sub-

1898 5158 2093 5228 jicietis
2125 5174 2483 5214 mammonam
2504 5200 2520 5225 ,
2566 5160 2655 5230 qui
2693 5159 2746 5214 in
2775 5160 3089 5217 servitutem
3116 5178 3213 5217 vos
3239 5165 3491 5236 redegit?

1901 5250 2010 5303 imo
2038 5249 2214 5318 potius
2234 5262 2511 5319 quousque
2532 5250 2671 5304 servi
2696 5250 2846 5305 eritis
2864 5251 3206 5320 pecuniarum
3228 5253 3253 5306 ἲ
3280 5270 3487 5324 quous-

1902 5356 2005 5411 que
2056 5357 2163 5395 non
2191 5340 2439 5395 amabilis
2468 5338 2792 5408 libertatem,
2836 5357 2935 5397 nec
2976 5342 3215 5397 avaritias
3243 5346 3491 5415 negotia-

1902 5433 2074 5487 tiones
2102 5431 2456 5499 dirumpctis?
2485 5430 2590 5486 Sed
2634 5432 2678 5485 si
2710 5431 2988 5487 hominum
3018 5433 3161 5489 servi
3187 5433 3326 5503 sitis,
3353 5437 3487 5493 nihil

1901 5539 2007 5577 non
2034 5522 2211 5592 agitis,
2256 5523 2301 5576 si
2336 5523 2454 5591 quis
2479 5524 2633 5578 vobis
2660 5522 2957 5579 libertatem
2984 5526 3259 5593 promittat
3288 5545 3303 5581 :
3331 5541 3491 5584 cum-

1901 5627 2006 5680 que
2048 5612 2165 5667 sitis
2208 5612 2450 5665 avaritia:
2488 5613 2704 5681 captivi,
2737 5627 2838 5668 nec
2869 5614 3115 5683 cogitatis
3138 5630 3240 5683 qua
3272 5618 3482 5672 ratione

1900 5701 2117 5770 possitis
2144 5701 2210 5756 ab
2244 5702 2343 5756 bac
2370 5701 2503 5758 dura
2546 5705 2849 5773 captivitate
2892 5704 3128 5761 liberari.
3178 5708 3338 5779 Atqui
3393 5708 3482 5762 illa

1902 5808 2006 5847 non
2050 5794 2226 5863 gravis
2264 5804 2381 5860 cst;
2432 5795 2546 5849 lucc
2570 5811 2700 5849 vero
2741 5797 2979 5867 tyrannis
3006 5807 3089 5851 est
3116 5798 3481 5854 acerbissima.

1902 5883 2142 5954 Cogitate
2162 5896 2418 5955 quantum
2443 5903 2544 5953 pro
2570 5888 2722 5944 nobis
2739 5890 2969 5952 pretium
2996 5887 3305 5955 deposuerit
3321 5886 3469 5942 Chri-

3021 5996 3093 6055 91
