4156 6516
668 423 686 435 ⁶
701 416 762 470 91
1369 408 1421 460 S.
1463 397 1732 457 JOANNS
1769 386 2230 449 CIIIiYSUSTOMI

676 535 808 582 stus.
836 522 1149 592 Sanguinem
1178 532 1330 572 sumn
1356 513 1556 577 effudit,
1590 510 1818 578 seipsum
1848 501 2083 558 tradidit.
2118 498 2222 550 Vos

677 625 848 668 autem
877 589 992 680 post
1023 610 1134 661 haec
1162 606 1336 659 omnia
1368 601 1634 657 decidistis
1677 616 1690 646 ι
1735 594 1977 665 quodque
2020 589 2226 680 gravius

679 714 778 765 est,
805 701 855 756 in
880 677 1148 753 servitute
1190 691 1548 752 delectamini,
1591 688 1642 740 in
1687 682 1969 756 ignominia
2009 677 2227 732 delicia-

681 793 826 856 miui,
845 800 898 844 et
922 788 1058 858 quod
1093 783 1390 855 fugiendum
1418 789 1552 842 erat,
1582 779 1730 831 vobis
1755 769 1984 842 optabile
2009 769 2104 823 fuit
2126 767 2226 836 (a).

730 881 961 937 Pecunia
970 879 1287 949 cupiditatem
1299 883 1342 928 et
1358 873 1558 926 nimiam
1571 866 1939 923 mtimationem
1957 858 2230 927 redarguit.

687 972 915 1026 Pecunia?
933 945 1185 1024 seruandae
1206 960 1536 1018 incommoda.
1563 956 1880 1024 Paupertatis
1907 945 2234 1004 bona.—Sed

681 1063 798 1131 quia
826 1075 928 1114 non
964 1053 1342 1126 deplorandum
1373 1050 1531 1106 modo
1548 1057 1626 1102 est
1665 1055 1716 1101 et
1746 1040 2110 1101 iucusaudum,
2141 1036 2234 1090 sed

682 1128 836 1208 ctiam
869 1148 1274 1208 emendandum,
1304 1143 1573 1196 videamus
1614 1137 1871 1192 undenam
1912 1131 1997 1185 hic
2023 1128 2236 1183 morbus

685 1243 834 1298 nobis
857 1239 1093 1295 amabilis
1111 1239 1250 1290 visus
1270 1235 1354 1288 sit.
1380 1230 1674 1292 Undenam,
1695 1224 1829 1280 unde
1845 1219 2084 1274 amabilis
2107 1217 2237 1270 fuit?

683 1334 812 1399 Quia
834 1332 883 1386 in
897 1329 1078 1400 gloria,
1097 1325 1319 1394 inquies,
1337 1331 1390 1378 et
1407 1322 1456 1374 in
1474 1319 1755 1373 securitate
1765 1311 2049 1368 constituit.
2071 1308 2124 1362 lu
2139 1322 2239 1376 qua

685 1438 881 1491 qumso,
905 1417 1220 1475 securitate?
1240 1412 1388 1483 Quod
1409 1408 1732 1465 conﬁdamus
1749 1407 1858 1459 fore
1880 1413 1935 1457 ut
1958 1413 2238 1470 numquam

685 1513 996 1574 esuriamus,
1039 1520 1322 1576 numquam
1363 1503 1648 1571 algeamns,
1699 1513 1801 1551 non
1839 1494 2110 1556 Ialdamur,
2137 1506 2241 1544 non

688 1613 1101 1657 contemnamnr.
1122 1597 1300 1665 Itaque
1314 1594 1356 1648 si
1372 1593 1505 1646 hanc
1523 1589 1611 1644 tibi
1625 1587 1955 1643 securitatem
1973 1583 2242 1653 pollicear,

697 1691 984 1746 abstinebis
1009 1705 1036 1742 a
1066 1687 1362 1742 divitiarum
1389 1679 1705 1750 cupiditate?
1747 1677 1788 1730 si
1811 1676 1948 1730 enim
1979 1673 2095 1727 ideo
2124 1681 2245 1726 sunt

693 1783 886 1835 divitia:
914 1776 1250 1845 expetendae,
1281 1774 1323 1827 si
1367 1773 1565 1840 absque
1599 1769 1703 1823 illis
1735 1765 2070 1820 securitatem
2113 1777 2243 1814 uan-

691 1871 814 1925 cisci
845 1868 1124 1938 possimus.
1156 1863 1279 1934 quid
1313 1861 1404 1916 tibi
1429 1860 1535 1930 jam
1564 1858 1665 1912 illis
1688 1869 1820 1924 opus
1855 1854 1996 1907 erit?
2020 1851 2086 1906 Et
2112 1866 2246 1920 quo-

694 1959 848 2012 modo
879 1965 1065 2025 potest,
1099 1954 1318 2022 inquies,
1354 1952 1398 2005 is
1421 1951 1508 2020 qui
1539 1948 1686 2002 dives
1723 1961 1825 1999 non
1846 1953 1943 2008 est,
1978 1942 2090 1997 hate
2119 1957 2250 1995 con-

694 2037 844 2105 sequi
866 2033 1015 2088 ?Imo
1030 2047 1158 2087 vero
1184 2033 1456 2102 quomodo
1491 2036 1612 2101 (ego
1629 2031 1771 2084 enim
1810 2031 2144 2085 contrarium
2177 2028 2264 2084 di-

695 2124 835 2193 ram)
885 2123 931 2178 is
965 2123 1056 2193 qui
1113 2123 1264 2177 dives
1315 2123 1442 2178 est?
1491 2121 1625 2174 Nam
1675 2130 1734 2173 ut
1782 2121 1967 2174 multis
2013 2120 2266 2175 aduletur

697 2234 912 2276 necesse
937 2228 1035 2284 est,
1067 2225 1125 2273 et
1153 2215 1471 2287 principibus
1498 2223 1550 2269 et
1577 2213 1820 2277 subditis,
1872 2219 1928 2265 ut
1965 2211 2255 2265 innumeris

698 2326 828 2379 opus
851 2309 1038 2363 habeat
1058 2318 1111 2362 et
1140 2305 1464 2361 illiberaliter
1492 2304 1707 2369 serviat,
1741 2312 1952 2366 tremat,
1981 2312 2256 2370 suSpeetos

699 2400 910 2462 habeat,
955 2398 1252 2452 invidorum
1299 2397 1503 2460 oculos,
1547 2393 1992 2464 sye0phantarum
2021 2408 2112 2447 Ora
2144 2407 2255 2447 me-

700 2501 827 2553 tuat,
875 2490 1200 2558 aliorumque
1233 2501 1509 2540 avarorum
1545 2484 1878 2553 cupiditates.
1922 2486 1989 2537 At
2027 2496 2256 2552 pauper-

699 2593 780 2636 tas
809 2596 911 2634 non
937 2580 1073 2642 talis,
1101 2576 1191 2632 sed
1219 2577 1371 2646 plane
1393 2575 1473 2628 his
1494 2575 1780 2630 contraria.
1811 2573 1980 2628 Locus
2010 2583 2090 2627 est
2120 2582 2262 2626 tutus

701 2682 1003 2734 etsceurus,
1032 2678 1212 2740 portus
1234 2667 1566 2736 tranquillus,
1588 2664 1828 2735 palaestra
1854 2674 1906 2719 et
1929 2664 2260 2746 gymnasium

708 2763 1085 2835 philosophia},
1123 2762 1372 2832 angelicae
1417 2759 1538 2814 vitae
1589 2757 1834 2813 imitatio.
1881 2756 2006 2811 llaec
2050 2755 2262 2822 audite,

703 2863 960 2925 quotquot
1004 2865 1260 2922 pauperes
1306 2849 1470 2914 eStis;
1523 2851 1630 2902 imo
1671 2861 1796 2902 vero
1833 2855 2089 2917 quotquot
2128 2847 2266 2900 dite-

707 2962 856 3001 scere
880 2945 1057 2998 vultis.
1087 2942 1199 2998 Non
1222 2956 1504 3012 pauperem
1531 2954 1670 3003 esse,
1697 2939 1790 2994 sed
1818 2939 1956 2993 nolle
1985 2953 2268 3008 pauperem

709 3052 845 3102 esse,
873 3037 1066 3090 malum
1089 3042 1189 3089 est.
1221 3033 1297 3088 Ne
1321 3047 1479 3103 grave
1499 3031 1766 3101 quidpiam
1799 3044 1952 3100 putes
1993 3045 2110 3085 esse.
2146 3045 2270 3098 pau-

710 3135 989 3196 pertatem,
1037 3139 1208 3193 neque
1236 3124 1412 3194 gravis
1439 3124 1541 3177 erit
1581 3122 1676 3177 illa
1722 3122 1832 3176 tibi.
1876 3121 1991 3177 Non
2037 3123 2174 3176 enim
2218 3125 2270 3176 in

712 3227 892 3271 natura
943 3217 1042 3281 rei,
1091 3215 1183 3269 sed
1225 3215 1277 3269 in
1322 3213 1558 3268 mollium
1589 3214 1820 3266 virorqu
1858 3212 2057 3281 judicio
2100 3223 2273 3266 metus

712 3308 812 3360 iste
839 3307 1008 3359 locum
1041 3305 1213 3359 habet.
1235 3303 1370 3370 Quin
1394 3303 1550 3356 etiam
1579 3317 1664 3358 me
1691 3301 1928 3371 puderet,
1953 3303 1995 3355 si
2027 3301 2126 3356 hoc
2157 3312 2271 3355 tan-

714 3406 821 3450 tum
853 3395 918 3449 de
964 3402 1266 3467 paupertate
1294 3394 1468 3448 dicere
1503 3407 1738 3463 possem,
1783 3392 1923 3462 quod
1967 3407 2028 3446 ea
2079 3393 2273 3448 malum

715 3503 816 3543 non
843 3488 948 3549 sit;
995 3501 1116 3541 nam
1157 3487 1201 3541 si
1242 3486 1649 3556 philosopheris,
1697 3485 1840 3539 mille
1885 3483 1976 3537 tibi
2019 3483 2275 3538 bonorum

715 3579 833 3634 fons
870 3579 989 3633 erit.
1025 3578 1090 3632 Et
1117 3577 1161 3630 si
1189 3577 1306 3646 quis
1336 3576 1427 3630 tibi
1456 3576 1578 3630 hinc
1607 3576 1886 3644 imperium
1908 3616 1921 3638 ,
1952 3573 2134 3629 civiles
2163 3589 2278 3627 ma-

719 3671 985 3739 gistratus,
1025 3667 1253 3731 divitias,
1296 3665 1634 3735 deliciasque,
1669 3665 1790 3720 inde
1837 3680 1961 3721 vero
1997 3675 2277 3734 pauperta-

721 3770 826 3815 tem
853 3767 1184 3829 proponeret,
1214 3757 1594 3828 optionemque
1622 3758 1793 3820 daret,
1830 3757 1968 3812 hanc
1997 3757 2171 3812 subito
2198 3773 2283 3810 ra-

722 3863 893 3919 peres,
915 3849 960 3903 si
985 3847 1101 3917 ejus
1129 3856 1303 3901 notam
1333 3846 1555 3902 haberes
1581 3846 1969 3900 excellentiam.

788 3940 841 3993 4.
887 3935 1205 4007 Ραιιρενιαιίε
1225 3936 1614 3991 laudem—Scio
1634 3935 1844 4006 quidem
1877 3936 2071 3990 multos
2085 3934 2282 4002 ridere,

722 4028 846 4082 dum
877 4027 988 4082 hazc
1003 4026 1279 4089 dicuntur;
1306 4025 1398 4081 sed
1426 4041 1521 4081 nos
1542 4026 1757 4081 minime
1785 4025 2075 4080 turbamur.
2095 4027 2285 4094 Qumso

725 4126 944 4182 tantum,
970 4116 1228 4186 patienter
1256 4115 1499 4182 audiatis,
1531 4125 1586 4171 et
1610 4116 1715 4170 cito
1737 4114 2007 4170 nobiscum
2024 4116 2284 4171 calculum

727 4209 925 4263 feretis.
969 4207 1091 4261 blihi
1141 4215 1419 4276 paupertas
1469 4207 1654 4262 similis
1691 4220 1810 4260 esse
1857 4207 2062 4262 videtur
2103 4208 2289 4277 puella:

727 4307 943 4363 Ot'ltaltn,
966 4296 1196 4368 pulchra:
1221 4306 1274 4351 et
1292 4296 1567 4352 formosas:
1599 4297 1817 4352 avaritia
1835 4312 1961 4353 vero
1979 4309 2290 4355 monstrosa}

731 4389 956 4454 mulieri,
984 4387 1196 4458 Scyllae,
1229 4385 1431 4456 ltydrzn,
1465 4386 1830 4456 similibusque
1861 4388 2113 4442 monstris
2135 4428 2148 4448 .
2173 4405 2290 4457 qua:

729 4484 926 4535 tinxere
971 4477 1280 4550 mythologi.
1327 4477 1402 4532 Ne
1437 4476 1563 4532 mihi
1605 4478 1928 4548 paupertatis
1958 4490 2292 4534 accusatores

729 4575 781 4628 in
826 4569 1056 4627 medium
1099 4568 1308 4634 afferas,
1354 4569 1444 4624 sed
1475 4583 1567 4623 eos
1595 4570 1684 4638 qui
1728 4585 1822 4639 per
1869 4571 2035 4640 ipsam
2065 4570 2293 4624 illustres

731 4666 958 4722 fuerunt.
1000 4664 1132 4718 Cum
1177 4662 1274 4717 hac
1313 4663 1566 4718 educatus
1599 4663 1765 4729 Elias,
1805 4675 1957 4732 raptu
2005 4665 2095 4718 illo
2142 4665 2293 4718 beato

732 4759 971 4828 dignatus
996 4764 1113 4820 est;
1144 4769 1262 4810 eum
1304 4753 1402 4808 hac
1428 4756 1602 4809 clarus
1641 4755 1733 4808 fuit
1763 4755 2018 4821 Elisznus;
2052 4771 2171 4810 cum
2198 4755 2297 4810 hac

736 4852 968 4908 Joannes
995 4862 1047 4908 et
1071 4853 1290 4924 apostoli
1321 4869 1507 4908 omnes
1539 4871 1551 4908 :
1582 4869 1700 4908 cum
1721 4853 1806 4906 illa
1828 4868 1953 4907 vero
1976 4852 2176 4918 Achab,
2207 4853 2295 4907 Je-

733 4942 905 5008 zabel,
932 4942 1095 5009 Ciezi,
1123 4942 1308 5009 .Iudas,
1336 4944 1495 5009 Nero,
1519 4942 1745 5012 Caiphas
1771 4943 2002 4997 danmati
2028 4953 2166 4996 sunt.
2192 4942 2296 4999 Sed

735 5035 776 5087 si
809 5034 1000 5102 placet,
1031 5049 1098 5088 ne
1128 5034 1245 5087 illos
1272 5041 1472 5088 tantum
1501 5036 1586 5103 qui
1619 5036 1668 5087 iu
1697 5043 2005 5104 paupertate
2026 5034 2253 5088 ﬂoruere
2277 5075 2292 5100 ,

735 5125 828 5180 sed
850 5126 988 5180 illam
1019 5126 1182 5193 ipsam
1202 5125 1389 5193 puclla:
1410 5125 1851 5193 pulchritudinem
1879 5126 2295 5181 consideremus.

737 5217 792 5268 Si
817 5216 1024 5283 quidem
1073 5215 1258 5269 oculus
1291 5215 1407 5284 ejus
1437 5230 1596 5284 purus
1631 5223 1713 5269 est
1756 5226 1808 5269 et
1847 5216 2127 5279 dilucidus,
2171 5217 2298 5270 nihil

739 5306 1000 5360 turbidum
1032 5306 1252 5370 habens,
1274 5314 1330 5360 ut
1355 5305 1516 5360 habet
1542 5306 1726 5360 oculus
1748 5307 2006 5370 avaritiae,
2042 5305 2128 5374 qui
2164 5322 2300 5361 nunc

743 5399 842 5462 ira,
875 5412 1012 5450 nunc
1053 5385 1316 5465 volupiate
1358 5397 1546 5466 plenus
1573 5407 1692 5461 est,
1735 5412 1872 5451 nunc
1899 5398 2299 5466 intemperantia

741 5485 1002 5540 turbatus.
1032 5486 1100 5539 At
1126 5502 1228 5541 non
1258 5487 1474 5556 perinde
1494 5503 1551 5542 se
1575 5486 1932 5542 babetoeulus
1959 5487 2298 5555 paupertatis,

739 5578 830 5634 sed
862 5587 1166 5633 mansuetus
1199 5587 1298 5644 est,
1329 5593 1567 5644 serenus,
1597 5578 1828 5632 suaviter
1854 5591 2038 5632 omnes
2069 5578 2298 5640 intuens,

801 5717 873 5776 (Il)
906 5715 960 5764 In
1000 5715 1322 5776 sequentibus
1359 5714 1505 5763 multa
1537 5715 1762 5762 omittunt
1789 5723 1837 5762 et.
1864 5713 2055 5762 turbant
2081 5711 2298 5761 (innume-

743 5779 824 5824 lin.
852 5774 901 5826 et
925 5774 1086 5826 Morel.
1105 5787 1212 5836 qua:
1239 5788 1300 5824 ex
1326 5783 1425 5824 Mss.
1449 5785 1496 5824 et
1533 5791 1590 5823 ex
1621 5777 1755 5821 savil.
1785 5777 2119 5823 restituuntur.

2275 384 2580 439 .\lIl‘.l||F.P.
2623 383 3144 440 CONSTANTINOI'.

3795 384 3896 442 τειξ

2333 499 2482 556 leuis,
2524 497 2806 563 jucuntlus,
2855 499 3115 550 nentincm
3166 497 3286 548 odio
3337 498 3575 560 habens,
3633 500 3897 552 neminem

2333 601 2598 638 aversatus.
2634 586 2728 640 Ubi
2758 587 2896 638 enim
2930 588 3170 654 pecunia,
3217 588 3284 639 ibi
3327 589 3619 642 inimicitia:
3649 597 3704 640 ct
3733 589 3899 641 hcllo~

2336 692 2448 728 rmn
2479 678 2712 728 materia.
2741 677 2812 730 Os
2848 678 2917 731 illi
2949 677 3282 732 contumeliis
3326 689 3407 731 est
3443 679 3698 731 refertum
3725 719 3740 741 ,
3771 676 3902 730 fastu

2335 765 2584 833 quodam,
2613 767 2906 836 arrogantia
2937 765 3120 832 multa,
3145 767 3458 832 maledictis,
3478 767 3632 830 dolo;
3665 767 3823 832 hujus
3849 783 3906 818 os

2337 867 2523 912 contra
2553 868 2605 912 et
2636 858 2807 925 lingua
2834 872 2959 912 sana
2981 865 3096 921 est,
3124 858 3408 926 gratiarum
3442 858 3651 911 actione
3687 858 3904 924 perenni

2341 947 2512 1015 plena,
2572 947 2958 1013 benedictione,
3015 947 3189 1002 verbis
3225 945 3532 1012 mansuetis,
3593 945 3906 1006 benevolis,

2341 1039 2592 1109 obsequio
2640 1039 2826 1107 plenis,
2871 1047 2923 1092 et
2967 1039 3206 1093 laudibus
3253 1039 3634 1107 eucomiisque.
3680 1036 3740 1091 Si
3787 1051 3912 1090 vero

2341 1140 2514 1200 aptam
2555 1130 2914 1185 membrorum
2963 1132 3396 1199 compositionem
3437 1129 3703 1198 dispicere
3745 1128 3911 1190 velis,

2345 1236 2559 1290 procera
2601 1232 2682 1275 est
2723 1221 2807 1274 illa
2840 1221 3096 1290 longeque
3121 1222 3399 1275 sublimior
3423 1220 3714 1290 opulentia.
3763 1219 3914 1287 Quod

2345 1314 2388 1367 si
2421 1313 2566 1366 multi
2591 1313 2729 1366 illam
2758 1311 2976 1380 fugiant,
3012 1327 3077 1364 ne
3100 1312 3307 1366 mireris
3340 1329 3353 1365 :
3381 1325 3498 1364 nam
3543 1310 3675 1364 alias
3703 1325 3916 1380 quoque

2347 1403 2570 1456 virtutes
2589 1403 2732 1454 stulti
2760 1401 2981 1470 fugiunt.
3015 1401 3120 1457 Sed
3145 1417 3173 1455 a
3206 1402 3368 1456 divite
3393 1441 3406 1463 ,
3458 1402 3686 1470 inquies.
3715 1415 3917 1470 pauper

2349 1493 2663 1547 contumelia
2693 1491 2943 1547 afficitur.
2992 1492 3192 1547 Rursus
3240 1493 3366 1546 mihi
3399 1492 3725 1560 paupertatis
3753 1505 3918 1546 eoeo-

2350 1587 2510 1637 mium
2534 1599 2734 1638 narras.
2764 1584 2891 1651 Quis
2910 1584 3074 1646 enim,
3107 1598 3306 1652 qua-so,
3342 1582 3530 1637 beatus
3551 1622 3565 1645 ,
3605 1583 3697 1650 qui
3736 1593 3920 1636 contu-

2351 1677 2507 1730 melia
2537 1674 2716 1736 aflieit,
2745 1690 2808 1727 an
2831 1675 2919 1744 qui
2942 1673 3209 1728 afﬁcitur?
3234 1673 3390 1727 Certe
3417 1673 3458 1727 is
3479 1673 3567 1742 qui
3585 1671 3925 1726 contumeliis

2351 1769 2594 1832 afﬁcitur,
2627 1778 2679 1822 et
2727 1767 2824 1822 fert
2867 1766 3092 1821 fortiter.
3140 1766 3370 1820 Avaritia
3413 1766 3571 1834 igitur
3600 1762 3924 1818 eootumelia

2353 1858 2562 1913 afﬁcere
2578 1857 2753 1927 jubet;
2789 1866 3068 1925 paupertas
3100 1871 3225 1910 vero
3253 1855 3315 1909 ad
3346 1855 3618 1908 ferendam
3648 1863 3927 1907 contume-

2355 1947 2475 2001 liam
2497 1949 2752 2000 hortatur.
2789 1950 2871 2008 At,
2900 1946 3124 2015 inquies,
3145 1960 3343 2013 pauper
3364 1945 3550 1997 esurit.
3577 1943 3780 1996 Paulus
3799 1957 3928 2010 quo-

2356 2053 2457 2106 que
2484 2037 2768 2092 csuricbat.
2800 2035 2904 2089 Sed
2934 2051 3039 2090 non
3081 2036 3239 2088 habet
3266 2035 3351 2088 ubi
3375 2034 3634 2103 quiescat.
3668 2033 3730 2085 Et
3766 2031 3932 2085 Filius

2359 2127 2586 2182 hominis
2611 2144 2712 2180 non
2764 2126 2991 2182 habebat
3036 2127 3123 2181 ubi
3171 2136 3329 2194 caput
3383 2126 3688 2180 reclinaret.
3749 2123 3933 2178 \‘iden'

2359 2233 2633 2288 quousque
2689 2219 2998 2287 perveniant
3041 2219 3362 2288 paupertatis
3404 2217 3683 2283 cncomia,
3736 2216 3826 2270 ubi
3884 2227 3935 2269 te

2359 2310 2702 2372 Constituant,
2732 2309 2796 2362 ad
2823 2309 3054 2378 qualium
3083 2318 3133 2363 te
3159 2309 3392 2362 virorum
3419 2308 3824 2360 similitudinem
3844 2307 3938 2360 de-

2362 2396 2574 2463 ducant,
2610 2408 2660 2452 et
2682 2396 2946 2466 quomodo
2973 2408 3023 2452 te
3050 2397 3254 2450 Domini
3287 2397 3601 2450 imitatorem
3632 2395 3860 2449 faciant?
3881 2395 3937 2449 Si

2363 2503 2548 2542 aurum
2583 2489 2852 2557 possidere
2877 2488 3071 2542 bonum
3103 2498 3264 2552 esset,
3297 2485 3346 2539 id
3388 2487 3662 2555 discipulis
3702 2485 3942 2539 dedisset

2365 2581 2622 2645 Christus,
2649 2583 2735 2652 qui
2783 2582 3060 2636 inell‘abilia
3095 2582 3179 2634 illa
3206 2581 3339 2634 bona
3376 2579 3519 2634 dedit
3559 2579 3712 2648 ipsis.
3742 2580 3810 2633 At
3836 2594 3941 2632 non

2366 2672 2525 2726 modo
2552 2687 2654 2724 non
2688 2672 2850 2734 dedit,
2883 2671 2974 2725 sed
3007 2672 3163 2726 etiam
3187 2671 3377 2725 habere
3396 2669 3680 2738 prohibuit.
3715 2669 3944 2738 Ideoque

2369 2761 2558 2816 Petrus
2588 2777 2690 2816 non
2737 2761 2895 2815 modo
2926 2777 3030 2814 non
3077 2761 3343 2815 erubescit
3383 2761 3449 2814 de
3487 2769 3824 2829 paupertate.
3851 2759 3946 2813 sed

2370 2853 2529 2906 ctiam
2557 2853 2624 2907 de
2652 2852 2736 2906 illa
2758 2852 3013 2921 gloriatur
3043 2852 3125 2905 his
3152 2851 3325 2906 verbis
3358 2866 3370 2902 :
3399 2852 3670 2921 Argentum
3693 2861 3739 2902 et
3764 2866 3948 2902 aurum

2375 2961 2472 2998 non
2499 2955 2568 2998 est
2596 2944 2752 3006 mihi;
2793 2943 2926 3011 quod
2954 2953 3119 2996 autem
3148 2943 3323 3008 habeo,
3368 2945 3460 2996 hoc
3503 2943 3590 2995 tibi
3616 2942 3682 2996 do
3712 2941 3862 3012 (Act.
3891 2942 3947 2995 5.

2375 3035 2450 3105 6).
2489 3035 2618 3101 Quis
2666 3043 2896 3089 vestrum
2949 3035 3182 3088 nolletin
3231 3035 3364 3087 hanc
3409 3047 3691 3102 erumpere
3727 3032 3950 3087 vocem?

2376 3125 2572 3180 Omnes
2599 3126 2796 3196 utique,
2820 3125 2959 3180 dicet
2989 3123 3122 3180 forte
3142 3125 3420 3194 quispiam.
3451 3123 3588 3193 Ergo
3630 3124 3832 3192 projice
3867 3139 3954 3175 ar-

2376 3227 2612 3286 gentum,
2662 3217 2859 3287 projiee
2907 3233 3115 3272 aurum.
3167 3217 3227 3271 Et
3275 3217 3320 3270 si
3372 3217 3666 3286 projeeero,
3723 3216 3953 3284 inquies,

2380 3323 2742 3375 eonscquarue
2769 3309 2908 3364 Petri
2943 3308 3272 3378 potentiam?
3297 3308 3398 3362 Sed
3429 3306 3552 3376 quid
3571 3348 3586 3372 ,
3619 3320 3825 3376 qumso.
3852 3305 3956 3360 Pe.

2382 3409 2522 3454 trum
2544 3401 2750 3454 beatum
2774 3399 2985 3454 effecit?
3015 3415 3079 3452 an
3107 3398 3242 3469 quod
3281 3397 3525 3452 claudum
3553 3397 3828 3451 erexerit?
3860 3395 3958 3449 Mi-

2386 3491 2525 3544 nime
2563 3510 2573 3544 :
2600 3490 2692 3545 sed
2735 3490 2874 3560 quod
2900 3507 3082 3544 aurum
3109 3507 3214 3544 non
3239 3489 3499 3554 habuerit,
3528 3488 3630 3544 hoc
3654 3488 3726 3543 illi
3769 3487 3959 3542 etclum

2385 3583 2701 3638 conciliavit.
2738 3582 2813 3637 Ex
2861 3583 2925 3637 iis
2964 3583 3138 3646 enim,
3187 3581 3278 3652 qui
3321 3567 3467 3651 signa
3518 3581 3780 3643 fecerunt,
3811 3580 3962 3632 tntilli

2387 3672 2684 3728 inciderunt
2714 3674 2761 3727 in
2789 3673 3088 3742 gehennam
3120 3691 3131 3725 :
3163 3673 3249 3741 qui
3278 3687 3403 3727 vero
3431 3671 3543 3726 lucc
3573 3670 3836 3732 fecerunt,
3877 3686 3964 3725 re-

2387 3779 2547 3834 gnum
2571 3773 2693 3817 sunt
2735 3765 3069 3833 consequuti.
3116 3763 3184 3817 Et
3209 3765 3306 3818 hoc
3344 3761 3412 3816 ab
3447 3762 3560 3831 ipso
3591 3760 3752 3816 Petro
3777 3762 3962 3817 disce:

2388 3856 2494 3911 duo
2520 3857 2660 3912 enim
2691 3857 2820 3911 dixit
2851 3873 2862 3908 :
2890 3856 3157 3926 Argentum
3183 3865 3229 3909 et
3257 3871 3438 3908 aurum
3463 3872 3561 3907 non
3598 3864 3670 3908 est
3700 3854 3860 3916 mihi;
3891 3863 3964 3918 et,

2393 3949 2452 4003 In
2477 3950 2674 4003 nomine
2695 3950 2818 4002 .Iesu
2841 3947 3027 4004 Christi
3053 3963 3204 4018 surge
3227 3957 3271 4002 et
3292 3947 3514 4000 ambula.
3551 3945 3740 4002 Utrum
3773 3947 3964 4000 horum

2394 4041 2516 4094 fecit
2543 4041 2688 4094 illum
2738 4039 2945 4092 beatum
3003 4049 3058 4092 et
3110 4039 3476 4107 conSpicuum,
3525 4037 3666 4107 quod
3715 4036 3966 4092 claudunt

2392 4131 2638 4194 erexerit,
2665 4145 2730 4183 an
2753 4127 2891 4198 quod
2934 4129 3184 4198 pecunias
3230 4125 3549 4198 projecerit?
3589 4125 3716 4181 ﬂare
3760 4125 3829 4180 ab
3856 4127 3971 4195 ipso

2393 4222 2708 4291 agonothcta
2751 4221 2914 4274 disce.
2946 4217 3080 4287 Quid
3111 4235 3238 4288 ergo
3259 4221 3335 4272 ait
3377 4217 3465 4272 ille
3512 4217 3662 4270 diviti
3709 4218 3968 4286 qumrenti

2395 4315 2550 4366 vitam
2599 4310 2894 4366 :eternam?
2948 4309 3062 4364 Non
3108 4309 3277 4372 dixit,
3335 4306 3564 4362 Claudos
3611 4307 3798 4377 erige;
3852 4309 3967 4374 sed,

2405 4405 2568 4458 l’eude
2595 4420 2706 4476 qua:
2721 4404 2885 4467 habes,
2911 4412 2956 4457 et
2981 4401 3045 4456 da
3069 4399 3387 4472 pauperibus,
3417 4408 3462 4452 et
3491 4400 3616 4456 veni.
3634 4415 3838 4465 sequere
3861 4415 3971 4452 me:

2398 4509 2440 4551 et
2468 4497 2665 4550 habebis
2687 4497 2971 4548 thesaurum
2992 4495 3045 4548 in
3071 4493 3245 4560 τωιὶδ(
3274 4489 3396 4544 Luc.
3426 4489 3513 4544 18.
3536 4488 3627 4542 22.
3675 4487 3844 4543 Marc.
3879 4489 3967 4544 10.

2395 4593 2507 4661 21).
2540 4589 2604 4644 Et
2635 4590 2820 4643 Petrus
2843 4601 3050 4641 rursum
3081 4601 3184 4640 non
3207 4583 3358 4646 dixit,
3391 4582 3529 4637 Ecce
3551 4581 3601 4636 in
3630 4581 3851 4636 nomine
3881 4592 3972 4635 tuo

2399 4679 2654 4735 dtemonia
2682 4679 2942 4746 ejieimus.
2971 4675 3174 4730 etiamsi
3197 4674 3445 4742 ejiceret;
3479 4671 3594 4737 sed,
3619 4671 3749 4727 Ecce
3774 4673 3971 4741 reliqui

2399 4787 2510 4824 mus
2540 4769 2726 4831 omnia,
2757 4778 2799 4820 et
2839 4768 3032 4832 sequuti
3067 4782 3238 4818 sumus
3265 4775 3346 4828 te;
3386 4763 3506 4831 quid
3545 4780 3662 4832 ergo
3711 4765 3806 4817 erit
3832 4765 3971 4819 nobis

2401 4859 2608 4931 (Matth.
2640 4859 2727 4913 19.
2752 4856 2881 4928 97)?
2901 4855 3143 4910 Christus
3171 4869 3298 4909 vero
3321 4853 3444 4909 huic
3473 4853 3805 4923 respondens
3824 4897 3839 4920 ,
3867 4869 3972 4911 non

2400 4953 2553 5017 dixit,
2581 4951 2635 5005 Si
2666 4953 2783 5019 quis
2810 4948 3051 5003 claudum
3089 4948 3353 5008 erexerit;
3400 4945 3516 5010 sed,
3553 4946 3872 5014 Quicumque
3893 4963 3974 5002 rc-

2402 5043 2600 5112 liquerit
2631 5042 2804 5093 domos
2829 5050 2875 5091 et
2903 5053 3049 5108 agros
3081 5046 3282 5106 propter
3303 5052 3382 5089 me
3397 5045 3443 5089 et
3465 5033 3830 5108 Heauqclium,
3855 5053 3969 5088 cen-

2405 5134 2596 5202 tuplum
2622 5132 2826 5199 accipiet
2853 5131 2901 5181 in
2929 5130 3021 5181 hoc
3051 5129 3257 5190 siccato,
3283 5136 3328 5180 et
3362 5127 3510 5178 t-itam
3537 5135 3781 5178 (uernam
3809 5127 3972 5194 possi-

2404 5224 2709 5290 dcbitUbid.
2736 5238 2781 5274 υ.
2809 5220 2920 5291 Ξῦ).
2951 5220 3013 5273 Ει
3037 5235 3132 5272 nos
3164 5233 3373 5288 quoque
3404 5218 3543 5271 hunc
3583 5217 3880 5280 imitemur,
3918 5228 3974 5272 ut

2405 5332 2508 5369 non
2540 5312 2953 5374 confundantur;
2987 5311 3077 5365 sed
3120 5323 3236 5362 eum
3277 5308 3464 5360 ﬁducia
3505 5307 3777 5361 adstemus
3807 5309 3972 5363 tribu-

2408 5407 2509 5461 nali
2535 5405 2752 5463 Christi,
2779 5404 3031 5470 illumquc
3058 5401 3384 5452 attrahamus
3416 5405 3471 5448 ut
3494 5397 3563 5449 sit
3591 5397 3892 5459 nobiscum,
3923 5410 3975 5454 nt

2403 5507 2456 5552 et
2476 5511 2597 5549 eum
2618 5491 2900 5562 discipulis
2926 5490 3024 5544 fuit
3049 5489 3182 5556 ,crit
3207 5488 3349 5542 enim
3379 5485 3664 5540 nobiscum
3689 5484 3836 5539 sicut
3855 5499 3974 5538 cum

2406 5588 2514 5642 illis
2546 5584 2723 5649 fuit,si
2747 5583 2866 5636 illos
2889 5579 3356 5639 iitiitaI-ivelittius,
3380 5577 3709 5646 illorumque
3728 5577 3895 5628 vitam
3920 5583 3971 5626 et

2407 5677 2714 5732 institutum
2762 5671 3024 5725 :cmulari.
3069 5669 3271 5723 Ilorum
3313 5682 3476 5721 causa
3519 5666 3657 5720 Deus
3691 5674 3974 5718 coronatet

2411 5768 2684 5838 praedicat,
2723 5781 2826 5816 non
2869 5763 3090 5831 exigens
3127 5772 3180 5812 ut
3221 5768 3492 5813 mortuum
3509 5758 3810 5814 suseitesct
3829 5755 3977 5810 clau-
