4052 6228
623 274 3906 326 Wa

1520 588 1933 676 SANCTI
2017 590 2439 679 PATRIS
2511 588 2950 682 NOSTBI

733 895 1793 1081 JOANNIS
1949 850 3759 1080 CHRYSOSTOMI

1618 1303 2090 1349 ARCHIEPISCOPI
2133 1303 2865 1351 CONSTANTINOPOLITANI

1151 1536 1792 1601 COMMENTARIUS
1852 1537 1934 1599 1N
1997 1538 2058 1600 S.
2123 1538 2616 1602 MATTHZEUM
2678 1537 3327 1603 EVANGELISTAM.

2110 1824 2367 1842 --

1714 1990 2051 2053 HOMHJA
2102 1992 2292 2052 XLV.
2338 1964 2421 2052 al.
2470 1989 2684 2048 XLVI.

597 2228 727 2281 CAP.
766 2226 849 2280 15.
882 2240 935 2279 v.
980 2223 1065 2279 l0.
1110 2222 1174 2275 Et
1219 2221 1506 2275 accedentes
1546 2218 1784 2288 discipuli
1822 2216 2056 2271 dixerunt
2096 2229 2178 2268 et:

676 2321 847 2385 Quare
869 2319 918 2369 in
942 2316 1199 2387 parabolis
1224 2314 1444 2383 loqueris
1469 2313 1538 2366 eis
1554 2314 1579 2366 .7
1638 2312 1724 2365 11.
1766 2309 1887 2380 Ipse
1908 2319 2073 2363 autem
2093 2323 2179 2363 re-

665 2408 917 2477 spondens
933 2408 1061 2460 dixit
1083 2409 1191 2460 eis:
1215 2406 1346 2470 Quia
1373 2403 1507 2457 vobis
1534 2403 1709 2455 datum
1729 2411 1800 2455 est
1829 2417 1974 2454 nosse
1994 2409 2179 2470 myste-

665 2503 744 2554 ria
794 2502 934 2571 regni
971 2493 1235 2565 caelorum,“
1265 2498 1368 2551 illis
1397 2506 1563 2549 autem
1591 2511 1690 2548 non
1713 2494 1885 2547 datum
1907 2503 2003 2548 est.

667 2594 718 2646 1.
764 2588 1145 2660 Discipulornm
1200 2588 1469 2658 prudentia
1502 2597 1544 2641 et
1582 2588 1787 2638 caritas.
1818 2584 2051 2637 Libemm
2089 2600 2177 2637 ar-

594 2684 797 2739 bitrium
826 2700 913 2754 per
934 2684 1150 2752 gratiam
1176 2698 1275 2734 non
1299 2681 1511 2733 tollitur.
1558 2708 1629 2719 -—
1670 2677 1795 2731 Jure
1848 2678 2179 2731 admiremur

593 2776 903 2845 discipulos,
926 2775 1064 2844 quod
1089 2772 1327 2828 discendi
1357 2771 1553 2841 cupidi,
1587 2771 1757 2825 sciant
1776 2770 1987 2840 quando
2012 2770 2176 2823 inter-

594 2868 887 2939 rogandum
924 2867 1012 2921 sit.
1054 2866 1168 2919 Non
1198 2866 1337 2919 enim
1362 2863 1611 2919 omnibus
1640 2861 1993 2931 prtesentibus
2020 2859 2069 2913 id
2101 2860 2177 2912 la-

592 2963 769 3017 cinnt:
813 2958 956 3029 quod
988 2958 1264 3012 Mattlncus
1291 2957 1360 3010 ita
1389 2956 1735 3026 signiﬁcavit:
1775 2954 1836 3008 Et
1861 2952 2169 3006 accedentes.

595 3051 706 3106 Hoc
756 3065 916 3120 porro
946 3063 1047 3103 non
1085 3062 1147 3102 ex
1190 3047 1492 3117 conjectura
1510 3046 1663 3100 dico:
1715 3044 1920 3099 Marcus
1950 3045 2089 3098 enim
2123 3044 2172 3097 id

591 3143 788 3198 clarius
817 3141 1085 3204 indicavit,
1113 3156 1234 3195 cum
1264 3140 1339 3193 ait
1384 3140 1527 3209 ipsos
1551 3138 1776 3192 scorsim
1804 3136 1870 3191 ad
1892 3137 2036 3191 illum
2077 3151 2166 3189 ac.-

591 3234 818 3289 cessisse
845 3232 1037 3302 (Illarc.
1067 3232 1119 3286 4.
1150 3231 1265 3296 10).
1313 3226 1400 3285 Sic
1429 3240 1479 3284 et
1508 3238 1729 3283 mtrem
1759 3239 1813 3281 et
1839 3226 2028 3282 fratres
2055 3226 2172 3294 ejus

591 3324 771 3380 facere
797 3323 1053 3386 decebat,
1088 3336 1193 3375 non
1224 3335 1413 3375 vocare
1454 3319 1615 3383 foras,
1645 3326 1700 3372 et
1728 3332 1847 3372 sese
1879 3326 2168 3371 ostentare.

592 3416 869 3486 Perpende
889 3425 1065 3470 autem
1096 3414 1370 3469 caritatem
1402 3413 1663 3481 ipsorum,
1692 3419 1941 3481 quantam
1970 3411 2173 3465 scilicet

589 3512 813 3564 aliorum
841 3524 1021 3563 curam
1052 3514 1257 3577 gerant,
1285 3521 1347 3560 ac
1370 3504 1517 3575 prius
1535 3520 1652 3574 quae
1670 3504 1733 3557 ad
1762 3505 1882 3557 illos
1904 3504 2169 3572 pertinent

589 3607 853 3669 qttzerant,
883 3597 1078 3652 deinde
1104 3611 1220 3650 sua.
1253 3595 1375 3661 Cur,
1405 3595 1684 3663 inquiunt,
1728 3594 1779 3646 in
1802 3590 2056 3663 parabolis
2086 3592 2165 3645 lo-

587 3693 753 3762 queris
782 3692 849 3745 ad
872 3690 992 3744 eos?
1014 3689 1129 3744 Non
1156 3689 1422 3755 dixerunt,
1464 3687 1573 3741 Cur
1605 3687 1655 3740 in
1691 3684 1953 3756 parabolis
1984 3685 2165 3753 loque-

586 3784 659 3839 ris
686 3784 880 3839 nobis?
921 3783 1049 3837 Nam
1078 3791 1133 3839 et
1158 3783 1282 3837 alibi
1306 3797 1448 3851 szepe
1468 3781 1715 3836 videntur
1746 3779 1887 3835 bono
1918 3794 2038 3834 esse
2065 3794 2154 3833 er-

584 3893 646 3947 ga
670 3890 853 3931 omnes
880 3875 1068 3930 affectu
1093 3891 1109 3939 ;
1138 3883 1197 3929 ut
1225 3889 1343 3929 cum
1366 3874 1571 3936 dicunt,
1604 3872 1809 3925 Dimitte
1842 3870 2010 3924 turbas
2037 3885 2055 3932 ;
2085 3880 2161 3933 et,

582 3970 694 4024 Scis
713 3966 847 4039 quod
868 3965 1216 4018 scandalizati
1236 3965 1335 4016 sint
1362 3963 1508 4032 (Luc.
1529 3964 1579 4013 9.
1608 3960 1692 4012 12.
1713 3959 1899 4010 Matth.
1934 3960 2148 4025 15.12).

584 4058 725 4123 Quid
780 4071 909 4125 ergo
956 4055 1239 4109 Christus?
1293 4053 1429 4116 Quia
1478 4052 1614 4103 vobis
1651 4052 1835 4102 datunt
1886 4058 1959 4101 est
2007 4066 2153 4102 nosse

590 4148 895 4216 mysterium
930 4146 1071 4213 regni
1106 4145 1348 4198 cazlorum
1373 4160 1390 4197 :
1414 4143 1518 4196 illis
1543 4152 1719 4193 autem
1740 4142 1921 4193 datum
1948 4156 2049 4193 non
2077 4150 2166 4194 est.

584 4235 717 4290 lllud
749 4245 925 4288 autem
948 4232 1235 4297 dixit,.non
1263 4230 1634 4283 necessitatem
1656 4228 1910 4282 inducens
1934 4268 1949 4291 ,
1991 4241 2162 4297 neque

582 4335 783 4382 sortem
813 4322 1094 4393 quamdam
1127 4331 1327 4377 temere
1354 4328 1407 4375 et
1427 4320 1740 4388 simpliciter
1764 4320 1977 4374 missam
2003 4334 2016 4383 ;
2066 4317 2159 4372 sed

579 4415 870 4471 ostendens
893 4412 1036 4482 ipsos
1066 4412 1163 4467 sibi
1192 4426 1405 4466 causam
1427 4424 1548 4465 esse
1571 4408 1879 4479 malorum‘,
1903 4418 1961 4464 ut
1983 4408 2160 4462 decla-

581 4517 683 4570 ret,
716 4506 914 4560 dnnnm
942 4504 1071 4557 illud
1099 4518 1217 4558 esse
1241 4545 1255 4566 ,
1298 4512 1351 4557 et
1396 4503 1620 4572 gratiam
1678 4517 1907 4570 superne
1958 4501 2155 4555 datam.

578 4597 761 4667 Neque
781 4605 956 4648 tamen
979 4593 1098 4662 quia
1129 4591 1327 4645 donum
1344 4600 1445 4657 est,
1478 4590 1597 4644 ideo
1622 4590 1851 4645 liberum
1879 4590 2155 4644 arbitrium

576 4697 660 4744 est
686 4686 951 4742 sublatum
974 4702 985 4737 :
1018 4682 1067 4738 id
1087 4682 1227 4751 quod
1247 4697 1311 4736 ex
1329 4682 1672 4751 sequentibus
1696 4681 2032 4735 manifestum
2055 4690 2155 4735 cst.

583 4778 716 4835 Vide
746 4779 904 4849 igitur
931 4773 1239 4846 quomodo,
1271 4784 1328 4827 ut
1372 4788 1542 4842 neque
1588 4773 1662 4827 illi
1706 4773 2010 4841 destierent,
2065 4787 2158 4827 ne-

577 4887 681 4940 que
711 4870 765 4925 hi
794 4870 1120 4939 negligenter
1146 4876 1325 4935 agant,
1345 4865 1623 4920 audientes
1655 4864 1781 4919 illud
1805 4863 1987 4919 datum
2010 4878 2152 4929 esse,

578 4976 740 5029 penes
766 4977 863 5014 nos
893 4974 1013 5015 esse
1038 4958 1246 5013 ittitium
1276 4956 1436 5012 dicat.
1469 4956 1552 5011 12.
1590 4955 1900 5027 Quicumque
1916 4959 2046 5009 enim
2064 4956 2156 5009 ha-

576 5052 673 5114 bet,
703 5049 975 5103 dabiturei
1000 5090 1014 5112 ,
1063 5057 1111 5102 et
1158 5046 1469 5102 abundabit:
1511 5047 1807 5116 quicumque
1850 5057 2016 5100 autem
2056 5063 2155 5100 non

578 5143 744 5207 habet,
769 5151 812 5196 et
854 5142 989 5207 quod
1032 5141 1231 5196 videtur
1265 5138 1444 5194 habere
1476 5144 1731 5210 auferetur
1758 5139 1820 5191 ab
1859 5155 1935 5193 eo.
1995 5138 2152 5192 Multa

576 5232 902 5287 obscuritate
958 5233 1169 5301 plenum
1202 5240 1284 5286 est
1315 5231 1364 5286 id
1386 5232 1526 5301 quod
1556 5230 1750 5285 dicitur
1770 5273 1785 5294 ,
1811 5229 2157 5284 inell'abilcm-

578 5341 680 5393 que
699 5322 956 5393 justitiam
989 5324 1243 5380 ostendit.
1273 5323 1387 5380 Hoc
1415 5332 1592 5379 autem
1622 5321 1884 5394 significat
1912 5337 1927 5372 :
1982 5321 2041 5375 Ei
2064 5320 2151 5390 qui

637 5502 653 5530 ι
690 5495 998 5568 Αιῆψηιιριιι,
1024 5497 1109 5548 sed
1131 5499 1380 5568 ostendens
1401 5499 1528 5563 ipsos
1551 5499 1641 5552 sibi
1663 5498 1779 5565 ipsis
1801 5511 1893 5551 non
1912 5497 2155 5550 attenden-

569 5567 641 5611 tes
658 5563 867 5610 onuu'um
891 5572 993 5609 esse
1016 5573 1211 5611 cmtsam
1232 5563 1485 5613 malorum.

2294 2211 2562 2270 desiderio
2583 2226 2631 2270 et
2656 2216 2830 2270 studio
2853 2216 3038 2285 plenus
3065 2227 3164 2283 est,
3190 2219 3454 2278 dabuntur
3476 2240 3505 2278 a
3535 2226 3641 2282 Deo
3658 2232 3868 2285 omnia:

2290 2306 2339 2360 ei
2383 2321 2513 2360 vero
2541 2307 2629 2376 qui
2657 2306 2741 2361 bis
2770 2324 2966 2365 vacuus
2995 2319 3114 2376 est,
3168 2327 3267 2366 nec
3316 2329 3376 2367 ea
3423 2332 3540 2385 qua:
3580 2334 3745 2387 penes
3801 2338 3865 2376 se

2289 2404 2414 2449 sunt
2440 2395 2600 2461 facit,
2651 2413 2823 2467 neque
2850 2414 2911 2453 ea
2942 2415 3060 2469 qua:
3089 2416 3116 2453 a
3154 2401 3262 2456 Deo
3287 2413 3407 2458 sunt
3454 2406 3717 2463 dabuntur
3762 2412 3858 2464 illi.

2288 2487 2438 2553 Nam,
2489 2488 2556 2542 Et
2594 2491 2728 2559 quod
2754 2492 2945 2545 videtur
2972 2492 3171 2559 habere,
3195 2494 3380 2563 inquit,
3407 2501 3663 2567 auferetur
3682 2503 3743 2554 ab
3764 2519 3822 2555 eo
3842 2522 3862 2556 :

2289 2596 2393 2635 non
2426 2581 2532 2635 Deo
2560 2582 2855 2648 auferente,
2880 2586 2972 2638 sed
2994 2600 3088 2639 sua
3117 2601 3220 2641 non
3241 2590 3523 2657 praebente.
3552 2591 3661 2645 [loc
3680 2603 3733 2647 et
3757 2610 3855 2649 nos

2287 2672 2540 2727 facimus:
2577 2690 2698 2729 cum
2723 2676 2959 2731 ridemus
2982 2679 3261 2747 quemdam
3282 2682 3511 2750 segniter
3534 2684 3860 2751 audientem,

2286 2775 2339 2819 et
2358 2767 2571 2821 monitis
2596 2768 2777 2823 multis
2804 2785 2906 2824 non
2928 2771 3306 2838 atzendentem,
3338 2775 3556 2830 silemus
3584 2776 3859 2848 deinceps.

2285 2858 2415 2912 Nam
2442 2860 2484 2913 si
2515 2875 2733 2916 monere
2786 2877 3100 2932 pergamus,
3142 2878 3362 2935 augetur
3385 2868 3656 2937 segnities.
3704 2870 3861 2940 Cupi-

2284 2951 2409 3006 dum
2433 2961 2607 3006 autem
2636 2953 2874 3008 discendi
2897 2956 3232 3022 attrahimus,
3260 2959 3534 3029 multaque
3561 2963 3721 3017 verba
3744 2964 3861 3018 l‘un-

2286 3045 2483 3101 dimus.
2513 3047 2742 3102 Pulchre
2763 3064 2889 3104 vero
2911 3049 3062 3113 dixit,
3090 3050 3154 3105 Et
3180 3054 3314 3121 quod
3332 3054 3525 3107 videtur
3542 3056 3738 3109 habere.
3756 3057 3859 3110 Nec

2282 3155 2387 3208 que
2408 3141 2546 3193 enim
2573 3140 2675 3195 hoc
2696 3142 2864 3210 ipsum
2889 3142 3067 3199 habet.
3103 3145 3305 3199 Deinde
3333 3146 3446 3201 haec
3466 3148 3691 3202 clariora
3736 3150 3855 3204 eili-

2283 3230 2353 3283 eit
2380 3272 2392 3292 ,
2426 3232 2715 3285 ostendens
2751 3232 2872 3300 quid
2892 3233 3126 3301 sitillud,
3150 3234 3371 3290 Habenti
3390 3238 3610 3304 dabitur,
3642 3237 3721 3292 his
3741 3256 3854 3293 vcr-

2283 3321 2363 3374 bis
2385 3340 2397 3373 :
2442 3320 2515 3374 Ab
2541 3339 2598 3375 eo
2624 3334 2790 3376 autem
2812 3325 2898 3393 qni
2920 3342 3017 3378 non
3036 3326 3198 3388 habet,
3225 3337 3270 3382 et
3299 3329 3435 3397 quod
3464 3330 3657 3384 videtur
3678 3331 3855 3385 habere

2280 3418 2536 3483 auferetur
2555 3414 2616 3466 ab
2646 3432 2721 3468 eo.
2758 3417 2840 3470 15.
2869 3415 2992 3469 Ideo
3012 3459 3025 3481 ,
3056 3418 3223 3487 inquit
3248 3460 3262 3482 ,
3290 3421 3343 3473 in
3379 3419 3635 3489 parabolis
3683 3422 3854 3491 loquor

2280 3504 2402 3571 ipsis
2424 3544 2438 3567 ,
2486 3504 2603 3572 quia
2625 3504 2842 3558 videntes
2866 3522 2965 3559 non
2988 3507 3169 3560 uident.
3204 3508 3363 3578 Atqui
3416 3510 3685 3578 aperiendi
3713 3551 3726 3575 ,
3776 3511 3853 3563 in-

2275 3598 2444 3666 quies,
2480 3598 2713 3666 ipsorum
2744 3598 2880 3652 oculi
2906 3608 3077 3663 erant,
3110 3600 3153 3654 si
3178 3616 3279 3654 non
3299 3601 3534 3656 videant.
3566 3602 3757 3657 Verum
3806 3606 3849 3657 si

2277 3701 2339 3741 cx
2357 3696 2544 3741 natura
2566 3688 2924 3751 creeitaserat,
2971 3691 3179 3758 aperire
3224 3692 3537 3760 oportebat;
3566 3692 3684 3760 quia
3727 3708 3850 3746 vero

2275 3780 2567 3833 voluntaria
2595 3781 2826 3847 cmcitas,
2849 3780 2967 3835 ideo
2988 3795 3092 3835 non
3124 3781 3434 3849 simpliciter
3455 3782 3609 3835 dixit.
3634 3781 3742 3835 Non
3773 3783 3847 3834 ri-

2275 3870 2421 3935 dent;
2446 3871 2561 3933 scd,
2589 3869 2824 3924 Videntes
2846 3887 2944 3924 non
2965 3870 3155 3933 vident;
3178 3872 3247 3923 ita
3266 3878 3323 3923 ut
3335 3886 3397 3924 ex
3418 3885 3597 3923 eorum
3614 3870 3839 3937 nequitia

2273 3960 2483 4014 caecitas
2507 3961 2595 4015 sit.
2631 3961 2881 4017 Viderant
2899 3966 3038 4015 enim
3056 3962 3328 4016 daemonas
3348 3975 3611 4030 egressos,
3634 3970 3685 4015 et
3703 3960 3841 4014 dicc-

2275 4052 2399 4107 bant
2418 4075 2430 4109 :
2452 4053 2514 4106 In
2532 4054 2800 4109 Beelzebub
2828 4056 3051 4125 principe
3076 4054 3435 4108 dwmoniorum
3450 4054 3499 4120 ej
3504 4053 3586 4105 icit
3598 4052 3842 4106 dwmonia

2273 4147 2486 4217 (Matth.
2515 4148 2567 4202 9.
2588 4146 2700 4216 54).
2722 4146 3012 4201 Audierant
3032 4146 3178 4199 illum
3195 4146 3338 4214 ipsos
3352 4145 3459 4198 Deo
3472 4143 3837 4210 adducentem,

2272 4247 2459 4291 etcum
2479 4237 2589 4291 Deo
2605 4252 2850 4306 magnum
2863 4250 3180 4289 consensum
3199 4234 3556 4296 exhibentem,
3575 4244 3629 4287 et
3644 4234 3841 4289 dicunt:

2274 4327 2373 4381 Hic
2392 4344 2491 4381 non
2514 4337 2584 4381 est
2609 4344 2671 4382 ea:
2694 4327 2816 4380 Deo.
2842 4326 2974 4393 Quia
2999 4325 3158 4395 igitur
3176 4326 3437 4379 contraria
3458 4332 3512 4379 et
3528 4325 3652 4378 visis
3678 4333 3729 4379 et
3749 4339 3841 4376 an-

2270 4419 2393 4473 ditis
2421 4416 3178 4485 exhibebant,ldeo,inquit,ct
3194 4417 3363 4470 visum
3386 4423 3438 4470 et
3455 4415 3690 4470 auditum
3716 4415 3841 4484 ipsis

2270 4509 2469 4563 aufero.
2500 4507 2640 4561 Nihil
2661 4508 2803 4562 enim
2834 4506 2958 4561 hinc
2998 4506 3102 4559 illis
3128 4505 3245 4575 plus
3260 4504 3485 4569 accedit,
3530 4505 3628 4559 nisi
3675 4506 3837 4571 major

2269 4599 2560 4653 damnatio.
2585 4597 2697 4652 Non
2728 4596 2887 4651 modo
2913 4597 3056 4650 enim
3086 4610 3189 4649 non
3213 4594 3505 4649 credebant
3530 4635 3545 4659 ,
3574 4592 3665 4647 sed
3681 4594 3832 4647 etiam

2269 4692 2632 4759 increpabant,
2657 4689 3010 4752 accusabant,
3044 4686 3265 4741 insidias
3321 4686 3617 4740 struebant.
3650 4684 3834 4738 Verum

2264 4797 2373 4838 non
2403 4781 2507 4837 hoc
2539 4782 2695 4846 dit‘il;
2738 4795 2842 4834 non
2882 4779 2994 4833 vult
3042 4777 3185 4832 enim
3237 4790 3496 4831 onerosus
3543 4775 3840 4829 accusando

2267 4889 2410 4930 esse.
2441 4873 2592 4927 Initio
2614 4873 2807 4941 quippe
2844 4886 2948 4924 non
2973 4869 3050 4923 sic
3079 4882 3197 4923 cum
3233 4867 3337 4921 illis
3376 4865 3703 4929 disserebat,
3744 4865 3831 4918 scd

2265 4982 2385 5021 mm
2418 4980 2604 5035 magna
2634 4961 3009 5031 perspicuitate.
3034 4977 3045 5013 :
3093 4958 3214 5028 quia
3261 4971 3387 5010 vero
3417 4970 3536 5010 sese
3566 4963 3830 5025 perverte-

2265 5056 2412 5120 bant,
2440 5057 2491 5110 in
2521 5053 2785 5125 parabolis
2816 5051 3028 5105 demum
3078 5048 3343 5117 eloquitur.
3395 5044 3596 5099 Deinde
3631 5058 3694 5097 ne
3721 5044 3833 5111 quis

2266 5157 2479 5219 putaret
2508 5147 2621 5200 lucc
2666 5160 2759 5215 per
2783 5142 3103 5197 calumniam
3142 5140 3276 5200 dici,
3324 5153 3422 5192 nec
3446 5136 3683 5191 dicerent
3726 5134 3792 5187 illi
3820 5153 3833 5187 τ

2266 5241 2514 5296 Inimicus
2540 5248 2721 5292 noster
2748 5244 2831 5291 est
2858 5236 2901 5289 is
2933 5235 3023 5302 qui
3053 5232 3385 5294 criminatur,
3414 5228 3720 5299 prophetam
3748 5227 3837 5279 ad-

2266 5334 2411 5389 ducit
2431 5332 2618 5388 eadem
2643 5332 2753 5399 ipsa
2784 5327 3165 5398 proferentem.
3216 5325 3301 5378 H.
3333 5321 3589 5390 [inpletur
3614 5320 3743 5374 attint
3785 5321 3832 5369 in

2265 5433 2409 5501 ipsis,
2444 5428 2634 5497 inquit,
2665 5422 2931 5495 prophetia
2956 5420 3111 5473 Isaia:
3132 5418 3301 5471 dicens
3327 5432 3342 5467 :
3370 5415 3559 5468 Audita
3584 5412 3793 5465 audietis
3819 5451 3831 5468 ,

2264 5498 2309 5579 et
2351 5540 2451 5577 non
2498 5517 2783 5585 intell’getis
2803 5530 2823 5578 ;
2850 5523 2895 5568 et
2922 5512 3031 5567 risu
3074 5508 3388 5582 percipietis,
3423 5516 3467 5558 et
3492 5520 3592 5557 non
3620 5498 3835 5556 uidebitis

3578 5878 3712 5977 κη

3695 6030 3794 6112 ιζ’

3710 6116 3781 6151 δι’
