4052 6228
418 354 513 414 ιτδ

412 475 429 541 (
458 470 580 523 lsai.
606 465 658 522 6.
678 466 713 522 9
737 468 778 538 ).
812 466 996 523 Vidcn‘
1019 483 1175 538 quam
1202 480 1447 527 accurate
1478 475 1733 543 propheta
1775 488 1993 533 accuset

415 559 575 616 illos?
603 557 784 629 Neque
811 559 953 613 enim
974 559 1086 628 ipse
1112 560 1263 624 dixit,
1293 561 1407 615 Non
1435 564 1625 620 videtis
1650 584 1662 632 ;
1714 569 1807 622 sed
1830 610 1843 631 ,
1909 568 1996 623 Vi-

409 652 603 714 debitis,
633 660 679 704 et
709 666 811 702 non
838 649 1087 703 videbitis‘
1114 666 1130 714 ;
1182 668 1355 721 neque
1380 653 1545 720 dixit,
1581 657 1693 711 Non
1718 660 1944 714 audietis
1976 676 1991 725 ;

409 742 499 796 sed
526 783 542 807 ,
584 741 830 806 Audietis,
862 751 909 794 et
948 759 1048 794 non
1082 742 1392 814 intelligetis.
1424 746 1600 814 Quare
1639 749 1737 818 ipsi
1791 752 1994 820 seipsos

408 833 581 903 primo
606 831 971 897 excluserunt,
989 847 1145 886 aures
1172 834 1505 901 obturantes,
1535 840 1720 895 oculos
1741 841 1994 897 clauden-

405 932 507 987 tes,
533 936 629 976 cor
655 922 1004 977 obdurantes.
1038 923 1153 978 Non
1186 925 1346 980 modo
1367 928 1507 982 enim
1533 946 1634 983 non
1672 931 1989 997 audiebant,

401 1012 494 1067 scd
522 1021 578 1066 et
612 1012 699 1067 15.
726 1010 959 1065 Graviter
982 1014 1291 1079 audiebant;
1346 1017 1504 1086 idque
1532 1019 1795 1077 faciebant
1813 1024 1854 1085 ’,
1909 1025 1991 1078 in-

403 1104 556 1175 quit,
587 1103 872 1169 Nequando
900 1115 1276 1173 convertantur,
1322 1116 1369 1163 et
1414 1126 1586 1165 sanem
1637 1129 1759 1178 eos;
1818 1114 1991 1169 inten-

407 1212 521 1251 sam
549 1196 757 1250 illorum
789 1196 1085 1267 nequitiam
1116 1198 1358 1255 indicans
1378 1241 1394 1269 ,
1421 1210 1476 1257 et
1493 1204 1829 1261 aversionem
1877 1218 1988 1262 stu-

408 1288 498 1341 dio
529 1297 786 1356 paratam.

472 1376 528 1430 2.
568 1377 773 1431 Domini
820 1378 1162 1435 misericordia
1205 1383 1259 1436 in
1304 1382 1539 1440 Judtros.
1586 1385 1858 1443 Peccatum
1890 1408 1989 1446 non

402 1483 465 1520 ea:
482 1476 664 1521 natura
681 1476 775 1531 est,
798 1476 885 1521 aut
914 1485 979 1523 ea:
1004 1472 1309 1526 necessitate.
1334 1505 1403 1514 —
1430 1476 1540 1531 Hoc
1556 1486 1733 1532 autem
1754 1480 1902 1543 dicit,
1934 1490 1990 1536 ut

404 1558 521 1611 illos
547 1556 781 1612 attrahat
808 1558 1117 1629 incitetque,
1145 1571 1198 1618 et
1222 1565 1489 1631 ostendat,
1513 1567 1558 1621 si
1583 1578 1986 1637 convertantur,

402 1663 462 1705 se
504 1649 647 1717 ipsos
676 1658 988 1704 sanaturum
1021 1666 1142 1707 esse
1172 1669 1187 1706 :
1218 1668 1282 1708 ac
1308 1655 1351 1708 si
1382 1656 1502 1725 quis
1544 1656 1766 1723 diceret,
1810 1658 1989 1715 Noluit

402 1752 487 1792 me
525 1738 729 1804 videre,
763 1748 817 1794 et
844 1741 1070 1809 gratiam
1120 1741 1331 1800 habeo:
1363 1762 1484 1801 nam
1533 1748 1577 1803 si
1608 1765 1695 1804 me
1739 1750 1986 1821 dignatus

403 1827 608 1895 fuisset,
629 1829 809 1883 statim
837 1829 1130 1886 ﬂectendus
1150 1849 1317 1888 eram.
1339 1836 1449 1892 Hoc
1475 1853 1634 1907 porro
1654 1840 1781 1895 dicit
1806 1852 1986 1898 osten-

401 1916 536 1973 dens
564 1918 834 1988 quomodo
854 1922 1233 1978 reconciliatus
1272 1924 1479 1981 fuisset.
1512 1926 1598 1983 Sic
1628 1938 1682 1985 et
1721 1931 1822 1986 hoc
1864 1932 1983 1986 loco

403 2011 516 2066 ait:
553 2009 843 2079 Nequando
881 2024 1254 2083 convertantur,
1286 2026 1332 2070 et
1354 2034 1526 2073 sanam
1547 2036 1668 2084 eos;
1696 2022 1984 2077 ostendens

408 2115 569 2171 posse
589 2101 706 2156 illos
730 2104 991 2171 converti,
1010 2114 1064 2159 ct
1090 2121 1184 2175 per
1210 2108 1575 2176 paenitentiam
1599 2112 1820 2167 salutem
1847 2129 1983 2168 con-

404 2190 557 2261 sequi
588 2210 601 2245 :
650 2206 814 2262 seque
842 2208 949 2247 non
976 2195 1042 2249 ad
1068 2196 1290 2266 gloriam
1322 2212 1493 2266 suam,
1522 2201 1617 2255 sed
1659 2202 1726 2256 ad
1770 2204 1979 2258 illorum

402 2280 627 2335 salutem
671 2284 849 2337 omnia
879 2284 1071 2341 facere.
1125 2287 1181 2342 Si
1223 2288 1365 2343 enim
1395 2291 1653 2347 noluisset
1678 2307 1772 2347 eos
1797 2295 1981 2350 audire

396 2380 453 2425 et
478 2374 712 2438 servari,
744 2376 906 2431 silere
932 2379 1232 2446 Oportebat,
1268 2396 1373 2435 non
1420 2382 1472 2436 in
1505 2385 1771 2452 parabolis
1801 2386 1977 2456 loqui:

398 2477 543 2518 nunc
564 2470 741 2518 autem
768 2464 868 2520 hoc
890 2466 1005 2535 ipso
1028 2468 1209 2522 incitat
1227 2470 1364 2537 illos,
1384 2472 1523 2541 quod
1546 2474 1773 2531 obscure
1798 2476 1979 2544 loqua-

400 2561 505 2606 tur.
533 2552 666 2607 Nam
710 2554 851 2608 Deus
894 2572 996 2610 non
1044 2559 1147 2611 vult
1190 2570 1397 2613 mortem
1442 2565 1755 2632 peccatoris;
1792 2567 1879 2620 sed
1926 2577 1982 2621 ut

396 2654 719 2698 convertatur
740 2656 788 2699 et
812 2647 941 2701 vivat
979 2647 1188 2719 (Ezech.
1219 2652 1305 2706 18.
1335 2652 1446 2721 23).
1479 2654 1630 2720 Quod
1656 2668 1829 2712 autem
1858 2674 1983 2727 pec-

396 2744 579 2789 catum
611 2751 712 2789 non
741 2752 802 2790 ex
835 2746 1022 2791 natura
1051 2741 1120 2793 sit
1145 2750 1236 2794 aut
1260 2758 1325 2797 ex
1355 2746 1668 2800 necessitate
1697 2756 1751 2801 et
1780 2748 1981 2803 violen-

397 2827 490 2887 tia,
523 2826 645 2879 audi
670 2827 793 2895 quid
825 2830 1080 2897 apostolis
1110 2830 1251 2885 dicat
1280 2851 1293 2886 :
1328 2834 1413 2887 16.
1460 2833 1621 2889 Vestri
1643 2846 1808 2891 autem
1846 2839 1977 2894 beati

392 2916 557 2983 oculi,
582 2918 698 2985 quia
723 2917 911 2986 vident,
934 2930 980 2971 et
1001 2936 1168 2984 aures,
1197 2923 1316 2989 quia
1354 2925 1606 2988 audiunt;
1637 2943 1741 2981 non
1768 2927 1835 2982 de
1860 2930 1979 2984 visu

392 3006 473 3058 vel
526 3004 709 3058 auditu
751 3009 992 3076 corporis
1044 3009 1283 3079 loquens,
1318 3013 1411 3067 sed
1448 3013 1515 3068 de
1551 3016 1667 3070 visu
1703 3028 1755 3071 et
1796 3018 1977 3073 auditu

389 3096 615 3150 mentis.
658 3096 828 3153 Judaei
856 3100 998 3154 enim
1026 3102 1189 3156 etiam
1234 3103 1287 3157 hi
1315 3114 1486 3170 erant,
1520 3116 1679 3177 atque
1706 3109 1758 3162 in
1789 3108 1978 3164 iisdem

388 3187 608 3242 educati
636 3206 649 3242 :
680 3191 806 3259 ipsis
834 3202 1009 3247 tamen
1039 3195 1170 3249 nihil
1203 3198 1385 3250 nocuit
1408 3199 1703 3267 prophetia,
1728 3202 1847 3270 quia
1878 3200 1977 3256 bo-

387 3292 589 3333 norum
632 3280 866 3336 radicem
899 3282 1165 3339 habebant
1194 3297 1337 3340 recte
1376 3288 1609 3355 insitam,
1650 3294 1975 3360 propositum

385 3382 592 3437 nempe
632 3377 688 3423 et
715 3370 1062 3427 voluntatem.
1101 3373 1283 3429 Vidett’
1312 3376 1460 3442 illud,
1502 3377 1652 3433 Vobis
1681 3380 1855 3434 datum
1882 3392 1975 3449 est,

386 3472 493 3511 non
531 3460 910 3515 necessitatem
963 3462 1181 3517 inditam
1230 3465 1569 3535 significare?
1611 3469 1795 3539 Neque
1832 3470 1975 3526 enim

381 3546 533 3602 beati
570 3548 841 3617 prmdicati
887 3552 1130 3618 fuissent,
1160 3556 1259 3610 nisi
1298 3557 1492 3612 bonum
1520 3559 1645 3614 illud
1670 3576 1805 3630 opus
1832 3562 1977 3631 ipso-

381 3654 500 3694 rum
532 3638 843 3697 fuisset.Ne
862 3643 1061 3699 dixeris
1089 3648 1254 3713 enim,
1275 3649 1420 3702 illum
1444 3650 1669 3706 obscure
1698 3653 1976 3722 loquutum

379 3726 562 3784 fuisse
588 3745 603 3781 :
638 3740 883 3798 poterant
907 3735 1049 3787 enim
1088 3735 1164 3788 illi
1195 3745 1249 3790 et
1273 3737 1526 3793 accedere
1552 3748 1607 3794 et
1626 3741 1972 3812 interrogare,

376 3821 842 3890 quemadmodum
869 3834 924 3879 et
954 3825 1230 3896 discipuli;
1284 3829 1376 3883 sed
1428 3839 1642 3901 torpore
1687 3847 1750 3889 ac
1801 3834 1975 3905 negli-

376 3912 574 3983 gentia
613 3917 844 3983 correpti
892 3918 1194 3973 uoluerunt.
1229 3919 1297 3974 Et
1324 3922 1449 3991 quid
1480 3922 1621 3989 dico,
1652 3925 1977 3981 noluerunt?

376 4004 601 4059 Etenim
629 4016 813 4060 contra
845 4009 1166 4065 nitebantur.
1200 4011 1313 4067 Non
1350 4016 1521 4069 solum
1548 4018 1689 4071 enim
1717 4035 1823 4073 non
1853 4035 1975 4077 cre-

374 4092 591 4147 debant
612 4109 713 4149 nec
732 4096 1035 4163 audiebant,
1056 4099 1147 4153 sed
1165 4102 1323 4156 etiam
1343 4104 1740 4175 impugnabant,
1759 4120 1812 4165 et
1834 4127 1979 4183 :rgre

375 4184 679 4239 admodum
720 4185 863 4241 dicta
892 4189 1199 4257 audiebant,
1236 4194 1374 4262 quod
1421 4198 1734 4265 prophetam
1777 4200 1977 4259 inducit

373 4286 753 4341 accusantem,
774 4291 893 4331 cum
917 4278 1066 4343 dicit,
1100 4280 1329 4336 Graviter
1352 4285 1640 4342 audierunt.
1668 4288 1739 4343 At
1765 4307 1869 4345 non
1898 4292 1975 4350 illi
2004 4320 2051 4373 ag.

375 4366 521 4419 tales
568 4364 822 4420 fuerunt:
867 4379 1192 4440 quapropter
1213 4372 1397 4428 beatos
1436 4376 1645 4432 dicebat
1688 4395 1802 4434 eos.
1853 4382 1976 4438 Alio

372 4467 605 4524 quoque
632 4456 793 4511 modo
815 4459 1096 4513 confirmat
1136 4462 1279 4531 ipsos
1306 4463 1388 4518 his
1416 4468 1594 4521 verbis
1626 4485 1641 4521 :
1694 4471 1781 4525 17.
1814 4473 1973 4528 Amen

370 4546 583 4615 quippe
604 4546 718 4601 dico
744 4549 903 4613 vobis,
922 4552 1067 4604 multi
1094 4555 1351 4623 propheta:
1372 4566 1421 4609 et
1447 4559 1578 4629 justi
1606 4564 1866 4618 voluerunt
1894 4567 1973 4620 vi-

374 4639 637 4707 derem
650 4654 735 4692 vos
751 4640 999 4708 videtis,“
1015 4659 1113 4696 non
1129 4646 1430 4714 viderunt,et
1447 4651 1624 4705 audire
1638 4670 1750 4721 qua:
1764 4657 1970 4725 auditis,

369 4735 420 4779 et
450 4743 567 4780 non
592 4727 858 4783 audierunt
874 4747 895 4795 ;
926 4747 1119 4802 nempe
1147 4736 1428 4791 adventum
1471 4756 1667 4807 meum,
1694 4745 1968 4813 miracula,

372 4831 600 4883 vocem,
617 4816 929 4875 doctrinam.
968 4821 1064 4878 Hic
1097 4839 1256 4893 porro
1291 4843 1384 4882 eos
1410 4844 1514 4883 non
1542 4833 1701 4887 modo
1749 4837 1972 4905 perditis

373 4908 501 4963 istis
531 4918 586 4963 et
613 4926 838 4981 nequam
869 4911 1193 4984 hominibus,
1222 4919 1314 4973 sed
1358 4922 1518 4976 etiam
1552 4926 1823 4993 prasclaris
1865 4930 1968 4984 illis

372 5002 690 5069 anteponit,
720 5018 841 5057 cum
869 5002 998 5058 dicit
1019 5021 1114 5061 eos
1135 5008 1400 5066 beatiores
1429 5014 1534 5067 illis
1559 5030 1679 5071 esse
1698 5017 1721 5069 7
1742 5017 1847 5073 Cur
1873 5035 1970 5073 au-

375 5091 539 5145 tem?
566 5090 699 5159 Quia
750 5110 855 5149 non
904 5097 1064 5152 modo
1092 5114 1210 5168 qua:
1250 5100 1418 5157 Judaei
1458 5120 1564 5159 non
1596 5108 1840 5164 viderunt
1869 5111 1967 5181 ipsi

373 5182 657 5247 videbant,
692 5184 785 5239 sed
817 5187 975 5241 etiam
1004 5203 1066 5243 ea
1096 5205 1215 5259 qua:
1243 5193 1400 5261 prisci
1433 5195 1507 5250 illi
1546 5198 1729 5253 videre
1765 5214 1967 5255 concu-

377 5275 656 5343 pierant'.
682 5277 760 5331 Illi
788 5293 1016 5349 namque
1043 5280 1145 5337 fide
1176 5292 1381 5340 tantum
1404 5286 1683 5354 viderunt;
1713 5290 1764 5344 hi
1792 5303 1966 5348 autem

377 5370 521 5437 ipsis
562 5371 749 5436 oculis,
779 5382 831 5426 et
860 5373 1015 5443 longe
1041 5375 1255 5430 clarius.
1281 5376 1479 5433 Viden’
1526 5383 1793 5451 quomodo
1817 5394 1965 5440 vete-

375 5476 503 5515 rem
537 5459 700 5529 legem
730 5462 921 5517 iterum
958 5479 1081 5519 eum
1106 5482 1240 5520 nova
1270 5470 1505 5539 c0pulet,
1532 5472 1822 5526 ostendens
1852 5474 1968 5529 illos

446 5593 482 5661 ι.
503 5596 644 5670 ξένιε
664 5590 947 5670 ιςεειιᾳιιιῐι,
971 5598 1294 5670 nequeenim
1323 5598 1596 5670 insederit,
1620 5614 1711 5652 non
1736 5602 1839 5655 risu
1860 5619 1935 5670 pc:
1950 5631 1977 5642 -

629 5648 768 5720 seu}
788 5648 1200 5720 risupercipietis,
1225 5666 1271 5709 et
1294 5648 1391 5710 ηόιί
1657 5648 1686 5709 ι

442 5713 467 5777 ξ
501 5709 612 5777 ﬁlii",
635 5713 779 5777 idque
800 5709 1022 5777 faciebat.

437 5773 461 5804 ³
496 5770 615 5825 Duo
639 5770 745 5826 Is's.
769 5770 967 5842 addunt,
987 5786 1031 5829 et
1055 5793 1147 5832 non
1170 5779 1402 5836 viderant.

1384 358 1448 412 lN
1488 361 1893 418 MATTIUEUM
1936 365 2163 422 ΙΙΟΜΙΙ...
2210 370 2365 425 XLV.
2410 374 2480 429 al.
2526 377 2705 434 XLVI.

2026 1369 2084 1400 ΔΑ

3620 403 3683 457 71

2109 498 2211 536 non
2263 488 2422 543 modo
2473 490 2642 546 futura
2690 495 2905 563 vidisse,
2935 499 3028 553 sed
3060 504 3218 557 etiam
3250 507 3402 562 valde
3428 516 3683 584 cmicupi-

2086 576 2279 645 ‘visse?
2308 578 2489 649 Neque
2519 584 2565 637 si
2603 584 2760 641 alieni
2787 588 2895 655 dei,
2928 600 2982 646 et
3024 593 3146 649 huic
3174 600 3427 654 comrarii
3453 603 3688 661 cultores

2102 668 2346 738 fuissent,
2377 674 2429 727 id
2455 674 2868 735 desiderassent.
2896 683 2982 738 t8.
3012 683 3109 739 Vos
3137 703 3271 755 vero,
3300 690 3487 762 inquit,
3507 696 3685 761 quibus

2099 761 2153 814 id
2180 763 2353 816 datum
2381 776 2470 829 cst,
2500 770 2672 824 audite
2697 775 2991 841 parabolam
3036 761 3377 849 seminantis;
3411 796 3465 841 et
3505 802 3686 845 narrat

2098 869 2159 907 ea
2190 871 2309 925 qua:
2356 872 2515 928 supra
2563 862 2816 931 diximus,
2847 867 2916 924 de
2945 872 3171 941 segnitie
3216 885 3270 933 et
3294 877 3587 950 diligentia.
3618 884 3685 940 de

2099 959 2240 1001 metu
2267 959 2321 1004 et
2352 950 2682 1021 fortitudine,
2708 957 2775 1012 dc
2800 959 2998 1017 divitiis
3026 973 3080 1018 et
3110 979 3422 1037 paupertate
3450 992 3462 1027 :
3496 985 3683 1029 osten-

2096 1037 2229 1091 dens
2242 1049 2294 1094 et
2308 1040 2559 1097 damnum
2583 1046 2706 1101 inde
2722 1057 2776 1101 et
2795 1051 3075 1107 utilitatem
3096 1054 3220 1111 hinc
3244 1071 3466 1126 partam.
3486 1063 3684 1121 Deinde

2095 1129 2273 1184 varios
2312 1131 2515 1187 inducit
2556 1135 2769 1192 virtutis
2808 1140 3012 1196 modos.
3045 1142 3177 1199 Nam
3223 1148 3527 1207 misericors
3553 1170 3675 1207 cum

2094 1218 2183 1283 sit,
2214 1236 2317 1275 non
2362 1238 2521 1277 unam
2567 1229 2777 1295 aperuit
2806 1230 2976 1298 viam,
3008 1249 3181 1303 neque
3223 1236 3377 1307 dixit,
3412 1240 3522 1296 Nisi
3562 1247 3683 1312 quis

2093 1311 2442 1367 centesimum
2493 1315 2722 1371 fructum
2770 1318 2987 1388 fecerit,
3038 1323 3084 1377 is
3133 1325 3365 1393 decidit;
3418 1332 3534 1398 scd,
3581 1311 3680 1401 Qui

2092 1405 2511 1470 sexagesimum,
2562 1407 2670 1461 imo
2716 1410 2805 1478 qui
2858 1412 3187 1481 trigesimum
3236 1417 3461 1487 fecerit,
3503 1423 3683 1480 salvus

2093 1491 2209 1545 erit.
2248 1491 2380 1548 lllud
2402 1506 2583 1553 autem
2614 1500 2691 1553 sic
2716 1500 2997 1572 disposuit,
3030 1516 3083 1559 ut
3106 1507 3310 1565 facilior
3338 1512 3421 1566 via
3450 1514 3515 1568 ad
3542 1517 3682 1569 salu-

2096 1591 2200 1637 tem
2224 1595 2384 1640 esset.
2407 1587 2471 1642 Et
2500 1597 2552 1642 tn
2578 1605 2704 1661 ergo
2732 1609 2836 1646 non
2868 1605 3020 1664 potes
3051 1600 3405 1669 virginitatem
3429 1610 3680 1663 scrvare?

2091 1675 2246 1731 Caste
2282 1682 2606 1736 connubium
2650 1684 2816 1740 ineas.
2848 1687 2963 1742 Non
2997 1698 3145 1759 potes
3173 1709 3295 1749 esse
3321 1696 3436 1751 sine
3466 1712 3681 1768 posses-

2091 1770 2284 1824 sione?
2341 1773 2417 1827 De
2466 1774 2620 1830 bonis
2671 1778 2774 1832 tuis
2818 1780 3033 1849 largire.
3061 1783 3176 1837 Non
3228 1798 3378 1855 potes
3417 1788 3518 1843 hoc
3545 1807 3681 1847 onus

2091 1859 2269 1915 ferre?
2313 1862 2445 1918 Cum
2472 1863 2682 1923 Christo
2711 1869 2848 1923 bona
2884 1872 3079 1929 divide.
3123 1876 3238 1931 Non
3290 1880 3367 1933 vis
3412 1881 3510 1950 ipsi
3549 1883 3679 1938 dare

2090 1955 2308 2008 omnia?
2343 1956 2433 2011 Vel
2467 1958 2764 2026 dimidiam,
2796 1962 2879 2016 vel
2910 1966 3118 2020 tertiam
3150 1978 3354 2036 partem
3385 1971 3530 2026 dato.
3551 1973 3679 2028 Fra-

2090 2052 2171 2098 ter
2202 2053 2320 2100 tuus
2375 2056 2458 2103 est
2496 2058 2551 2103 et
2587 2052 2814 2108 coheres
2850 2062 2973 2107 tuus
3013 2072 3026 2108 :
3069 2056 3153 2111 fac
3192 2058 3340 2113 illum
3380 2058 3467 2115 hic
3516 2064 3676 2118 etiam

2088 2133 2431 2192 coheredem.
2465 2138 2826 2221 Qumcumque
2851 2142 2927 2198 illi
2953 2143 3188 2214 dederis,
3229 2149 3325 2204 tibi
3366 2151 3465 2221 ipsi
3502 2152 3676 2208 dabis.

2087 2223 2202 2279 Non
2243 2226 2395 2280 audis
2424 2229 2550 2297 quid
2594 2218 2726 2285 dicit
2764 2235 3067 2302 prOpheta?
3110 2218 3435 2311 PrOpinquos
3472 2244 3677 2299 seminis

2091 2318 2165 2369 tui
2192 2333 2252 2369 ne
2276 2317 2523 2386 despicias
2556 2320 2705 2393 (Isai.
2736 2324 2826 2380 58.
2855 2326 2937 2395 7).
2969 2327 3026 2383 Si
3056 2345 3187 2386 vero
3211 2345 3465 2404 cognatos
3494 2335 3678 2405 despi-

2088 2421 2214 2461 cere
2246 2424 2348 2461 non
2395 2420 2629 2479 Oportet,
2659 2415 2828 2469 multo
2873 2419 3047 2474 minus
3090 2421 3393 2490 Dominum,
3423 2427 3511 2495 qui
3552 2442 3676 2482 cum

2088 2497 2323 2552 dominio
2343 2500 2501 2554 etiam
2524 2504 2856 2572 cognationis
2880 2508 2969 2575 jus
2992 2517 3167 2565 tecum
3193 2513 3373 2580 habet,
3399 2517 3673 2586 nulltoque

2089 2590 2241 2658 plura
2264 2591 2385 2644 alia.
2406 2592 2539 2647 Nam
2571 2596 2883 2666 participem
2915 2609 2967 2655 te
2988 2600 3114 2657 fecit
3139 2604 3400 2659 bonorum
3428 2623 3671 2676 suorum,

2088 2695 2207 2736 eum
2240 2681 2368 2736 nihil
2396 2698 2426 2737 a
2459 2692 2509 2739 te
2538 2687 2854 2756 accepisset,
2887 2700 2943 2745 et
2988 2690 3090 2747 hoc
3118 2693 3368 2750 ineffabili
3414 2699 3675 2755 beneficio

2090 2780 2144 2826 te
2170 2774 2316 2843 prior
2355 2786 2715 2844 provocasset.
2743 2779 3024 2847 Quomodo
3069 2784 3229 2854 igitur
3273 2803 3376 2843 non
3408 2801 3552 2847 esset
3573 2806 3674 2847 ex-

2090 2872 2275 2918 tremae
2300 2865 2582 2922 dementiae
2613 2877 2736 2938 post
2776 2880 2978 2926 tantum
3010 2873 3208 2930 donum
3254 2878 3536 2947 benignum
3564 2898 3673 2937 non

2085 2952 2247 3020 effici,
2271 2970 2369 3010 nec
2410 2956 2578 3011 vicem
2602 2958 2762 3013 ullam
2792 2975 2890 3031 pro
2926 2970 3069 3017 tanta
3098 2967 3266 3034 gratia
3294 2968 3538 3033 reddere,
3568 2973 3671 3025 mi-

2085 3045 2230 3099 nima
2256 3062 2354 3114 pro
2381 3049 2624 3117 magnis?
2670 3051 2802 3106 Nam
2847 3054 2960 3122 ipse
2988 3065 3039 3110 te
3064 3058 3179 3113 cmli
3208 3058 3473 3115 heredem
3502 3062 3626 3117 fecit
3650 3081 3666 3126 ;

2089 3145 2143 3189 tu
2171 3152 2296 3191 vero
2318 3138 2416 3206 ipsi
2440 3156 2507 3194 ne
2534 3149 2868 3198 terrenorum
2890 3147 3103 3217 quidem
3124 3150 3396 3221 quidpiam
3425 3154 3675 3224 largiris?

2087 3224 2204 3295 lpse
2235 3227 2429 3283 nullius
2473 3238 2524 3284 te
2555 3231 2679 3286 boni
2717 3243 3012 3304 auctorem,
3045 3240 3139 3293 sed
3169 3250 3223 3296 et
3268 3243 3540 3299 inimicum
3568 3247 3669 3301 sibi

2084 3319 2482 3386 reconciliavit;
2514 3330 2567 3376 tu
2598 3339 2727 3380 vero
2757 3341 2856 3380 nec
2880 3327 3051 3384 amico
3078 3345 3178 3385 nee
3207 3332 3532 3390 bcncfactori
3566 3337 3667 3406 ipsi

2084 3408 2353 3478 quidpiam
2402 3412 2676 3481 retribuis,
2707 3431 3028 3487 quamquam
3074 3432 3128 3476 et
3170 3435 3293 3480 ante
3337 3442 3580 3495 regnum,
3613 3438 3669 3483 et

2084 3508 2209 3554 ante
2234 3509 2427 3556 cavtera
2464 3504 2665 3567 omnia,
2695 3521 2761 3561 ex
2786 3522 2852 3562 co
2891 3509 3009 3580 ipso
3036 3513 3179 3582 quod
3207 3514 3324 3581 das,
3352 3520 3575 3588 gratiam
3615 3520 3664 3574 ei

2083 3589 2281 3643 referre
2310 3590 2548 3648 debeas?
2576 3594 2785 3651 Etenim
2817 3598 2990 3655 liberti
3010 3600 3110 3671 (a),
3139 3606 3228 3673 qui
3260 3606 3417 3661 heros
3441 3624 3567 3663 suos
3598 3610 3667 3664 ad

2082 3679 2384 3733 convivium
2415 3682 2659 3751 invitant,
2692 3701 2796 3740 non
2835 3690 3074 3755 prsebere
3102 3695 3348 3762 gratiam,
3384 3697 3476 3752 sed
3522 3700 3666 3754 acci-

2084 3782 2209 3835 pere
2237 3779 2505 3838 censent,
2545 3773 2630 3828 hic
2658 3790 2785 3829 vero
2806 3789 3014 3833 contra.
3047 3782 3159 3837 Non
3186 3788 3327 3839 enim
3356 3804 3547 3843 servus
3569 3792 3666 3845 do-

2084 3857 2307 3924 minum,
2343 3860 2434 3914 sed
2476 3861 2723 3918 dominus
2746 3880 2958 3922 servum
3001 3871 3145 3939 prior
3177 3878 3389 3931 vocavit
3416 3878 3481 3931 ad
3512 3895 3667 3934 men-

2081 3961 2231 4013 sam;
2264 3959 2318 4003 tu
2346 3965 2472 4005 vero
2514 3968 2581 4007 ne
2627 3966 2808 4023 postea
2834 3958 3052 4027 quidem
3081 3961 3229 4017 illum
3258 3980 3415 4021 vocas
3442 3968 3464 4021 ἲ
3512 3969 3666 4025 Prius

2084 4046 2136 4091 te
2165 4038 2265 4092 sub
2294 4048 2488 4095 tectum
2516 4057 2671 4098 suum
2715 4045 3042 4117 introduxit;
3093 4062 3146 4106 tu
3192 4070 3319 4111 vero
3347 4072 3445 4109 nec
3470 4073 3673 4114 sccun-~

2081 4126 2182 4183 dus
2208 4129 2256 4183 id
2286 4132 2443 4199 agis?
2485 4132 2562 4189 Te
2606 4134 2803 4190 nudum
2834 4138 3036 4206 induit;
3086 4151 3141 4197 tu
3184 4161 3313 4200 vero
3364 4147 3535 4217 ipsum
3568 4167 3667 4206 nec

2084 4222 2419 4289 peregrinum
2444 4226 2679 4295 excipis?
2706 4228 2917 4284 Primus
2944 4234 3034 4286 tibi
3062 4250 3127 4288 ex
3160 4237 3324 4292 calice
3352 4253 3450 4293 suo
3483 4250 3662 4309 potum

2080 4308 2258 4372 dedit;
2295 4320 2349 4365 tu
2382 4328 2507 4368 vero
2539 4330 2604 4369 ne
2628 4332 2817 4386 aquam
2849 4321 3064 4389 quidem
3095 4324 3337 4395 frigidam
3368 4308 3507 4385 das?
3557 4333 3661 4386 Po-

2083 4407 2193 4453 tnm
2223 4400 2371 4455 dedit
2400 4404 2493 4457 tibi
2533 4405 2787 4474 Spiritum
2825 4422 3066 4466 sanctum
3094 4431 3107 4478 ;
3142 4424 3194 4468 tu
3225 4433 3354 4471 vero
3378 4436 3443 4474 ue
3469 4437 3663 4490 corpo-

2080 4504 2223 4545 ream
2268 4493 2409 4547 sitim
2435 4494 2550 4564 ejus
2592 4497 2789 4553 sedas?
2834 4500 3021 4555 Potum
3067 4504 3213 4558 dedit
3244 4506 3498 4576 Spiritum
3544 4514 3657 4576 tibi,

2078 4581 2399 4638 cruciatibus
2442 4585 2639 4655 digno;
2690 4595 2744 4642 tu
2785 4604 2915 4644 vero
2956 4592 3222 4649 sitientem
3254 4596 3508 4666 despicis,
3540 4614 3659 4655 cum

2080 4677 2255 4725 tamen
2279 4686 2343 4725 ex
2366 4673 2530 4743 ipsius
2556 4676 2709 4732 bonis
2730 4680 2906 4734 omnia
2933 4681 3219 4753 largiturus
3264 4685 3378 4741 sis?

2149 4782 2201 4836 5.
2235 4782 2563 4856 Eleemosyna
2591 4793 3261 4852 commendatum—Nonne
3285 4813 3532 4868 magnum
3558 4800 3662 4856 du-

2077 4872 2155 4928 cis
2181 4884 2230 4929 te
2259 4877 2505 4944 poculum
2532 4879 2658 4935 illud
2682 4890 2886 4950 tenere,
2905 4900 2972 4939 ex
2998 4901 3103 4955 quo
3131 4887 3394 4943 bibiturus
3414 4889 3662 4949 Christus

2078 4976 2180 5031 est,
2212 4976 2267 5021 et
2291 4968 2461 5037 ipsum
2490 4972 2570 5025 ori
2599 4972 2949 5031 admoturus?
2996 4979 3188 5033 Annon
3232 4982 3402 5046 vides,
3428 4985 3527 5038 soli
3570 5002 3659 5041 sa-

2078 5057 2282 5111 cerdoti
2334 5058 2495 5115 licere
2548 5064 2822 5134 sanguinis
2869 5067 3089 5122 calicem
3136 5072 3484 5145 tradere(b)?
3527 5075 3658 5145 Ego,

2079 5147 2245 5218 inquit
2272 5149 2379 5214 ille,
2401 5148 2513 5205 haec
2541 5167 2645 5207 non
2679 5163 2782 5209 tam
2806 5166 3051 5211 accurate
3072 5158 3326 5228 dispicio;
3356 5164 3449 5219 sed
3476 5164 3521 5219 si
3545 5164 3671 5235 ipse

2078 5238 2290 5293 dederis
2314 5242 2537 5311 accipio.
2562 5243 2782 5299 Etiamsi
2809 5246 2974 5301 laicus
3000 5248 3095 5315 sis,
3116 5264 3221 5305 non
3252 5268 3462 5317 recuso,
3484 5270 3658 5325 neque

2077 5329 2219 5399 quod
2244 5329 2366 5384 dedi
2406 5341 2611 5403 repeto.
2652 5333 2767 5389 Non
2808 5336 2949 5390 enim
2979 5341 3290 5410 sanguinem
3318 5360 3519 5414 quaero,
3559 5348 3655 5403 sed

2077 5435 2265 5489 aquam
2290 5418 2551 5491 frigidam.
2566 5420 2751 5493 Cogita
2766 5425 2849 5480 cui
2871 5436 3051 5497 potum
3074 5429 3187 5497 des,
3202 5443 3255 5487 et
3278 5433 3647 5503 perhorresco.

2136 5587 2209 5649 (a)
2240 5587 2297 5659 iu
2317 5595 2495 5661 Gram,
2519 5603 2672 5662 sum,
2693 5594 2821 5662 quod
2846 5603 2923 5647 est
2944 5598 3003 5647 ad
3028 5598 3261 5662 litteram,
3282 5603 3546 5656 domestici.
3564 5609 3657 5657 Sed

2075 5648 2157 5726 hic.
2166 5650 2251 5726 agi
2275 5650 2471 5726 cumino
2482 5648 2688 5726 videtur
2699 5648 2771 5726 de
2780 5648 3061 5710 domesticis
3070 5648 3177 5711 illis
3186 5648 3309 5726 qui:
3316 5648 3524 5715 iiéi'iEHi
3535 5648 3665 5720 vii-lavo:

2074 5708 2284 5779 ralitatc,
2305 5709 2589 5779 libertatem
2613 5716 2773 5779 adepti
2801 5728 2957 5770 erant.

2141 5770 2213 5833 (ιι)
2247 5771 2338 5823 Soli
2361 5776 2596 5826 sacerdoti
2623 5770 2799 5831 licebat
2819 5784 3069 5846 sanguinis
3091 5784 3291 5836 calicem
3317 5788 3532 5840 tradere.
