4088 6224
419 352 515 404 tia
1155 354 1210 409 S.
1252 354 1528 410 JUANNIS
1565 355 2033 410 Cllln'b'ib'l‘ollt
2075 355 2392 412 ARCHIEP.
2422 357 2958 418 CONS'I‘ANTINOP.

409 470 592 538 Cogita
618 479 669 523 te
685 469 885 525 Christi
913 469 1246 525 sacerdotcm
1278 470 1415 535 ﬁeri,
1444 486 1563 523 cum
1592 486 1750 524 tnanu
1785 471 1995 539 propria

408 559 504 612 das
549 575 655 614 non
702 577 944 626 carnem,
991 561 1084 615 sed
1136 573 1355 630 panem,
1389 577 1494 614 non
1537 563 1870 630 sanguinem,
1902 559 1995 614 sed
2035 551 2047 557 ”

409 653 630 707 calicem
665 671 814 724 aqua:
862 655 1087 725 frigidm.
1129 655 1300 709 Induit
1329 663 1379 709 te
1409 656 1728 709 vestimento
1752 655 1992 718 salutari,

405 754 457 796 et
481 745 580 798 hoc
605 761 697 813 per
726 747 992 814 scipsum;
1027 758 1080 800 tu
1110 749 1296 800 saltem
1322 764 1415 815 per
1440 761 1652 800 servum
1673 745 1992 799 indue.Glo—

407 837 608 890 riosum
642 847 693 892 te
736 839 862 891 fecit
909 839 960 891 in
1011 838 1185 902 caelis;
1240 849 1350 891 tua
1384 839 1578 906 frigore
1627 837 1773 890 illmn
1821 836 1988 904 eripe,

407 942 507 980 nec
539 944 642 980 nou
685 929 752 982 ab
783 930 1029 983 indecora
1073 929 1329 982 nuditate.
1363 928 1684 996 Augelorum
1730 936 1781 981 te
1809 929 1990 981 conci-

404 1034 524 1073 vem
574 1019 730 1085 fecit;
784 1031 838 1074 tu
872 1023 1042 1090 ipsum
1076 1023 1176 1074 sub
1208 1032 1348 1074 tecto
1391 1021 1596 1089 excipe,
1629 1020 1814 1075 saltem
1856 1023 1993 1075 sicut

408 1127 570 1166 unum
618 1131 680 1168 ex
735 1116 945 1168 fainulis
979 1117 1081 1167 tuis
1110 1116 1254 1168 domi
1287 1115 1558 1183 excipias;
1603 1115 1704 1169 hoc
1747 1114 1989 1169 diverso-

405 1205 540 1254 rium
577 1219 680 1256 non
719 1220 930 1269 recuso,
965 1206 1087 1258 licet
1118 1213 1283 1257 totum
1330 1205 1420 1258 tibi
1449 1205 1636 1259 cmlum
1667 1206 1987 1274 aperuerint.

401 1293 476 1347 'l'e
498 1312 524 1348 a
557 1297 875 1364 gravissimo
904 1313 1122 1350 carcere
1147 1297 1313 1365 eripui
1337 1315 1350 1362 ;
1385 1297 1485 1351 hoc
1510 1313 1538 1351 a
1563 1306 1612 1350 te
1643 1313 1745 1351 non
1774 1308 1986 1365 eXpeto,

402 1401 501 1438 nec
533 1387 674 1448 dico,
722 1388 883 1456 Eripe
915 1403 1033 1449 me;
1077 1388 1170 1442 sed
1218 1390 1260 1442 si
1309 1405 1392 1443 me
1426 1389 1658 1442 vinctum
1703 1390 1904 1454 videas,
1937 1390 1987 1443 id

402 1475 531 1528 mihi
577 1477 643 1529 ad
674 1478 1092 1532 consolationem
1125 1479 1254 1532 satis
1282 1489 1383 1532 est.
1417 1479 1680 1533 Mortuum
1723 1488 1774 1533 te
1814 1482 1985 1535 susci-

405 1567 505 1618 tari
533 1582 548 1631 ;
599 1567 649 1620 id
693 1582 721 1619 a
769 1575 818 1622 te
845 1584 948 1622 non
981 1571 1154 1638 exigo,
1186 1571 1278 1624 sed
1324 1569 1466 1633 dico,
1496 1585 1580 1624 me
1608 1582 1864 1639 aegrotum
1895 1587 1985 1624 so-

401 1656 673 1711 lunnnodo
702 1659 902 1713 \‘isitcs.
943 1661 1073 1715 Cum
1105 1676 1233 1730 ergo
1265 1671 1407 1715 tanta
1438 1663 1546 1716 sint
1581 1662 1740 1729 dona,
1775 1673 1985 1732 tamque

401 1747 532 1800 levia
571 1758 909 1818 expetantur,
944 1767 1042 1806 nec
1070 1761 1245 1806 tamen
1276 1754 1362 1807 illa
1407 1755 1759 1822 priebeamus,
1789 1764 1983 1824 quanta

403 1856 506 1892 non
537 1841 702 1895 simus
728 1842 870 1910 digni
904 1845 1191 1912 gehenua?
1219 1845 1346 1900 .lure
1368 1848 1418 1900 in
1448 1848 1622 1916 ignem
1649 1847 1857 1902 abimus
1890 1863 1984 1917 pa-

402 1939 574 1984 ratum
603 1931 816 1985 diabolo
843 1943 895 1987 et
917 1936 1120 2004 angelis
1145 1939 1283 2005 ejus,
1308 1953 1428 1991 cum
1457 1952 1562 1991 non
1591 1939 1795 2006 majore
1821 1954 1980 2006 quam

397 2030 546 2088 petra
574 2037 733 2077 sensu
764 2025 968 2092 praediti
1001 2028 1189 2082 simus.
1222 2028 1446 2094 Quantae
1471 2029 1614 2083 enim
1660 2031 1984 2100 stupiditatis

393 2122 502 2176 est,
529 2131 714 2184 quaeso
753 2125 822 2180 te,
854 2134 1113 2181 nos,cum
1143 2131 1286 2176 tanta
1327 2124 1712 2193 acceperimus,
1753 2135 1807 2179 et
1837 2135 1980 2180 tanta

395 2207 667 2272 accepturi
697 2209 886 2272 simus,
918 2224 1103 2264 servos
1130 2228 1250 2266 esse
1273 2215 1636 2281 pecuniarum,
1661 2232 1794 2285 quas
1825 2217 1982 2286 paulo

396 2305 580 2360 postea
611 2297 692 2351 vel
733 2299 879 2352 inviti
912 2301 1319 2372 relinquemus?
1362 2306 1424 2359 Et
1466 2307 1556 2360 alii
1599 2307 1816 2376 quidem
1859 2311 1977 2364 ani-

399 2405 541 2441 mam
591 2391 853 2446 dederunt
901 2394 1091 2463 ipsam,
1126 2407 1177 2450 et
1225 2399 1535 2466 sanguinem
1588 2399 1875 2454 fuderunt:
1923 2414 1979 2455 tu

395 2493 524 2533 vero
553 2495 622 2537 ne
649 2486 916 2552 superﬂua
958 2486 1175 2556 quidem
1205 2487 1435 2560 glargiris
1489 2501 1710 2561 propter
1754 2507 1974 2564 regnum

407 2619 3248 2646 Μ

3583 363 3682 418 478

2103 471 2378 537 caelorum,
2408 482 2624 542 prapter
2656 484 2734 529 tot
2757 477 3024 531 coronas?
3051 476 3118 531 Et
3146 493 3251 548 qua
3289 479 3480 550 dignus
3523 481 3688 540 fueris

2104 563 2276 625 venia,
2312 579 2416 633 qua
2438 567 2798 631 excusatione,
2837 565 2926 637 qui
2965 568 3169 624 semina
3198 569 3250 624 in
3283 580 3479 627 terram
3509 572 3684 630 liben-

2105 661 2185 705 ιρι·
2216 655 2460 722 projicis,
2493 656 2583 726 qui
2614 657 2746 711 nulli
2790 659 2866 712 rei
2907 659 3080 727 parcis
3109 658 3176 714 ad
3207 663 3458 730 pecunias
3483 665 3688 722 {tenore

2104 745 2541 810 locandasycum
2573 758 2752 803 autem
2792 750 2965 820 agitur
2988 751 3056 805 de
3097 751 3323 808 Domino
3353 769 3450 824 per
3487 771 3688 827 egenos

2100 837 2314 903 alendo,
2351 839 2670 895 inhumanus
2705 841 2976 912 durusque
3004 842 3104 898 es?
3153 844 3277 900 Haec
3303 847 3481 917 itaque
3506 851 3682 908 omnia

2099 928 2416 994 cogitantes,
2455 930 2738 999 animoque
2782 942 3107 1001 reputantes,
3138 949 3258 1004 qum
3296 940 3681 1006 acceperimus,

2115 1028 2236 1081 qure
2258 1017 2534 1084 accepturi
2555 1017 2749 1085 simus,
2773 1035 2895 1108 qua}:
2925 1036 2955 1075 a
2996 1022 3152 1077 nobis
3182 1037 3529 1097 expetantur,
3556 1045 3677 1084 om-

2116 1117 2237 1156 ttcnt
2293 1122 2482 1161 curam
2521 1119 2765 1165 nostram
2813 1113 2866 1167 in
2899 1114 3274 1185 spiritualibus
3303 1119 3682 1175 exhibeamus.

2098 1199 2271 1254 Simus
2323 1202 2533 1256 tandem
2563 1205 2824 1258 mansueti
2855 1215 2908 1260 et
2951 1205 3189 1273 humani,
3235 1222 3301 1262 ne
3349 1209 3683 1266 intolerabile

2096 1291 2411 1360 supplicium
2433 1293 2588 1348 nobis
2603 1295 2949 1351 attrahamus.
2964 1296 3093 1363 Quae
3112 1298 3252 1352 enim
3277 1315 3373 1353 nos
3394 1299 3678 1357 damnandi

2095 1395 2253 1434 causa
2286 1398 2390 1436 non
2423 1385 2674 1453 suppetit,
2703 1385 2792 1456 qui
2838 1401 2956 1441 cum
3002 1396 3078 1441 tot
3121 1389 3386 1459 tantisque
3416 1390 3676 1458 frnanmr,

2095 1490 2194 1528 nec
2239 1491 2486 1545 magnum
2516 1477 2638 1547 quid
2679 1487 3008 1547 expetatura
3041 1479 3226 1546 nobis;
3270 1482 3376 1536 imo
3420 1484 3539 1536 talia
3580 1499 3678 1538 cx-

2094 1575 2360 1634 petantur,
2390 1583 2507 1636 qua:
2535 1569 2616 1622 vel
2657 1569 2807 1623 inviti
2849 1567 2935 1625 hic
2977 1570 3358 1640 relinquemus,
3389 1581 3592 1626 tantum
3617 1574 3671 1628 in

2093 1656 2252 1710 rebus
2273 1658 2616 1713 smcularibus
2637 1659 2867 1714 studium
2898 1661 3302 1730 impendamus?
3328 1663 3527 1718 Horum
3559 1667 3674 1721 siu-

2091 1747 2213 1817 gula
2259 1758 2381 1803 sunt
2417 1749 2484 1804 ad
2527 1766 2624 1806 nos
2662 1751 2992 1808 damnandos
3039 1756 3206 1820 satis;
3256 1756 3298 1809 si
3343 1773 3470 1810 vero
3496 1761 3670 1816 omnia

2091 1840 2250 1894 simul
2279 1851 2619 1906 concurrant,
2641 1858 2760 1913 quae
2786 1860 2908 1913 spes
2938 1845 3126 1900 Salutis
3151 1847 3291 1901 erit?
3323 1847 3389 1902 Ut
3413 1864 3539 1918 ergo
3560 1865 3677 1903 om-

2091 1946 2211 1984 nem
2243 1930 2380 1986 hanc
2409 1932 2804 1988 damnationem
2833 1934 3115 2004 fugiamus,
3158 1937 3441 2006 quamdam
3485 1940 3674 1994 saltem

2089 2037 2210 2090 erga
2243 2036 2442 2091 egenos
2485 2022 2859 2079 liberalitatem
2913 2027 3277 2080 exhibeamus.
3308 2027 3395 2082 Sic
3442 2030 3582 2083 enim
3621 2041 3677 2084 et

2093 2114 2451 2181 praesentibus
2483 2124 2536 2170 et
2563 2116 2753 2171 futuris
2781 2119 3021 2172 fruemur
3063 2117 3216 2172 bonis
3247 2140 3261 2174 :
3309 2135 3426 2189 qua:
3474 2123 3672 2175 utinam

2089 2219 2189 2258 nos
2235 2220 2423 2261 omnes
2465 2208 2676 2278 assequi
2717 2208 3007 2278 contingat,
3039 2209 3208 2277 gratia
3258 2220 3311 2264 et
3350 2210 3674 2280 benignitate

2091 2294 2302 2348 Domini
2333 2296 2498 2349 nostri
2525 2294 2648 2349 Jesu
2675 2295 2892 2363 Christi,
2916 2297 3000 2351 cui
3028 2297 3196 2370 gloria
3222 2307 3278 2352 et
3303 2299 3579 2370 imperium
3609 2301 3664 2355 in

2089 2386 2283 2441 saecula
2315 2385 2654 2443 saeculorum.
2687 2386 2879 2443 Anien.

1493 2724 1840 2788 HOMILIA
1883 2728 2106 2789 XLVI.
2155 2729 2239 2789 al.
2301 2729 2556 2790 XLVII.

395 2855 525 2912 Car.
559 2860 645 2914 15.
681 2875 733 2915 v.
767 2861 857 2916 2L
916 2863 1084 2918 Aliam
1134 2866 1427 2935 parabolam
1467 2872 1726 2940 proposuit
1765 2871 1856 2936 eis,
1894 2871 1978 2924 di-

469 2968 585 3004 cens
609 2967 629 3005 :
653 2952 835 3009 Simile
859 2956 1051 3025 fectant
1075 2968 1146 3012 est
1169 2975 1379 3028 regnum
1416 2961 1653 3017 cwlorum
1682 2962 1872 3015 homini
1893 2962 1981 3032 qui

461 3043 678 3095 seminat
717 3044 898 3099 bonum
928 3065 1092 3102 semen
1139 3050 1189 3103 in
1231 3068 1354 3121 agro
1377 3069 1487 3105 suo.
1527 3053 1616 3109 25.
1649 3053 1774 3107 Cum
1812 3063 1980 3106 autem

489 3135 764 3189 dormirent
795 3137 1042 3203 homines,
1075 3141 1206 3194 venit
1234 3143 1343 3211 ejus
1367 3142 1618 3206 inimicus,
1649 3154 1694 3198 et
1719 3144 1978 3198 seminavit

461 3225 658 3278 zizania
692 3245 781 3297 per
806 3231 1026 3285 medium
1064 3232 1236 3298 tritici,
1263 3243 1307 3287 et
1336 3234 1480 3287 abiit.
1512 3233 1602 3289 26.
1627 3233 1701 3307 (a)
1733 3233 1858 3288 Cum
1883 3251 1978 3288 au-

461 3327 558 3368 tem
583 3320 814 3372 crevisset
839 3321 990 3374 herba
1019 3333 1066 3376 et
1091 3327 1311 3394 fructum
1339 3325 1555 3394 fecisset,
1589 3335 1706 3379 tunc
1727 3342 1978 3395 apparue-

462 3419 580 3462 runt
608 3421 654 3463 et
694 3413 909 3465 zizaniu.
943 3414 1031 3466 9.7.
1075 3414 1375 3466 Accedenles
1403 3432 1514 3467 vero
1557 3417 1684 3468 servi
1734 3418 1977 3486 patrisfa-

463 3503 651 3568 milias,
692 3507 929 3558 dixerunt
975 3507 1065 3558 ei:
1109 3505 1341 3572 Domine,
1371 3523 1537 3559 nonne
1579 3506 1766 3560 bonum
1808 3524 1975 3560 semen

460 3595 721 3650 seminasti
749 3598 801 3650 in
833 3615 955 3667 agro
987 3599 1113 3651 tuo?
1159 3599 1293 3652 unde
1325 3616 1443 3670 ergo
1470 3600 1710 3654 zizania?
1754 3600 1844 3653 28.
1876 3599 1974 3664 Qui

461 3687 588 3738 dixit
615 3687 686 3740 eis
704 3704 722 3741 :
750 3685 993 3743 Inimicus
1019 3691 1168 3743 homo
1197 3691 1290 3744 hoc
1316 3691 1452 3760 fecit.
1483 3690 1630 3746 Servi
1649 3701 1812 3745 autem
1835 3692 1977 3745 dixe-

461 3792 578 3834 runt
599 3783 678 3838 ei:
711 3782 796 3838 Vis
815 3801 954 3856 ergo,
974 3786 1209 3840 abeamus
1229 3797 1274 3839 et
1299 3787 1598 3857 colligamus
1625 3789 1723 3841 ea?
1759 3787 1849 3840 9.9.
1876 3785 1976 3840 Ille

461 3884 626 3930 autem
657 3875 785 3929 dixit
804 3892 823 3928 .·
856 3874 996 3941 Νοιι,
1041 3895 1102 3930 ne
1127 3881 1256 3948 forte
1297 3877 1586 3946 colligentes
1613 3877 1830 3940 zizania,
1859 3893 1973 3928 era-

460 3967 634 4018 tlicetis
668 3967 817 4021 simul
855 3983 965 4021 cum
998 3971 1067 4020 eis
1107 3977 1153 4019 et
1192 3968 1430 4020 triticum.
1462 3967 1550 4018 50.
1585 3965 1976 4032 Sinileutraque

461 4075 682 4112 crescere
701 4075 857 4118 usque
877 4058 944 4109 ad
966 4074 1171 4112 messem
1195 4073 1211 4110 :
1240 4065 1287 4108 et
1314 4067 1430 4108 tunc
1452 4056 1618 4108 dicam
1641 4057 1973 4108 messoribus:

463 4149 694 4216 Colligite
724 4149 940 4217 primum
967 4148 1183 4200 zizania.

467 4243 513 4294 ι.
560 4240 730 4308 Hujus
759 4250 804 4291 et
831 4239 1107 4308 superioris
1147 4238 1403 4306 parabolae
1430 4238 1721 4291 discrimen.
1769 4236 1972 4291 Diaboli

388 4350 606 4387 errorem
635 4331 913 4384 inducentis
941 4331 1178 4384 versutia.
1215 4329 1503 4401 l’igilantiw
1531 4331 1814 4383 necessitas.
1850 4328 1974 4383 Ha:-

389 4427 595 4479 retirum
623 4425 847 4478 occidere
885 4443 984 4480 non
1025 4433 1238 4493 oportet.
1264 4453 1334 4463 -—
1354 4422 1489 4493 Quid
1535 4423 1754 4477 interest
1784 4422 1971 4476 discri-

388 4518 546 4573 minis
577 4519 716 4574 inter
745 4517 880 4571 hanc
903 4528 956 4571 et
985 4517 1314 4585 superiorem
1364 4513 1713 4582 parabolatn?
1747 4513 1856 4567 Illic
1888 4513 1969 4567 lo-

387 4610 567 4678 quitur
607 4608 673 4662 de
714 4608 778 4664 iis
828 4608 915 4677 qui
967 4624 1070 4661 non
1115 4605 1489 4668 altenderuut,
1523 4604 1617 4658 sed
1672 4604 1970 4658 resilientes

386 4703 604 4757 semina‘
637 4699 973 4768 projeccrunt
1000 4717 1011 4751 :
1043 4698 1127 4753 hic
1153 4698 1219 4750 de
1247 4697 1616 4750 haereticorum
1645 4696 1872 4750 cmtihus
1895 4695 1971 4748 lo-

385 4795 583 4862 quitur.
618 4791 693 4846 Ne
727 4791 866 4844 enim
898 4789 1187 4858 discipulos
1215 4789 1473 4851 turbaret,
1508 4787 1770 4856 prmdixit,
1825 4797 1970 4855 post-

384 4900 542 4953 quam
573 4884 829 4938 docuerat
857 4881 993 4946 illos,
1015 4896 1110 4935 cur
1139 4880 1187 4936 in
1219 4878 1482 4948 parabolis
1514 4877 1838 4947 loqueretur.
1871 4878 1969 4930 Pa-

384 4977 563 5030 rabola
593 4977 676 5029 illa
707 4975 936 5036 dicebat,
965 4989 1069 5028 non
1097 4983 1399 5039 susceptum
1450 4970 1620 5039 ipsum
1647 4987 1660 5033 ;
1714 4969 1829 5026 haec
1871 4986 1968 5024 au-

384 5077 513 5130 tem,
538 5076 876 5134 cnrruptores
898 5064 1054 5121 simul
1080 5074 1376 5133 susceptos.
1415 5061 1537 5116 llaec
1556 5062 1751 5132 quippe
1773 5059 1968 5115 diaboli

386 5158 619 5213 versutia
651 5167 752 5223 est,
784 5166 839 5210 ut
863 5172 983 5211 cum
1031 5156 1255 5210 veritate
1281 5170 1493 5222 semper
1518 5153 1862 5208 commisceat
1884 5167 1969 5204 cr-

387 5267 586 5315 t'orctn,
616 5249 698 5301 cui
745 5249 980 5301 veritatis
1025 5247 1258 5302 Colorem
1291 5255 1345 5300 et
1373 5243 1773 5301 similitudinem
1815 5241 1968 5298 affin-

385 5350 491 5409 gat,
527 5341 592 5392 ita
643 5348 697 5391 ut
726 5338 993 5407 simplices
1025 5337 1179 5392 facile
1213 5336 1598 5392 circumvenire
1628 5333 1811 5402 possit.
1844 5332 1966 5386 Ideo

389 5451 492 5486 non
543 5431 644 5485 alia
695 5431 916 5495 semina,
946 5448 1102 5501 quam
1150 5430 1348 5484 zizauia
1398 5429 1548 5491 dixit,
1596 5428 1736 5496 quod
1782 5443 1964 5480 semen

385 5523 566 5593 specie
608 5521 820 5591 quidem
850 5522 1114 5576 frumento
1155 5520 1327 5574 simile
1373 5529 1475 5573 εει.
1521 5517 1720 5573 Deinde
1751 5515 1966 5571 modum

2091 2885 2310 2938 parvum
2365 2869 2451 2924 hic
2496 2868 2812 2938 przesulibus
2857 2869 3170 2938 proponitur
3215 2870 3564 2940 prmcipitium
3611 2881 3670 2928 ct

2091 2960 2400 3028 periculum,
2431 2959 2621 3028 quibus
2649 2959 2877 3013 maxime
2906 2959 3019 3013 arvi
3046 2974 3171 3014 cura
3202 2959 3515 3016 demandata
3541 2973 3663 3028 est;

2087 3067 2264 3119 neque
2291 3051 2396 3104 illis
2429 3059 2651 3114 tantum,
2680 3049 2772 3104 sed
2801 3051 2960 3105 etiam
3006 3050 3250 3105 subditis.
3293 3051 3534 3108 Ostendit
3572 3071 3667 3109 au-

2089 3152 2214 3206 tem,
2248 3157 2484 3196 errorem
2513 3150 2632 3210 post
2657 3142 2929 3195 veritatem
2969 3141 3215 3204 venisse;
3259 3141 3312 3196 id
3334 3143 3475 3212 quod
3503 3145 3666 3200 etiam

2086 3250 2264 3288 rerum
2314 3243 2535 3288 eventus
2594 3235 2923 3289 testiﬁcatur.
2983 3233 3115 3288 Nam
3175 3244 3294 3302 post
3357 3237 3660 3304 prophetas,

2085 3323 2598 3393 pseudoprophetae;
2644 3331 2761 3391 post
2807 3322 3096 3391 apostolos,
3129 3322 3578 3392 pseudoapostoli,
3609 3337 3664 3380 et

2083 3425 2203 3484 post
2233 3414 2520 3478 Christum,
2551 3413 2930 3468 Anticltristus.
2975 3412 3085 3466 Nisi
3116 3411 3260 3466 enim
3302 3413 3546 3468 diabolus
3587 3416 3664 3468 vi-

2083 3504 2224 3559 derit
2254 3503 2378 3572 quid
2420 3502 2616 3556 imitari
2665 3502 2850 3570 possit,
2882 3510 2971 3555 aut
2999 3500 3193 3570 quibus
3241 3501 3500 3567 insidiari,
3532 3503 3662 3558 nihil

2084 3595 2396 3650 insidiarum
2429 3595 2597 3664 ponit,
2628 3593 2759 3647 nihil
2791 3595 2956 3647 novit.
3000 3593 3152 3648 Nunc
3197 3608 3346 3662 ergo,
3374 3595 3500 3663 quia
3531 3594 3663 3650 vidit

2083 3689 2242 3740 alium
2265 3685 2613 3740 centesimum
2641 3683 2856 3749 fecisse,
2875 3683 3042 3738 alium
3061 3684 3479 3754 sexagesimum,
3498 3685 3664 3741 alium

2085 3777 2438 3848 trigesimum,
2463 3776 2566 3830 alia
2595 3774 2848 3842 deinceps
2877 3773 3076 3829 incedit
3112 3775 3217 3828 via.
3263 3773 3396 3840 Quia
3425 3776 3568 3830 enim
3609 3775 3662 3830 id

2081 3869 2223 3939 quod
2258 3867 2464 3922 radices
2490 3874 2740 3936 posuerat
2766 3865 3012 3936 abripere
3050 3879 3158 3920 non
3201 3874 3430 3934 poterat,
3485 3881 3660 3934 neque

2081 3960 2362 4022 suti'ocare.
2393 3959 2475 4014 vel
2503 3959 2845 4023 comburere,
2879 3973 2976 4027 per
3016 3957 3174 4014 aliam
3224 3957 3484 4013 tallaciam
3529 3957 3664 4013 insi-

2079 4051 2276 4116 diatur,
2310 4065 2404 4104 sua
2448 4051 2691 4103 inserens
2739 4049 2878 4103 aliis.
2912 4049 2980 4102 Et
3032 4049 3084 4103 in
3129 4063 3236 4118 quo
3279 4048 3548 4112 differunt,
3578 4049 3662 4104 in-

2079 4141 2249 4210 quies,
2288 4140 2338 4194 hi
2369 4139 2700 4194 dormientes
2725 4137 2794 4192 ab
2841 4139 2905 4194 iis
2946 4139 3036 4210 qui
3068 4154 3163 4210 per
3191 4141 3334 4194 viam
3375 4140 3662 4211 signiﬁcati

2079 4231 2330 4286 fuerant?
2358 4229 2510 4297 Quod
2541 4229 2784 4286 videlicet
2813 4230 2884 4285 ibi
2911 4231 3090 4285 statim
3133 4231 3456 4300 abripuerit;
3489 4247 3664 4300 neque

2079 4323 2219 4378 enim
2249 4323 2456 4376 radices
2487 4336 2684 4390 ponere
2711 4321 2954 4391 permisit
2981 4338 2994 4374 :
3031 4321 3117 4376 hic
3143 4336 3270 4376 vero
3297 4321 3500 4389 majore
3527 4337 3660 4388 opus

2078 4413 2322 4468 habuerit
2352 4411 2599 4467 artificio.
2649 4412 2774 4467 Haec
2818 4422 2997 4467 autem
3026 4411 3155 4465 dicit
3183 4409 3445 4476 Christus,
3479 4419 3535 4463 ut
3556 4410 3660 4464 do-

2077 4516 2195 4560 ccat
2241 4519 2453 4574 semper
2483 4521 2601 4560 esse
2643 4504 2990 4575 vigilandum.
3020 4500 3241 4556 Etiamsi
3268 4501 3432 4564 enim,
3466 4500 3655 4568 inquit,

2081 4599 2194 4654 lucc
2235 4609 2556 4654 nocumcnta
2585 4598 2823 4667 ell'ugias,
2852 4595 2992 4650 aliud
3012 4593 3188 4648 adhuc
3210 4601 3474 4662 superest.
3508 4593 3660 4650 Sicut

2075 4692 2217 4745 enim
2250 4691 2318 4744 ibi
2349 4706 2444 4760 per
2469 4690 2624 4753 viam,
2656 4703 2751 4757 per
2787 4697 2987 4755 petram
3015 4691 3070 4737 ct
3106 4698 3201 4752 per
3245 4683 3464 4753 spinas;
3497 4685 3574 4740 sic
3601 4698 3658 4743 et

2077 4781 2162 4836 hic
2191 4797 2284 4852 per
2313 4795 2556 4835 somnum
2603 4778 2864 4848 pernicies
2891 4773 3133 4829 accedit:
3167 4786 3496 4845 quapropter
3523 4780 3659 4834 assi.

2074 4873 2177 4927 dua
2209 4887 2342 4941 opus
2372 4878 2454 4924 est
2490 4867 2750 4923 custodia.
2779 4865 2900 4918 ldeo
2925 4862 3138 4918 dicebat
3164 4881 3177 4918 :
3215 4865 3316 4932 Qui
3342 4876 3512 4922 autem
3537 4886 3659 4938 per-

2073 4962 2368 5018 severaverit
2409 4975 2562 5024 usque
2587 4959 2638 5011 in
2666 4959 2839 5024 liuent,
2882 4957 2962 5010 hic
2988 4958 3158 5012 salvus
3189 4960 3280 5012 erit
3324 4959 3534 5031 (Matth.
3566 4961 3649 5016 10.

2072 5055 2185 5124 2‘2).
2220 5053 2405 5122 Simile
2428 5049 2700 5121 quidpiam
2731 5051 2782 5104 iu
2810 5049 3072 5120 principio
3089 5053 3302 5107 accidit.
3333 5052 3481 5107 Multi
3509 5053 3650 5106 enim

2073 5146 2339 5200 antistites
2386 5141 2658 5211 improbos
2709 5141 2853 5196 viros
2885 5140 3270 5198 hrcresiarchas
3312 5143 3548 5197 occultos
3592 5141 3648 5196 in

2076 5237 2340 5292 Ecclesiae
2391 5235 2726 5300 inducentes,
2780 5235 3080 5304 hujusmodi
3136 5236 3339 5291 insidiis
3381 5233 3649 5288 struendis

2073 5331 2377 5384 facultatem
2417 5342 2658 5398 magnam
2713 5329 3008 5396 pra'buere.
3057 5325 3238 5396 Neque
3284 5323 3422 5377 cnim
3469 5322 3649 5377 labore

2071 5439 2204 5492 Opus
2249 5430 2333 5477 est
2359 5416 2594 5484 diabolo,
2627 5428 2904 5490 postquam
2950 5416 3250 5487 hujusmodi
3301 5413 3544 5468 homines
3597 5415 3648 5468 in

2074 5515 2250 5570 medio
2277 5512 2520 5568 inseruit.
2567 5513 2633 5567 Et
2655 5511 2924 5581 quomodo
2956 5509 3066 5564 ﬁeri
3099 5515 3295 5576 potest,
3328 5505 3557 5573 inquies,
3591 5514 3648 5558 ut

390 5581 701 5670 insidiarum
729 5613 881 5668 dicit.
899 5612 1032 5666 Dum
1060 5612 1337 5666 dormirent
1357 5611 1603 5676 homines,
1634 5609 1819 5680 inquit.
1849 5609 1964 5663 Non
1983 5581 2174 5682 anon
2202 5603 2509 5663 dormiant?
2551 5602 2784 5658 Naturali
2815 5601 3027 5670 quidem
3055 5611 3264 5660 somno,
3293 5596 3404 5649 lieri
3431 5596 3646 5664 nequit;

443 5751 523 5812 (α)
550 5757 664 5809 Qua:
692 5755 973 5812 sequuntur
1003 5747 1252 5812 usquead
1273 5747 1461 5812 initium
1486 5742 1695 5812 humilia:
1716 5743 1895 5812 desunt
1916 5742 1963 5790 in

383 5805 548 5864 Morel.
568 5805 588 5862 ’ῑ
617 5810 704 5863 scd
730 5805 972 5862 bibentur
995 5811 1042 5861 in
1068 5805 1207 5860 Sai‘il.
1235 5816 1286 5860 et
1310 5808 1358 5857 in
1382 5805 1564 5869 aliquot
1586 5805 1932 5868 Manuscriptis.

2072 5716 2118 5752 γι
2141 5697 2360 5752 luutatis
2378 5709 2588 5756 somno,
2618 5708 2790 5748 secus.
2825 5692 3157 5759 Quapropter
3178 5686 3374 5741 Paulus
3405 5685 3644 5741 dicebat:

2083 5791 2315 5863 t'igtlate,
2330 5797 2454 5847 state
2472 5788 2520 5842 in
2538 5785 2637 5856 [ide
2654 5784 2732 5856 (ι.
2749 5783 2864 5838 Cor.
2878 5784 2896 5836 ι
2910 5781 2959 5836 6.
2974 5778 3077 5851 i3).
3094 5777 3200 5834 Nec
3219 5779 3428 5835 noxiam
3447 5782 3642 5842 solum,
