  <div class='ocr_page' id='page_1' title='image "/cluster/home/n/w/nwhite01/storage/ocr_20150623/58/hvd.32044054202999/018.png"; bbox 0 0 4052 6228; ppageno 0'>
   <div class='ocr_carea' id='block_1_1' title="bbox 405 352 506 411">
    <p class='ocr_par' dir='ltr' id='par_1_1' title="bbox 405 352 506 411">
     <span class='ocr_line' id='line_1_1' title="bbox 405 352 506 411; baseline -0.02 0"><span class='ocrx_word' id='word_1_1' title='bbox 405 352 506 411; x_wconf 67' lang='grc'><strong>477</strong></span> 
     </span>
    </p>
   </div>
   <div class='ocr_carea' id='block_1_2' title="bbox 404 449 1986 530">
    <p class='ocr_par' dir='ltr' id='par_1_2' title="bbox 404 449 1986 530">
     <span class='ocr_line' id='line_1_2' title="bbox 404 449 1986 530; baseline -0.011 -9"><span class='ocrx_word' id='word_1_2' title='bbox 404 463 499 523; x_wconf 87' lang='lat' dir='ltr'><strong>sed</strong></span> <span class='ocrx_word' id='word_1_3' title='bbox 525 469 584 519; x_wconf 90' lang='lat' dir='ltr'><strong>et</strong></span> <span class='ocrx_word' id='word_1_4' title='bbox 609 456 938 530; x_wconf 83' lang='lat' dir='ltr'><strong>superﬂuam</strong></span> <span class='ocrx_word' id='word_1_5' title='bbox 970 468 1085 511; x_wconf 89' lang='lat' dir='ltr'><strong>rem</strong></span> <span class='ocrx_word' id='word_1_6' title='bbox 1109 449 1360 507; x_wconf 73' lang='lat' dir='ltr'><strong>ostendit.</strong></span> <span class='ocrx_word' id='word_1_7' title='bbox 1386 449 1520 505; x_wconf 83' lang='lat' dir='ltr'><strong>Nam</strong></span> <span class='ocrx_word' id='word_1_8' title='bbox 1550 457 1831 519; x_wconf 74' lang='lat' dir='ltr'><strong>postquam</strong></span> <span class='ocrx_word' id='word_1_9' title='bbox 1859 462 1986 517; x_wconf 86' lang='lat' dir='ltr'><strong>ager</strong></span> 
     </span>
    </p>
   </div>
   <div class='ocr_carea' id='block_1_3' title="bbox 402 538 1987 616">
    <p class='ocr_par' dir='ltr' id='par_1_3' title="bbox 402 538 1987 616">
     <span class='ocr_line' id='line_1_3' title="bbox 402 538 1987 616; baseline -0.013 -3"><span class='ocrx_word' id='word_1_10' title='bbox 402 556 581 613; x_wconf 89' lang='lat' dir='ltr'><strong>cultus</strong></span> <span class='ocrx_word' id='word_1_11' title='bbox 606 552 725 616; x_wconf 91' lang='lat' dir='ltr'><strong>fuit,</strong></span> <span class='ocrx_word' id='word_1_12' title='bbox 741 564 863 604; x_wconf 86' lang='lat' dir='ltr'><strong>cum</strong></span> <span class='ocrx_word' id='word_1_13' title='bbox 889 547 1033 602; x_wconf 91' lang='lat' dir='ltr'><strong>nulla</strong></span> <span class='ocrx_word' id='word_1_14' title='bbox 1062 560 1123 600; x_wconf 89' lang='lat' dir='ltr'><strong>re</strong></span> <span class='ocrx_word' id='word_1_15' title='bbox 1138 558 1274 614; x_wconf 90' lang='lat' dir='ltr'><strong>opus</strong></span> <span class='ocrx_word' id='word_1_16' title='bbox 1301 552 1404 608; x_wconf 89' lang='lat' dir='ltr'><strong>est,</strong></span> <span class='ocrx_word' id='word_1_17' title='bbox 1422 552 1546 597; x_wconf 92' lang='lat' dir='ltr'><strong>tunc</strong></span> <span class='ocrx_word' id='word_1_18' title='bbox 1567 542 1823 605; x_wconf 81' lang='lat' dir='ltr'><strong>seminat;</strong></span> <span class='ocrx_word' id='word_1_19' title='bbox 1846 538 1987 609; x_wconf 91' lang='lat' dir='ltr'><strong>quod</strong></span> 
     </span>
    </p>
   </div>
   <div class='ocr_carea' id='block_1_4' title="bbox 400 634 1989 707">
    <p class='ocr_par' dir='ltr' id='par_1_4' title="bbox 400 634 1989 707">
     <span class='ocr_line' id='line_1_4' title="bbox 400 634 1989 707; baseline -0.011 -6"><span class='ocrx_word' id='word_1_20' title='bbox 400 658 461 701; x_wconf 88' lang='lat' dir='ltr'><strong>et</strong></span> <span class='ocrx_word' id='word_1_21' title='bbox 490 644 728 700; x_wconf 75' lang='lat' dir='ltr'><strong>Ita-.rettci</strong></span> <span class='ocrx_word' id='word_1_22' title='bbox 759 642 977 702; x_wconf 82' lang='lat' dir='ltr'><strong>faciunt,</strong></span> <span class='ocrx_word' id='word_1_23' title='bbox 1009 638 1099 707; x_wconf 86' lang='lat' dir='ltr'><strong>qui</strong></span> <span class='ocrx_word' id='word_1_24' title='bbox 1132 636 1342 689; x_wconf 80' lang='lat' dir='ltr'><strong>nonnisi</strong></span> <span class='ocrx_word' id='word_1_25' title='bbox 1378 646 1593 703; x_wconf 83' lang='lat' dir='ltr'><strong>propter</strong></span> <span class='ocrx_word' id='word_1_26' title='bbox 1636 650 1826 687; x_wconf 86' lang='lat' dir='ltr'><strong>vanam</strong></span> <span class='ocrx_word' id='word_1_27' title='bbox 1874 634 1989 703; x_wconf 87' lang='lat' dir='ltr'><strong>glo-</strong></span> 
     </span>
    </p>
   </div>
   <div class='ocr_carea' id='block_1_5' title="bbox 405 725 1985 795">
    <p class='ocr_par' dir='ltr' id='par_1_5' title="bbox 405 725 1985 795">
     <span class='ocr_line' id='line_1_5' title="bbox 405 725 1985 795; baseline -0.009 -5"><span class='ocrx_word' id='word_1_28' title='bbox 405 734 542 790; x_wconf 87' lang='lat' dir='ltr'><strong>riam</strong></span> <span class='ocrx_word' id='word_1_29' title='bbox 570 749 836 790; x_wconf 81' lang='lat' dir='ltr'><strong>venenum</strong></span> <span class='ocrx_word' id='word_1_30' title='bbox 867 746 1020 784; x_wconf 88' lang='lat' dir='ltr'><strong>suum</strong></span> <span class='ocrx_word' id='word_1_31' title='bbox 1052 727 1317 795; x_wconf 85' lang='lat' dir='ltr'><strong>injiciunt.</strong></span> <span class='ocrx_word' id='word_1_32' title='bbox 1366 726 1545 794; x_wconf 81' lang='lat' dir='ltr'><strong>Neque</strong></span> <span class='ocrx_word' id='word_1_33' title='bbox 1572 742 1634 779; x_wconf 89' lang='lat' dir='ltr'><strong>ex</strong></span> <span class='ocrx_word' id='word_1_34' title='bbox 1668 725 1750 777; x_wconf 90' lang='lat' dir='ltr'><strong>his</strong></span> <span class='ocrx_word' id='word_1_35' title='bbox 1787 735 1985 777; x_wconf 90' lang='lat' dir='ltr'><strong>tantum</strong></span> 
     </span>
    </p>
   </div>
   <div class='ocr_carea' id='block_1_6' title="bbox 404 816 1991 889">
    <p class='ocr_par' dir='ltr' id='par_1_6' title="bbox 404 816 1991 889">
     <span class='ocr_line' id='line_1_6' title="bbox 404 816 1991 889; baseline -0.007 -10"><span class='ocrx_word' id='word_1_36' title='bbox 404 824 612 889; x_wconf 80' lang='lat' dir='ltr'><strong>verbis,</strong></span> <span class='ocrx_word' id='word_1_37' title='bbox 640 824 735 880; x_wconf 87' lang='lat' dir='ltr'><strong>sed</strong></span> <span class='ocrx_word' id='word_1_38' title='bbox 765 822 925 878; x_wconf 88' lang='lat' dir='ltr'><strong>etiam</strong></span> <span class='ocrx_word' id='word_1_39' title='bbox 953 836 1019 875; x_wconf 84' lang='lat' dir='ltr'><strong>ex</strong></span> <span class='ocrx_word' id='word_1_40' title='bbox 1050 818 1415 887; x_wconf 87' lang='lat' dir='ltr'><strong>sequentibus,</strong></span> <span class='ocrx_word' id='word_1_41' title='bbox 1443 826 1604 869; x_wconf 86' lang='lat' dir='ltr'><strong>totam</strong></span> <span class='ocrx_word' id='word_1_42' title='bbox 1637 816 1846 869; x_wconf 81' lang='lat' dir='ltr'><strong>illorum</strong></span> <span class='ocrx_word' id='word_1_43' title='bbox 1875 830 1991 869; x_wconf 87' lang='lat' dir='ltr'><strong>sce-</strong></span> 
     </span>
    </p>
   </div>
   <div class='ocr_carea' id='block_1_7' title="bbox 405 905 1985 978">
    <p class='ocr_par' dir='ltr' id='par_1_7' title="bbox 405 905 1985 978">
     <span class='ocr_line' id='line_1_7' title="bbox 405 905 1985 978; baseline -0.009 -7"><span class='ocrx_word' id='word_1_44' title='bbox 405 932 532 970; x_wconf 88' lang='lat' dir='ltr'><strong>nam</strong></span> <span class='ocrx_word' id='word_1_45' title='bbox 558 922 809 969; x_wconf 81' lang='lat' dir='ltr'><strong>accurate</strong></span> <span class='ocrx_word' id='word_1_46' title='bbox 826 910 1110 967; x_wconf 85' lang='lat' dir='ltr'><strong>describit:</strong></span> <span class='ocrx_word' id='word_1_47' title='bbox 1139 908 1265 963; x_wconf 89' lang='lat' dir='ltr'><strong>Cum</strong></span> <span class='ocrx_word' id='word_1_48' title='bbox 1293 908 1579 978; x_wconf 83' lang='lat' dir='ltr'><strong>pullulavit,</strong></span> <span class='ocrx_word' id='word_1_49' title='bbox 1607 908 1792 975; x_wconf 87' lang='lat' dir='ltr'><strong>inquit,</strong></span> <span class='ocrx_word' id='word_1_50' title='bbox 1816 905 1985 971; x_wconf 77' lang='lat' dir='ltr'><strong>herba,</strong></span> 
     </span>
    </p>
   </div>
   <div class='ocr_carea' id='block_1_8' title="bbox 406 996 1991 1077">
    <p class='ocr_par' dir='ltr' id='par_1_8' title="bbox 406 996 1991 1077">
     <span class='ocr_line' id='line_1_8' title="bbox 406 996 1991 1077; baseline -0.006 -18"><span class='ocrx_word' id='word_1_51' title='bbox 406 1016 453 1059; x_wconf 81' lang='lat' dir='ltr'><strong>et</strong></span> <span class='ocrx_word' id='word_1_52' title='bbox 481 1008 708 1077; x_wconf 71' lang='lat' dir='ltr'><strong>fructum</strong></span> <span class='ocrx_word' id='word_1_53' title='bbox 735 1004 869 1063; x_wconf 86' lang='lat' dir='ltr'><strong>tulit.</strong></span> <span class='ocrx_word' id='word_1_54' title='bbox 892 1012 1010 1056; x_wconf 84' lang='lat' dir='ltr'><strong>tunc</strong></span> <span class='ocrx_word' id='word_1_55' title='bbox 1036 1008 1380 1071; x_wconf 82' lang='lat' dir='ltr'><strong>apparuerunt</strong></span> <span class='ocrx_word' id='word_1_56' title='bbox 1415 1009 1460 1051; x_wconf 88' lang='lat' dir='ltr'><strong>et</strong></span> <span class='ocrx_word' id='word_1_57' title='bbox 1488 998 1687 1050; x_wconf 71' lang='lat' dir='ltr'><strong>zizania</strong></span> <span class='ocrx_word' id='word_1_58' title='bbox 1717 1013 1736 1049; x_wconf 81' lang='lat'><strong>.&#39;</strong></span> <span class='ocrx_word' id='word_1_59' title='bbox 1773 996 1913 1065; x_wconf 91' lang='lat' dir='ltr'><strong>quod</strong></span> <span class='ocrx_word' id='word_1_60' title='bbox 1937 1005 1991 1050; x_wconf 83' lang='lat' dir='ltr'><strong>et</strong></span> 
     </span>
    </p>
   </div>
   <div class='ocr_carea' id='block_1_9' title="bbox 408 1088 1987 1164">
    <p class='ocr_par' dir='ltr' id='par_1_9' title="bbox 408 1088 1987 1164">
     <span class='ocr_line' id='line_1_9' title="bbox 408 1088 1987 1164; baseline -0.008 -14"><span class='ocrx_word' id='word_1_61' title='bbox 408 1095 511 1164; x_wconf 85' lang='lat' dir='ltr'><strong>ipsi</strong></span> <span class='ocrx_word' id='word_1_62' title='bbox 540 1093 762 1150; x_wconf 86' lang='lat' dir='ltr'><strong>faciunt.</strong></span> <span class='ocrx_word' id='word_1_63' title='bbox 785 1092 946 1148; x_wconf 89' lang='lat' dir='ltr'><strong>Initio</strong></span> <span class='ocrx_word' id='word_1_64' title='bbox 974 1104 1351 1162; x_wconf 81' lang='lat' dir='ltr'><strong>namque-sese</strong></span> <span class='ocrx_word' id='word_1_65' title='bbox 1375 1088 1643 1142; x_wconf 84' lang='lat' dir='ltr'><strong>occultant</strong></span> <span class='ocrx_word' id='word_1_66' title='bbox 1668 1106 1681 1139; x_wconf 87' lang='lat'><strong>:</strong></span> <span class='ocrx_word' id='word_1_67' title='bbox 1711 1096 1987 1157; x_wconf 85' lang='lat' dir='ltr'><strong>postquam</strong></span> 
     </span>
    </p>
   </div>
   <div class='ocr_carea' id='block_1_10' title="bbox 408 1179 1974 1252">
    <p class='ocr_par' dir='ltr' id='par_1_10' title="bbox 408 1179 1974 1252">
     <span class='ocr_line' id='line_1_10' title="bbox 408 1179 1974 1252; baseline -0.006 -12"><span class='ocrx_word' id='word_1_68' title='bbox 408 1200 540 1240; x_wconf 78' lang='lat' dir='ltr'><strong>vero</strong></span> <span class='ocrx_word' id='word_1_69' title='bbox 562 1186 823 1252; x_wconf 81' lang='lat' dir='ltr'><strong>majorem</strong></span> <span class='ocrx_word' id='word_1_70' title='bbox 850 1198 1109 1252; x_wconf 81' lang='lat' dir='ltr'><strong>accepere</strong></span> <span class='ocrx_word' id='word_1_71' title='bbox 1129 1180 1403 1243; x_wconf 90' lang='lat' dir='ltr'><strong>liduciam,</strong></span> <span class='ocrx_word' id='word_1_72' title='bbox 1434 1189 1488 1232; x_wconf 88' lang='lat' dir='ltr'><strong>et</strong></span> <span class='ocrx_word' id='word_1_73' title='bbox 1525 1179 1731 1248; x_wconf 88' lang='lat' dir='ltr'><strong>copiam</strong></span> <span class='ocrx_word' id='word_1_74' title='bbox 1765 1180 1974 1232; x_wconf 83' lang='lat' dir='ltr'><strong>dicendi</strong></span> 
     </span>
    </p>
   </div>
   <div class='ocr_carea' id='block_1_11' title="bbox 410 1269 1973 1333">
    <p class='ocr_par' dir='ltr' id='par_1_11' title="bbox 410 1269 1973 1333">
     <span class='ocr_line' id='line_1_11' title="bbox 410 1269 1973 1333; baseline -0.004 -6"><span class='ocrx_word' id='word_1_75' title='bbox 410 1276 556 1329; x_wconf 87' lang='lat' dir='ltr'><strong>nacti</strong></span> <span class='ocrx_word' id='word_1_76' title='bbox 607 1284 768 1333; x_wconf 86' lang='lat' dir='ltr'><strong>sunt.</strong></span> <span class='ocrx_word' id='word_1_77' title='bbox 828 1285 958 1327; x_wconf 86' lang='lat' dir='ltr'><strong>tunc</strong></span> <span class='ocrx_word' id='word_1_78' title='bbox 1019 1273 1171 1326; x_wconf 83' lang='lat' dir='ltr'><strong>virus</strong></span> <span class='ocrx_word' id='word_1_79' title='bbox 1238 1270 1545 1325; x_wconf 79' lang='lat' dir='ltr'><strong>eﬁ‘undunt.</strong></span> <span class='ocrx_word' id='word_1_80' title='bbox 1614 1269 1725 1322; x_wconf 83' lang='lat' dir='ltr'><strong>Cur</strong></span> <span class='ocrx_word' id='word_1_81' title='bbox 1788 1278 1973 1324; x_wconf 89' lang='lat' dir='ltr'><strong>autem</strong></span> 
     </span>
    </p>
   </div>
   <div class='ocr_carea' id='block_1_12' title="bbox 412 1356 1982 1427">
    <p class='ocr_par' dir='ltr' id='par_1_12' title="bbox 412 1356 1982 1427">
     <span class='ocr_line' id='line_1_12' title="bbox 412 1356 1982 1427; baseline -0.001 -12"><span class='ocrx_word' id='word_1_82' title='bbox 412 1378 595 1417; x_wconf 79' lang='lat' dir='ltr'><strong>servos</strong></span> <span class='ocrx_word' id='word_1_83' title='bbox 652 1363 881 1425; x_wconf 80' lang='lat' dir='ltr'><strong>inducit,</strong></span> <span class='ocrx_word' id='word_1_84' title='bbox 915 1379 1036 1427; x_wconf 76' lang='lat' dir='ltr'><strong>quae</strong></span> <span class='ocrx_word' id='word_1_85' title='bbox 1088 1362 1330 1415; x_wconf 90' lang='lat' dir='ltr'><strong>accidere</strong></span> <span class='ocrx_word' id='word_1_86' title='bbox 1378 1357 1695 1412; x_wconf 84' lang='lat' dir='ltr'><strong>narrantes?</strong></span> <span class='ocrx_word' id='word_1_87' title='bbox 1727 1356 1795 1412; x_wconf 90' lang='lat' dir='ltr'><strong>Ut</strong></span> <span class='ocrx_word' id='word_1_88' title='bbox 1854 1359 1982 1413; x_wconf 85' lang='lat' dir='ltr'><strong>hinc</strong></span> 
     </span>
    </p>
   </div>
   <div class='ocr_carea' id='block_1_13' title="bbox 404 1448 1981 1519">
    <p class='ocr_par' dir='ltr' id='par_1_13' title="bbox 404 1448 1981 1519">
     <span class='ocr_line' id='line_1_13' title="bbox 404 1448 1981 1519; baseline 0 -16"><span class='ocrx_word' id='word_1_89' title='bbox 404 1463 588 1504; x_wconf 86' lang='lat' dir='ltr'><strong>ansam</strong></span> <span class='ocrx_word' id='word_1_90' title='bbox 620 1450 846 1519; x_wconf 86' lang='lat' dir='ltr'><strong>arripiat</strong></span> <span class='ocrx_word' id='word_1_91' title='bbox 889 1448 1101 1505; x_wconf 86' lang='lat' dir='ltr'><strong>dicendi</strong></span> <span class='ocrx_word' id='word_1_92' title='bbox 1152 1465 1259 1504; x_wconf 89' lang='lat' dir='ltr'><strong>non</strong></span> <span class='ocrx_word' id='word_1_93' title='bbox 1301 1448 1623 1504; x_wconf 86' lang='lat' dir='ltr'><strong>occidendos</strong></span> <span class='ocrx_word' id='word_1_94' title='bbox 1675 1449 1795 1504; x_wconf 90' lang='lat' dir='ltr'><strong>illos</strong></span> <span class='ocrx_word' id='word_1_95' title='bbox 1844 1465 1981 1504; x_wconf 90' lang='lat' dir='ltr'><strong>esse.</strong></span> 
     </span>
    </p>
   </div>
   <div class='ocr_carea' id='block_1_14' title="bbox 402 1540 1987 1610">
    <p class='ocr_par' dir='ltr' id='par_1_14' title="bbox 402 1540 1987 1610">
     <span class='ocr_line' id='line_1_14' title="bbox 402 1540 1987 1610; baseline 0.001 -14"><span class='ocrx_word' id='word_1_96' title='bbox 402 1540 681 1596; x_wconf 91' lang='lat' dir='ltr'><strong>Inimicum</strong></span> <span class='ocrx_word' id='word_1_97' title='bbox 710 1541 983 1597; x_wconf 84' lang='lat' dir='ltr'><strong>hominem</strong></span> <span class='ocrx_word' id='word_1_98' title='bbox 1011 1552 1165 1597; x_wconf 85' lang='lat' dir='ltr'><strong>vocat</strong></span> <span class='ocrx_word' id='word_1_99' title='bbox 1186 1542 1356 1605; x_wconf 91' lang='lat' dir='ltr'><strong>illum,</strong></span> <span class='ocrx_word' id='word_1_100' title='bbox 1381 1541 1450 1594; x_wconf 92' lang='lat' dir='ltr'><strong>ob</strong></span> <span class='ocrx_word' id='word_1_101' title='bbox 1470 1542 1661 1596; x_wconf 88' lang='lat' dir='ltr'><strong>damna</strong></span> <span class='ocrx_word' id='word_1_102' title='bbox 1685 1558 1802 1610; x_wconf 74' lang='lat' dir='ltr'><strong>qua:</strong></span> <span class='ocrx_word' id='word_1_103' title='bbox 1830 1542 1987 1597; x_wconf 90' lang='lat' dir='ltr'><strong>infert</strong></span> 
     </span>
    </p>
   </div>
   <div class='ocr_carea' id='block_1_15' title="bbox 404 1630 1986 1700">
    <p class='ocr_par' dir='ltr' id='par_1_15' title="bbox 404 1630 1986 1700">
     <span class='ocr_line' id='line_1_15' title="bbox 404 1630 1986 1700; baseline 0.001 -13"><span class='ocrx_word' id='word_1_104' title='bbox 404 1630 713 1688; x_wconf 84' lang='lat' dir='ltr'><strong>hominibus</strong></span> <span class='ocrx_word' id='word_1_105' title='bbox 741 1649 756 1688; x_wconf 91' lang='lat'><strong>:</strong></span> <span class='ocrx_word' id='word_1_106' title='bbox 798 1632 1051 1700; x_wconf 77' lang='lat' dir='ltr'><strong>damnum</strong></span> <span class='ocrx_word' id='word_1_107' title='bbox 1081 1633 1224 1688; x_wconf 91' lang='lat' dir='ltr'><strong>enim</strong></span> <span class='ocrx_word' id='word_1_108' title='bbox 1252 1647 1351 1686; x_wconf 92' lang='lat' dir='ltr'><strong>nos</strong></span> <span class='ocrx_word' id='word_1_109' title='bbox 1380 1633 1617 1697; x_wconf 87' lang='lat' dir='ltr'><strong>impetit:</strong></span> <span class='ocrx_word' id='word_1_110' title='bbox 1652 1632 1829 1686; x_wconf 88' lang='lat' dir='ltr'><strong>damni</strong></span> <span class='ocrx_word' id='word_1_111' title='bbox 1858 1648 1986 1688; x_wconf 85' lang='lat' dir='ltr'><strong>vero</strong></span> 
     </span>
    </p>
   </div>
   <div class='ocr_carea' id='block_1_16' title="bbox 401 1724 1987 1788">
    <p class='ocr_par' dir='ltr' id='par_1_16' title="bbox 401 1724 1987 1788">
     <span class='ocr_line' id='line_1_16' title="bbox 401 1724 1987 1788; baseline 0.001 -10"><span class='ocrx_word' id='word_1_112' title='bbox 401 1724 609 1779; x_wconf 90' lang='lat' dir='ltr'><strong>initium</strong></span> <span class='ocrx_word' id='word_1_113' title='bbox 636 1740 743 1780; x_wconf 91' lang='lat' dir='ltr'><strong>non</strong></span> <span class='ocrx_word' id='word_1_114' title='bbox 766 1726 890 1779; x_wconf 92' lang='lat' dir='ltr'><strong>odio</strong></span> <span class='ocrx_word' id='word_1_115' title='bbox 913 1726 1103 1788; x_wconf 91' lang='lat' dir='ltr'><strong>nostri,</strong></span> <span class='ocrx_word' id='word_1_116' title='bbox 1126 1724 1220 1780; x_wconf 90' lang='lat' dir='ltr'><strong>sed</strong></span> <span class='ocrx_word' id='word_1_117' title='bbox 1239 1724 1361 1779; x_wconf 93' lang='lat' dir='ltr'><strong>odio</strong></span> <span class='ocrx_word' id='word_1_118' title='bbox 1382 1725 1470 1780; x_wconf 91' lang='lat' dir='ltr'><strong>Dei</strong></span> <span class='ocrx_word' id='word_1_119' title='bbox 1498 1726 1690 1779; x_wconf 88' lang='lat' dir='ltr'><strong>factum</strong></span> <span class='ocrx_word' id='word_1_120' title='bbox 1715 1734 1816 1779; x_wconf 89' lang='lat' dir='ltr'><strong>est.</strong></span> <span class='ocrx_word' id='word_1_121' title='bbox 1839 1724 1987 1781; x_wconf 87' lang='lat' dir='ltr'><strong>Unde</strong></span> 
     </span>
    </p>
   </div>
   <div class='ocr_carea' id='block_1_17' title="bbox 399 1817 1987 1887">
    <p class='ocr_par' dir='ltr' id='par_1_17' title="bbox 399 1817 1987 1887">
     <span class='ocr_line' id='line_1_17' title="bbox 399 1817 1987 1887; baseline -0.001 -15"><span class='ocrx_word' id='word_1_122' title='bbox 399 1817 573 1886; x_wconf 84' lang='lat' dir='ltr'><strong>palam</strong></span> <span class='ocrx_word' id='word_1_123' title='bbox 606 1826 709 1882; x_wconf 82' lang='lat' dir='ltr'><strong>est,</strong></span> <span class='ocrx_word' id='word_1_124' title='bbox 746 1818 908 1873; x_wconf 89' lang='lat' dir='ltr'><strong>Deum</strong></span> <span class='ocrx_word' id='word_1_125' title='bbox 941 1833 1037 1872; x_wconf 88' lang='lat' dir='ltr'><strong>nos</strong></span> <span class='ocrx_word' id='word_1_126' title='bbox 1063 1818 1228 1887; x_wconf 80' lang='lat' dir='ltr'><strong>magis</strong></span> <span class='ocrx_word' id='word_1_127' title='bbox 1257 1818 1500 1886; x_wconf 76' lang='lat' dir='ltr'><strong>diligere,</strong></span> <span class='ocrx_word' id='word_1_128' title='bbox 1524 1834 1682 1887; x_wconf 90' lang='lat' dir='ltr'><strong>quam</strong></span> <span class='ocrx_word' id='word_1_129' title='bbox 1711 1833 1805 1871; x_wconf 88' lang='lat' dir='ltr'><strong>nos</strong></span> <span class='ocrx_word' id='word_1_130' title='bbox 1834 1833 1863 1871; x_wconf 89' lang='lat' dir='ltr'><strong>a</strong></span> <span class='ocrx_word' id='word_1_131' title='bbox 1890 1832 1987 1871; x_wconf 89' lang='lat' dir='ltr'><strong>no-</strong></span> 
     </span>
    </p>
   </div>
   <div class='ocr_carea' id='block_1_18' title="bbox 398 1909 1983 1981">
    <p class='ocr_par' dir='ltr' id='par_1_18' title="bbox 398 1909 1983 1981">
     <span class='ocr_line' id='line_1_18' title="bbox 398 1909 1983 1981; baseline 0.001 -18"><span class='ocrx_word' id='word_1_132' title='bbox 398 1909 481 1963; x_wconf 88' lang='lat' dir='ltr'><strong>bis</strong></span> <span class='ocrx_word' id='word_1_133' title='bbox 512 1910 642 1981; x_wconf 90' lang='lat' dir='ltr'><strong>ipsis</strong></span> <span class='ocrx_word' id='word_1_134' title='bbox 692 1909 1000 1979; x_wconf 79' lang='lat' dir='ltr'><strong>diligamur.</strong></span> <span class='ocrx_word' id='word_1_135' title='bbox 1034 1910 1138 1965; x_wconf 87' lang='lat' dir='ltr'><strong>Sed</strong></span> <span class='ocrx_word' id='word_1_136' title='bbox 1189 1910 1403 1963; x_wconf 89' lang='lat' dir='ltr'><strong>aliunde</strong></span> <span class='ocrx_word' id='word_1_137' title='bbox 1450 1910 1633 1964; x_wconf 86' lang='lat' dir='ltr'><strong>videre</strong></span> <span class='ocrx_word' id='word_1_138' title='bbox 1661 1918 1744 1964; x_wconf 91' lang='lat' dir='ltr'><strong>est</strong></span> <span class='ocrx_word' id='word_1_139' title='bbox 1787 1910 1983 1965; x_wconf 90' lang='lat' dir='ltr'><strong>diaboli</strong></span> 
     </span>
    </p>
   </div>
   <div class='ocr_carea' id='block_1_19' title="bbox 398 2002 1982 2071">
    <p class='ocr_par' dir='ltr' id='par_1_19' title="bbox 398 2002 1982 2071">
     <span class='ocr_line' id='line_1_19' title="bbox 398 2002 1982 2071; baseline 0.001 -16"><span class='ocrx_word' id='word_1_140' title='bbox 398 2003 711 2057; x_wconf 79' lang='lat' dir='ltr'><strong>versutiam.</strong></span> <span class='ocrx_word' id='word_1_141' title='bbox 744 2002 858 2055; x_wconf 86' lang='lat' dir='ltr'><strong>Non</strong></span> <span class='ocrx_word' id='word_1_142' title='bbox 906 2003 1048 2057; x_wconf 87' lang='lat' dir='ltr'><strong>enim</strong></span> <span class='ocrx_word' id='word_1_143' title='bbox 1098 2004 1326 2057; x_wconf 89' lang='lat' dir='ltr'><strong>antehae</strong></span> <span class='ocrx_word' id='word_1_144' title='bbox 1371 2003 1671 2067; x_wconf 79' lang='lat' dir='ltr'><strong>seminavit,</strong></span> <span class='ocrx_word' id='word_1_145' title='bbox 1700 2003 1820 2071; x_wconf 89' lang='lat' dir='ltr'><strong>quia</strong></span> <span class='ocrx_word' id='word_1_146' title='bbox 1854 2003 1982 2056; x_wconf 86' lang='lat' dir='ltr'><strong>nihil</strong></span> 
     </span>
    </p>
   </div>
   <div class='ocr_carea' id='block_1_20' title="bbox 402 2092 1979 2162">
    <p class='ocr_par' dir='ltr' id='par_1_20' title="bbox 402 2092 1979 2162">
     <span class='ocr_line' id='line_1_20' title="bbox 402 2092 1979 2162; baseline 0.001 -17"><span class='ocrx_word' id='word_1_147' title='bbox 402 2092 544 2162; x_wconf 88' lang='lat' dir='ltr'><strong>quod</strong></span> <span class='ocrx_word' id='word_1_148' title='bbox 572 2092 812 2162; x_wconf 86' lang='lat' dir='ltr'><strong>perderet</strong></span> <span class='ocrx_word' id='word_1_149' title='bbox 841 2093 1061 2158; x_wconf 82' lang='lat' dir='ltr'><strong>habuit;</strong></span> <span class='ocrx_word' id='word_1_150' title='bbox 1094 2092 1187 2147; x_wconf 88' lang='lat' dir='ltr'><strong>sed</strong></span> <span class='ocrx_word' id='word_1_151' title='bbox 1236 2108 1356 2146; x_wconf 91' lang='lat' dir='ltr'><strong>cum</strong></span> <span class='ocrx_word' id='word_1_152' title='bbox 1382 2093 1557 2147; x_wconf 89' lang='lat' dir='ltr'><strong>omnia</strong></span> <span class='ocrx_word' id='word_1_153' title='bbox 1591 2095 1744 2161; x_wconf 90' lang='lat' dir='ltr'><strong>plena</strong></span> <span class='ocrx_word' id='word_1_154' title='bbox 1776 2102 1979 2157; x_wconf 82' lang='lat' dir='ltr'><strong>essent,</strong></span> 
     </span>
    </p>
   </div>
   <div class='ocr_carea' id='block_1_21' title="bbox 403 2184 1983 2255">
    <p class='ocr_par' dir='ltr' id='par_1_21' title="bbox 403 2184 1983 2255">
     <span class='ocr_line' id='line_1_21' title="bbox 403 2184 1983 2255; baseline 0.002 -18"><span class='ocrx_word' id='word_1_155' title='bbox 403 2193 460 2237; x_wconf 91' lang='lat' dir='ltr'><strong>ut</strong></span> <span class='ocrx_word' id='word_1_156' title='bbox 486 2193 650 2237; x_wconf 91' lang='lat' dir='ltr'><strong>totum</strong></span> <span class='ocrx_word' id='word_1_157' title='bbox 680 2185 929 2255; x_wconf 72' lang='lat' dir='ltr'><strong>agricolae</strong></span> <span class='ocrx_word' id='word_1_158' title='bbox 974 2184 1207 2239; x_wconf 86' lang='lat' dir='ltr'><strong>studium</strong></span> <span class='ocrx_word' id='word_1_159' title='bbox 1238 2184 1585 2239; x_wconf 78' lang='lat' dir='ltr'><strong>labefactaret</strong></span> <span class='ocrx_word' id='word_1_160' title='bbox 1612 2201 1626 2239; x_wconf 90' lang='lat'><strong>:</strong></span> <span class='ocrx_word' id='word_1_161' title='bbox 1663 2186 1741 2239; x_wconf 89' lang='lat' dir='ltr'><strong>sic</strong></span> <span class='ocrx_word' id='word_1_162' title='bbox 1770 2185 1983 2241; x_wconf 89' lang='lat' dir='ltr'><strong>inimico</strong></span> 
     </span>
    </p>
   </div>
   <div class='ocr_carea' id='block_1_22' title="bbox 398 2275 1982 2344">
    <p class='ocr_par' dir='ltr' id='par_1_22' title="bbox 398 2275 1982 2344">
     <span class='ocr_line' id='line_1_22' title="bbox 398 2275 1982 2344; baseline 0.001 -15"><span class='ocrx_word' id='word_1_163' title='bbox 398 2288 525 2344; x_wconf 85' lang='lat' dir='ltr'><strong>erga</strong></span> <span class='ocrx_word' id='word_1_164' title='bbox 556 2275 704 2329; x_wconf 92' lang='lat' dir='ltr'><strong>illum</strong></span> <span class='ocrx_word' id='word_1_165' title='bbox 737 2277 919 2330; x_wconf 89' lang='lat' dir='ltr'><strong>animo</strong></span> <span class='ocrx_word' id='word_1_166' title='bbox 947 2286 1137 2331; x_wconf 87' lang='lat' dir='ltr'><strong>cuncta</strong></span> <span class='ocrx_word' id='word_1_167' title='bbox 1166 2275 1411 2331; x_wconf 83' lang='lat' dir='ltr'><strong>faciebat.</strong></span> <span class='ocrx_word' id='word_1_168' title='bbox 1439 2275 1569 2330; x_wconf 79' lang='lat' dir='ltr'><strong>Vide</strong></span> <span class='ocrx_word' id='word_1_169' title='bbox 1596 2285 1772 2330; x_wconf 89' lang='lat' dir='ltr'><strong>autem</strong></span> <span class='ocrx_word' id='word_1_170' title='bbox 1802 2292 1982 2331; x_wconf 81' lang='lat' dir='ltr'><strong>servo-</strong></span> 
     </span>
    </p>
   </div>
   <div class='ocr_carea' id='block_1_23' title="bbox 392 2366 1979 2439">
    <p class='ocr_par' dir='ltr' id='par_1_23' title="bbox 392 2366 1979 2439">
     <span class='ocr_line' id='line_1_23' title="bbox 392 2366 1979 2439; baseline 0 -17"><span class='ocrx_word' id='word_1_171' title='bbox 392 2383 514 2422; x_wconf 86' lang='lat' dir='ltr'><strong>rum</strong></span> <span class='ocrx_word' id='word_1_172' title='bbox 545 2368 904 2438; x_wconf 78' lang='lat' dir='ltr'><strong>diligentiam.</strong></span> <span class='ocrx_word' id='word_1_173' title='bbox 951 2366 1083 2423; x_wconf 86' lang='lat' dir='ltr'><strong>Nam</strong></span> <span class='ocrx_word' id='word_1_174' title='bbox 1111 2368 1313 2422; x_wconf 85' lang='lat' dir='ltr'><strong>zizania</strong></span> <span class='ocrx_word' id='word_1_175' title='bbox 1342 2369 1448 2422; x_wconf 91' lang='lat' dir='ltr'><strong>cito</strong></span> <span class='ocrx_word' id='word_1_176' title='bbox 1476 2368 1709 2423; x_wconf 79' lang='lat' dir='ltr'><strong>evellere</strong></span> <span class='ocrx_word' id='word_1_177' title='bbox 1739 2369 1979 2439; x_wconf 91' lang='lat' dir='ltr'><strong>cupiunt,</strong></span> 
     </span>
    </p>
   </div>
   <div class='ocr_carea' id='block_1_24' title="bbox 394 2459 1981 2527">
    <p class='ocr_par' dir='ltr' id='par_1_24' title="bbox 394 2459 1981 2527">
     <span class='ocr_line' id='line_1_24' title="bbox 394 2459 1981 2527; baseline 0 -12"><span class='ocrx_word' id='word_1_178' title='bbox 394 2459 604 2515; x_wconf 87' lang='lat' dir='ltr'><strong>etiamsi</strong></span> <span class='ocrx_word' id='word_1_179' title='bbox 636 2460 688 2514; x_wconf 91' lang='lat' dir='ltr'><strong>id</strong></span> <span class='ocrx_word' id='word_1_180' title='bbox 737 2476 840 2515; x_wconf 92' lang='lat' dir='ltr'><strong>non</strong></span> <span class='ocrx_word' id='word_1_181' title='bbox 884 2460 1226 2516; x_wconf 86' lang='lat' dir='ltr'><strong>considerate</strong></span> <span class='ocrx_word' id='word_1_182' title='bbox 1269 2461 1466 2514; x_wconf 85' lang='lat' dir='ltr'><strong>faciant</strong></span> <span class='ocrx_word' id='word_1_183' title='bbox 1517 2479 1529 2515; x_wconf 94' lang='lat'>:</span> <span class='ocrx_word' id='word_1_184' title='bbox 1580 2460 1720 2527; x_wconf 90' lang='lat' dir='ltr'><strong>quod</strong></span> <span class='ocrx_word' id='word_1_185' title='bbox 1772 2461 1981 2515; x_wconf 84' lang='lat' dir='ltr'><strong>illorum</strong></span> 
     </span>
    </p>
   </div>
   <div class='ocr_carea' id='block_1_25' title="bbox 392 2550 1985 2621">
    <p class='ocr_par' dir='ltr' id='par_1_25' title="bbox 392 2550 1985 2621">
     <span class='ocr_line' id='line_1_25' title="bbox 392 2550 1985 2621; baseline 0.002 -17"><span class='ocrx_word' id='word_1_186' title='bbox 392 2550 534 2605; x_wconf 88' lang='lat' dir='ltr'><strong>circa</strong></span> <span class='ocrx_word' id='word_1_187' title='bbox 564 2552 768 2606; x_wconf 87' lang='lat' dir='ltr'><strong>semina</strong></span> <span class='ocrx_word' id='word_1_188' title='bbox 801 2552 1211 2607; x_wconf 88' lang='lat' dir='ltr'><strong>sollicitudinem</strong></span> <span class='ocrx_word' id='word_1_189' title='bbox 1243 2551 1499 2617; x_wconf 86' lang='lat' dir='ltr'><strong>declarat,</strong></span> <span class='ocrx_word' id='word_1_190' title='bbox 1532 2553 1809 2621; x_wconf 83' lang='lat' dir='ltr'><strong>arguitque</strong></span> <span class='ocrx_word' id='word_1_191' title='bbox 1838 2553 1985 2621; x_wconf 88' lang='lat' dir='ltr'><strong>ipsos</strong></span> 
     </span>
    </p>
   </div>
   <div class='ocr_carea' id='block_1_26' title="bbox 397 2640 1982 2712">
    <p class='ocr_par' dir='ltr' id='par_1_26' title="bbox 397 2640 1982 2712">
     <span class='ocr_line' id='line_1_26' title="bbox 397 2640 1982 2712; baseline 0.002 -18"><span class='ocrx_word' id='word_1_192' title='bbox 397 2640 465 2695; x_wconf 89' lang='lat' dir='ltr'><strong>ad</strong></span> <span class='ocrx_word' id='word_1_193' title='bbox 496 2658 657 2696; x_wconf 91' lang='lat' dir='ltr'><strong>unum</strong></span> <span class='ocrx_word' id='word_1_194' title='bbox 685 2652 889 2696; x_wconf 87' lang='lat' dir='ltr'><strong>tantum</strong></span> <span class='ocrx_word' id='word_1_195' title='bbox 919 2644 1205 2710; x_wconf 88' lang='lat' dir='ltr'><strong>respicere,</strong></span> <span class='ocrx_word' id='word_1_196' title='bbox 1228 2658 1332 2696; x_wconf 90' lang='lat' dir='ltr'><strong>non</strong></span> <span class='ocrx_word' id='word_1_197' title='bbox 1360 2658 1467 2710; x_wconf 92' lang='lat' dir='ltr'><strong>quo</strong></span> <span class='ocrx_word' id='word_1_198' title='bbox 1497 2652 1651 2711; x_wconf 80' lang='lat' dir='ltr'><strong>pacto</strong></span> <span class='ocrx_word' id='word_1_199' title='bbox 1675 2642 1765 2696; x_wconf 89' lang='lat' dir='ltr'><strong>ille</strong></span> <span class='ocrx_word' id='word_1_200' title='bbox 1795 2658 1982 2712; x_wconf 70' lang='lat' dir='ltr'><strong>pinnas</strong></span> 
     </span>
    </p>
   </div>
   <div class='ocr_carea' id='block_1_27' title="bbox 399 2731 1977 2803">
    <p class='ocr_par' dir='ltr' id='par_1_27' title="bbox 399 2731 1977 2803">
     <span class='ocr_line' id='line_1_27' title="bbox 399 2731 1977 2803; baseline 0.002 -19"><span class='ocrx_word' id='word_1_201' title='bbox 399 2731 493 2785; x_wconf 88' lang='lat' dir='ltr'><strong>det</strong></span> <span class='ocrx_word' id='word_1_202' title='bbox 522 2750 536 2785; x_wconf 90' lang='lat'><strong>:</strong></span> <span class='ocrx_word' id='word_1_203' title='bbox 569 2747 735 2800; x_wconf 91' lang='lat' dir='ltr'><strong>neque</strong></span> <span class='ocrx_word' id='word_1_204' title='bbox 762 2734 903 2787; x_wconf 92' lang='lat' dir='ltr'><strong>enim</strong></span> <span class='ocrx_word' id='word_1_205' title='bbox 952 2733 1078 2787; x_wconf 92' lang='lat' dir='ltr'><strong>illud</strong></span> <span class='ocrx_word' id='word_1_206' title='bbox 1111 2734 1180 2787; x_wconf 91' lang='lat' dir='ltr'><strong>ita</strong></span> <span class='ocrx_word' id='word_1_207' title='bbox 1231 2742 1419 2803; x_wconf 84' lang='lat' dir='ltr'><strong>urget;</strong></span> <span class='ocrx_word' id='word_1_208' title='bbox 1455 2732 1547 2787; x_wconf 88' lang='lat' dir='ltr'><strong>sed</strong></span> <span class='ocrx_word' id='word_1_209' title='bbox 1603 2748 1670 2787; x_wconf 90' lang='lat' dir='ltr'><strong>ne</strong></span> <span class='ocrx_word' id='word_1_210' title='bbox 1716 2732 1858 2800; x_wconf 85' lang='lat' dir='ltr'><strong>jacta</strong></span> <span class='ocrx_word' id='word_1_211' title='bbox 1892 2749 1977 2787; x_wconf 88' lang='lat' dir='ltr'><strong>se-</strong></span> 
     </span>
    </p>
   </div>
   <div class='ocr_carea' id='block_1_28' title="bbox 399 2822 1981 2894">
    <p class='ocr_par' dir='ltr' id='par_1_28' title="bbox 399 2822 1981 2894">
     <span class='ocr_line' id='line_1_28' title="bbox 399 2822 1981 2894; baseline 0.004 -21"><span class='ocrx_word' id='word_1_212' title='bbox 399 2822 541 2874; x_wconf 87' lang='lat' dir='ltr'><strong>mina</strong></span> <span class='ocrx_word' id='word_1_213' title='bbox 582 2833 823 2891; x_wconf 84' lang='lat' dir='ltr'><strong>pereant.</strong></span> <span class='ocrx_word' id='word_1_214' title='bbox 852 2823 975 2877; x_wconf 91' lang='lat' dir='ltr'><strong>Ideo</strong></span> <span class='ocrx_word' id='word_1_215' title='bbox 1006 2824 1057 2877; x_wconf 93' lang='lat' dir='ltr'><strong>id</strong></span> <span class='ocrx_word' id='word_1_216' title='bbox 1089 2824 1326 2894; x_wconf 88' lang='lat' dir='ltr'><strong>cogitant</strong></span> <span class='ocrx_word' id='word_1_217' title='bbox 1370 2834 1425 2877; x_wconf 92' lang='lat' dir='ltr'><strong>ut</strong></span> <span class='ocrx_word' id='word_1_218' title='bbox 1459 2824 1702 2877; x_wconf 84' lang='lat' dir='ltr'><strong>morbum</strong></span> <span class='ocrx_word' id='word_1_219' title='bbox 1734 2825 1981 2879; x_wconf 88' lang='lat' dir='ltr'><strong>celeriter</strong></span> 
     </span>
    </p>
   </div>
   <div class='ocr_carea' id='block_1_29' title="bbox 391 2912 1976 2983">
    <p class='ocr_par' dir='ltr' id='par_1_29' title="bbox 391 2912 1976 2983">
     <span class='ocr_line' id='line_1_29' title="bbox 391 2912 1976 2983; baseline 0.002 -17"><span class='ocrx_word' id='word_1_220' title='bbox 391 2912 648 2967; x_wconf 80' lang='lat' dir='ltr'><strong>avellant.</strong></span> <span class='ocrx_word' id='word_1_221' title='bbox 698 2914 828 2969; x_wconf 91' lang='lat' dir='ltr'><strong>Illud</strong></span> <span class='ocrx_word' id='word_1_222' title='bbox 877 2930 1005 2971; x_wconf 81' lang='lat' dir='ltr'><strong>vero</strong></span> <span class='ocrx_word' id='word_1_223' title='bbox 1054 2931 1163 2970; x_wconf 91' lang='lat' dir='ltr'><strong>non</strong></span> <span class='ocrx_word' id='word_1_224' title='bbox 1212 2916 1393 2970; x_wconf 89' lang='lat' dir='ltr'><strong>statim</strong></span> <span class='ocrx_word' id='word_1_225' title='bbox 1443 2915 1653 2970; x_wconf 87' lang='lat' dir='ltr'><strong>efﬁcere</strong></span> <span class='ocrx_word' id='word_1_226' title='bbox 1680 2924 1976 2983; x_wconf 67' lang='lat' dir='ltr'><strong>ecitantur;</strong></span> 
     </span>
    </p>
   </div>
   <div class='ocr_carea' id='block_1_30' title="bbox 389 3004 1977 3075">
    <p class='ocr_par' dir='ltr' id='par_1_30' title="bbox 389 3004 1977 3075">
     <span class='ocr_line' id='line_1_30' title="bbox 389 3004 1977 3075; baseline 0.003 -19"><span class='ocrx_word' id='word_1_227' title='bbox 389 3017 569 3071; x_wconf 90' lang='lat' dir='ltr'><strong>neque</strong></span> <span class='ocrx_word' id='word_1_228' title='bbox 596 3004 739 3059; x_wconf 88' lang='lat' dir='ltr'><strong>enim</strong></span> <span class='ocrx_word' id='word_1_229' title='bbox 767 3004 817 3059; x_wconf 94' lang='lat' dir='ltr'><strong>id</strong></span> <span class='ocrx_word' id='word_1_230' title='bbox 848 3006 948 3059; x_wconf 90' lang='lat' dir='ltr'><strong>sibi</strong></span> <span class='ocrx_word' id='word_1_231' title='bbox 976 3014 1260 3075; x_wconf 83' lang='lat' dir='ltr'><strong>arrogant;</strong></span> <span class='ocrx_word' id='word_1_232' title='bbox 1302 3006 1396 3061; x_wconf 87' lang='lat' dir='ltr'><strong>sed</strong></span> <span class='ocrx_word' id='word_1_233' title='bbox 1423 3006 1622 3060; x_wconf 90' lang='lat' dir='ltr'><strong>domini</strong></span> <span class='ocrx_word' id='word_1_234' title='bbox 1660 3008 1977 3060; x_wconf 89' lang='lat' dir='ltr'><strong>sententiam</strong></span> 
     </span>
    </p>
   </div>
   <div class='ocr_carea' id='block_1_31' title="bbox 388 3095 1981 3166">
    <p class='ocr_par' dir='ltr' id='par_1_31' title="bbox 388 3095 1981 3166">
     <span class='ocr_line' id='line_1_31' title="bbox 388 3095 1981 3166; baseline 0.006 -23"><span class='ocrx_word' id='word_1_235' title='bbox 388 3103 704 3161; x_wconf 76' lang='lat' dir='ltr'><strong>exspectant</strong></span> <span class='ocrx_word' id='word_1_236' title='bbox 738 3095 978 3152; x_wconf 78' lang='lat' dir='ltr'><strong>dicentes</strong></span> <span class='ocrx_word' id='word_1_237' title='bbox 1007 3115 1021 3151; x_wconf 90' lang='lat'><strong>:</strong></span> <span class='ocrx_word' id='word_1_238' title='bbox 1064 3096 1191 3151; x_wconf 80' lang='lat' dir='ltr'><strong>Vis?</strong></span> <span class='ocrx_word' id='word_1_239' title='bbox 1218 3097 1352 3163; x_wconf 89' lang='lat' dir='ltr'><strong>Quid</strong></span> <span class='ocrx_word' id='word_1_240' title='bbox 1393 3097 1552 3166; x_wconf 83' lang='lat' dir='ltr'><strong>igitur</strong></span> <span class='ocrx_word' id='word_1_241' title='bbox 1582 3098 1872 3152; x_wconf 88' lang='lat' dir='ltr'><strong>dominus?</strong></span> <span class='ocrx_word' id='word_1_242' title='bbox 1926 3098 1981 3153; x_wconf 97' lang='lat' dir='ltr'><strong>Id</strong></span> 
     </span>
    </p>
   </div>
   <div class='ocr_carea' id='block_1_32' title="bbox 390 3184 1979 3258">
    <p class='ocr_par' dir='ltr' id='par_1_32' title="bbox 390 3184 1979 3258">
     <span class='ocr_line' id='line_1_32' title="bbox 390 3184 1979 3258; baseline 0.006 -24"><span class='ocrx_word' id='word_1_243' title='bbox 390 3192 540 3237; x_wconf 77' lang='lat' dir='ltr'><strong>vetat</strong></span> <span class='ocrx_word' id='word_1_244' title='bbox 562 3184 775 3239; x_wconf 81' lang='lat' dir='ltr'><strong>dicens:</strong></span> <span class='ocrx_word' id='word_1_245' title='bbox 813 3185 897 3241; x_wconf 87' lang='lat' dir='ltr'><strong>Ne</strong></span> <span class='ocrx_word' id='word_1_246' title='bbox 923 3191 1054 3258; x_wconf 83' lang='lat' dir='ltr'><strong>forte</strong></span> <span class='ocrx_word' id='word_1_247' title='bbox 1078 3188 1340 3241; x_wconf 84' lang='lat' dir='ltr'><strong>eradicetis</strong></span> <span class='ocrx_word' id='word_1_248' title='bbox 1359 3188 1513 3241; x_wconf 90' lang='lat' dir='ltr'><strong>simul</strong></span> <span class='ocrx_word' id='word_1_249' title='bbox 1537 3197 1581 3241; x_wconf 88' lang='lat' dir='ltr'><strong>et</strong></span> <span class='ocrx_word' id='word_1_250' title='bbox 1607 3189 1846 3241; x_wconf 82' lang='lat' dir='ltr'><strong>triticum.</strong></span> <span class='ocrx_word' id='word_1_251' title='bbox 1868 3188 1979 3243; x_wconf 82' lang='lat' dir='ltr'><strong>Hoc</strong></span> 
     </span>
    </p>
   </div>
   <div class='ocr_carea' id='block_1_33' title="bbox 387 3276 1980 3350">
    <p class='ocr_par' dir='ltr' id='par_1_33' title="bbox 387 3276 1980 3350">
     <span class='ocr_line' id='line_1_33' title="bbox 387 3276 1980 3350; baseline 0.004 -21"><span class='ocrx_word' id='word_1_252' title='bbox 387 3288 557 3344; x_wconf 89' lang='lat' dir='ltr'><strong>porro</strong></span> <span class='ocrx_word' id='word_1_253' title='bbox 583 3276 817 3343; x_wconf 89' lang='lat' dir='ltr'><strong>dicebat,</strong></span> <span class='ocrx_word' id='word_1_254' title='bbox 847 3287 905 3331; x_wconf 91' lang='lat' dir='ltr'><strong>ut</strong></span> <span class='ocrx_word' id='word_1_255' title='bbox 931 3278 1067 3333; x_wconf 90' lang='lat' dir='ltr'><strong>bella</strong></span> <span class='ocrx_word' id='word_1_256' title='bbox 1115 3278 1397 3349; x_wconf 77' lang='lat' dir='ltr'><strong>czedesque</strong></span> <span class='ocrx_word' id='word_1_257' title='bbox 1438 3279 1769 3347; x_wconf 88' lang='lat' dir='ltr'><strong>prohiberet.</strong></span> <span class='ocrx_word' id='word_1_258' title='bbox 1795 3279 1980 3350; x_wconf 86' lang='lat' dir='ltr'><strong>Neque</strong></span> 
     </span>
    </p>
   </div>
   <div class='ocr_carea' id='block_1_34' title="bbox 387 3368 1976 3441">
    <p class='ocr_par' dir='ltr' id='par_1_34' title="bbox 387 3368 1976 3441">
     <span class='ocr_line' id='line_1_34' title="bbox 387 3368 1976 3441; baseline 0.004 -19"><span class='ocrx_word' id='word_1_259' title='bbox 387 3368 535 3422; x_wconf 86' lang='lat' dir='ltr'><strong>enim</strong></span> <span class='ocrx_word' id='word_1_260' title='bbox 562 3368 868 3425; x_wconf 65' lang='lat' dir='ltr'><strong>haereticum</strong></span> <span class='ocrx_word' id='word_1_261' title='bbox 896 3371 1144 3427; x_wconf 82' lang='lat' dir='ltr'><strong>occidere</strong></span> <span class='ocrx_word' id='word_1_262' title='bbox 1174 3381 1385 3441; x_wconf 90' lang='lat' dir='ltr'><strong>oportet</strong></span> <span class='ocrx_word' id='word_1_263' title='bbox 1418 3398 1431 3427; x_wconf 89' lang='lat'><strong>.-</strong></span> <span class='ocrx_word' id='word_1_264' title='bbox 1466 3388 1588 3426; x_wconf 90' lang='lat' dir='ltr'><strong>nam</strong></span> <span class='ocrx_word' id='word_1_265' title='bbox 1616 3373 1693 3428; x_wconf 87' lang='lat' dir='ltr'><strong>sic</strong></span> <span class='ocrx_word' id='word_1_266' title='bbox 1736 3373 1976 3429; x_wconf 86' lang='lat' dir='ltr'><strong>irrecon-</strong></span> 
     </span>
    </p>
   </div>
   <div class='ocr_carea' id='block_1_35' title="bbox 388 3459 1550 3520">
    <p class='ocr_par' dir='ltr' id='par_1_35' title="bbox 388 3459 1550 3520">
     <span class='ocr_line' id='line_1_35' title="bbox 388 3459 1550 3520; baseline 0.002 -5"><span class='ocrx_word' id='word_1_267' title='bbox 388 3459 623 3515; x_wconf 87' lang='lat' dir='ltr'><strong>ciliahile</strong></span> <span class='ocrx_word' id='word_1_268' title='bbox 652 3462 849 3519; x_wconf 89' lang='lat' dir='ltr'><strong>bellum</strong></span> <span class='ocrx_word' id='word_1_269' title='bbox 888 3464 941 3518; x_wconf 90' lang='lat' dir='ltr'><strong>in</strong></span> <span class='ocrx_word' id='word_1_270' title='bbox 971 3463 1154 3519; x_wconf 90' lang='lat' dir='ltr'><strong>orbem</strong></span> <span class='ocrx_word' id='word_1_271' title='bbox 1192 3464 1550 3520; x_wconf 90' lang='lat' dir='ltr'><strong>induceretur.</strong></span> 
     </span>
    </p>
   </div>
   <div class='ocr_carea' id='block_1_36' title="bbox 466 3552 1977 3627">
    <p class='ocr_par' dir='ltr' id='par_1_36' title="bbox 466 3552 1977 3627">
     <span class='ocr_line' id='line_1_36' title="bbox 466 3552 1977 3627; baseline 0.005 -21"><span class='ocrx_word' id='word_1_272' title='bbox 466 3552 521 3607; x_wconf 75' lang='grc'><strong>2.</strong></span> <span class='ocrx_word' id='word_1_273' title='bbox 553 3553 694 3625; x_wconf 84' lang='lat' dir='ltr'><strong>Erga</strong></span> <span class='ocrx_word' id='word_1_274' title='bbox 733 3557 990 3611; x_wconf 72' lang='lat' dir='ltr'><strong>hereticos</strong></span> <span class='ocrx_word' id='word_1_275' title='bbox 1033 3556 1283 3627; x_wconf 82' lang='lat' dir='ltr'><strong>quomodo</strong></span> <span class='ocrx_word' id='word_1_276' title='bbox 1324 3558 1595 3627; x_wconf 84' lang='lat' dir='ltr'><strong>agendum.</strong></span> <span class='ocrx_word' id='word_1_277' title='bbox 1642 3556 1977 3613; x_wconf 78' lang='lat' dir='ltr'><strong>Mansuetudo</strong></span> 
     </span>
    </p>
   </div>
   <div class='ocr_carea' id='block_1_37' title="bbox 388 3641 1977 3717">
    <p class='ocr_par' dir='ltr' id='par_1_37' title="bbox 388 3641 1977 3717">
     <span class='ocr_line' id='line_1_37' title="bbox 388 3641 1977 3717; baseline 0.001 -18"><span class='ocrx_word' id='word_1_278' title='bbox 388 3641 598 3699; x_wconf 78' lang='lat' dir='ltr'><strong>Christi.</strong></span> <span class='ocrx_word' id='word_1_279' title='bbox 631 3644 857 3701; x_wconf 75' lang='lat' dir='ltr'><strong>Granum</strong></span> <span class='ocrx_word' id='word_1_280' title='bbox 882 3649 1077 3717; x_wconf 83' lang='lat' dir='ltr'><strong>sinapis</strong></span> <span class='ocrx_word' id='word_1_281' title='bbox 1102 3648 1350 3717; x_wconf 79' lang='lat' dir='ltr'><strong>quomodo</strong></span> <span class='ocrx_word' id='word_1_282' title='bbox 1381 3649 1749 3715; x_wconf 63' lang='lat' dir='ltr'><strong>praedicationis</strong></span> <span class='ocrx_word' id='word_1_283' title='bbox 1771 3660 1977 3716; x_wconf 82' lang='lat' dir='ltr'><strong>aposto-</strong></span> 
     </span>
    </p>
   </div>
   <div class='ocr_carea' id='block_1_38' title="bbox 390 3734 1970 3807">
    <p class='ocr_par' dir='ltr' id='par_1_38' title="bbox 390 3734 1970 3807">
     <span class='ocr_line' id='line_1_38' title="bbox 390 3734 1970 3807; baseline 0.004 -20"><span class='ocrx_word' id='word_1_284' title='bbox 390 3734 556 3787; x_wconf 82' lang='lat' dir='ltr'><strong>lorum</strong></span> <span class='ocrx_word' id='word_1_285' title='bbox 581 3737 645 3789; x_wconf 87' lang='lat' dir='ltr'><strong>sit</strong></span> <span class='ocrx_word' id='word_1_286' title='bbox 670 3738 855 3807; x_wconf 80' lang='lat' dir='ltr'><strong>figura.</strong></span> <span class='ocrx_word' id='word_1_287' title='bbox 894 3738 1165 3792; x_wconf 73' lang='lat' dir='ltr'><strong>Ai&#39;rummz</strong></span> <span class='ocrx_word' id='word_1_288' title='bbox 1189 3738 1574 3806; x_wconf 63' lang='lat' dir='ltr'><strong>praedicantibus</strong></span> <span class='ocrx_word' id='word_1_289' title='bbox 1599 3755 1698 3791; x_wconf 88' lang='lat' dir='ltr'><strong>non</strong></span> <span class='ocrx_word' id='word_1_290' title='bbox 1718 3739 1970 3794; x_wconf 65' lang='lat' dir='ltr'><strong>timendas.</strong></span> 
     </span>
    </p>
   </div>
   <div class='ocr_carea' id='block_1_39' title="bbox 387 3825 1973 3884">
    <p class='ocr_par' dir='ltr' id='par_1_39' title="bbox 387 3825 1973 3884">
     <span class='ocr_line' id='line_1_39' title="bbox 387 3825 1973 3884; baseline 0.003 -4"><span class='ocrx_word' id='word_1_291' title='bbox 387 3853 459 3866; x_wconf 88' lang='lat'><strong>--</strong></span> <span class='ocrx_word' id='word_1_292' title='bbox 476 3825 568 3880; x_wconf 88' lang='lat' dir='ltr'><strong>IIis</strong></span> <span class='ocrx_word' id='word_1_293' title='bbox 591 3837 768 3882; x_wconf 88' lang='lat' dir='ltr'><strong>autem</strong></span> <span class='ocrx_word' id='word_1_294' title='bbox 790 3828 994 3883; x_wconf 89' lang='lat' dir='ltr'><strong>duobus</strong></span> <span class='ocrx_word' id='word_1_295' title='bbox 1015 3830 1300 3884; x_wconf 83' lang='lat' dir='ltr'><strong>ratiociniis</strong></span> <span class='ocrx_word' id='word_1_296' title='bbox 1330 3839 1570 3883; x_wconf 84' lang='lat' dir='ltr'><strong>movetur</strong></span> <span class='ocrx_word' id='word_1_297' title='bbox 1594 3829 1659 3881; x_wconf 87' lang='lat' dir='ltr'><strong>ad</strong></span> <span class='ocrx_word' id='word_1_298' title='bbox 1681 3829 1796 3883; x_wconf 88' lang='lat' dir='ltr'><strong>illns</strong></span> <span class='ocrx_word' id='word_1_299' title='bbox 1822 3829 1973 3884; x_wconf 81' lang='lat' dir='ltr'><strong>culti-</strong></span> 
     </span>
    </p>
   </div>
   <div class='ocr_carea' id='block_1_40' title="bbox 387 3915 1974 3988">
    <p class='ocr_par' dir='ltr' id='par_1_40' title="bbox 387 3915 1974 3988">
     <span class='ocr_line' id='line_1_40' title="bbox 387 3915 1974 3988; baseline 0.003 -20"><span class='ocrx_word' id='word_1_300' title='bbox 387 3915 851 3985; x_wconf 83' lang='lat' dir='ltr'><strong>bettdns:primo,</strong></span> <span class='ocrx_word' id='word_1_301' title='bbox 892 3919 1031 3988; x_wconf 89' lang='lat' dir='ltr'><strong>quod</strong></span> <span class='ocrx_word' id='word_1_302' title='bbox 1073 3918 1391 3973; x_wconf 87' lang='lat' dir='ltr'><strong>frumentum</strong></span> <span class='ocrx_word' id='word_1_303' title='bbox 1424 3935 1526 3972; x_wconf 88' lang='lat' dir='ltr'><strong>non</strong></span> <span class='ocrx_word' id='word_1_304' title='bbox 1559 3918 1841 3981; x_wconf 70' lang='lat' dir='ltr'><strong>Ia&#39;derent;</strong></span> <span class='ocrx_word' id='word_1_305' title='bbox 1885 3934 1974 3973; x_wconf 84' lang='lat' dir='ltr'><strong>se-</strong></span> 
     </span>
    </p>
   </div>
   <div class='ocr_carea' id='block_1_41' title="bbox 387 4006 1973 4079">
    <p class='ocr_par' dir='ltr' id='par_1_41' title="bbox 387 4006 1973 4079">
     <span class='ocr_line' id='line_1_41' title="bbox 387 4006 1973 4079; baseline 0.003 -20"><span class='ocrx_word' id='word_1_306' title='bbox 387 4006 583 4070; x_wconf 86' lang='lat' dir='ltr'><strong>cundo,</strong></span> <span class='ocrx_word' id='word_1_307' title='bbox 622 4007 765 4075; x_wconf 85' lang='lat' dir='ltr'><strong>quod</strong></span> <span class='ocrx_word' id='word_1_308' title='bbox 793 4007 864 4062; x_wconf 88' lang='lat' dir='ltr'><strong>illi</strong></span> <span class='ocrx_word' id='word_1_309' title='bbox 905 4009 1178 4063; x_wconf 88' lang='lat' dir='ltr'><strong>incurabili</strong></span> <span class='ocrx_word' id='word_1_310' title='bbox 1219 4009 1404 4063; x_wconf 87' lang='lat' dir='ltr'><strong>morbo</strong></span> <span class='ocrx_word' id='word_1_311' title='bbox 1445 4009 1743 4064; x_wconf 88' lang='lat' dir='ltr'><strong>laborantes</strong></span> <span class='ocrx_word' id='word_1_312' title='bbox 1770 4009 1973 4079; x_wconf 87' lang='lat' dir='ltr'><strong>suppli-</strong></span> 
     </span>
    </p>
   </div>
   <div class='ocr_carea' id='block_1_42' title="bbox 387 4096 1973 4170">
    <p class='ocr_par' dir='ltr' id='par_1_42' title="bbox 387 4096 1973 4170">
     <span class='ocr_line' id='line_1_42' title="bbox 387 4096 1973 4170; baseline 0.003 -20"><span class='ocrx_word' id='word_1_313' title='bbox 387 4096 530 4150; x_wconf 88' lang='lat' dir='ltr'><strong>cium</strong></span> <span class='ocrx_word' id='word_1_314' title='bbox 562 4097 734 4152; x_wconf 91' lang='lat' dir='ltr'><strong>luituri</strong></span> <span class='ocrx_word' id='word_1_315' title='bbox 759 4108 957 4154; x_wconf 87' lang='lat' dir='ltr'><strong>essent.</strong></span> <span class='ocrx_word' id='word_1_316' title='bbox 981 4099 1313 4168; x_wconf 84' lang='lat' dir='ltr'><strong>Quapropter</strong></span> <span class='ocrx_word' id='word_1_317' title='bbox 1338 4099 1382 4153; x_wconf 87' lang='lat' dir='ltr'><strong>si</strong></span> <span class='ocrx_word' id='word_1_318' title='bbox 1411 4101 1487 4153; x_wconf 85' lang='lat' dir='ltr'><strong>vis</strong></span> <span class='ocrx_word' id='word_1_319' title='bbox 1514 4099 1632 4153; x_wconf 91' lang='lat' dir='ltr'><strong>illos</strong></span> <span class='ocrx_word' id='word_1_320' title='bbox 1654 4101 1825 4170; x_wconf 88' lang='lat' dir='ltr'><strong>puniri</strong></span> <span class='ocrx_word' id='word_1_321' title='bbox 1858 4100 1973 4154; x_wconf 89' lang='lat' dir='ltr'><strong>sine</strong></span> 
     </span>
    </p>
   </div>
   <div class='ocr_carea' id='block_1_43' title="bbox 388 4185 1971 4257">
    <p class='ocr_par' dir='ltr' id='par_1_43' title="bbox 388 4185 1971 4257">
     <span class='ocr_line' id='line_1_43' title="bbox 388 4185 1971 4257; baseline 0.002 -17"><span class='ocrx_word' id='word_1_322' title='bbox 388 4185 639 4241; x_wconf 81' lang='lat' dir='ltr'><strong>frumenti</strong></span> <span class='ocrx_word' id='word_1_323' title='bbox 686 4202 839 4252; x_wconf 85' lang='lat' dir='ltr'><strong>noxa,</strong></span> <span class='ocrx_word' id='word_1_324' title='bbox 885 4200 1130 4257; x_wconf 71' lang='lat' dir='ltr'><strong>CXSIlCCla</strong></span> <span class='ocrx_word' id='word_1_325' title='bbox 1174 4201 1379 4257; x_wconf 80' lang='lat' dir='ltr'><strong>tempus</strong></span> <span class='ocrx_word' id='word_1_326' title='bbox 1417 4202 1792 4257; x_wconf 84' lang='lat' dir='ltr'><strong>opportunum.</strong></span> <span class='ocrx_word' id='word_1_327' title='bbox 1837 4189 1971 4257; x_wconf 86' lang='lat' dir='ltr'><strong>Quid</strong></span> 
     </span>
    </p>
   </div>
   <div class='ocr_carea' id='block_1_44' title="bbox 386 4278 1972 4343">
    <p class='ocr_par' dir='ltr' id='par_1_44' title="bbox 386 4278 1972 4343">
     <span class='ocr_line' id='line_1_44' title="bbox 386 4278 1972 4343; baseline 0.003 -12"><span class='ocrx_word' id='word_1_328' title='bbox 386 4285 567 4331; x_wconf 85' lang='lat' dir='ltr'><strong>autem</strong></span> <span class='ocrx_word' id='word_1_329' title='bbox 593 4278 733 4332; x_wconf 90' lang='lat' dir='ltr'><strong>aliud</strong></span> <span class='ocrx_word' id='word_1_330' title='bbox 761 4279 860 4333; x_wconf 89' lang='lat' dir='ltr'><strong>sibi</strong></span> <span class='ocrx_word' id='word_1_331' title='bbox 888 4282 996 4333; x_wconf 84' lang='lat' dir='ltr'><strong>vult</strong></span> <span class='ocrx_word' id='word_1_332' title='bbox 1024 4296 1145 4335; x_wconf 91' lang='lat' dir='ltr'><strong>cum</strong></span> <span class='ocrx_word' id='word_1_333' title='bbox 1176 4280 1324 4343; x_wconf 90' lang='lat' dir='ltr'><strong>dicit,</strong></span> <span class='ocrx_word' id='word_1_334' title='bbox 1361 4280 1440 4334; x_wconf 86' lang='lat' dir='ltr'><strong>Ne</strong></span> <span class='ocrx_word' id='word_1_335' title='bbox 1463 4281 1722 4335; x_wconf 84' lang='lat' dir='ltr'><strong>eradicetis</strong></span> <span class='ocrx_word' id='word_1_336' title='bbox 1751 4282 1902 4335; x_wconf 90' lang='lat' dir='ltr'><strong>simul</strong></span> <span class='ocrx_word' id='word_1_337' title='bbox 1926 4290 1972 4335; x_wconf 82' lang='lat' dir='ltr'><strong>et</strong></span> 
     </span>
    </p>
   </div>
   <div class='ocr_carea' id='block_1_45' title="bbox 388 4376 1969 4445">
    <p class='ocr_par' dir='ltr' id='par_1_45' title="bbox 388 4376 1969 4445">
     <span class='ocr_line' id='line_1_45' title="bbox 388 4376 1969 4445; baseline 0.001 -18"><span class='ocrx_word' id='word_1_338' title='bbox 388 4376 630 4439; x_wconf 77' lang='lat' dir='ltr'><strong>triticum,</strong></span> <span class='ocrx_word' id='word_1_339' title='bbox 655 4391 813 4445; x_wconf 88' lang='lat' dir='ltr'><strong>quam</strong></span> <span class='ocrx_word' id='word_1_340' title='bbox 842 4377 940 4431; x_wconf 92' lang='lat' dir='ltr'><strong>hoc</strong></span> <span class='ocrx_word' id='word_1_341' title='bbox 965 4377 1103 4445; x_wconf 91' lang='lat' dir='ltr'><strong>quod</strong></span> <span class='ocrx_word' id='word_1_342' title='bbox 1134 4376 1359 4431; x_wconf 87' lang='lat' dir='ltr'><strong>dicimus</strong></span> <span class='ocrx_word' id='word_1_343' title='bbox 1383 4394 1395 4429; x_wconf 94' lang='lat'>:</span> <span class='ocrx_word' id='word_1_344' title='bbox 1425 4376 1480 4431; x_wconf 91' lang='lat' dir='ltr'><strong>Si</strong></span> <span class='ocrx_word' id='word_1_345' title='bbox 1508 4392 1653 4430; x_wconf 87' lang='lat' dir='ltr'><strong>arma</strong></span> <span class='ocrx_word' id='word_1_346' title='bbox 1683 4376 1969 4441; x_wconf 87' lang='lat' dir='ltr'><strong>moveatis,</strong></span> 
     </span>
    </p>
   </div>
   <div class='ocr_carea' id='block_1_46' title="bbox 389 4466 1970 4531">
    <p class='ocr_par' dir='ltr' id='par_1_46' title="bbox 389 4466 1970 4531">
     <span class='ocr_line' id='line_1_46' title="bbox 389 4466 1970 4531; baseline 0.005 -14"><span class='ocrx_word' id='word_1_347' title='bbox 389 4474 449 4518; x_wconf 91' lang='lat' dir='ltr'><strong>ut</strong></span> <span class='ocrx_word' id='word_1_348' title='bbox 479 4466 756 4521; x_wconf 68' lang='lat' dir='ltr'><strong>haereticos</strong></span> <span class='ocrx_word' id='word_1_349' title='bbox 781 4468 1054 4531; x_wconf 89' lang='lat' dir='ltr'><strong>occidatis,</strong></span> <span class='ocrx_word' id='word_1_350' title='bbox 1098 4468 1293 4521; x_wconf 88' lang='lat' dir='ltr'><strong>multos</strong></span> <span class='ocrx_word' id='word_1_351' title='bbox 1331 4468 1489 4522; x_wconf 86' lang='lat' dir='ltr'><strong>etiam</strong></span> <span class='ocrx_word' id='word_1_352' title='bbox 1519 4477 1823 4522; x_wconf 90' lang='lat' dir='ltr'><strong>sanctorum</strong></span> <span class='ocrx_word' id='word_1_353' title='bbox 1866 4485 1970 4525; x_wconf 87' lang='lat' dir='ltr'><strong>una</strong></span> 
     </span>
    </p>
   </div>
   <div class='ocr_carea' id='block_1_47' title="bbox 386 4556 1966 4624">
    <p class='ocr_par' dir='ltr' id='par_1_47' title="bbox 386 4556 1966 4624">
     <span class='ocr_line' id='line_1_47' title="bbox 386 4556 1966 4624; baseline 0.003 -15"><span class='ocrx_word' id='word_1_354' title='bbox 386 4556 555 4610; x_wconf 88' lang='lat' dir='ltr'><strong>occidi</strong></span> <span class='ocrx_word' id='word_1_355' title='bbox 598 4573 814 4613; x_wconf 87' lang='lat' dir='ltr'><strong>necesse</strong></span> <span class='ocrx_word' id='word_1_356' title='bbox 842 4566 959 4623; x_wconf 89' lang='lat' dir='ltr'><strong>est;</strong></span> <span class='ocrx_word' id='word_1_357' title='bbox 991 4560 1072 4613; x_wconf 81' lang='lat' dir='ltr'><strong>vel</strong></span> <span class='ocrx_word' id='word_1_358' title='bbox 1097 4559 1257 4612; x_wconf 90' lang='lat' dir='ltr'><strong>etiam</strong></span> <span class='ocrx_word' id='word_1_359' title='bbox 1282 4559 1431 4612; x_wconf 89' lang='lat' dir='ltr'><strong>multi</strong></span> <span class='ocrx_word' id='word_1_360' title='bbox 1475 4574 1542 4613; x_wconf 91' lang='lat' dir='ltr'><strong>ex</strong></span> <span class='ocrx_word' id='word_1_361' title='bbox 1571 4560 1683 4613; x_wconf 90' lang='lat' dir='ltr'><strong>istis</strong></span> <span class='ocrx_word' id='word_1_362' title='bbox 1720 4561 1966 4624; x_wconf 83' lang='lat' dir='ltr'><strong>zizaniis,</strong></span> 
     </span>
    </p>
   </div>
   <div class='ocr_carea' id='block_1_48' title="bbox 388 4647 1971 4722">
    <p class='ocr_par' dir='ltr' id='par_1_48' title="bbox 388 4647 1971 4722">
     <span class='ocr_line' id='line_1_48' title="bbox 388 4647 1971 4722; baseline 0.004 -23"><span class='ocrx_word' id='word_1_363' title='bbox 388 4655 447 4699; x_wconf 92' lang='lat' dir='ltr'><strong>ut</strong></span> <span class='ocrx_word' id='word_1_364' title='bbox 470 4647 755 4703; x_wconf 78' lang='lat' dir='ltr'><strong>verisimile</strong></span> <span class='ocrx_word' id='word_1_365' title='bbox 775 4658 875 4710; x_wconf 87' lang='lat' dir='ltr'><strong>est.</strong></span> <span class='ocrx_word' id='word_1_366' title='bbox 899 4659 1276 4703; x_wconf 80' lang='lat' dir='ltr'><strong>convertentur</strong></span> <span class='ocrx_word' id='word_1_367' title='bbox 1302 4649 1353 4703; x_wconf 92' lang='lat' dir='ltr'><strong>in</strong></span> <span class='ocrx_word' id='word_1_368' title='bbox 1383 4650 1736 4704; x_wconf 89' lang='lat' dir='ltr'><strong>frumentum?</strong></span> <span class='ocrx_word' id='word_1_369' title='bbox 1756 4651 1812 4706; x_wconf 87' lang='lat' dir='ltr'><strong>Si</strong></span> <span class='ocrx_word' id='word_1_370' title='bbox 1843 4668 1971 4722; x_wconf 89' lang='lat' dir='ltr'><strong>ergo</strong></span> 
     </span>
    </p>
   </div>
   <div class='ocr_carea' id='block_1_49' title="bbox 386 4737 1971 4806">
    <p class='ocr_par' dir='ltr' id='par_1_49' title="bbox 386 4737 1971 4806">
     <span class='ocr_line' id='line_1_49' title="bbox 386 4737 1971 4806; baseline 0.004 -16"><span class='ocrx_word' id='word_1_371' title='bbox 386 4737 534 4806; x_wconf 87' lang='lat' dir='ltr'><strong>prius</strong></span> <span class='ocrx_word' id='word_1_372' title='bbox 563 4738 681 4792; x_wconf 88' lang='lat' dir='ltr'><strong>illos</strong></span> <span class='ocrx_word' id='word_1_373' title='bbox 706 4739 1008 4803; x_wconf 85' lang='lat' dir='ltr'><strong>eradicetis,</strong></span> <span class='ocrx_word' id='word_1_374' title='bbox 1036 4739 1303 4794; x_wconf 88' lang='lat' dir='ltr'><strong>frumento</strong></span> <span class='ocrx_word' id='word_1_375' title='bbox 1322 4742 1480 4794; x_wconf 89' lang='lat' dir='ltr'><strong>etiam</strong></span> <span class='ocrx_word' id='word_1_376' title='bbox 1513 4753 1737 4795; x_wconf 85' lang='lat' dir='ltr'><strong>venturo</strong></span> <span class='ocrx_word' id='word_1_377' title='bbox 1760 4744 1971 4797; x_wconf 85' lang='lat' dir='ltr'><strong>nocebi-</strong></span> 
     </span>
    </p>
   </div>
   <div class='ocr_carea' id='block_1_50' title="bbox 390 4827 1970 4901">
    <p class='ocr_par' dir='ltr' id='par_1_50' title="bbox 390 4827 1970 4901">
     <span class='ocr_line' id='line_1_50' title="bbox 390 4827 1970 4901; baseline 0.005 -22"><span class='ocrx_word' id='word_1_378' title='bbox 390 4827 476 4891; x_wconf 89' lang='lat' dir='ltr'><strong>tis,</strong></span> <span class='ocrx_word' id='word_1_379' title='bbox 505 4829 547 4881; x_wconf 88' lang='lat' dir='ltr'><strong>si</strong></span> <span class='ocrx_word' id='word_1_380' title='bbox 580 4828 699 4883; x_wconf 82' lang='lat' dir='ltr'><strong>illus</strong></span> <span class='ocrx_word' id='word_1_381' title='bbox 728 4830 814 4899; x_wconf 87' lang='lat' dir='ltr'><strong>qui</strong></span> <span class='ocrx_word' id='word_1_382' title='bbox 844 4831 1034 4884; x_wconf 84' lang='lat' dir='ltr'><strong>mutari</strong></span> <span class='ocrx_word' id='word_1_383' title='bbox 1062 4840 1114 4883; x_wconf 89' lang='lat' dir='ltr'><strong>et</strong></span> <span class='ocrx_word' id='word_1_384' title='bbox 1141 4831 1264 4885; x_wconf 85' lang='lat' dir='ltr'><strong>bOni</strong></span> <span class='ocrx_word' id='word_1_385' title='bbox 1294 4832 1429 4885; x_wconf 82' lang='lat' dir='ltr'><strong>efﬁci</strong></span> <span class='ocrx_word' id='word_1_386' title='bbox 1462 4841 1700 4901; x_wconf 88' lang='lat' dir='ltr'><strong>possunt,</strong></span> <span class='ocrx_word' id='word_1_387' title='bbox 1732 4834 1970 4887; x_wconf 78' lang='lat' dir='ltr'><strong>eradice-</strong></span> 
     </span>
    </p>
   </div>
   <div class='ocr_carea' id='block_1_51' title="bbox 386 4916 1968 4991">
    <p class='ocr_par' dir='ltr' id='par_1_51' title="bbox 386 4916 1968 4991">
     <span class='ocr_line' id='line_1_51' title="bbox 386 4916 1968 4991; baseline 0.004 -21"><span class='ocrx_word' id='word_1_388' title='bbox 386 4916 476 4970; x_wconf 83' lang='lat' dir='ltr'><strong>tis.</strong></span> <span class='ocrx_word' id='word_1_389' title='bbox 506 4917 618 4973; x_wconf 83' lang='lat' dir='ltr'><strong>Non</strong></span> <span class='ocrx_word' id='word_1_390' title='bbox 650 4919 807 4988; x_wconf 90' lang='lat' dir='ltr'><strong>igitur</strong></span> <span class='ocrx_word' id='word_1_391' title='bbox 831 4920 1075 4990; x_wconf 90' lang='lat' dir='ltr'><strong>prohibet</strong></span> <span class='ocrx_word' id='word_1_392' title='bbox 1106 4920 1381 4975; x_wconf 61' lang='lat' dir='ltr'><strong>haereticos</strong></span> <span class='ocrx_word' id='word_1_393' title='bbox 1420 4924 1730 4991; x_wconf 89' lang='lat' dir='ltr'><strong>reprimere,</strong></span> <span class='ocrx_word' id='word_1_394' title='bbox 1760 4923 1968 4977; x_wconf 92' lang='lat' dir='ltr'><strong>illorum</strong></span> 
     </span>
    </p>
   </div>
   <div class='ocr_carea' id='block_1_52' title="bbox 384 5009 1969 5080">
    <p class='ocr_par' dir='ltr' id='par_1_52' title="bbox 384 5009 1969 5080">
     <span class='ocr_line' id='line_1_52' title="bbox 384 5009 1969 5080; baseline 0.004 -21"><span class='ocrx_word' id='word_1_395' title='bbox 384 5024 480 5061; x_wconf 88' lang='lat' dir='ltr'><strong>ora</strong></span> <span class='ocrx_word' id='word_1_396' title='bbox 524 5009 822 5073; x_wconf 86' lang='lat' dir='ltr'><strong>obstruere,</strong></span> <span class='ocrx_word' id='word_1_397' title='bbox 864 5012 1159 5067; x_wconf 89' lang='lat' dir='ltr'><strong>libertatem</strong></span> <span class='ocrx_word' id='word_1_398' title='bbox 1200 5011 1448 5080; x_wconf 88' lang='lat' dir='ltr'><strong>loquendi</strong></span> <span class='ocrx_word' id='word_1_399' title='bbox 1486 5027 1755 5073; x_wconf 87' lang='lat' dir='ltr'><strong>coercere.</strong></span> <span class='ocrx_word' id='word_1_400' title='bbox 1798 5023 1969 5067; x_wconf 64' lang='lat' dir='ltr'><strong>coetus</strong></span> 
     </span>
    </p>
   </div>
   <div class='ocr_carea' id='block_1_53' title="bbox 382 5101 1965 5171">
    <p class='ocr_par' dir='ltr' id='par_1_53' title="bbox 382 5101 1965 5171">
     <span class='ocr_line' id='line_1_53' title="bbox 382 5101 1965 5171; baseline 0.003 -18"><span class='ocrx_word' id='word_1_401' title='bbox 382 5114 570 5153; x_wconf 88' lang='lat' dir='ltr'><strong>eorum</strong></span> <span class='ocrx_word' id='word_1_402' title='bbox 611 5101 843 5165; x_wconf 82' lang='lat' dir='ltr'><strong>solvere,</strong></span> <span class='ocrx_word' id='word_1_403' title='bbox 891 5112 1039 5171; x_wconf 85' lang='lat' dir='ltr'><strong>pacta</strong></span> <span class='ocrx_word' id='word_1_404' title='bbox 1084 5117 1367 5171; x_wconf 85' lang='lat' dir='ltr'><strong>respuere,</strong></span> <span class='ocrx_word' id='word_1_405' title='bbox 1398 5102 1489 5156; x_wconf 81' lang='lat' dir='ltr'><strong>sed</strong></span> <span class='ocrx_word' id='word_1_406' title='bbox 1520 5103 1763 5158; x_wconf 89' lang='lat' dir='ltr'><strong>occidere</strong></span> <span class='ocrx_word' id='word_1_407' title='bbox 1808 5112 1965 5157; x_wconf 77' lang='lat' dir='ltr'><strong>vetat.</strong></span> 
     </span>
    </p>
   </div>
   <div class='ocr_carea' id='block_1_54' title="bbox 385 5187 1967 5264">
    <p class='ocr_par' dir='ltr' id='par_1_54' title="bbox 385 5187 1967 5264">
     <span class='ocr_line' id='line_1_54' title="bbox 385 5187 1967 5264; baseline 0.004 -22"><span class='ocrx_word' id='word_1_408' title='bbox 385 5187 463 5242; x_wconf 81' lang='grc' dir='ltr'><strong>τυ</strong></span> <span class='ocrx_word' id='word_1_409' title='bbox 520 5204 648 5245; x_wconf 73' lang='lat' dir='ltr'><strong>vero</strong></span> <span class='ocrx_word' id='word_1_410' title='bbox 690 5191 834 5247; x_wconf 90' lang='lat' dir='ltr'><strong>illius</strong></span> <span class='ocrx_word' id='word_1_411' title='bbox 869 5194 1324 5248; x_wconf 87' lang='lat' dir='ltr'><strong>mansuetudinem</strong></span> <span class='ocrx_word' id='word_1_412' title='bbox 1368 5194 1655 5264; x_wconf 85' lang='lat' dir='ltr'><strong>perpende,</strong></span> <span class='ocrx_word' id='word_1_413' title='bbox 1701 5194 1967 5263; x_wconf 92' lang='lat' dir='ltr'><strong>quomodo</strong></span> 
     </span>
    </p>
   </div>
   <div class='ocr_carea' id='block_1_55' title="bbox 383 5280 1965 5353">
    <p class='ocr_par' dir='ltr' id='par_1_55' title="bbox 383 5280 1965 5353">
     <span class='ocr_line' id='line_1_55' title="bbox 383 5280 1965 5353; baseline 0.004 -20"><span class='ocrx_word' id='word_1_414' title='bbox 383 5280 587 5335; x_wconf 77' lang='lat' dir='ltr'><strong>scilicet</strong></span> <span class='ocrx_word' id='word_1_415' title='bbox 625 5297 732 5338; x_wconf 92' lang='lat' dir='ltr'><strong>non</strong></span> <span class='ocrx_word' id='word_1_416' title='bbox 758 5285 1072 5339; x_wconf 79' lang='lat' dir='ltr'><strong>sententiam</strong></span> <span class='ocrx_word' id='word_1_417' title='bbox 1116 5285 1287 5339; x_wconf 85' lang='lat' dir='ltr'><strong>solum</strong></span> <span class='ocrx_word' id='word_1_418' title='bbox 1330 5284 1515 5339; x_wconf 81' lang='lat' dir='ltr'><strong>efferat</strong></span> <span class='ocrx_word' id='word_1_419' title='bbox 1541 5294 1593 5338; x_wconf 89' lang='lat' dir='ltr'><strong>et</strong></span> <span class='ocrx_word' id='word_1_420' title='bbox 1622 5284 1826 5353; x_wconf 89' lang='lat' dir='ltr'><strong>jubcat,</strong></span> <span class='ocrx_word' id='word_1_421' title='bbox 1871 5286 1965 5339; x_wconf 89' lang='lat' dir='ltr'><strong>sed</strong></span> 
     </span>
    </p>
   </div>
   <div class='ocr_carea' id='block_1_56' title="bbox 384 5372 1967 5446">
    <p class='ocr_par' dir='ltr' id='par_1_56' title="bbox 384 5372 1967 5446">
     <span class='ocr_line' id='line_1_56' title="bbox 384 5372 1967 5446; baseline 0.007 -23"><span class='ocrx_word' id='word_1_422' title='bbox 384 5372 544 5425; x_wconf 75' lang='lat' dir='ltr'><strong>etiam</strong></span> <span class='ocrx_word' id='word_1_423' title='bbox 575 5375 833 5429; x_wconf 87' lang='lat' dir='ltr'><strong>rationem</strong></span> <span class='ocrx_word' id='word_1_424' title='bbox 862 5385 1111 5445; x_wconf 76' lang='lat' dir='ltr'><strong>exponat.</strong></span> <span class='ocrx_word' id='word_1_425' title='bbox 1140 5376 1274 5443; x_wconf 88' lang='lat' dir='ltr'><strong>Quid</strong></span> <span class='ocrx_word' id='word_1_426' title='bbox 1304 5391 1431 5444; x_wconf 89' lang='lat' dir='ltr'><strong>ergo</strong></span> <span class='ocrx_word' id='word_1_427' title='bbox 1458 5377 1684 5441; x_wconf 85' lang='lat' dir='ltr'><strong>eveniet,</strong></span> <span class='ocrx_word' id='word_1_428' title='bbox 1714 5378 1758 5431; x_wconf 86' lang='lat' dir='ltr'><strong>si</strong></span> <span class='ocrx_word' id='word_1_429' title='bbox 1802 5394 1863 5433; x_wconf 90' lang='lat' dir='ltr'><strong>us</strong></span> <span class='ocrx_word' id='word_1_430' title='bbox 1882 5394 1967 5446; x_wconf 59' lang='lat' dir='ltr'><strong>rue</strong></span> 
     </span>
    </p>
   </div>
   <div class='ocr_carea' id='block_1_57' title="bbox 386 5462 1963 5535">
    <p class='ocr_par' dir='ltr' id='par_1_57' title="bbox 386 5462 1963 5535">
     <span class='ocr_line' id='line_1_57' title="bbox 386 5462 1963 5535; baseline 0.004 -19"><span class='ocrx_word' id='word_1_431' title='bbox 386 5462 439 5516; x_wconf 90' lang='lat' dir='ltr'><strong>in</strong></span> <span class='ocrx_word' id='word_1_432' title='bbox 487 5463 646 5520; x_wconf 85' lang='lat' dir='ltr'><strong>linem</strong></span> <span class='ocrx_word' id='word_1_433' title='bbox 693 5467 891 5523; x_wconf 77' lang='lat' dir='ltr'><strong>sizania</strong></span> <span class='ocrx_word' id='word_1_434' title='bbox 934 5468 1219 5523; x_wconf 83' lang='lat' dir='ltr'><strong>maneant?</strong></span> <span class='ocrx_word' id='word_1_435' title='bbox 1261 5467 1401 5522; x_wconf 86' lang='lat' dir='ltr'><strong>Tum:</strong></span> <span class='ocrx_word' id='word_1_436' title='bbox 1440 5470 1605 5521; x_wconf 85' lang='lat' dir='ltr'><strong>dicam</strong></span> <span class='ocrx_word' id='word_1_437' title='bbox 1647 5472 1963 5535; x_wconf 70' lang='lat' dir='ltr'><strong>messoribus,</strong></span> 
     </span>
    </p>
   </div>
   <div class='ocr_carea' id='block_1_58' title="bbox 387 5553 1955 5632">
    <p class='ocr_par' dir='ltr' id='par_1_58' title="bbox 387 5553 1955 5632">
     <span class='ocr_line' id='line_1_58' title="bbox 387 5553 1955 5632; baseline 0.004 -26"><span class='ocrx_word' id='word_1_438' title='bbox 387 5553 580 5621; x_wconf 89' lang='lat' dir='ltr'><strong>inquit,</strong></span> <span class='ocrx_word' id='word_1_439' title='bbox 603 5554 834 5629; x_wconf 80' lang='lat' dir='ltr'><strong>Colligite</strong></span> <span class='ocrx_word' id='word_1_440' title='bbox 858 5559 1075 5628; x_wconf 77' lang='lat' dir='ltr'><strong>primum</strong></span> <span class='ocrx_word' id='word_1_441' title='bbox 1098 5560 1315 5626; x_wconf 74' lang='lat' dir='ltr'><strong>zizania,</strong></span> <span class='ocrx_word' id='word_1_442' title='bbox 1346 5569 1394 5613; x_wconf 89' lang='lat' dir='ltr'><strong>et</strong></span> <span class='ocrx_word' id='word_1_443' title='bbox 1415 5560 1623 5630; x_wconf 81' lang='lat' dir='ltr'><strong>alligate</strong></span> <span class='ocrx_word' id='word_1_444' title='bbox 1645 5577 1702 5615; x_wconf 85' lang='lat' dir='ltr'><strong>ea</strong></span> <span class='ocrx_word' id='word_1_445' title='bbox 1728 5563 1779 5614; x_wconf 85' lang='lat' dir='ltr'><strong>in</strong></span> <span class='ocrx_word' id='word_1_446' title='bbox 1808 5564 1955 5632; x_wconf 82' lang='lat' dir='ltr'><strong>fasci-</strong></span> 
     </span>
    </p>
   </div>
   <div class='ocr_carea' id='block_1_59' title="bbox 384 5645 1963 5722">
    <p class='ocr_par' dir='ltr' id='par_1_59' title="bbox 384 5645 1963 5722">
     <span class='ocr_line' id='line_1_59' title="bbox 384 5645 1963 5722; baseline 0.006 -24"><span class='ocrx_word' id='word_1_447' title='bbox 384 5645 528 5699; x_wconf 77' lang='lat' dir='ltr'><strong>culos</strong></span> <span class='ocrx_word' id='word_1_448' title='bbox 555 5648 624 5700; x_wconf 78' lang='lat' dir='ltr'><strong>ad</strong></span> <span class='ocrx_word' id='word_1_449' title='bbox 650 5651 1062 5706; x_wconf 77' lang='lat' dir='ltr'><strong>eoinburendum.</strong></span> <span class='ocrx_word' id='word_1_450' title='bbox 1084 5651 1321 5707; x_wconf 78' lang='lat' dir='ltr'><strong>Revocat</strong></span> <span class='ocrx_word' id='word_1_451' title='bbox 1348 5653 1475 5722; x_wconf 85' lang='lat' dir='ltr'><strong>ipsis</strong></span> <span class='ocrx_word' id='word_1_452' title='bbox 1508 5655 1557 5708; x_wconf 89' lang='lat' dir='ltr'><strong>in</strong></span> <span class='ocrx_word' id='word_1_453' title='bbox 1581 5664 1813 5709; x_wconf 87' lang='lat' dir='ltr'><strong>mentem</strong></span> <span class='ocrx_word' id='word_1_454' title='bbox 1844 5669 1963 5708; x_wconf 80' lang='lat' dir='ltr'><strong>vcr-</strong></span> 
     </span>
    </p>
   </div>
   <div class='ocr_carea' id='block_1_60' title="bbox 386 5734 1960 5818">
    <p class='ocr_par' dir='ltr' id='par_1_60' title="bbox 386 5734 1960 5818">
     <span class='ocr_line' id='line_1_60' title="bbox 386 5734 1960 5818; baseline 0.004 -26"><span class='ocrx_word' id='word_1_455' title='bbox 386 5734 454 5792; x_wconf 72' lang='grc' dir='ltr'>δι</span> <span class='ocrx_word' id='word_1_456' title='bbox 477 5735 717 5811; x_wconf 78' lang='lat' dir='ltr'><strong>Joannis,</strong></span> <span class='ocrx_word' id='word_1_457' title='bbox 746 5742 939 5813; x_wconf 78' lang='lat' dir='ltr'><strong>quibus</strong></span> <span class='ocrx_word' id='word_1_458' title='bbox 969 5744 1079 5812; x_wconf 85' lang='lat' dir='ltr'><strong>ipse</strong></span> <span class='ocrx_word' id='word_1_459' title='bbox 1104 5741 1269 5813; x_wconf 73' lang='lat' dir='ltr'><strong>Index</strong></span> <span class='ocrx_word' id='word_1_460' title='bbox 1299 5743 1665 5813; x_wconf 88' lang='lat' dir='ltr'><strong>iuducebatur,</strong></span> <span class='ocrx_word' id='word_1_461' title='bbox 1692 5746 1960 5818; x_wconf 83' lang='lat' dir='ltr'><strong>dicitque:</strong></span> 
     </span>
    </p>
   </div>
   <div class='ocr_carea' id='block_1_61' title="bbox 1366 335 1976 406">
    <p class='ocr_par' dir='ltr' id='par_1_61' title="bbox 1366 335 1976 394">
     <span class='ocr_line' id='line_1_61' title="bbox 1366 335 1976 394; baseline -0.003 -2"><span class='ocrx_word' id='word_1_462' title='bbox 1366 338 1434 393; x_wconf 79' lang='lat' dir='ltr'><strong>IN</strong></span> <span class='ocrx_word' id='word_1_463' title='bbox 1470 335 1876 394; x_wconf 65' lang='grc' dir='ltr'><strong>ΜΑΤΤΗᾸΣΠΗ</strong></span> <span class='ocrx_word' id='word_1_464' title='bbox 1916 335 1976 391; x_wconf 75' lang='lat' dir='ltr'><strong>lit</strong></span> 
     </span>
    </p>
   </div>
   <div class='ocr_carea' id='block_1_62' title="bbox 2084 335 3676 406">
    <p class='ocr_par' dir='ltr' id='par_1_62' title="bbox 2084 337 3676 406">
     <span class='ocr_line' id='line_1_62' title="bbox 2084 337 3676 406; baseline 0.009 -15"><span class='ocrx_word' id='word_1_465' title='bbox 2084 337 2143 393; x_wconf 91' lang='lat' dir='ltr'><strong>L.</strong></span> <span class='ocrx_word' id='word_1_466' title='bbox 2186 337 2369 393; x_wconf 80' lang='lat' dir='ltr'><strong>XLVI.</strong></span> <span class='ocrx_word' id='word_1_467' title='bbox 2408 339 2480 396; x_wconf 87' lang='lat' dir='ltr'><strong>al.</strong></span> <span class='ocrx_word' id='word_1_468' title='bbox 2522 339 2720 397; x_wconf 79' lang='lat' dir='ltr'><strong>XLVII.</strong></span> <span class='ocrx_word' id='word_1_469' title='bbox 3575 350 3676 406; x_wconf 67' lang='lat'><strong>478</strong></span> 
     </span>
    </p>
   </div>
   <div class='ocr_carea' id='block_1_63' title="bbox 2097 447 3674 529">
    <p class='ocr_par' dir='ltr' id='par_1_63' title="bbox 2097 447 3674 529">
     <span class='ocr_line' id='line_1_63' title="bbox 2097 447 3674 529; baseline 0.01 -28"><span class='ocrx_word' id='word_1_470' title='bbox 2097 447 2267 503; x_wconf 89' lang='lat' dir='ltr'><strong>donec</strong></span> <span class='ocrx_word' id='word_1_471' title='bbox 2310 464 2477 520; x_wconf 89' lang='lat' dir='ltr'><strong>pr0pe</strong></span> <span class='ocrx_word' id='word_1_472' title='bbox 2515 451 2840 508; x_wconf 88' lang='lat' dir='ltr'><strong>frumentum</strong></span> <span class='ocrx_word' id='word_1_473' title='bbox 2881 462 3025 510; x_wconf 83' lang='lat' dir='ltr'><strong>stant</strong></span> <span class='ocrx_word' id='word_1_474' title='bbox 3069 454 3306 526; x_wconf 74' lang='lat' dir='ltr'><strong>sizatﬁa,</strong></span> <span class='ocrx_word' id='word_1_475' title='bbox 3351 459 3674 529; x_wconf 86' lang='lat' dir='ltr'><strong>parcendum</strong></span> 
     </span>
    </p>
   </div>
   <div class='ocr_carea' id='block_1_64' title="bbox 2098 538 3673 610">
    <p class='ocr_par' dir='ltr' id='par_1_64' title="bbox 2098 538 3673 610">
     <span class='ocr_line' id='line_1_64' title="bbox 2098 538 3673 610; baseline 0.009 -19"><span class='ocrx_word' id='word_1_476' title='bbox 2098 538 2225 607; x_wconf 87' lang='lat' dir='ltr'><strong>ipsis</strong></span> <span class='ocrx_word' id='word_1_477' title='bbox 2270 554 2424 603; x_wconf 88' lang='lat' dir='ltr'><strong>esse;</strong></span> <span class='ocrx_word' id='word_1_478' title='bbox 2472 552 2646 610; x_wconf 86' lang='lat' dir='ltr'><strong>potest</strong></span> <span class='ocrx_word' id='word_1_479' title='bbox 2685 544 2826 598; x_wconf 91' lang='lat' dir='ltr'><strong>enim</strong></span> <span class='ocrx_word' id='word_1_480' title='bbox 2862 545 2975 600; x_wconf 89' lang='lat' dir='ltr'><strong>ﬁeri</strong></span> <span class='ocrx_word' id='word_1_481' title='bbox 3000 556 3053 601; x_wconf 90' lang='lat' dir='ltr'><strong>ut</strong></span> <span class='ocrx_word' id='word_1_482' title='bbox 3087 548 3405 603; x_wconf 89' lang='lat' dir='ltr'><strong>frumentum</strong></span> <span class='ocrx_word' id='word_1_483' title='bbox 3436 551 3673 605; x_wconf 85' lang='lat' dir='ltr'><strong>efﬁcian-</strong></span> 
     </span>
    </p>
   </div>
   <div class='ocr_carea' id='block_1_65' title="bbox 2098 630 3670 708">
    <p class='ocr_par' dir='ltr' id='par_1_65' title="bbox 2098 630 3670 708">
     <span class='ocr_line' id='line_1_65' title="bbox 2098 630 3670 708; baseline 0.009 -27"><span class='ocrx_word' id='word_1_484' title='bbox 2098 640 2199 682; x_wconf 90' lang='lat' dir='ltr'><strong>tur.</strong></span> <span class='ocrx_word' id='word_1_485' title='bbox 2252 630 2383 684; x_wconf 82' lang='lat' dir='ltr'><strong>Cum</strong></span> <span class='ocrx_word' id='word_1_486' title='bbox 2426 642 2601 686; x_wconf 88' lang='lat' dir='ltr'><strong>autem</strong></span> <span class='ocrx_word' id='word_1_487' title='bbox 2635 636 2777 689; x_wconf 90' lang='lat' dir='ltr'><strong>nullo</strong></span> <span class='ocrx_word' id='word_1_488' title='bbox 2815 649 3086 705; x_wconf 80' lang='lat' dir='ltr'><strong>reportata</strong></span> <span class='ocrx_word' id='word_1_489' title='bbox 3116 640 3261 695; x_wconf 91' lang='lat' dir='ltr'><strong>lucro</strong></span> <span class='ocrx_word' id='word_1_490' title='bbox 3296 642 3670 708; x_wconf 89' lang='lat' dir='ltr'><strong>abscesserint,</strong></span> 
     </span>
    </p>
   </div>
   <div class='ocr_carea' id='block_1_66' title="bbox 2098 723 3675 797">
    <p class='ocr_par' dir='ltr' id='par_1_66' title="bbox 2098 723 3675 797">
     <span class='ocr_line' id='line_1_66' title="bbox 2098 723 3675 797; baseline 0.01 -25"><span class='ocrx_word' id='word_1_491' title='bbox 2098 731 2223 776; x_wconf 91' lang='lat' dir='ltr'><strong>tunc</strong></span> <span class='ocrx_word' id='word_1_492' title='bbox 2254 723 2372 777; x_wconf 59' lang='lat' dir='ltr'><strong>illus</strong></span> <span class='ocrx_word' id='word_1_493' title='bbox 2401 725 2717 780; x_wconf 82' lang='lat' dir='ltr'><strong>inevitabilis</strong></span> <span class='ocrx_word' id='word_1_494' title='bbox 2747 728 2877 781; x_wconf 90' lang='lat' dir='ltr'><strong>ultio</strong></span> <span class='ocrx_word' id='word_1_495' title='bbox 2902 731 3148 797; x_wconf 76' lang='lat' dir='ltr'><strong>excipiet.</strong></span> <span class='ocrx_word' id='word_1_496' title='bbox 3174 732 3351 787; x_wconf 84' lang='lat' dir='ltr'><strong>Dicam</strong></span> <span class='ocrx_word' id='word_1_497' title='bbox 3378 735 3510 786; x_wconf 88' lang='lat' dir='ltr'><strong>enim</strong></span> <span class='ocrx_word' id='word_1_498' title='bbox 3546 752 3675 789; x_wconf 81' lang='lat' dir='ltr'><strong>mes-</strong></span> 
     </span>
    </p>
   </div>
   <div class='ocr_carea' id='block_1_67' title="bbox 2094 813 3671 887">
    <p class='ocr_par' dir='ltr' id='par_1_67' title="bbox 2094 813 3671 887">
     <span class='ocr_line' id='line_1_67' title="bbox 2094 813 3671 887; baseline 0.008 -23"><span class='ocrx_word' id='word_1_499' title='bbox 2094 813 2307 875; x_wconf 83' lang='lat' dir='ltr'><strong>soribus,</strong></span> <span class='ocrx_word' id='word_1_500' title='bbox 2360 815 2546 883; x_wconf 86' lang='lat' dir='ltr'><strong>inquit,</strong></span> <span class='ocrx_word' id='word_1_501' title='bbox 2599 814 2830 887; x_wconf 84' lang='lat' dir='ltr'><strong>Colligite</strong></span> <span class='ocrx_word' id='word_1_502' title='bbox 2871 821 3086 886; x_wconf 86' lang='lat' dir='ltr'><strong>primunt</strong></span> <span class='ocrx_word' id='word_1_503' title='bbox 3131 823 3351 876; x_wconf 78' lang='lat' dir='ltr'><strong>sisattia.</strong></span> <span class='ocrx_word' id='word_1_504' title='bbox 3399 825 3503 879; x_wconf 88' lang='lat' dir='ltr'><strong>Cur</strong></span> <span class='ocrx_word' id='word_1_505' title='bbox 3550 824 3671 877; x_wconf 85' lang='lat' dir='ltr'><strong>Pri-</strong></span> 
     </span>
    </p>
   </div>
   <div class='ocr_carea' id='block_1_68' title="bbox 2096 904 3673 980">
    <p class='ocr_par' dir='ltr' id='par_1_68' title="bbox 2096 904 3673 980">
     <span class='ocr_line' id='line_1_68' title="bbox 2096 904 3673 980; baseline 0.013 -29"><span class='ocrx_word' id='word_1_506' title='bbox 2096 904 2273 956; x_wconf 76' lang='lat' dir='ltr'><strong>mum?</strong></span> <span class='ocrx_word' id='word_1_507' title='bbox 2320 904 2395 957; x_wconf 82' lang='lat' dir='ltr'><strong>Ne</strong></span> <span class='ocrx_word' id='word_1_508' title='bbox 2433 916 2727 962; x_wconf 85' lang='lat' dir='ltr'><strong>terreantur</strong></span> <span class='ocrx_word' id='word_1_509' title='bbox 2776 910 2870 972; x_wconf 89' lang='lat' dir='ltr'><strong>illi,</strong></span> <span class='ocrx_word' id='word_1_510' title='bbox 2916 912 3064 980; x_wconf 89' lang='lat' dir='ltr'><strong>quasi</strong></span> <span class='ocrx_word' id='word_1_511' title='bbox 3112 914 3340 967; x_wconf 89' lang='lat' dir='ltr'><strong>triticum</strong></span> <span class='ocrx_word' id='word_1_512' title='bbox 3391 930 3510 970; x_wconf 91' lang='lat' dir='ltr'><strong>cum</strong></span> <span class='ocrx_word' id='word_1_513' title='bbox 3570 918 3673 972; x_wconf 79' lang='lat' dir='ltr'><strong>illis</strong></span> 
     </span>
    </p>
   </div>
   <div class='ocr_carea' id='block_1_69' title="bbox 2095 992 3672 1070">
    <p class='ocr_par' dir='ltr' id='par_1_69' title="bbox 2095 992 3672 1070">
     <span class='ocr_line' id='line_1_69' title="bbox 2095 992 3672 1070; baseline 0.012 -27"><span class='ocrx_word' id='word_1_514' title='bbox 2095 992 2384 1048; x_wconf 77' lang='lat' dir='ltr'><strong>auferatur.</strong></span> <span class='ocrx_word' id='word_1_515' title='bbox 2439 995 2505 1049; x_wconf 85' lang='lat' dir='ltr'><strong>Et</strong></span> <span class='ocrx_word' id='word_1_516' title='bbox 2549 999 2757 1069; x_wconf 75' lang='lat' dir='ltr'><strong>alligata</strong></span> <span class='ocrx_word' id='word_1_517' title='bbox 2796 1018 2853 1053; x_wconf 89' lang='lat' dir='ltr'><strong>ea</strong></span> <span class='ocrx_word' id='word_1_518' title='bbox 2893 1002 2943 1054; x_wconf 89' lang='lat' dir='ltr'><strong>in</strong></span> <span class='ocrx_word' id='word_1_519' title='bbox 2971 1002 3241 1070; x_wconf 81' lang='lat' dir='ltr'><strong>fasciculos</strong></span> <span class='ocrx_word' id='word_1_520' title='bbox 3275 1007 3344 1058; x_wconf 86' lang='lat' dir='ltr'><strong>ad</strong></span> <span class='ocrx_word' id='word_1_521' title='bbox 3373 1008 3672 1063; x_wconf 86' lang='lat' dir='ltr'><strong>comburen-</strong></span> 
     </span>
    </p>
   </div>
   <div class='ocr_carea' id='block_1_70' title="bbox 2095 1084 3672 1160">
    <p class='ocr_par' dir='ltr' id='par_1_70' title="bbox 2095 1084 3672 1160">
     <span class='ocr_line' id='line_1_70' title="bbox 2095 1084 3672 1160; baseline 0.011 -26"><span class='ocrx_word' id='word_1_522' title='bbox 2095 1084 2215 1135; x_wconf 88' lang='lat' dir='ltr'><strong>dum</strong></span> <span class='ocrx_word' id='word_1_523' title='bbox 2237 1101 2255 1147; x_wconf 87' lang='lat'><strong>;</strong></span> <span class='ocrx_word' id='word_1_524' title='bbox 2281 1086 2498 1138; x_wconf 86' lang='lat' dir='ltr'><strong>triticum</strong></span> <span class='ocrx_word' id='word_1_525' title='bbox 2519 1099 2688 1141; x_wconf 85' lang='lat' dir='ltr'><strong>autem</strong></span> <span class='ocrx_word' id='word_1_526' title='bbox 2718 1102 3014 1160; x_wconf 85' lang='lat' dir='ltr'><strong>congregate</strong></span> <span class='ocrx_word' id='word_1_527' title='bbox 3037 1094 3089 1146; x_wconf 88' lang='lat' dir='ltr'><strong>in</strong></span> <span class='ocrx_word' id='word_1_528' title='bbox 3110 1094 3362 1148; x_wconf 85' lang='lat' dir='ltr'><strong>horreum.</strong></span> <span class='ocrx_word' id='word_1_529' title='bbox 3393 1097 3481 1151; x_wconf 81' lang='lat'><strong>3|.</strong></span> <span class='ocrx_word' id='word_1_530' title='bbox 3502 1097 3672 1151; x_wconf 79' lang='lat' dir='ltr'><strong>Aliam</strong></span> 
     </span>
    </p>
   </div>
   <div class='ocr_carea' id='block_1_71' title="bbox 2095 1176 3673 1255">
    <p class='ocr_par' dir='ltr' id='par_1_71' title="bbox 2095 1176 3673 1255">
     <span class='ocr_line' id='line_1_71' title="bbox 2095 1176 3673 1255; baseline 0.011 -31"><span class='ocrx_word' id='word_1_531' title='bbox 2095 1176 2390 1241; x_wconf 82' lang='lat' dir='ltr'><strong>parabolam</strong></span> <span class='ocrx_word' id='word_1_532' title='bbox 2428 1184 2664 1246; x_wconf 81' lang='lat' dir='ltr'><strong>apposuit</strong></span> <span class='ocrx_word' id='word_1_533' title='bbox 2694 1181 2764 1233; x_wconf 87' lang='lat' dir='ltr'><strong>eis</strong></span> <span class='ocrx_word' id='word_1_534' title='bbox 2794 1180 2961 1234; x_wconf 80' lang='lat' dir='ltr'><strong>dicens</strong></span> <span class='ocrx_word' id='word_1_535' title='bbox 2995 1198 3013 1235; x_wconf 88' lang='lat'><strong><em>:</em></strong></span> <span class='ocrx_word' id='word_1_536' title='bbox 3040 1182 3218 1237; x_wconf 85' lang='lat' dir='ltr'><strong>Simile</strong></span> <span class='ocrx_word' id='word_1_537' title='bbox 3238 1195 3309 1237; x_wconf 88' lang='lat' dir='ltr'><strong>est</strong></span> <span class='ocrx_word' id='word_1_538' title='bbox 3334 1202 3544 1255; x_wconf 75' lang='lat' dir='ltr'><strong>regnum</strong></span> <span class='ocrx_word' id='word_1_539' title='bbox 3572 1204 3673 1241; x_wconf 71' lang='lat' dir='ltr'><strong>cc-</strong></span> 
     </span>
    </p>
   </div>
   <div class='ocr_carea' id='block_1_72' title="bbox 2096 1262 3671 1339">
    <p class='ocr_par' dir='ltr' id='par_1_72' title="bbox 2096 1262 3671 1339">
     <span class='ocr_line' id='line_1_72' title="bbox 2096 1262 3671 1339; baseline 0.011 -24"><span class='ocrx_word' id='word_1_540' title='bbox 2096 1262 2256 1316; x_wconf 87' lang='lat' dir='ltr'><strong>lorum</strong></span> <span class='ocrx_word' id='word_1_541' title='bbox 2277 1282 2435 1335; x_wconf 82' lang='lat' dir='ltr'><strong>grano</strong></span> <span class='ocrx_word' id='word_1_542' title='bbox 2462 1268 2673 1337; x_wconf 79' lang='lat' dir='ltr'><strong>sinapis.</strong></span> <span class='ocrx_word' id='word_1_543' title='bbox 2715 1270 2847 1335; x_wconf 86' lang='lat' dir='ltr'><strong>Quia</strong></span> <span class='ocrx_word' id='word_1_544' title='bbox 2879 1272 3020 1325; x_wconf 91' lang='lat' dir='ltr'><strong>enim</strong></span> <span class='ocrx_word' id='word_1_545' title='bbox 3047 1272 3200 1339; x_wconf 73' lang='lat' dir='ltr'><strong>dixit,</strong></span> <span class='ocrx_word' id='word_1_546' title='bbox 3234 1290 3297 1328; x_wconf 92' lang='lat' dir='ltr'><strong>ex</strong></span> <span class='ocrx_word' id='word_1_547' title='bbox 3328 1277 3531 1330; x_wconf 88' lang='lat' dir='ltr'><strong>semine</strong></span> <span class='ocrx_word' id='word_1_548' title='bbox 3562 1286 3671 1333; x_wconf 87' lang='lat' dir='ltr'><strong>tres</strong></span> 
     </span>
    </p>
   </div>
   <div class='ocr_carea' id='block_1_73' title="bbox 2091 1358 3672 1437">
    <p class='ocr_par' dir='ltr' id='par_1_73' title="bbox 2091 1358 3672 1437">
     <span class='ocr_line' id='line_1_73' title="bbox 2091 1358 3672 1437; baseline 0.009 -30"><span class='ocrx_word' id='word_1_549' title='bbox 2091 1364 2270 1421; x_wconf 89' lang='lat' dir='ltr'><strong>partes</strong></span> <span class='ocrx_word' id='word_1_550' title='bbox 2314 1358 2507 1426; x_wconf 89' lang='lat' dir='ltr'><strong>perire,</strong></span> <span class='ocrx_word' id='word_1_551' title='bbox 2551 1375 2816 1429; x_wconf 89' lang='lat' dir='ltr'><strong>unamque</strong></span> <span class='ocrx_word' id='word_1_552' title='bbox 2864 1364 3089 1428; x_wconf 85' lang='lat' dir='ltr'><strong>servari,</strong></span> <span class='ocrx_word' id='word_1_553' title='bbox 3126 1374 3179 1417; x_wconf 92' lang='lat' dir='ltr'><strong>et</strong></span> <span class='ocrx_word' id='word_1_554' title='bbox 3227 1365 3277 1417; x_wconf 91' lang='lat' dir='ltr'><strong>in</strong></span> <span class='ocrx_word' id='word_1_555' title='bbox 3326 1365 3423 1420; x_wconf 91' lang='lat' dir='ltr'><strong>hac</strong></span> <span class='ocrx_word' id='word_1_556' title='bbox 3461 1383 3672 1437; x_wconf 91' lang='lat' dir='ltr'><strong>quoque</strong></span> 
     </span>
    </p>
   </div>
   <div class='ocr_carea' id='block_1_74' title="bbox 2092 1454 3671 1523">
    <p class='ocr_par' dir='ltr' id='par_1_74' title="bbox 2092 1454 3671 1523">
     <span class='ocr_line' id='line_1_74' title="bbox 2092 1454 3671 1523; baseline 0.011 -28"><span class='ocrx_word' id='word_1_557' title='bbox 2092 1456 2301 1499; x_wconf 77' lang='lat' dir='ltr'><strong>servata</strong></span> <span class='ocrx_word' id='word_1_558' title='bbox 2336 1458 2483 1515; x_wconf 89' lang='lat' dir='ltr'><strong>parte</strong></span> <span class='ocrx_word' id='word_1_559' title='bbox 2512 1458 2589 1503; x_wconf 84' lang='lat' dir='ltr'><strong>tot</strong></span> <span class='ocrx_word' id='word_1_560' title='bbox 2616 1460 2866 1520; x_wconf 86' lang='lat' dir='ltr'><strong>tantaque</strong></span> <span class='ocrx_word' id='word_1_561' title='bbox 2906 1454 3184 1509; x_wconf 91' lang='lat' dir='ltr'><strong>imminere</strong></span> <span class='ocrx_word' id='word_1_562' title='bbox 3223 1455 3560 1523; x_wconf 88' lang='lat' dir='ltr'><strong>detrimenta,</strong></span> <span class='ocrx_word' id='word_1_563' title='bbox 3605 1477 3671 1513; x_wconf 89' lang='lat' dir='ltr'><strong>ne</strong></span> 
     </span>
    </p>
   </div>
   <div class='ocr_carea' id='block_1_75' title="bbox 2091 1533 3671 1613">
    <p class='ocr_par' dir='ltr' id='par_1_75' title="bbox 2091 1533 3671 1613">
     <span class='ocr_line' id='line_1_75' title="bbox 2091 1533 3671 1613; baseline 0.011 -27"><span class='ocrx_word' id='word_1_564' title='bbox 2091 1533 2347 1597; x_wconf 82' lang='lat' dir='ltr'><strong>dicerent,</strong></span> <span class='ocrx_word' id='word_1_565' title='bbox 2368 1539 2433 1592; x_wconf 89' lang='lat' dir='ltr'><strong>Et</strong></span> <span class='ocrx_word' id='word_1_566' title='bbox 2460 1542 2671 1609; x_wconf 89' lang='lat' dir='ltr'><strong>quinam</strong></span> <span class='ocrx_word' id='word_1_567' title='bbox 2702 1555 3004 1613; x_wconf 90' lang='lat' dir='ltr'><strong>quantoque</strong></span> <span class='ocrx_word' id='word_1_568' title='bbox 3023 1562 3248 1601; x_wconf 90' lang='lat' dir='ltr'><strong>numero</strong></span> <span class='ocrx_word' id='word_1_569' title='bbox 3277 1548 3457 1604; x_wconf 86' lang='lat' dir='ltr'><strong>ﬁdeles</strong></span> <span class='ocrx_word' id='word_1_570' title='bbox 3483 1554 3671 1606; x_wconf 85' lang='lat' dir='ltr'><strong>erunt?</strong></span> 
     </span>
    </p>
   </div>
   <div class='ocr_carea' id='block_1_76' title="bbox 2091 1624 3671 1709">
    <p class='ocr_par' dir='ltr' id='par_1_76' title="bbox 2091 1624 3671 1709">
     <span class='ocr_line' id='line_1_76' title="bbox 2091 1624 3671 1709; baseline 0.014 -34"><span class='ocrx_word' id='word_1_571' title='bbox 2091 1624 2231 1679; x_wconf 90' lang='lat' dir='ltr'><strong>hunc</strong></span> <span class='ocrx_word' id='word_1_572' title='bbox 2270 1642 2479 1697; x_wconf 89' lang='lat' dir='ltr'><strong>quoque</strong></span> <span class='ocrx_word' id='word_1_573' title='bbox 2526 1644 2723 1687; x_wconf 91' lang='lat' dir='ltr'><strong>metum</strong></span> <span class='ocrx_word' id='word_1_574' title='bbox 2762 1634 2955 1701; x_wconf 87' lang='lat' dir='ltr'><strong>aufert,</strong></span> <span class='ocrx_word' id='word_1_575' title='bbox 2999 1636 3118 1690; x_wconf 85' lang='lat' dir='ltr'><strong>illos</strong></span> <span class='ocrx_word' id='word_1_576' title='bbox 3149 1654 3242 1705; x_wconf 89' lang='lat' dir='ltr'><strong>per</strong></span> <span class='ocrx_word' id='word_1_577' title='bbox 3265 1640 3569 1709; x_wconf 88' lang='lat' dir='ltr'><strong>parabolant</strong></span> <span class='ocrx_word' id='word_1_578' title='bbox 3600 1643 3671 1697; x_wconf 84' lang='lat' dir='ltr'><strong>si-</strong></span> 
     </span>
    </p>
   </div>
   <div class='ocr_carea' id='block_1_77' title="bbox 2090 1718 3668 1798">
    <p class='ocr_par' dir='ltr' id='par_1_77' title="bbox 2090 1718 3668 1798">
     <span class='ocr_line' id='line_1_77' title="bbox 2090 1718 3668 1798; baseline 0.011 -31"><span class='ocrx_word' id='word_1_579' title='bbox 2090 1718 2242 1784; x_wconf 89' lang='lat' dir='ltr'><strong>napis</strong></span> <span class='ocrx_word' id='word_1_580' title='bbox 2289 1718 2352 1771; x_wconf 88' lang='lat' dir='ltr'><strong>ad</strong></span> <span class='ocrx_word' id='word_1_581' title='bbox 2400 1719 2555 1774; x_wconf 82' lang='lat' dir='ltr'><strong>fidem</strong></span> <span class='ocrx_word' id='word_1_582' title='bbox 2598 1722 2871 1789; x_wconf 90' lang='lat' dir='ltr'><strong>inducens,</strong></span> <span class='ocrx_word' id='word_1_583' title='bbox 2912 1727 3305 1798; x_wconf 85' lang='lat' dir='ltr'><strong>ostendensque</strong></span> <span class='ocrx_word' id='word_1_584' title='bbox 3336 1731 3668 1798; x_wconf 64' lang='lat' dir='ltr'><strong>praedicatio-</strong></span> 
     </span>
    </p>
   </div>
   <div class='ocr_carea' id='block_1_78' title="bbox 2090 1809 3669 1892">
    <p class='ocr_par' dir='ltr' id='par_1_78' title="bbox 2090 1809 3669 1892">
     <span class='ocr_line' id='line_1_78' title="bbox 2090 1809 3669 1892; baseline 0.012 -32"><span class='ocrx_word' id='word_1_585' title='bbox 2090 1822 2211 1860; x_wconf 88' lang='lat' dir='ltr'><strong>nem</strong></span> <span class='ocrx_word' id='word_1_586' title='bbox 2254 1809 2448 1880; x_wconf 89' lang='lat' dir='ltr'><strong>nbique</strong></span> <span class='ocrx_word' id='word_1_587' title='bbox 2488 1828 2827 1879; x_wconf 88' lang='lat' dir='ltr'><strong>pervasuram</strong></span> <span class='ocrx_word' id='word_1_588' title='bbox 2870 1832 3009 1871; x_wconf 90' lang='lat' dir='ltr'><strong>esse.</strong></span> <span class='ocrx_word' id='word_1_589' title='bbox 3051 1818 3173 1873; x_wconf 91' lang='lat' dir='ltr'><strong>Ideo</strong></span> <span class='ocrx_word' id='word_1_590' title='bbox 3200 1820 3358 1875; x_wconf 92' lang='lat' dir='ltr'><strong>oleris</strong></span> <span class='ocrx_word' id='word_1_591' title='bbox 3386 1822 3669 1892; x_wconf 85' lang='lat' dir='ltr'><strong>imaginem</strong></span> 
     </span>
    </p>
   </div>
   <div class='ocr_carea' id='block_1_79' title="bbox 2090 1898 3671 1984">
    <p class='ocr_par' dir='ltr' id='par_1_79' title="bbox 2090 1898 3671 1984">
     <span class='ocr_line' id='line_1_79' title="bbox 2090 1898 3671 1984; baseline 0.011 -33"><span class='ocrx_word' id='word_1_592' title='bbox 2090 1898 2142 1951; x_wconf 93' lang='lat' dir='ltr'><strong>in</strong></span> <span class='ocrx_word' id='word_1_593' title='bbox 2178 1899 2409 1954; x_wconf 89' lang='lat' dir='ltr'><strong>medium</strong></span> <span class='ocrx_word' id='word_1_594' title='bbox 2437 1903 2657 1957; x_wconf 83' lang='lat' dir='ltr'><strong>adduxit</strong></span> <span class='ocrx_word' id='word_1_595' title='bbox 2684 1904 3143 1976; x_wconf 68' lang='lat' dir='ltr'><strong>linic,argutnento</strong></span> <span class='ocrx_word' id='word_1_596' title='bbox 3172 1910 3454 1975; x_wconf 71' lang='lat' dir='ltr'><strong>admodum</strong></span> <span class='ocrx_word' id='word_1_597' title='bbox 3476 1929 3671 1984; x_wconf 85' lang='lat' dir='ltr'><strong>oppor-</strong></span> 
     </span>
    </p>
   </div>
   <div class='ocr_carea' id='block_1_80' title="bbox 2093 1986 3671 2073">
    <p class='ocr_par' dir='ltr' id='par_1_80' title="bbox 2093 1986 3671 2073">
     <span class='ocr_line' id='line_1_80' title="bbox 2093 1986 3671 2073; baseline 0.013 -33"><span class='ocrx_word' id='word_1_598' title='bbox 2093 1996 2271 2042; x_wconf 89' lang='lat' dir='ltr'><strong>tunam</strong></span> <span class='ocrx_word' id='word_1_599' title='bbox 2298 2008 2310 2043; x_wconf 92' lang='lat'><strong>:</strong></span> <span class='ocrx_word' id='word_1_600' title='bbox 2344 1991 2433 2046; x_wconf 71' lang='grc'><strong>52.</strong></span> <span class='ocrx_word' id='word_1_601' title='bbox 2479 1988 2591 2065; x_wconf 53' lang='grc' dir='ltr'><strong>(Ῑΐς</strong></span> <span class='ocrx_word' id='word_1_602' title='bbox 2620 1986 2739 2023; x_wconf 67' lang='grc' dir='ltr'><strong>επί’⁶</strong></span> <span class='ocrx_word' id='word_1_603' title='bbox 2830 2008 2942 2073; x_wconf 63' lang='grc' dir='ltr'><strong>⁶ιιυει,</strong></span> <span class='ocrx_word' id='word_1_604' title='bbox 2987 1999 3175 2067; x_wconf 89' lang='lat' dir='ltr'><strong>inquit,</strong></span> <span class='ocrx_word' id='word_1_605' title='bbox 3206 2004 3433 2063; x_wconf 83' lang='lat' dir='ltr'><strong>omnibus</strong></span> <span class='ocrx_word' id='word_1_606' title='bbox 3463 2007 3671 2059; x_wconf 84' lang='lat' dir='ltr'><strong>semini-</strong></span> 
     </span>
    </p>
   </div>
   <div class='ocr_carea' id='block_1_81' title="bbox 2090 2080 3669 2159">
    <p class='ocr_par' dir='ltr' id='par_1_81' title="bbox 2090 2080 3669 2159">
     <span class='ocr_line' id='line_1_81' title="bbox 2090 2080 3669 2159; baseline 0.012 -27"><span class='ocrx_word' id='word_1_607' title='bbox 2090 2080 2216 2144; x_wconf 86' lang='lat' dir='ltr'><strong>bus;</strong></span> <span class='ocrx_word' id='word_1_608' title='bbox 2241 2098 2354 2134; x_wconf 86' lang='lat' dir='ltr'><strong>cum</strong></span> <span class='ocrx_word' id='word_1_609' title='bbox 2374 2100 2537 2137; x_wconf 75' lang='lat' dir='ltr'><strong>au&#39;em</strong></span> <span class='ocrx_word' id='word_1_610' title='bbox 2561 2089 2784 2149; x_wconf 84' lang='lat' dir='ltr'><strong>creverit,</strong></span> <span class='ocrx_word' id='word_1_611' title='bbox 2818 2091 2983 2157; x_wconf 87' lang='lat' dir='ltr'><strong>majus</strong></span> <span class='ocrx_word' id='word_1_612' title='bbox 3008 2102 3080 2143; x_wconf 84' lang='lat' dir='ltr'><strong>est</strong></span> <span class='ocrx_word' id='word_1_613' title='bbox 3107 2109 3183 2144; x_wconf 72' lang='grc' dir='ltr'><strong>ον·</strong></span> <span class='ocrx_word' id='word_1_614' title='bbox 3292 2112 3335 2147; x_wconf 85' lang='lat' dir='ltr'><strong>ts</strong></span> <span class='ocrx_word' id='word_1_615' title='bbox 3356 2096 3590 2159; x_wconf 80' lang='lat' dir='ltr'><strong>oleribus,</strong></span> <span class='ocrx_word' id='word_1_616' title='bbox 3622 2108 3669 2151; x_wconf 85' lang='lat' dir='ltr'><strong>et</strong></span> 
     </span>
    </p>
   </div>
   <div class='ocr_carea' id='block_1_82' title="bbox 2088 2169 3669 2257">
    <p class='ocr_par' dir='ltr' id='par_1_82' title="bbox 2088 2169 3669 2257">
     <span class='ocr_line' id='line_1_82' title="bbox 2088 2169 3669 2257; baseline 0.013 -37"><span class='ocrx_word' id='word_1_617' title='bbox 2088 2169 2145 2237; x_wconf 79' lang='lat' dir='ltr'><strong>ﬁt</strong></span> <span class='ocrx_word' id='word_1_618' title='bbox 2169 2170 2338 2237; x_wconf 86' lang='lat' dir='ltr'><strong>arbor,</strong></span> <span class='ocrx_word' id='word_1_619' title='bbox 2368 2174 2439 2225; x_wconf 91' lang='lat' dir='ltr'><strong>ita</strong></span> <span class='ocrx_word' id='word_1_620' title='bbox 2466 2184 2519 2227; x_wconf 88' lang='lat' dir='ltr'><strong>ut</strong></span> <span class='ocrx_word' id='word_1_621' title='bbox 2547 2175 2772 2231; x_wconf 81' lang='lat' dir='ltr'><strong>volucres</strong></span> <span class='ocrx_word' id='word_1_622' title='bbox 2798 2181 2909 2232; x_wconf 72' lang='grc' dir='ltr'><strong>ειυιὶ</strong></span> <span class='ocrx_word' id='word_1_623' title='bbox 2935 2182 3149 2243; x_wconf 78' lang='lat' dir='ltr'><strong>veniant,</strong></span> <span class='ocrx_word' id='word_1_624' title='bbox 3180 2193 3231 2235; x_wconf 73' lang='lat' dir='ltr'><strong>es</strong></span> <span class='ocrx_word' id='word_1_625' title='bbox 3263 2185 3316 2237; x_wconf 84' lang='lat' dir='ltr'><strong>in</strong></span> <span class='ocrx_word' id='word_1_626' title='bbox 3363 2187 3515 2240; x_wconf 88' lang='lat' dir='ltr'><strong>ramis</strong></span> <span class='ocrx_word' id='word_1_627' title='bbox 3559 2190 3669 2257; x_wconf 81' lang='lat' dir='ltr'><strong>ejus</strong></span> 
     </span>
    </p>
   </div>
   <div class='ocr_carea' id='block_1_83' title="bbox 2087 2260 3664 2334">
    <p class='ocr_par' dir='ltr' id='par_1_83' title="bbox 2087 2260 3664 2334">
     <span class='ocr_line' id='line_1_83' title="bbox 2087 2260 3664 2334; baseline 0.015 -22"><span class='ocrx_word' id='word_1_628' title='bbox 2087 2260 2327 2315; x_wconf 81' lang='lat' dir='ltr'><strong>habitent.</strong></span> <span class='ocrx_word' id='word_1_629' title='bbox 2369 2264 2745 2334; x_wconf 78' lang='lat' dir='ltr'><strong>Maguitudinis</strong></span> <span class='ocrx_word' id='word_1_630' title='bbox 2787 2270 2927 2323; x_wconf 92' lang='lat' dir='ltr'><strong>enim</strong></span> <span class='ocrx_word' id='word_1_631' title='bbox 2976 2272 3226 2327; x_wconf 87' lang='lat' dir='ltr'><strong>indicium</strong></span> <span class='ocrx_word' id='word_1_632' title='bbox 3264 2275 3537 2333; x_wconf 81' lang='lat' dir='ltr'><strong>declarare</strong></span> <span class='ocrx_word' id='word_1_633' title='bbox 3569 2296 3664 2334; x_wconf 85' lang='lat' dir='ltr'><strong>vo-</strong></span> 
     </span>
    </p>
   </div>
   <div class='ocr_carea' id='block_1_84' title="bbox 2088 2352 3668 2430">
    <p class='ocr_par' dir='ltr' id='par_1_84' title="bbox 2088 2352 3668 2430">
     <span class='ocr_line' id='line_1_84' title="bbox 2088 2352 3668 2430; baseline 0.013 -26"><span class='ocrx_word' id='word_1_634' title='bbox 2088 2352 2203 2405; x_wconf 90' lang='lat' dir='ltr'><strong>luit.</strong></span> <span class='ocrx_word' id='word_1_635' title='bbox 2238 2353 2345 2420; x_wconf 90' lang='lat' dir='ltr'><strong>Sic,</strong></span> <span class='ocrx_word' id='word_1_636' title='bbox 2393 2356 2581 2426; x_wconf 90' lang='lat' dir='ltr'><strong>inquit,</strong></span> <span class='ocrx_word' id='word_1_637' title='bbox 2630 2368 2683 2413; x_wconf 90' lang='lat' dir='ltr'><strong>et</strong></span> <span class='ocrx_word' id='word_1_638' title='bbox 2727 2360 2778 2413; x_wconf 92' lang='lat' dir='ltr'><strong>in</strong></span> <span class='ocrx_word' id='word_1_639' title='bbox 2830 2363 3207 2430; x_wconf 66' lang='lat' dir='ltr'><strong>praedii-alioue</strong></span> <span class='ocrx_word' id='word_1_640' title='bbox 3232 2368 3353 2421; x_wconf 90' lang='lat' dir='ltr'><strong>erit.</strong></span> <span class='ocrx_word' id='word_1_641' title='bbox 3395 2368 3525 2422; x_wconf 79' lang='lat' dir='ltr'><strong>Nam</strong></span> <span class='ocrx_word' id='word_1_642' title='bbox 3553 2386 3668 2424; x_wconf 88' lang='lat' dir='ltr'><strong>om-</strong></span> 
     </span>
    </p>
   </div>
   <div class='ocr_carea' id='block_1_85' title="bbox 2088 2441 3665 2527">
    <p class='ocr_par' dir='ltr' id='par_1_85' title="bbox 2088 2441 3665 2527">
     <span class='ocr_line' id='line_1_85' title="bbox 2088 2441 3665 2527; baseline 0.012 -32"><span class='ocrx_word' id='word_1_643' title='bbox 2088 2441 2233 2497; x_wconf 90' lang='lat' dir='ltr'><strong>nium</strong></span> <span class='ocrx_word' id='word_1_644' title='bbox 2265 2447 2613 2502; x_wconf 88' lang='lat' dir='ltr'><strong>ittlirmissimi</strong></span> <span class='ocrx_word' id='word_1_645' title='bbox 2648 2460 2798 2504; x_wconf 88' lang='lat' dir='ltr'><strong>erant</strong></span> <span class='ocrx_word' id='word_1_646' title='bbox 2842 2451 3121 2521; x_wconf 89' lang='lat' dir='ltr'><strong>discipuli,</strong></span> <span class='ocrx_word' id='word_1_647' title='bbox 3179 2458 3521 2527; x_wconf 87' lang='lat' dir='ltr'><strong>omniumque</strong></span> <span class='ocrx_word' id='word_1_648' title='bbox 3566 2462 3665 2513; x_wconf 84' lang='lat' dir='ltr'><strong>itii-</strong></span> 
     </span>
    </p>
   </div>
   <div class='ocr_carea' id='block_1_86' title="bbox 2087 2536 3667 2621">
    <p class='ocr_par' dir='ltr' id='par_1_86' title="bbox 2087 2536 3667 2621">
     <span class='ocr_line' id='line_1_86' title="bbox 2087 2536 3667 2621; baseline 0.013 -35"><span class='ocrx_word' id='word_1_649' title='bbox 2087 2536 2214 2589; x_wconf 92' lang='lat' dir='ltr'><strong>nimi</strong></span> <span class='ocrx_word' id='word_1_650' title='bbox 2245 2554 2259 2589; x_wconf 87' lang='lat'><strong>:</strong></span> <span class='ocrx_word' id='word_1_651' title='bbox 2292 2548 2524 2594; x_wconf 88' lang='lat' dir='ltr'><strong>attamen</strong></span> <span class='ocrx_word' id='word_1_652' title='bbox 2568 2546 2687 2610; x_wconf 84' lang='lat' dir='ltr'><strong>quia</strong></span> <span class='ocrx_word' id='word_1_653' title='bbox 2734 2559 2920 2612; x_wconf 89' lang='lat' dir='ltr'><strong>magna</strong></span> <span class='ocrx_word' id='word_1_654' title='bbox 2954 2546 3005 2598; x_wconf 89' lang='lat' dir='ltr'><strong>in</strong></span> <span class='ocrx_word' id='word_1_655' title='bbox 3048 2547 3174 2613; x_wconf 85' lang='lat' dir='ltr'><strong>ipsis</strong></span> <span class='ocrx_word' id='word_1_656' title='bbox 3204 2550 3367 2603; x_wconf 81' lang='lat' dir='ltr'><strong>virtus</strong></span> <span class='ocrx_word' id='word_1_657' title='bbox 3406 2562 3538 2613; x_wconf 77' lang='lat' dir='ltr'><strong>erat,</strong></span> <span class='ocrx_word' id='word_1_658' title='bbox 3573 2569 3667 2621; x_wconf 89' lang='lat' dir='ltr'><strong>per</strong></span> 
     </span>
    </p>
   </div>
   <div class='ocr_carea' id='block_1_87' title="bbox 2087 2630 3666 2710">
    <p class='ocr_par' dir='ltr' id='par_1_87' title="bbox 2087 2630 3666 2710">
     <span class='ocr_line' id='line_1_87' title="bbox 2087 2630 3666 2710; baseline 0.012 -31"><span class='ocrx_word' id='word_1_659' title='bbox 2087 2634 2253 2681; x_wconf 87' lang='lat' dir='ltr'><strong>totum</strong></span> <span class='ocrx_word' id='word_1_660' title='bbox 2282 2630 2467 2685; x_wconf 84' lang='lat' dir='ltr'><strong>orbem</strong></span> <span class='ocrx_word' id='word_1_661' title='bbox 2495 2632 2660 2687; x_wconf 77' lang='lat' dir='ltr'><strong>effusa</strong></span> <span class='ocrx_word' id='word_1_662' title='bbox 2688 2644 2789 2688; x_wconf 84' lang='lat' dir='ltr'><strong>est.</strong></span> <span class='ocrx_word' id='word_1_663' title='bbox 2828 2635 3031 2689; x_wconf 75' lang='lat' dir='ltr'><strong>Deinde</strong></span> <span class='ocrx_word' id='word_1_664' title='bbox 3060 2638 3158 2692; x_wconf 89' lang='lat' dir='ltr'><strong>sub</strong></span> <span class='ocrx_word' id='word_1_665' title='bbox 3187 2638 3284 2694; x_wconf 91' lang='lat' dir='ltr'><strong>bac</strong></span> <span class='ocrx_word' id='word_1_666' title='bbox 3315 2640 3542 2710; x_wconf 87' lang='lat' dir='ltr'><strong>imagine</strong></span> <span class='ocrx_word' id='word_1_667' title='bbox 3565 2645 3666 2697; x_wconf 86' lang='lat' dir='ltr'><strong>ler-</strong></span> 
     </span>
    </p>
   </div>
   <div class='ocr_carea' id='block_1_88' title="bbox 2085 2724 3665 2799">
    <p class='ocr_par' dir='ltr' id='par_1_88' title="bbox 2085 2724 3665 2799">
     <span class='ocr_line' id='line_1_88' title="bbox 2085 2724 3665 2799; baseline 0.009 -26"><span class='ocrx_word' id='word_1_668' title='bbox 2085 2729 2323 2773; x_wconf 88' lang='lat' dir='ltr'><strong>mentum</strong></span> <span class='ocrx_word' id='word_1_669' title='bbox 2355 2724 2547 2790; x_wconf 85' lang='lat' dir='ltr'><strong>posuit,</strong></span> <span class='ocrx_word' id='word_1_670' title='bbox 2580 2724 2763 2779; x_wconf 88' lang='lat' dir='ltr'><strong>dicens</strong></span> <span class='ocrx_word' id='word_1_671' title='bbox 2795 2743 2807 2778; x_wconf 91' lang='lat'>:</span> <span class='ocrx_word' id='word_1_672' title='bbox 2838 2727 2926 2780; x_wconf 78' lang='lat'><strong>53.</strong></span> <span class='ocrx_word' id='word_1_673' title='bbox 2962 2726 3145 2781; x_wconf 84' lang='lat' dir='ltr'><strong>Simile</strong></span> <span class='ocrx_word' id='word_1_674' title='bbox 3171 2740 3239 2783; x_wconf 85' lang='lat' dir='ltr'><strong>est</strong></span> <span class='ocrx_word' id='word_1_675' title='bbox 3265 2746 3474 2799; x_wconf 84' lang='lat' dir='ltr'><strong>regnum</strong></span> <span class='ocrx_word' id='word_1_676' title='bbox 3512 2735 3665 2787; x_wconf 76' lang='lat' dir='ltr'><strong>arto-</strong></span> 
     </span>
    </p>
   </div>
   <div class='ocr_carea' id='block_1_89' title="bbox 2085 2815 3665 2892">
    <p class='ocr_par' dir='ltr' id='par_1_89' title="bbox 2085 2815 3665 2892">
     <span class='ocr_line' id='line_1_89' title="bbox 2085 2815 3665 2892; baseline 0.011 -30"><span class='ocrx_word' id='word_1_677' title='bbox 2085 2827 2199 2864; x_wconf 89' lang='lat' dir='ltr'><strong>rum</strong></span> <span class='ocrx_word' id='word_1_678' title='bbox 2220 2815 2484 2883; x_wconf 76' lang='lat' dir='ltr'><strong>fermento,</strong></span> <span class='ocrx_word' id='word_1_679' title='bbox 2512 2816 2648 2885; x_wconf 81' lang='lat' dir='ltr'><strong>quod</strong></span> <span class='ocrx_word' id='word_1_680' title='bbox 2674 2830 2931 2887; x_wconf 80' lang='lat' dir='ltr'><strong>acceptant</strong></span> <span class='ocrx_word' id='word_1_681' title='bbox 2961 2819 3142 2874; x_wconf 83' lang='lat' dir='ltr'><strong>mulier</strong></span> <span class='ocrx_word' id='word_1_682' title='bbox 3170 2822 3429 2877; x_wconf 85' lang='lat' dir='ltr'><strong>abscondit</strong></span> <span class='ocrx_word' id='word_1_683' title='bbox 3452 2825 3503 2876; x_wconf 87' lang='lat' dir='ltr'><strong>in</strong></span> <span class='ocrx_word' id='word_1_684' title='bbox 3536 2826 3665 2892; x_wconf 76' lang='lat' dir='ltr'><strong>{ari-</strong></span> 
     </span>
    </p>
   </div>
   <div class='ocr_carea' id='block_1_90' title="bbox 2088 2909 3665 2981">
    <p class='ocr_par' dir='ltr' id='par_1_90' title="bbox 2088 2909 3665 2981">
     <span class='ocr_line' id='line_1_90' title="bbox 2088 2909 3665 2981; baseline 0.01 -23"><span class='ocrx_word' id='word_1_685' title='bbox 2088 2921 2166 2959; x_wconf 76' lang='grc' dir='ltr'><strong>πω</strong></span> <span class='ocrx_word' id='word_1_686' title='bbox 2205 2909 2328 2960; x_wconf 88' lang='lat' dir='ltr'><strong>satis</strong></span> <span class='ocrx_word' id='word_1_687' title='bbox 2370 2909 2546 2973; x_wconf 87' lang='lat' dir='ltr'><strong>tribus,</strong></span> <span class='ocrx_word' id='word_1_688' title='bbox 2593 2910 2751 2964; x_wconf 75' lang='lat' dir='ltr'><strong>donec</strong></span> <span class='ocrx_word' id='word_1_689' title='bbox 2795 2916 3152 2981; x_wconf 83' lang='lat' dir='ltr'><strong>fermentatum</strong></span> <span class='ocrx_word' id='word_1_690' title='bbox 3187 2926 3260 2969; x_wconf 88' lang='lat' dir='ltr'><strong>est</strong></span> <span class='ocrx_word' id='word_1_691' title='bbox 3295 2925 3474 2970; x_wconf 89' lang='lat' dir='ltr'><strong>totum.</strong></span> <span class='ocrx_word' id='word_1_692' title='bbox 3519 2919 3665 2974; x_wconf 85' lang='lat' dir='ltr'><strong>Sicut</strong></span> 
     </span>
    </p>
   </div>
   <div class='ocr_carea' id='block_1_91' title="bbox 2087 2998 3666 3075">
    <p class='ocr_par' dir='ltr' id='par_1_91' title="bbox 2087 2998 3666 3075">
     <span class='ocr_line' id='line_1_91' title="bbox 2087 2998 3666 3075; baseline 0.01 -26"><span class='ocrx_word' id='word_1_693' title='bbox 2087 2999 2227 3051; x_wconf 92' lang='lat' dir='ltr'><strong>enim</strong></span> <span class='ocrx_word' id='word_1_694' title='bbox 2273 2998 2593 3054; x_wconf 82' lang='lat' dir='ltr'><strong>fermentum</strong></span> <span class='ocrx_word' id='word_1_695' title='bbox 2633 3003 2813 3057; x_wconf 77' lang='lat' dir='ltr'><strong>multa:</strong></span> <span class='ocrx_word' id='word_1_696' title='bbox 2858 3004 3040 3058; x_wconf 70' lang='lat' dir='ltr'><strong>lat-inte</strong></span> <span class='ocrx_word' id='word_1_697' title='bbox 3071 3006 3174 3058; x_wconf 82' lang='lat' dir='ltr'><strong>vim</strong></span> <span class='ocrx_word' id='word_1_698' title='bbox 3203 3022 3352 3061; x_wconf 87' lang='lat' dir='ltr'><strong>suam</strong></span> <span class='ocrx_word' id='word_1_699' title='bbox 3385 3008 3546 3075; x_wconf 90' lang='lat' dir='ltr'><strong>indit,</strong></span> <span class='ocrx_word' id='word_1_700' title='bbox 3590 3012 3666 3065; x_wconf 89' lang='lat' dir='ltr'><strong>sic</strong></span> 
     </span>
    </p>
   </div>
   <div class='ocr_carea' id='block_1_92' title="bbox 2086 3093 3665 3169">
    <p class='ocr_par' dir='ltr' id='par_1_92' title="bbox 2086 3093 3665 3169">
     <span class='ocr_line' id='line_1_92' title="bbox 2086 3093 3665 3169; baseline 0.009 -28"><span class='ocrx_word' id='word_1_701' title='bbox 2086 3097 2141 3142; x_wconf 90' lang='lat' dir='ltr'><strong>et</strong></span> <span class='ocrx_word' id='word_1_702' title='bbox 2167 3104 2264 3144; x_wconf 88' lang='lat' dir='ltr'><strong>vos</strong></span> <span class='ocrx_word' id='word_1_703' title='bbox 2292 3099 2456 3143; x_wconf 89' lang='lat' dir='ltr'><strong>totum</strong></span> <span class='ocrx_word' id='word_1_704' title='bbox 2490 3093 2743 3146; x_wconf 91' lang='lat' dir='ltr'><strong>mundum</strong></span> <span class='ocrx_word' id='word_1_705' title='bbox 2769 3096 3115 3150; x_wconf 85' lang='lat' dir='ltr'><strong>convertetis.</strong></span> <span class='ocrx_word' id='word_1_706' title='bbox 3160 3097 3223 3150; x_wconf 76' lang='lat' dir='ltr'><strong>Et</strong></span> <span class='ocrx_word' id='word_1_707' title='bbox 3263 3098 3383 3151; x_wconf 77' lang='lat' dir='ltr'><strong>vide</strong></span> <span class='ocrx_word' id='word_1_708' title='bbox 3430 3100 3665 3169; x_wconf 85' lang='lat' dir='ltr'><strong>pruden-</strong></span> 
     </span>
    </p>
   </div>
   <div class='ocr_carea' id='block_1_93' title="bbox 2086 3179 3665 3255">
    <p class='ocr_par' dir='ltr' id='par_1_93' title="bbox 2086 3179 3665 3255">
     <span class='ocr_line' id='line_1_93' title="bbox 2086 3179 3665 3255; baseline 0.009 -23"><span class='ocrx_word' id='word_1_709' title='bbox 2086 3179 2233 3233; x_wconf 91' lang='lat' dir='ltr'><strong>tiam.</strong></span> <span class='ocrx_word' id='word_1_710' title='bbox 2276 3180 2488 3236; x_wconf 79' lang='lat' dir='ltr'><strong>Natura:</strong></span> <span class='ocrx_word' id='word_1_711' title='bbox 2526 3183 2781 3253; x_wconf 87' lang='lat' dir='ltr'><strong>imagines</strong></span> <span class='ocrx_word' id='word_1_712' title='bbox 2820 3186 2996 3251; x_wconf 74' lang='lat' dir='ltr'><strong>affert,</strong></span> <span class='ocrx_word' id='word_1_713' title='bbox 3040 3203 3147 3255; x_wconf 92' lang='lat' dir='ltr'><strong>quo</strong></span> <span class='ocrx_word' id='word_1_714' title='bbox 3170 3190 3434 3254; x_wconf 88' lang='lat' dir='ltr'><strong>ostendat,</strong></span> <span class='ocrx_word' id='word_1_715' title='bbox 3464 3202 3517 3244; x_wconf 92' lang='lat' dir='ltr'><strong>ut</strong></span> <span class='ocrx_word' id='word_1_716' title='bbox 3553 3192 3665 3247; x_wconf 75' lang='lat' dir='ltr'><strong>lucc</strong></span> 
     </span>
    </p>
   </div>
   <div class='ocr_carea' id='block_1_94' title="bbox 2085 3273 3664 3339">
    <p class='ocr_par' dir='ltr' id='par_1_94' title="bbox 2085 3273 3664 3339">
     <span class='ocr_line' id='line_1_94' title="bbox 2085 3273 3664 3339; baseline 0.009 -14"><span class='ocrx_word' id='word_1_717' title='bbox 2085 3273 2377 3326; x_wconf 86' lang='lat' dir='ltr'><strong>secundum</strong></span> <span class='ocrx_word' id='word_1_718' title='bbox 2428 3274 2725 3328; x_wconf 88' lang='lat' dir='ltr'><strong>naturalem</strong></span> <span class='ocrx_word' id='word_1_719' title='bbox 2778 3291 2955 3329; x_wconf 89' lang='lat' dir='ltr'><strong>rerqu</strong></span> <span class='ocrx_word' id='word_1_720' title='bbox 3003 3280 3197 3331; x_wconf 83' lang='lat' dir='ltr'><strong>seriem</strong></span> <span class='ocrx_word' id='word_1_721' title='bbox 3244 3282 3547 3335; x_wconf 88' lang='lat' dir='ltr'><strong>necessario</strong></span> 
     </span>
    </p>
   </div>
   <div class='ocr_carea' id='block_1_95' title="bbox 2086 3363 3665 3441">
    <p class='ocr_par' dir='ltr' id='par_1_95' title="bbox 2086 3363 3665 3441">
     <span class='ocr_line' id='line_1_95' title="bbox 2086 3363 3665 3441; baseline 0.007 -24"><span class='ocrx_word' id='word_1_722' title='bbox 2086 3363 2237 3429; x_wconf 90' lang='lat' dir='ltr'><strong>ﬁunt,</strong></span> <span class='ocrx_word' id='word_1_723' title='bbox 2279 3365 2357 3419; x_wconf 90' lang='lat' dir='ltr'><strong>sic</strong></span> <span class='ocrx_word' id='word_1_724' title='bbox 2403 3375 2458 3419; x_wconf 88' lang='lat' dir='ltr'><strong>et</strong></span> <span class='ocrx_word' id='word_1_725' title='bbox 2502 3366 2622 3421; x_wconf 87' lang='lat' dir='ltr'><strong>ista.</strong></span> <span class='ocrx_word' id='word_1_726' title='bbox 2673 3366 2748 3421; x_wconf 86' lang='lat' dir='ltr'><strong>Ne</strong></span> <span class='ocrx_word' id='word_1_727' title='bbox 2784 3367 2911 3421; x_wconf 88' lang='lat' dir='ltr'><strong>mihi</strong></span> <span class='ocrx_word' id='word_1_728' title='bbox 2939 3368 3179 3424; x_wconf 90' lang='lat' dir='ltr'><strong>dixeris:</strong></span> <span class='ocrx_word' id='word_1_729' title='bbox 3207 3369 3340 3437; x_wconf 90' lang='lat' dir='ltr'><strong>Quid</strong></span> <span class='ocrx_word' id='word_1_730' title='bbox 3371 3372 3665 3441; x_wconf 87' lang='lat' dir='ltr'><strong>poterimus</strong></span> 
     </span>
    </p>
   </div>
   <div class='ocr_carea' id='block_1_96' title="bbox 2082 3457 3665 3522">
    <p class='ocr_par' dir='ltr' id='par_1_96' title="bbox 2082 3457 3665 3522">
     <span class='ocr_line' id='line_1_96' title="bbox 2082 3457 3665 3522; baseline 0.007 -11"><span class='ocrx_word' id='word_1_731' title='bbox 2082 3457 2361 3512; x_wconf 89' lang='lat' dir='ltr'><strong>duodecim</strong></span> <span class='ocrx_word' id='word_1_732' title='bbox 2392 3457 2638 3514; x_wconf 88' lang='lat' dir='ltr'><strong>homines</strong></span> <span class='ocrx_word' id='word_1_733' title='bbox 2668 3460 2721 3513; x_wconf 92' lang='lat' dir='ltr'><strong>in</strong></span> <span class='ocrx_word' id='word_1_734' title='bbox 2751 3468 2951 3515; x_wconf 90' lang='lat' dir='ltr'><strong>tantam</strong></span> <span class='ocrx_word' id='word_1_735' title='bbox 2989 3462 3381 3517; x_wconf 80' lang='lat' dir='ltr'><strong>multitudinem</strong></span> <span class='ocrx_word' id='word_1_736' title='bbox 3427 3464 3665 3522; x_wconf 87' lang='lat' dir='ltr'><strong>inciden-</strong></span> 
     </span>
    </p>
   </div>
   <div class='ocr_carea' id='block_1_97' title="bbox 2084 3548 3663 3625">
    <p class='ocr_par' dir='ltr' id='par_1_97' title="bbox 2084 3548 3663 3625">
     <span class='ocr_line' id='line_1_97' title="bbox 2084 3548 3663 3625; baseline 0.004 -22"><span class='ocrx_word' id='word_1_737' title='bbox 2084 3548 2204 3603; x_wconf 85' lang='lat' dir='ltr'><strong>tes?</strong></span> <span class='ocrx_word' id='word_1_738' title='bbox 2240 3548 2370 3602; x_wconf 80' lang='lat' dir='ltr'><strong>Nam</strong></span> <span class='ocrx_word' id='word_1_739' title='bbox 2412 3549 2640 3618; x_wconf 81' lang='lat' dir='ltr'><strong>idipsum</strong></span> <span class='ocrx_word' id='word_1_740' title='bbox 2681 3553 2911 3607; x_wconf 89' lang='lat' dir='ltr'><strong>maxime</strong></span> <span class='ocrx_word' id='word_1_741' title='bbox 2948 3553 3198 3607; x_wconf 84' lang='lat' dir='ltr'><strong>virtutem</strong></span> <span class='ocrx_word' id='word_1_742' title='bbox 3228 3563 3455 3608; x_wconf 80' lang='lat' dir='ltr'><strong>vestram</strong></span> <span class='ocrx_word' id='word_1_743' title='bbox 3482 3556 3663 3625; x_wconf 83' lang='lat' dir='ltr'><strong>splen-</strong></span> 
     </span>
    </p>
   </div>
   <div class='ocr_carea' id='block_1_98' title="bbox 2080 3636 3661 3715">
    <p class='ocr_par' dir='ltr' id='par_1_98' title="bbox 2080 3636 3661 3715">
     <span class='ocr_line' id='line_1_98' title="bbox 2080 3636 3661 3715; baseline 0.006 -24"><span class='ocrx_word' id='word_1_744' title='bbox 2080 3636 2259 3692; x_wconf 87' lang='lat' dir='ltr'><strong>didam</strong></span> <span class='ocrx_word' id='word_1_745' title='bbox 2301 3639 2495 3703; x_wconf 89' lang='lat' dir='ltr'><strong>reddit,</strong></span> <span class='ocrx_word' id='word_1_746' title='bbox 2527 3641 2668 3708; x_wconf 90' lang='lat' dir='ltr'><strong>quod</strong></span> <span class='ocrx_word' id='word_1_747' title='bbox 2699 3642 3021 3696; x_wconf 88' lang='lat' dir='ltr'><strong>multitudini</strong></span> <span class='ocrx_word' id='word_1_748' title='bbox 3050 3642 3267 3698; x_wconf 87' lang='lat' dir='ltr'><strong>admixti</strong></span> <span class='ocrx_word' id='word_1_749' title='bbox 3294 3660 3398 3699; x_wconf 88' lang='lat' dir='ltr'><strong>non</strong></span> <span class='ocrx_word' id='word_1_750' title='bbox 3428 3644 3661 3715; x_wconf 82' lang='lat' dir='ltr'><strong>fugiatis.</strong></span> 
     </span>
    </p>
   </div>
   <div class='ocr_carea' id='block_1_99' title="bbox 2080 3730 3662 3795">
    <p class='ocr_par' dir='ltr' id='par_1_99' title="bbox 2080 3730 3662 3795">
     <span class='ocr_line' id='line_1_99' title="bbox 2080 3730 3662 3795; baseline 0.006 -12"><span class='ocrx_word' id='word_1_751' title='bbox 2080 3730 2536 3795; x_wconf 84' lang='lat' dir='ltr'><strong>Quemadmodum</strong></span> <span class='ocrx_word' id='word_1_752' title='bbox 2565 3741 2621 3787; x_wconf 90' lang='lat' dir='ltr'><strong>et</strong></span> <span class='ocrx_word' id='word_1_753' title='bbox 2644 3732 2963 3787; x_wconf 78' lang='lat' dir='ltr'><strong>fermentum</strong></span> <span class='ocrx_word' id='word_1_754' title='bbox 2994 3744 3117 3789; x_wconf 91' lang='lat' dir='ltr'><strong>tunc</strong></span> <span class='ocrx_word' id='word_1_755' title='bbox 3162 3750 3390 3789; x_wconf 88' lang='lat' dir='ltr'><strong>massam</strong></span> <span class='ocrx_word' id='word_1_756' title='bbox 3430 3735 3662 3791; x_wconf 83' lang='lat' dir='ltr'><strong>fermen-</strong></span> 
     </span>
    </p>
   </div>
   <div class='ocr_carea' id='block_1_100' title="bbox 2082 3821 3655 3893">
    <p class='ocr_par' dir='ltr' id='par_1_100' title="bbox 2082 3821 3655 3893">
     <span class='ocr_line' id='line_1_100' title="bbox 2082 3821 3655 3893; baseline 0.005 -20"><span class='ocrx_word' id='word_1_757' title='bbox 2082 3829 2176 3882; x_wconf 90' lang='lat' dir='ltr'><strong>tat,</strong></span> <span class='ocrx_word' id='word_1_758' title='bbox 2216 3835 2335 3875; x_wconf 87' lang='lat' dir='ltr'><strong>cum</strong></span> <span class='ocrx_word' id='word_1_759' title='bbox 2383 3821 2568 3876; x_wconf 74' lang='lat' dir='ltr'><strong>farina:</strong></span> <span class='ocrx_word' id='word_1_760' title='bbox 2610 3822 2962 3888; x_wconf 80' lang='lat' dir='ltr'><strong>admovetur;</strong></span> <span class='ocrx_word' id='word_1_761' title='bbox 3004 3839 3104 3880; x_wconf 89' lang='lat' dir='ltr'><strong>nec</strong></span> <span class='ocrx_word' id='word_1_762' title='bbox 3134 3825 3293 3879; x_wconf 87' lang='lat' dir='ltr'><strong>modo</strong></span> <span class='ocrx_word' id='word_1_763' title='bbox 3318 3826 3655 3893; x_wconf 89' lang='lat' dir='ltr'><strong>admovetur,</strong></span> 
     </span>
    </p>
   </div>
   <div class='ocr_carea' id='block_1_101' title="bbox 2078 3913 3656 3984">
    <p class='ocr_par' dir='ltr' id='par_1_101' title="bbox 2078 3913 3656 3984">
     <span class='ocr_line' id='line_1_101' title="bbox 2078 3913 3656 3984; baseline 0.004 -18"><span class='ocrx_word' id='word_1_764' title='bbox 2078 3913 2172 3967; x_wconf 89' lang='lat' dir='ltr'><strong>sed</strong></span> <span class='ocrx_word' id='word_1_765' title='bbox 2219 3913 2287 3966; x_wconf 89' lang='lat' dir='ltr'><strong>ita</strong></span> <span class='ocrx_word' id='word_1_766' title='bbox 2328 3922 2384 3967; x_wconf 91' lang='lat' dir='ltr'><strong>ut</strong></span> <span class='ocrx_word' id='word_1_767' title='bbox 2422 3914 2739 3979; x_wconf 89' lang='lat' dir='ltr'><strong>misceatur;</strong></span> <span class='ocrx_word' id='word_1_768' title='bbox 2787 3929 2891 3967; x_wconf 79' lang='lat' dir='ltr'><strong>non</strong></span> <span class='ocrx_word' id='word_1_769' title='bbox 2939 3915 3079 3969; x_wconf 92' lang='lat' dir='ltr'><strong>enim</strong></span> <span class='ocrx_word' id='word_1_770' title='bbox 3133 3915 3446 3983; x_wconf 89' lang='lat' dir='ltr'><strong>simpliciter</strong></span> <span class='ocrx_word' id='word_1_771' title='bbox 3486 3918 3656 3984; x_wconf 80' lang='lat' dir='ltr'><strong>dixit,</strong></span> 
     </span>
    </p>
   </div>
   <div class='ocr_carea' id='block_1_102' title="bbox 2081 4004 3658 4077">
    <p class='ocr_par' dir='ltr' id='par_1_102' title="bbox 2081 4004 3658 4077">
     <span class='ocr_line' id='line_1_102' title="bbox 2081 4004 3658 4077; baseline 0.004 -19"><span class='ocrx_word' id='word_1_772' title='bbox 2081 4004 2279 4063; x_wconf 88' lang='lat' dir='ltr'><strong>Posuit.</strong></span> <span class='ocrx_word' id='word_1_773' title='bbox 2306 4004 2421 4070; x_wconf 87' lang='lat' dir='ltr'><strong>sed,</strong></span> <span class='ocrx_word' id='word_1_774' title='bbox 2448 4006 2717 4058; x_wconf 75' lang='lat' dir='ltr'><strong>Abscondit</strong></span> <span class='ocrx_word' id='word_1_775' title='bbox 2738 4021 2757 4058; x_wconf 91' lang='lat'><strong><em>:</em></strong></span> <span class='ocrx_word' id='word_1_776' title='bbox 2788 4007 2864 4059; x_wconf 87' lang='lat' dir='ltr'><strong>sic</strong></span> <span class='ocrx_word' id='word_1_777' title='bbox 2891 4015 2946 4060; x_wconf 94' lang='lat' dir='ltr'><strong>ct</strong></span> <span class='ocrx_word' id='word_1_778' title='bbox 2970 4020 3063 4059; x_wconf 79' lang='lat' dir='ltr'><strong>vos</strong></span> <span class='ocrx_word' id='word_1_779' title='bbox 3085 4008 3389 4075; x_wconf 87' lang='lat' dir='ltr'><strong>agglutinati</strong></span> <span class='ocrx_word' id='word_1_780' title='bbox 3420 4019 3473 4063; x_wconf 91' lang='lat' dir='ltr'><strong>et</strong></span> <span class='ocrx_word' id='word_1_781' title='bbox 3489 4009 3658 4077; x_wconf 88' lang='lat' dir='ltr'><strong>juncti</strong></span> 
     </span>
    </p>
   </div>
   <div class='ocr_carea' id='block_1_103' title="bbox 2079 4097 3659 4166">
    <p class='ocr_par' dir='ltr' id='par_1_103' title="bbox 2079 4097 3659 4166">
     <span class='ocr_line' id='line_1_103' title="bbox 2079 4097 3659 4166; baseline 0.001 -13"><span class='ocrx_word' id='word_1_782' title='bbox 2079 4113 2199 4153; x_wconf 89' lang='lat' dir='ltr'><strong>cum</strong></span> <span class='ocrx_word' id='word_1_783' title='bbox 2233 4097 2668 4166; x_wconf 86' lang='lat' dir='ltr'><strong>impugnantibus</strong></span> <span class='ocrx_word' id='word_1_784' title='bbox 2694 4112 2808 4157; x_wconf 81' lang='lat' dir='ltr'><strong>vos.</strong></span> <span class='ocrx_word' id='word_1_785' title='bbox 2852 4098 2994 4165; x_wconf 88' lang='lat' dir='ltr'><strong>ipsos</strong></span> <span class='ocrx_word' id='word_1_786' title='bbox 3032 4099 3373 4165; x_wconf 85' lang='lat' dir='ltr'><strong>superabitis.</strong></span> <span class='ocrx_word' id='word_1_787' title='bbox 3420 4100 3485 4153; x_wconf 77' lang='lat' dir='ltr'><strong>Et</strong></span> <span class='ocrx_word' id='word_1_788' title='bbox 3520 4101 3659 4155; x_wconf 88' lang='lat' dir='ltr'><strong>sicut</strong></span> 
     </span>
    </p>
   </div>
   <div class='ocr_carea' id='block_1_104' title="bbox 2080 4188 3659 4261">
    <p class='ocr_par' dir='ltr' id='par_1_104' title="bbox 2080 4188 3659 4261">
     <span class='ocr_line' id='line_1_104' title="bbox 2080 4188 3659 4261; baseline 0.004 -20"><span class='ocrx_word' id='word_1_789' title='bbox 2080 4188 2205 4243; x_wconf 91' lang='lat' dir='ltr'><strong>illud</strong></span> <span class='ocrx_word' id='word_1_790' title='bbox 2236 4189 2479 4243; x_wconf 85' lang='lat' dir='ltr'><strong>obruitur</strong></span> <span class='ocrx_word' id='word_1_791' title='bbox 2506 4189 2555 4241; x_wconf 91' lang='lat' dir='ltr'><strong>in</strong></span> <span class='ocrx_word' id='word_1_792' title='bbox 2586 4203 2780 4251; x_wconf 84' lang='lat' dir='ltr'><strong>massa,</strong></span> <span class='ocrx_word' id='word_1_793' title='bbox 2812 4188 2905 4243; x_wconf 91' lang='lat' dir='ltr'><strong>sed</strong></span> <span class='ocrx_word' id='word_1_794' title='bbox 2935 4204 3041 4242; x_wconf 91' lang='lat' dir='ltr'><strong>non</strong></span> <span class='ocrx_word' id='word_1_795' title='bbox 3070 4189 3342 4258; x_wconf 89' lang='lat' dir='ltr'><strong>perditur,</strong></span> <span class='ocrx_word' id='word_1_796' title='bbox 3393 4190 3484 4245; x_wconf 90' lang='lat' dir='ltr'><strong>sed</strong></span> <span class='ocrx_word' id='word_1_797' title='bbox 3528 4207 3659 4261; x_wconf 79' lang='lat' dir='ltr'><strong>pau-</strong></span> 
     </span>
    </p>
   </div>
   <div class='ocr_carea' id='block_1_105' title="bbox 2080 4279 3655 4353">
    <p class='ocr_par' dir='ltr' id='par_1_105' title="bbox 2080 4279 3655 4353">
     <span class='ocr_line' id='line_1_105' title="bbox 2080 4279 3655 4353; baseline 0.004 -21"><span class='ocrx_word' id='word_1_798' title='bbox 2080 4280 2224 4333; x_wconf 87' lang='lat' dir='ltr'><strong>latim</strong></span> <span class='ocrx_word' id='word_1_799' title='bbox 2250 4280 2341 4333; x_wconf 90' lang='lat' dir='ltr'><strong>toti</strong></span> <span class='ocrx_word' id='word_1_800' title='bbox 2374 4294 2564 4333; x_wconf 77' lang='lat' dir='ltr'><strong>massa:</strong></span> <span class='ocrx_word' id='word_1_801' title='bbox 2591 4279 2693 4332; x_wconf 85' lang='lat' dir='ltr'><strong>vim</strong></span> <span class='ocrx_word' id='word_1_802' title='bbox 2724 4294 2873 4333; x_wconf 88' lang='lat' dir='ltr'><strong>suam</strong></span> <span class='ocrx_word' id='word_1_803' title='bbox 2911 4279 3043 4333; x_wconf 88' lang='lat' dir='ltr'><strong>indit</strong></span> <span class='ocrx_word' id='word_1_804' title='bbox 3080 4298 3091 4335; x_wconf 95' lang='lat'>:</span> <span class='ocrx_word' id='word_1_805' title='bbox 3124 4282 3351 4350; x_wconf 87' lang='lat' dir='ltr'><strong>idipsum</strong></span> <span class='ocrx_word' id='word_1_806' title='bbox 3384 4283 3436 4335; x_wconf 90' lang='lat' dir='ltr'><strong>in</strong></span> <span class='ocrx_word' id='word_1_807' title='bbox 3462 4284 3655 4353; x_wconf 63' lang='lat' dir='ltr'><strong>pracdi-</strong></span> 
     </span>
    </p>
   </div>
   <div class='ocr_carea' id='block_1_106' title="bbox 2076 4368 3655 4439">
    <p class='ocr_par' dir='ltr' id='par_1_106' title="bbox 2076 4368 3655 4439">
     <span class='ocr_line' id='line_1_106' title="bbox 2076 4368 3655 4439; baseline 0.003 -14"><span class='ocrx_word' id='word_1_808' title='bbox 2076 4373 2283 4425; x_wconf 89' lang='lat' dir='ltr'><strong>cati0ne</strong></span> <span class='ocrx_word' id='word_1_809' title='bbox 2321 4372 2608 4438; x_wconf 78' lang='lat' dir='ltr'><strong>continget.</strong></span> <span class='ocrx_word' id='word_1_810' title='bbox 2643 4368 2721 4423; x_wconf 87' lang='lat' dir='ltr'><strong>Ne</strong></span> <span class='ocrx_word' id='word_1_811' title='bbox 2759 4370 2933 4437; x_wconf 85' lang='lat' dir='ltr'><strong>itaque</strong></span> <span class='ocrx_word' id='word_1_812' title='bbox 2976 4371 3097 4439; x_wconf 84' lang='lat' dir='ltr'><strong>quia</strong></span> <span class='ocrx_word' id='word_1_813' title='bbox 3145 4373 3339 4426; x_wconf 82' lang='lat' dir='ltr'><strong>multas</strong></span> <span class='ocrx_word' id='word_1_814' title='bbox 3387 4389 3655 4429; x_wconf 75' lang='lat' dir='ltr'><strong>:rrumnas</strong></span> 
     </span>
    </p>
   </div>
   <div class='ocr_carea' id='block_1_107' title="bbox 2077 4462 3659 4534">
    <p class='ocr_par' dir='ltr' id='par_1_107' title="bbox 2077 4462 3659 4534">
     <span class='ocr_line' id='line_1_107' title="bbox 2077 4462 3659 4534; baseline 0.003 -17"><span class='ocrx_word' id='word_1_815' title='bbox 2077 4464 2318 4534; x_wconf 65' lang='lat' dir='ltr'><strong>prtedixi,</strong></span> <span class='ocrx_word' id='word_1_816' title='bbox 2370 4462 2487 4515; x_wconf 92' lang='lat' dir='ltr'><strong>ideo</strong></span> <span class='ocrx_word' id='word_1_817' title='bbox 2533 4462 2763 4515; x_wconf 76' lang='lat' dir='ltr'><strong>timentis</strong></span> <span class='ocrx_word' id='word_1_818' title='bbox 2795 4480 2808 4515; x_wconf 90' lang='lat'><strong>:</strong></span> <span class='ocrx_word' id='word_1_819' title='bbox 2842 4478 2964 4515; x_wconf 89' lang='lat' dir='ltr'><strong>nam</strong></span> <span class='ocrx_word' id='word_1_820' title='bbox 2994 4464 3072 4516; x_wconf 85' lang='lat' dir='ltr'><strong>sic</strong></span> <span class='ocrx_word' id='word_1_821' title='bbox 3108 4464 3371 4531; x_wconf 89' lang='lat' dir='ltr'><strong>splendidi</strong></span> <span class='ocrx_word' id='word_1_822' title='bbox 3414 4467 3563 4520; x_wconf 87' lang='lat' dir='ltr'><strong>eritis</strong></span> <span class='ocrx_word' id='word_1_823' title='bbox 3603 4476 3659 4521; x_wconf 87' lang='lat' dir='ltr'><strong>et</strong></span> 
     </span>
    </p>
   </div>
   <div class='ocr_carea' id='block_1_108' title="bbox 2075 4551 3655 4623">
    <p class='ocr_par' dir='ltr' id='par_1_108' title="bbox 2075 4551 3655 4623">
     <span class='ocr_line' id='line_1_108' title="bbox 2075 4551 3655 4623; baseline 0.001 -15"><span class='ocrx_word' id='word_1_824' title='bbox 2075 4554 2252 4608; x_wconf 82' lang='lat' dir='ltr'><strong>Omnia</strong></span> <span class='ocrx_word' id='word_1_825' title='bbox 2303 4551 2641 4619; x_wconf 89' lang='lat' dir='ltr'><strong>superabitis.</strong></span> <span class='ocrx_word' id='word_1_826' title='bbox 2692 4551 2814 4603; x_wconf 85' lang='lat' dir='ltr'><strong>Tria</strong></span> <span class='ocrx_word' id='word_1_827' title='bbox 2845 4567 3004 4619; x_wconf 83' lang='lat' dir='ltr'><strong>porro</strong></span> <span class='ocrx_word' id='word_1_828' title='bbox 3032 4560 3145 4605; x_wconf 86' lang='lat' dir='ltr'><strong>sata</strong></span> <span class='ocrx_word' id='word_1_829' title='bbox 3175 4553 3260 4606; x_wconf 91' lang='lat' dir='ltr'><strong>hic</strong></span> <span class='ocrx_word' id='word_1_830' title='bbox 3298 4554 3460 4607; x_wconf 90' lang='lat' dir='ltr'><strong>multa</strong></span> <span class='ocrx_word' id='word_1_831' title='bbox 3487 4556 3655 4623; x_wconf 83' lang='lat' dir='ltr'><strong>signi-</strong></span> 
     </span>
    </p>
   </div>
   <div class='ocr_carea' id='block_1_109' title="bbox 2079 4644 3655 4714">
    <p class='ocr_par' dir='ltr' id='par_1_109' title="bbox 2079 4644 3655 4714">
     <span class='ocr_line' id='line_1_109' title="bbox 2079 4644 3655 4714; baseline 0.001 -16"><span class='ocrx_word' id='word_1_832' title='bbox 2079 4646 2266 4708; x_wconf 82' lang='lat' dir='ltr'><strong>licaut;</strong></span> <span class='ocrx_word' id='word_1_833' title='bbox 2315 4644 2451 4697; x_wconf 90' lang='lat' dir='ltr'><strong>hunc</strong></span> <span class='ocrx_word' id='word_1_834' title='bbox 2478 4645 2672 4713; x_wconf 87' lang='lat' dir='ltr'><strong>quippe</strong></span> <span class='ocrx_word' id='word_1_835' title='bbox 2700 4659 2977 4698; x_wconf 89' lang='lat' dir='ltr'><strong>numerum</strong></span> <span class='ocrx_word' id='word_1_836' title='bbox 3011 4645 3150 4697; x_wconf 86' lang='lat' dir='ltr'><strong>solet</strong></span> <span class='ocrx_word' id='word_1_837' title='bbox 3187 4659 3283 4714; x_wconf 91' lang='lat' dir='ltr'><strong>pro</strong></span> <span class='ocrx_word' id='word_1_838' title='bbox 3318 4645 3655 4701; x_wconf 84' lang='lat' dir='ltr'><strong>multitudine</strong></span> 
     </span>
    </p>
   </div>
   <div class='ocr_carea' id='block_1_110' title="bbox 2075 4732 3661 4805">
    <p class='ocr_par' dir='ltr' id='par_1_110' title="bbox 2075 4732 3661 4805">
     <span class='ocr_line' id='line_1_110' title="bbox 2075 4732 3661 4805; baseline 0.001 -16"><span class='ocrx_word' id='word_1_839' title='bbox 2075 4734 2347 4789; x_wconf 88' lang='lat' dir='ltr'><strong>adhibere.</strong></span> <span class='ocrx_word' id='word_1_840' title='bbox 2396 4733 2473 4788; x_wconf 83' lang='lat' dir='ltr'><strong>Ne</strong></span> <span class='ocrx_word' id='word_1_841' title='bbox 2520 4734 2728 4788; x_wconf 87' lang='lat' dir='ltr'><strong>mireris</strong></span> <span class='ocrx_word' id='word_1_842' title='bbox 2776 4743 2976 4797; x_wconf 88' lang='lat' dir='ltr'><strong>autem,</strong></span> <span class='ocrx_word' id='word_1_843' title='bbox 3020 4734 3065 4787; x_wconf 90' lang='lat' dir='ltr'><strong>si</strong></span> <span class='ocrx_word' id='word_1_844' title='bbox 3104 4732 3173 4788; x_wconf 91' lang='lat' dir='ltr'><strong>de</strong></span> <span class='ocrx_word' id='word_1_845' title='bbox 3207 4748 3372 4803; x_wconf 84' lang='lat' dir='ltr'><strong>regno</strong></span> <span class='ocrx_word' id='word_1_846' title='bbox 3410 4736 3661 4805; x_wconf 83' lang='lat' dir='ltr'><strong>loquens,</strong></span> 
     </span>
    </p>
   </div>
   <div class='ocr_carea' id='block_1_111' title="bbox 2074 4825 3655 4899">
    <p class='ocr_par' dir='ltr' id='par_1_111' title="bbox 2074 4825 3655 4899">
     <span class='ocr_line' id='line_1_111' title="bbox 2074 4825 3655 4899; baseline -0.001 -18"><span class='ocrx_word' id='word_1_847' title='bbox 2074 4844 2294 4899; x_wconf 85' lang='lat' dir='ltr'><strong>granum</strong></span> <span class='ocrx_word' id='word_1_848' title='bbox 2338 4839 2391 4882; x_wconf 90' lang='lat' dir='ltr'><strong>et</strong></span> <span class='ocrx_word' id='word_1_849' title='bbox 2432 4828 2749 4880; x_wconf 88' lang='lat' dir='ltr'><strong>fermentum</strong></span> <span class='ocrx_word' id='word_1_850' title='bbox 2796 4836 3078 4888; x_wconf 89' lang='lat' dir='ltr'><strong>memoret,</strong></span> <span class='ocrx_word' id='word_1_851' title='bbox 3126 4825 3429 4880; x_wconf 88' lang='lat' dir='ltr'><strong>hominibus</strong></span> <span class='ocrx_word' id='word_1_852' title='bbox 3457 4828 3655 4897; x_wconf 88' lang='lat' dir='ltr'><strong>quippe</strong></span> 
     </span>
    </p>
   </div>
   <div class='ocr_carea' id='block_1_112' title="bbox 2076 4918 3654 4990">
    <p class='ocr_par' dir='ltr' id='par_1_112' title="bbox 2076 4918 3654 4990">
     <span class='ocr_line' id='line_1_112' title="bbox 2076 4918 3654 4990; baseline -0.001 -15"><span class='ocrx_word' id='word_1_853' title='bbox 2076 4920 2386 4990; x_wconf 90' lang='lat' dir='ltr'><strong>loquebatur</strong></span> <span class='ocrx_word' id='word_1_854' title='bbox 2422 4919 2679 4987; x_wconf 89' lang='lat' dir='ltr'><strong>imperitis</strong></span> <span class='ocrx_word' id='word_1_855' title='bbox 2720 4926 2773 4972; x_wconf 89' lang='lat' dir='ltr'><strong>et</strong></span> <span class='ocrx_word' id='word_1_856' title='bbox 2818 4918 3033 4987; x_wconf 86' lang='lat' dir='ltr'><strong>ignaris,</strong></span> <span class='ocrx_word' id='word_1_857' title='bbox 3076 4932 3210 4987; x_wconf 90' lang='lat' dir='ltr'><strong>quos</strong></span> <span class='ocrx_word' id='word_1_858' title='bbox 3246 4932 3381 4985; x_wconf 90' lang='lat' dir='ltr'><strong>opus</strong></span> <span class='ocrx_word' id='word_1_859' title='bbox 3417 4928 3532 4972; x_wconf 89' lang='lat' dir='ltr'><strong>erat</strong></span> <span class='ocrx_word' id='word_1_860' title='bbox 3572 4918 3654 4973; x_wconf 90' lang='lat' dir='ltr'><strong>bis</strong></span> 
     </span>
    </p>
   </div>
   <div class='ocr_carea' id='block_1_113' title="bbox 2074 5008 3654 5080">
    <p class='ocr_par' dir='ltr' id='par_1_113' title="bbox 2074 5008 3654 5080">
     <span class='ocr_line' id='line_1_113' title="bbox 2074 5008 3654 5080; baseline -0.003 -15"><span class='ocrx_word' id='word_1_861' title='bbox 2074 5012 2224 5080; x_wconf 85' lang='lat' dir='ltr'><strong>erigi.</strong></span> <span class='ocrx_word' id='word_1_862' title='bbox 2260 5010 2389 5065; x_wconf 75' lang='lat' dir='ltr'><strong>Nam</strong></span> <span class='ocrx_word' id='word_1_863' title='bbox 2420 5010 2489 5063; x_wconf 91' lang='lat' dir='ltr'><strong>ita</strong></span> <span class='ocrx_word' id='word_1_864' title='bbox 2520 5010 2790 5076; x_wconf 84' lang='lat' dir='ltr'><strong>simplices</strong></span> <span class='ocrx_word' id='word_1_865' title='bbox 2820 5017 2992 5070; x_wconf 83' lang='lat' dir='ltr'><strong>erant,</strong></span> <span class='ocrx_word' id='word_1_866' title='bbox 3024 5017 3079 5061; x_wconf 92' lang='lat' dir='ltr'><strong>nt</strong></span> <span class='ocrx_word' id='word_1_867' title='bbox 3111 5018 3291 5076; x_wconf 85' lang='lat' dir='ltr'><strong>postea</strong></span> <span class='ocrx_word' id='word_1_868' title='bbox 3323 5008 3485 5061; x_wconf 84' lang='lat' dir='ltr'><strong>multa</strong></span> <span class='ocrx_word' id='word_1_869' title='bbox 3517 5023 3654 5077; x_wconf 87' lang='lat' dir='ltr'><strong>opus</strong></span> 
     </span>
    </p>
   </div>
   <div class='ocr_carea' id='block_1_114' title="bbox 2076 5101 3649 5170">
    <p class='ocr_par' dir='ltr' id='par_1_114' title="bbox 2076 5101 3649 5170">
     <span class='ocr_line' id='line_1_114' title="bbox 2076 5101 3649 5170; baseline 0.001 -14"><span class='ocrx_word' id='word_1_870' title='bbox 2076 5103 2332 5157; x_wconf 89' lang='lat' dir='ltr'><strong>haberent</strong></span> <span class='ocrx_word' id='word_1_871' title='bbox 2372 5101 2828 5170; x_wconf 90' lang='lat' dir='ltr'><strong>interpretatione.</strong></span> <span class='ocrx_word' id='word_1_872' title='bbox 2878 5101 2975 5155; x_wconf 83' lang='lat' dir='ltr'><strong>Ubi</strong></span> <span class='ocrx_word' id='word_1_873' title='bbox 3006 5109 3130 5153; x_wconf 91' lang='lat' dir='ltr'><strong>sunt</strong></span> <span class='ocrx_word' id='word_1_874' title='bbox 3151 5102 3412 5169; x_wconf 86' lang='lat' dir='ltr'><strong>gentiles?</strong></span> <span class='ocrx_word' id='word_1_875' title='bbox 3451 5102 3649 5159; x_wconf 88' lang='lat' dir='ltr'><strong>Christi</strong></span> 
     </span>
    </p>
   </div>
   <div class='ocr_carea' id='block_1_115' title="bbox 2074 5193 3657 5263">
    <p class='ocr_par' dir='ltr' id='par_1_115' title="bbox 2074 5193 3657 5263">
     <span class='ocr_line' id='line_1_115' title="bbox 2074 5193 3657 5263; baseline 0.001 -16"><span class='ocrx_word' id='word_1_876' title='bbox 2074 5194 2322 5247; x_wconf 82' lang='lat' dir='ltr'><strong>virtutem</strong></span> <span class='ocrx_word' id='word_1_877' title='bbox 2348 5193 2605 5255; x_wconf 84' lang='lat' dir='ltr'><strong>ediscant,</strong></span> <span class='ocrx_word' id='word_1_878' title='bbox 2636 5207 2814 5247; x_wconf 87' lang='lat' dir='ltr'><strong>rerum</strong></span> <span class='ocrx_word' id='word_1_879' title='bbox 2837 5194 3115 5246; x_wconf 81' lang='lat' dir='ltr'><strong>veritatem</strong></span> <span class='ocrx_word' id='word_1_880' title='bbox 3140 5194 3567 5263; x_wconf 85' lang='lat' dir='ltr'><strong>conspicientes;</strong></span> <span class='ocrx_word' id='word_1_881' title='bbox 3601 5205 3657 5249; x_wconf 90' lang='lat' dir='ltr'><strong>et</strong></span> 
     </span>
    </p>
   </div>
   <div class='ocr_carea' id='block_1_116' title="bbox 2074 5282 3654 5352">
    <p class='ocr_par' dir='ltr' id='par_1_116' title="bbox 2074 5282 3654 5352">
     <span class='ocr_line' id='line_1_116' title="bbox 2074 5282 3654 5352; baseline 0.001 -14"><span class='ocrx_word' id='word_1_882' title='bbox 2074 5285 2173 5339; x_wconf 90' lang='lat' dir='ltr'><strong>hac</strong></span> <span class='ocrx_word' id='word_1_883' title='bbox 2210 5295 2432 5352; x_wconf 88' lang='lat' dir='ltr'><strong>utraque</strong></span> <span class='ocrx_word' id='word_1_884' title='bbox 2475 5284 2543 5338; x_wconf 90' lang='lat' dir='ltr'><strong>de</strong></span> <span class='ocrx_word' id='word_1_885' title='bbox 2587 5298 2747 5337; x_wconf 88' lang='lat' dir='ltr'><strong>causa</strong></span> <span class='ocrx_word' id='word_1_886' title='bbox 2797 5284 2944 5337; x_wconf 91' lang='lat' dir='ltr'><strong>illum</strong></span> <span class='ocrx_word' id='word_1_887' title='bbox 2988 5282 3233 5349; x_wconf 86' lang='lat' dir='ltr'><strong>adorent,</strong></span> <span class='ocrx_word' id='word_1_888' title='bbox 3281 5293 3337 5338; x_wconf 91' lang='lat' dir='ltr'><strong>et</strong></span> <span class='ocrx_word' id='word_1_889' title='bbox 3363 5286 3503 5352; x_wconf 89' lang='lat' dir='ltr'><strong>quod</strong></span> <span class='ocrx_word' id='word_1_890' title='bbox 3541 5300 3654 5340; x_wconf 90' lang='lat' dir='ltr'><strong>rem</strong></span> 
     </span>
    </p>
   </div>
   <div class='ocr_carea' id='block_1_117' title="bbox 2078 5373 3654 5445">
    <p class='ocr_par' dir='ltr' id='par_1_117' title="bbox 2078 5373 3654 5445">
     <span class='ocr_line' id='line_1_117' title="bbox 2078 5373 3654 5445; baseline 0 -15"><span class='ocrx_word' id='word_1_891' title='bbox 2078 5385 2274 5430; x_wconf 88' lang='lat' dir='ltr'><strong>tantam</strong></span> <span class='ocrx_word' id='word_1_892' title='bbox 2316 5374 2644 5445; x_wconf 70' lang='lat' dir='ltr'><strong>prredixerit,</strong></span> <span class='ocrx_word' id='word_1_893' title='bbox 2696 5382 2751 5427; x_wconf 92' lang='lat' dir='ltr'><strong>et</strong></span> <span class='ocrx_word' id='word_1_894' title='bbox 2792 5373 2932 5443; x_wconf 91' lang='lat' dir='ltr'><strong>quod</strong></span> <span class='ocrx_word' id='word_1_895' title='bbox 2977 5374 3117 5427; x_wconf 87' lang='lat' dir='ltr'><strong>illam</strong></span> <span class='ocrx_word' id='word_1_896' title='bbox 3159 5375 3478 5443; x_wconf 86' lang='lat' dir='ltr'><strong>impleverit.</strong></span> <span class='ocrx_word' id='word_1_897' title='bbox 3522 5375 3654 5430; x_wconf 77' lang='lat' dir='ltr'><strong>Nam</strong></span> 
     </span>
    </p>
   </div>
   <div class='ocr_carea' id='block_1_118' title="bbox 2074 5466 3657 5538">
    <p class='ocr_par' dir='ltr' id='par_1_118' title="bbox 2074 5466 3657 5538">
     <span class='ocr_line' id='line_1_118' title="bbox 2074 5466 3657 5538; baseline -0.001 -15"><span class='ocrx_word' id='word_1_898' title='bbox 2074 5470 2187 5538; x_wconf 89' lang='lat' dir='ltr'><strong>ipse</strong></span> <span class='ocrx_word' id='word_1_899' title='bbox 2215 5476 2297 5522; x_wconf 89' lang='lat' dir='ltr'><strong>est</strong></span> <span class='ocrx_word' id='word_1_900' title='bbox 2321 5467 2411 5538; x_wconf 93' lang='lat' dir='ltr'><strong>qui</strong></span> <span class='ocrx_word' id='word_1_901' title='bbox 2440 5468 2542 5521; x_wconf 83' lang='lat' dir='ltr'><strong>vim</strong></span> <span class='ocrx_word' id='word_1_902' title='bbox 2573 5466 2836 5521; x_wconf 87' lang='lat' dir='ltr'><strong>fermento</strong></span> <span class='ocrx_word' id='word_1_903' title='bbox 2867 5466 3018 5519; x_wconf 88' lang='lat' dir='ltr'><strong>indit.</strong></span> <span class='ocrx_word' id='word_1_904' title='bbox 3058 5467 3181 5521; x_wconf 90' lang='lat' dir='ltr'><strong>Ideo</strong></span> <span class='ocrx_word' id='word_1_905' title='bbox 3207 5466 3530 5522; x_wconf 89' lang='lat' dir='ltr'><strong>multitudini</strong></span> <span class='ocrx_word' id='word_1_906' title='bbox 3561 5467 3657 5522; x_wconf 81' lang='lat' dir='ltr'><strong>ad-</strong></span> 
     </span>
    </p>
   </div>
   <div class='ocr_carea' id='block_1_119' title="bbox 2074 5558 3654 5629">
    <p class='ocr_par' dir='ltr' id='par_1_119' title="bbox 2074 5558 3654 5629">
     <span class='ocr_line' id='line_1_119' title="bbox 2074 5558 3654 5629; baseline 0 -15"><span class='ocrx_word' id='word_1_907' title='bbox 2074 5561 2284 5615; x_wconf 86' lang='lat' dir='ltr'><strong>miscuit</strong></span> <span class='ocrx_word' id='word_1_908' title='bbox 2324 5575 2418 5614; x_wconf 92' lang='lat' dir='ltr'><strong>eos</strong></span> <span class='ocrx_word' id='word_1_909' title='bbox 2456 5559 2547 5629; x_wconf 92' lang='lat' dir='ltr'><strong>qui</strong></span> <span class='ocrx_word' id='word_1_910' title='bbox 2588 5558 2641 5613; x_wconf 90' lang='lat' dir='ltr'><strong>in</strong></span> <span class='ocrx_word' id='word_1_911' title='bbox 2688 5574 2747 5614; x_wconf 82' lang='lat' dir='ltr'><strong>se</strong></span> <span class='ocrx_word' id='word_1_912' title='bbox 2794 5558 3106 5626; x_wconf 88' lang='lat' dir='ltr'><strong>credebant,</strong></span> <span class='ocrx_word' id='word_1_913' title='bbox 3154 5568 3211 5613; x_wconf 91' lang='lat' dir='ltr'><strong>ut</strong></span> <span class='ocrx_word' id='word_1_914' title='bbox 3250 5558 3654 5628; x_wconf 85' lang='lat' dir='ltr'><strong>intelligentiam</strong></span> 
     </span>
    </p>
   </div>
   <div class='ocr_carea' id='block_1_120' title="bbox 2074 5651 3656 5722">
    <p class='ocr_par' dir='ltr' id='par_1_120' title="bbox 2074 5651 3656 5722">
     <span class='ocr_line' id='line_1_120' title="bbox 2074 5651 3656 5722; baseline -0.002 -15"><span class='ocrx_word' id='word_1_915' title='bbox 2074 5661 2310 5707; x_wconf 85' lang='lat' dir='ltr'><strong>nostram</strong></span> <span class='ocrx_word' id='word_1_916' title='bbox 2341 5662 2526 5707; x_wconf 91' lang='lat' dir='ltr'><strong>mutuo</strong></span> <span class='ocrx_word' id='word_1_917' title='bbox 2555 5651 2851 5707; x_wconf 84' lang='lat' dir='ltr'><strong>tradamus.</strong></span> <span class='ocrx_word' id='word_1_918' title='bbox 2892 5651 3061 5708; x_wconf 82' lang='lat' dir='ltr'><strong>Nemo</strong></span> <span class='ocrx_word' id='word_1_919' title='bbox 3085 5652 3153 5707; x_wconf 92' lang='lat' dir='ltr'><strong>de</strong></span> <span class='ocrx_word' id='word_1_920' title='bbox 3188 5651 3452 5722; x_wconf 85' lang='lat' dir='ltr'><strong>paucitate</strong></span> <span class='ocrx_word' id='word_1_921' title='bbox 3476 5653 3656 5706; x_wconf 81' lang='lat' dir='ltr'><strong>causi-</strong></span> 
     </span>
    </p>
   </div>
   <div class='ocr_carea' id='block_1_121' title="bbox 2076 5742 3651 5815">
    <p class='ocr_par' dir='ltr' id='par_1_121' title="bbox 2076 5742 3651 5815">
     <span class='ocr_line' id='line_1_121' title="bbox 2076 5742 3651 5815; baseline -0.002 -17"><span class='ocrx_word' id='word_1_922' title='bbox 2076 5744 2287 5801; x_wconf 85' lang='lat' dir='ltr'><strong>iicetur.</strong></span> <span class='ocrx_word' id='word_1_923' title='bbox 2337 5743 2493 5799; x_wconf 75' lang='lat' dir='ltr'><strong>Multa</strong></span> <span class='ocrx_word' id='word_1_924' title='bbox 2540 5743 2738 5813; x_wconf 86' lang='lat' dir='ltr'><strong>quippe</strong></span> <span class='ocrx_word' id='word_1_925' title='bbox 2776 5752 2861 5798; x_wconf 87' lang='lat' dir='ltr'><strong>est</strong></span> <span class='ocrx_word' id='word_1_926' title='bbox 2906 5742 3298 5815; x_wconf 73' lang='lat' dir='ltr'><strong>[medicationis</strong></span> <span class='ocrx_word' id='word_1_927' title='bbox 3349 5742 3546 5798; x_wconf 75' lang='lat' dir='ltr'><strong>virtus:</strong></span> <span class='ocrx_word' id='word_1_928' title='bbox 3594 5749 3651 5796; x_wconf 91' lang='lat' dir='ltr'><strong>et</strong></span> 
     </span>
    </p>
   </div>
  </div>
