4052 6228
512 378 606 431 179

506 474 647 561 quod
693 488 861 541 semel
907 483 1279 537 fermentatum
1328 484 1441 540 est,
1490 471 1808 527 fermentum
1846 463 2081 561 reliquis

507 557 756 639 el‘ticitur.
807 580 885 630 Ac
925 568 1366 641 quemadmodum
1406 564 1633 620 scintilla
1674 574 1795 614 cum
1844 558 1895 611 in
1944 557 2083 623 ligna

510 672 712 736 incidit,
754 668 1028 723 combusta
1070 665 1119 717 in
1148 663 1413 715 ﬂammam
1458 654 1742 716 convertit,
1768 660 1822 706 et
1860 649 1939 704 sic
1981 647 2083 699 alia

511 765 710 821 invadit
740 782 753 815 :
788 763 857 814 ita
885 769 937 813 et
964 756 1287 827 praedicatio.
1335 749 1452 803 Non
1491 746 1625 800 dixit
1656 752 1830 796 tamen
1865 741 2040 809 ignem
2066 778 2081 800 ,

509 855 602 910 sed
632 838 982 910 fermentum;
1015 844 1218 914 quare?
1242 840 1373 906 Quia
1404 838 1472 891 ibi
1503 850 1607 889 non
1653 840 1818 887 totum
1859 829 1926 883 ab
1966 829 2085 896 igne

512 949 702 1009 uritur,
744 943 836 997 sed
886 939 1041 994 simul
1088 937 1245 990 etiam
1288 950 1316 985 a
1344 930 1499 999 lignis
1528 926 1797 988 incensis;
1846 923 1930 977 hic
1959 936 2085 973 vero

512 1044 827 1095 fermentum
879 1047 972 1101 per
1015 1046 1073 1083 se
1122 1037 1287 1081 totum
1329 1023 1511 1079 efficit.
1558 1018 1710 1084 Quod
1756 1018 1799 1070 si
1845 1015 2087 1069 homines

509 1131 788 1185 duodecim
833 1134 998 1178 totum
1026 1121 1210 1176 orbem
1236 1118 1643 1173 fermentarunt,
1691 1109 1864 1178 cogita
1893 1114 2085 1175 quanta

510 1226 576 1275 sit
611 1219 839 1288 nequitia
873 1225 1073 1279 nostra,
1118 1210 1277 1281 quod,
1326 1223 1444 1262 cum
1474 1214 1619 1259 tanto
1650 1216 1870 1255 numero
1898 1200 2084 1264 simus,

515 1328 617 1364 non
665 1321 945 1378 possumus
982 1314 1154 1358 tamen
1197 1314 1291 1354 cos
1329 1298 1417 1367 qui
1454 1301 1741 1364 supersunt
1776 1288 2084 1352 emendare,

510 1420 642 1473 quos
671 1399 992 1471 oportuisset
1020 1393 1102 1448 vel
1131 1391 1274 1445 mille
1299 1386 1512 1443 mundis
1537 1384 1602 1438 ad
1626 1379 2088 1438 fermentationem

513 1495 774 1549 sufficere.

585 1586 636 1638 5.
682 1581 800 1634 Νοη
832 1576 1097 1640 miracula,
1123 1572 1210 1627 sed
1236 1571 1391 1624 virtus
1420 1564 1671 1637 Apostolis
1697 1570 1743 1616 et
1764 1562 1878 1615 aliis
1902 1558 2090 1612 sanctis

515 1690 680 1728 rerum
727 1666 1119 1739 magnitudinem
1166 1660 1394 1715 contulit.
1440 1686 1510 1697 —-
1559 1658 1660 1719 At,
1712 1652 1955 1722 inquies,
1982 1738 1987 1739 ν
2015 1647 2088 1701 illi

515 1761 737 1831 apostoli
780 1738 951 1813 erant.
1008 1755 1074 1808 Et
1099 1751 1222 1822 quid
1249 1750 1349 1805 hoc
1378 1747 1498 1802 est?
1539 1746 1726 1799 Annon
1755 1740 1939 1831 eadem
1978 1738 2091 1805 ipsa

516 1830 615 1921 qua
646 1860 698 1902 tu
726 1846 1031 1902 conditione
1058 1841 1256 1896 erant?
1286 1852 1460 1892 nonne
1502 1836 1551 1888 in
1580 1830 1879 1921 civitatibus
1906 1840 2090 1879 versa-

516 1919 746 1995 bantur?
792 1951 965 1989 annon
1013 1930 1320 1986 earumdem
1367 1933 1645 1980 consortes
1682 1919 1874 1974 erant?
1914 1929 2089 1969 annon

517 2041 659 2084 artes
706 2023 1067 2082 exercebant?
1110 2036 1235 2075 num
1268 2017 1437 2086 angeli
1471 2013 1663 2070 erant?
1712 2025 1834 2065 num
1866 2023 1931 2061 ex
1961 2005 2095 2060 czelo

516 2116 937 2176 descenderant?
980 2113 1104 2179 Sed,
1139 2110 1364 2178 inquies,
1399 2108 1548 2174 signa
1579 2105 1832 2157 fecerant.
1877 2097 1991 2151 Non
2017 2096 2090 2149 si-

515 2229 617 2285 gna
647 2221 793 2267 certe
825 2210 968 2277 ipsos
994 2204 1263 2259 mirabiles
1287 2200 1595 2255 effecerunt.
1624 2193 1911 2262 Usquequo
1936 2189 2096 2285 mira:

518 2278 650 2360 culis
696 2303 798 2356 illis
846 2300 910 2353 ad
954 2296 1211 2368 ignaviam
1253 2300 1489 2346 nostram
1528 2285 1804 2356 tegendam
1848 2278 2093 2336 utemur?

520 2394 653 2449 Vide
680 2398 983 2447 sanctorum
1010 2387 1253 2448 chormn,
1303 2380 1391 2451 (ιυί
1427 2394 1534 2433 non
1562 2374 1832 2430 miraculis
1855 2371 1961 2425 illis
1989 2368 2093 2422 ful-

520 2488 608 2541 sit.
655 2484 801 2539 Multi
827 2482 967 2537 enim
996 2479 1082 2547 qui
1109 2475 1381 2530 dannones
1412 2470 1699 2538 ejecerant,
1742 2464 1861 2533 quia
1898 2458 2095 2530 iniqui-

521 2588 678 2631 tatem
717 2572 919 2642 operati
960 2577 1101 2629 sunt,
1146 2562 1417 2617 mirabiles
1448 2574 1552 2612 non
1582 2556 1814 2617 fuerunt,
1846 2551 1939 2606 sed
1966 2565 2094 2619 sup-

522 2665 691 2735 pliciis
731 2669 854 2716 sunt
890 2657 1085 2712 affecti.
1132 2651 1364 2722 Ecquid,
1413 2648 1655 2717 inquies,
1703 2644 1824 2698 illos
1877 2655 2098 2735 magnos

520 2731 732 2810 ἐπ’θοίιῖ
769 2752 1115 2816 Contemptus
1157 2742 1518 2812 pecuniarum,
1573 2752 1722 2788 vana:
1768 2734 1949 2803 gloria:
1995 2731 2095 2785 de-

521 2854 755 2915 spectus,
778 2836 1128 2908 sequestratio
1157 2849 1187 2887 a
1214 2833 1368 2887 bonis
1397 2827 1759 2883 saecularibus.
1792 2825 1891 2892 Qui
1916 2824 1959 2877 si
1982 2822 2097 2915 hazc

524 2914 629 2991 non
660 2932 987 2992 habuissent,
1020 2927 1113 2983 sed
1136 2924 1300 2979 animi
1326 2922 1527 2976 morbis
1553 2914 2094 2988 paruissent.etiamsi

522 3034 802 3080 sexcentos
841 3030 1081 3073 mortuos
1125 3014 1490 3075 suscitassent,
1535 3025 1643 3063 non
1672 3007 1828 3061 modo
1857 3005 1922 3058 ad
1956 3004 2096 3057 nihi-

525 3119 630 3171 lum
658 3115 815 3168 utiles
847 3109 1090 3173 fuissent,
1138 3105 1232 3161 sed
1276 3104 1436 3159 etiam
1465 3101 1777 3169 deceptores
1803 3107 1854 3151 et
1881 3095 2097 3150 fallaces

532 3202 696 3256 habiti
729 3201 977 3255 fuissent.
997 3197 1089 3251 Sic
1103 3204 1247 3251 certe
1272 3194 1379 3247 vita
1406 3194 1520 3261 ipsa
1539 3200 1756 3257 estquae
1770 3184 1968 3252 ubique
1992 3180 2097 3232 ful-

531 3300 637 3361 get,
655 3291 948 3360 quaeetiam
970 3287 1203 3355 Spiritus
1216 3283 1439 3354 grati-im
1454 3278 1695 3335 attraxit.
1713 3272 1867 3340 Quod
1882 3272 2095 3361 signum

532 3358 950 3444 fecit—Joannes,
986 3379 1077 3449 qui
1114 3385 1194 3431 tot
1224 3374 1468 3429 civitates
1489 3369 1592 3426 sibi
1625 3363 1902 3422 devinxit?
1937 3358 2095 3427 Quod

524 3474 666 3529 enim
694 3470 1007 3525 miraculum
1039 3467 1241 3521 nullum
1269 3464 1512 3525 ediderit,
1557 3461 1678 3515 audi
1720 3458 2098 3527 evangelistam

524 3565 787 3617 dicentem
820 3578 833 3612 :
866 3558 1089 3612 Joannes
1114 3555 1311 3624 quidem
1338 3552 1533 3606 nullum
1560 3552 1673 3618 fecit
1700 3550 1897 3618 signum
1921 3547 2098 3616 (Ioan.

528 3655 613 3709 l0.
643 3654 753 3719 41).
786 3650 936 3706 Unde
960 3646 1300 3702 admirandus
1326 3644 1426 3698 fuit
1454 3642 1663 3696 Helias?
1691 3645 1877 3693 Annon
1907 3654 1937 3692 a
1967 3637 2103 3691 fidu-

525 3746 627 3806 cia,
651 3757 751 3812 qua
769 3757 945 3811 regem
964 3738 1207 3792 monuit?
1230 3750 1407 3789 annon
1434 3750 1463 3786 a
1490 3732 1609 3787 zelo
1635 3747 1731 3785 suo
1753 3744 1875 3798 erga
1896 3728 2101 3791 Deum?

527 3852 702 3890 annon
731 3852 759 3887 a
792 3841 1123 3904 paupertate,
1150 3845 1178 3882 a
1208 3828 1425 3892 mclote,
1473 3841 1501 3878 a
1530 3824 1806 3895 spelunca,
1842 3837 1872 3874 a
1898 3819 2101 3875 monti-

526 3929 626 3983 hns
646 3925 813 3981 ?Nam
835 3926 983 3996 signa
1012 3923 1188 3977 omnia
1217 3930 1334 3990 post
1362 3918 1474 3971 haec
1498 3916 1639 3971 fecit.
1662 3914 1783 3970 Johi
1809 3916 1934 3967 vero
1960 3910 2102 3982 quod

527 4024 735 4092 signum
782 4018 965 4072 videns
1015 4014 1257 4070 diabolus
1299 4010 1695 4077 obstupefactus
1733 4008 1853 4062 est?
1882 4004 2099 4074 Signum

526 4124 672 4168 certe
700 4112 924 4171 nullum,
955 4107 1050 4161 sed
1077 4106 1237 4158 vitam
1272 4102 1601 4172 prteclaram,
1629 4098 1939 4169 patientiam
1969 4095 2100 4149 ada-

529 4210 707 4256 mante
740 4198 931 4268 quovis
992 4194 1301 4247 firmiorem.
1330 4189 1483 4255 Quod
1508 4189 1715 4257 signum
1749 4186 1908 4240 David
1939 4184 2059 4238 fecit
2082 4224 2098 4249 ,

524 4292 736 4364 juvenis
778 4304 899 4342 cum
944 4296 1107 4348 esset,
1156 4292 1213 4337 ut
1260 4283 1397 4336 Deus
1440 4280 1644 4334 diceret
1673 4295 1686 4332 :
1720 4275 1894 4330 Inveni
1918 4269 2103 4338 David,

530 4385 691 4454 filium
716 4379 1059 4443 lesscmirum
1083 4376 1358 4430 secundum
1382 4389 1470 4427 cor
1495 4387 1658 4425 meum
1688 4370 1824 4439 (Act.
1860 4368 1942 4424 15.
1969 4365 2102 4434 92)(

531 4476 815 4538 Abraham,
848 4474 989 4527 Isaac
1008 4479 1062 4525 et
1086 4468 1250 4523 Jacob
1275 4481 1431 4536 quem
1460 4474 1727 4518 mortuum
1750 4460 2101 4516 suscitarunt?

530 4584 688 4641 quem
719 4568 986 4635 leprosum
1015 4559 1371 4615 Inundarunt?
1416 4560 1495 4610 An
1528 4557 1758 4624 ignoras,
1800 4552 1968 4622 signa,
2002 4552 2103 4607 nisi

531 4661 829 4732 vigilemus,
877 4657 1187 4726 plerumque
1218 4650 1452 4706 nocere?
1493 4648 1581 4703 Sic
1619 4648 1764 4701 multi
1792 4646 2101 4701 Corinthio-

532 4767 648 4806 rum
676 4749 766 4803 alii
792 4746 860 4801 ab
887 4745 1004 4799 aliis
1042 4742 1251 4796 discissi
1280 4749 1402 4794 sunt
1428 4758 1440 4791 ε
1470 4739 1547 4793 sic
1572 4738 1720 4791 multi
1742 4737 2103 4791 Romanorum

529 4843 905 4913 superbierunt
958 4854 974 4890 :
1023 4836 1101 4889 sic
1140 4833 1327 4888 Simon
1364 4830 1567 4901 ejeetus
1615 4837 1720 4883 est.
1755 4829 1841 4885 Sic
1886 4830 1976 4883 ille
2015 4828 2105 4895 qui

529 4931 801 4987 Christum
831 4925 983 4997 sequi
1016 4930 1311 4994 optaverat,
1358 4919 1673 4988 reprobatus
1715 4928 1816 4982 est,
1860 4918 2101 4984 audiens,

544 5021 726 5090 Vulpes
755 5022 920 5088 foveas
948 5015 1149 5078 habent,
1182 5021 1229 5065 et
1260 5008 1483 5064 volucres
1506 5009 1616 5062 cwli
1645 5008 1789 5061 nidos
1808 5006 2019 5075 (Matth.
2049 5007 2103 5061 8.

529 5113 633 5176 90;
665 5112 791 5164 Luc.
820 5113 872 5165 9.
903 5108 1015 5181 58).
1050 5108 1249 5162 Horum
1280 5104 1493 5174 singuli,
1521 5105 1631 5157 sive
1655 5102 1794 5172 quod
1820 5103 2069 5172 pecunias
2089 5142 2103 5167 ,

530 5206 644 5259 sive
684 5200 826 5271 quod
869 5201 1091 5270 gloriam
1120 5214 1185 5253 ex
1224 5197 1389 5267 signis
1431 5203 1752 5264 quiererent,
1798 5193 2110 5247 exciderunt

529 5305 586 5350 et
638 5295 928 5365 perierunt.
987 5289 1124 5345 Vita:
1169 5299 1347 5343 autem
1414 5293 1661 5341 accurata
1710 5285 2001 5349 sanctitas,
2054 5291 2109 5337 et

532 5389 783 5440 virtutum
833 5399 984 5437 amor
1028 5397 1132 5436 non
1175 5384 1334 5436 modo
1374 5394 1480 5435 non
1520 5380 1657 5449 parit
1698 5378 1856 5432 talem
1900 5376 2106 5444 cupitli-

536 5488 720 5541 tatem,
768 5475 864 5531 sed
892 5475 937 5530 si
965 5473 1105 5529 adsit
1132 5472 1323 5527 aufert.
1371 5471 1486 5541 Ipse
1518 5486 1645 5526 vero
1670 5470 1936 5531 Christus,
1985 5483 2106 5521 eum

531 5570 675 5639 leges
703 5568 856 5621 daret
876 5566 1167 5635 discipulis,
1191 5564 1318 5633 quid
1345 5563 1556 5618 dicebat
1574 5564 1596 5617 ?
1617 5578 1706 5628 an,
1735 5562 1894 5631 Signa
1925 5560 2105 5626 facite,

536 5669 591 5712 ut
616 5657 829 5712 videant
853 5656 1135 5712 homines?
1179 5655 1521 5723 Nequaquam
1555 5671 1568 5706 :
1604 5652 1698 5708 sed
1728 5652 1893 5723 quid?
1920 5651 2107 5706 Luceat

532 5751 624 5807 lux
659 5758 821 5807 vestra
861 5764 1029 5803 coram
1071 5747 1375 5819 bonrinibus,
1416 5756 1471 5801 at
1508 5745 1711 5802 videant
1752 5761 1906 5816 opera
1942 5755 2107 5803 vestra

1238 362 1294 418 S.
1333 357 1610 416 JOANNIS
1647 347 2117 410 CllBYSOSTOMI
2146 347 2464 408 ABClllEP.
2494 350 3025 409 CONSTANTINOP.

3674 355 3804 411 480

2194 464 2344 530 bona,
2384 474 2432 519 et
2463 466 2747 536 gloriﬁcent
2793 466 3003 522 Patrem
3041 475 3257 522 vestrum
3292 468 3379 531 qui
3420 470 3475 522 in
3516 472 3665 527 artis
3714 484 3805 529 est

2190 554 2401 623 (Matth.
2428 556 2482 610 5.
2508 558 2621 626 16).
2651 557 2809 613 Petro
2832 572 3044 628 quoque
3073 574 3177 613 non
3207 559 3359 625 dixit,
3397 559 3452 615 Si
3481 569 3567 617 me
3596 578 3797 631 amas,

2189 643 2337 711 signa
2365 644 2479 710 fac;
2523 646 2638 712 sed,
2684 646 2846 702 Pasce
2882 664 2994 702 oves
3035 665 3171 703 meas
3209 649 3390 718 (Joan.
3422 652 3511 707 ει.
3546 653 3667 725 15).
3717 655 3800 713 Et

2188 748 2307 788 cum
2341 752 2555 807 semper
2581 739 2726 793 illum
2753 740 2959 795 caneris
2985 753 3279 810 praeponat,
3302 758 3405 797 una
3430 760 3549 799 cum
3571 746 3797 802 Iacobo

2189 834 2243 878 et
2272 825 2499 892 Joanne,
2549 829 2709 892 unde,
2756 846 2961 899 quieso,
2993 834 3287 902 praeponit?
3330 850 3456 889 num
3492 852 3523 888 a
3567 838 3798 908 signis?

2191 919 2349 988 Atqui
2376 934 2563 975 omnes
2585 920 2831 989 discipuli
2859 923 3098 993 leprosos
3127 925 3474 993 mundabant,
3528 940 3796 988 mortuos

2190 1010 2519 1063 suscitabant
2546 1027 2560 1075 ;
2592 1013 2948 1082 omnibusque
2992 1014 3240 1069 similiter
3284 1024 3602 1084 potestatem
3648 1034 3795 1074 con-

2192 1102 2372 1154 cessit.
2405 1100 2511 1155 Cur
2537 1116 2666 1172 ergo
2708 1113 2818 1158 tres
2847 1104 2919 1157 illi
2944 1105 3454 1174 anteponebantur?
3496 1108 3581 1162 Ex
3613 1110 3793 1165 animi

2192 1207 2381 1261 nempe
2412 1193 2628 1249 virtute.
2652 1193 2838 1248 Viden'
2867 1194 3063 1264 ubique
3091 1196 3225 1250 bona
3252 1212 3384 1266 opus
3408 1213 3529 1254 esse
3561 1200 3699 1265 vita,
3735 1210 3796 1257 ct

2193 1283 2351 1337 rectis
2391 1285 2681 1353 operibus?
2725 1282 2808 1338 Ea:
2852 1286 3119 1354 fructibus,
3160 1290 3324 1357 enim,
3368 1290 3559 1361 inquit,
3602 1308 3793 1347 eorum

2190 1376 2495 1444 cognoscetis
2524 1391 2607 1430 eos
2636 1375 2846 1446 (Matth.
2874 1378 2928 1433 7.
2959 1378 3071 1450 l6).

2261 1465 2315 1519 4.
2346 1465 2479 1533 Quid
2506 1474 2681 1521 autem
2707 1469 2863 1522 vitam
2894 1478 3131 1525 nostram
3158 1473 3467 1528 constituit?
3492 1474 3573 1529 An
3597 1475 3785 1546 signa,

2192 1569 2258 1608 an
2287 1555 2390 1609 vita
2419 1565 2564 1611 recte
2593 1566 2647 1612 et
2666 1572 2912 1616 accurate
2932 1563 3083 1616 acta?
3114 1562 3285 1618 Vitam
3312 1576 3457 1621 certe
3478 1580 3597 1622 esse
3621 1568 3789 1639 liqui-

2192 1646 2318 1700 dum
2347 1657 2426 1701 est
2458 1665 2472 1702 :
2503 1648 2651 1717 signa
2678 1664 2807 1705 vero
2855 1651 2978 1707 inde
3018 1652 3220 1708 ducunt
3256 1655 3613 1723 occasionem,
3642 1667 3702 1713 et
3730 1656 3787 1716 in

2192 1751 2314 1789 eum
2342 1738 2499 1791 tinem
2521 1738 2787 1793 desinunt.
2820 1740 2947 1795 Nam
2972 1743 3061 1812 qui
3080 1743 3240 1798 vitam
3262 1744 3477 1801 exhibet
3494 1749 3785 1817 optimam,

2195 1825 2331 1879 hanc
2358 1828 2457 1881 sibi
2485 1829 2701 1883 attrahit
2728 1832 2983 1899 gratiam;
3011 1834 3101 1904 qui
3128 1850 3256 1889 vero
3279 1838 3501 1906 gratiam
3535 1840 3736 1911 accipit
3761 1882 3780 1908 ,

2195 1915 2317 1969 ideo
2342 1917 2569 1985 accipit,
2603 1929 2658 1971 ut
2686 1920 2909 1976 aliorum
2940 1924 3099 1978 vitam
3128 1926 3393 1982 emendet.
3424 1927 3783 2002 Quandoqui-

2194 2004 2315 2059 dem
2344 2006 2587 2061 Christus
2615 2009 2867 2065 miracula
2898 2012 2983 2067 illa
3011 2012 3131 2069 ideo
3157 2015 3301 2081 fecit,
3335 2025 3389 2071 ut
3419 2018 3541 2074 inde
3570 2020 3677 2076 ﬁde
3700 2020 3789 2076 di-

2193 2109 2335 2163 gnus
2352 2095 2418 2150 ad
2448 2111 2506 2152 se
2534 2097 2779 2155 homines
2803 2102 3133 2171 pertrahens,
3162 2104 3413 2162 virtutem
3440 2112 3493 2163 in
3519 2110 3784 2171 mundum

2197 2186 2492 2243 induceret.
2536 2188 2661 2244 Ideo
2702 2192 2985 2248 maximam
3021 2194 3242 2265 hujusce
3271 2198 3346 2253 rei
3376 2213 3557 2255 curam
3596 2201 3778 2258 habet.

2196 2278 2378 2348 Neque
2406 2280 2546 2333 enim
2573 2281 2702 2335 solis
2728 2283 2892 2353 signis
2917 2285 3046 2338 satis
3075 2286 3253 2353 habet,
3280 2288 3373 2343 sed
3402 2298 3456 2345 et
3478 2290 3777 2361 gehennam

2196 2369 2567 2435 comminatur,
2586 2379 2639 2424 et
2655 2385 2877 2441 regnum
2897 2375 3177 2443 promittit,
3195 2377 3377 2448 sicque
3391 2379 3781 2450 inexspectatas

2197 2461 2313 2515 illas
2343 2462 2486 2530 ponit
2516 2463 2681 2532 leges,
2712 2464 2949 2535 nihilque
2975 2482 3078 2522 non
3109 2470 3217 2538 agit
3245 2479 3300 2523 ut
3328 2485 3425 2526 nos
3450 2474 3651 2543 angelis
3675 2491 3771 2545 pa-

2197 2568 2284 2607 res
2308 2552 2520 2609 efficiat.
2552 2556 2617 2609 Et
2638 2556 2762 2624 quid
2788 2557 2929 2625 dico,
2958 2560 3225 2616 Christum
3246 2564 3420 2618 omnia
3447 2564 3664 2635 hujusce
3691 2569 3770 2623 rei

2197 2660 2356 2699 causa
2386 2644 2591 2701 facere?
2621 2646 2674 2701 Si
2702 2648 2840 2718 quis,
2872 2649 2959 2705 dic
2988 2652 3117 2705 mihi
3137 2693 3153 2719 ,
3181 2655 3445 2724 optionem
3475 2656 3565 2711 tibi
3595 2657 3773 2726 daret,

2198 2745 2290 2790 aut
2332 2746 2571 2791 mortuos
2615 2738 2670 2793 in
2713 2741 2927 2795 nomine
2954 2742 3067 2811 ejus
3096 2746 3393 2813 suscitare,
3428 2756 3517 2801 aut
3558 2758 3778 2820 propter

2200 2843 2393 2881 nomen
2417 2830 2535 2896 ejus
2564 2829 2734 2895 mori,
2766 2830 2889 2899 quid
2918 2834 3166 2900 optares?
3190 2836 3379 2889 Annon
3410 2837 3582 2905 palam
3610 2847 3693 2893 est
3721 2848 3775 2894 te

2199 2919 2486 2973 secundum
2517 2929 2821 2989 optaturum
2855 2924 3007 2978 esse?
3044 2927 3201 2995 Atqui
3234 2926 3357 2982 illud
3393 2927 3604 2998 signum
3630 2969 3644 2994 ,
3674 2928 3777 2987 hoc

2198 3019 2373 3064 autem
2402 3025 2534 3080 opus
2559 3020 2660 3066 est.
2692 3012 2745 3066 Si
2773 3013 2890 3081 quis
2911 3028 3038 3069 vero
3067 3016 3158 3071 tibi
3186 3016 3453 3087 optionem
3483 3034 3602 3074 cum
3630 3027 3777 3089 pote-

2199 3108 2335 3154 state
2358 3099 2508 3154 daret
2535 3100 2733 3155 frenum
2767 3103 2817 3156 in
2847 3112 3033 3158 aurum
3055 3107 3330 3172 vertendi,
3354 3118 3442 3162 aut
3471 3124 3627 3177 posse
3653 3126 3771 3165 om-

2200 3204 2296 3243 nes
2322 3190 2530 3244 divitias
2558 3201 2612 3245 ut
2643 3191 2838 3247 ftenum
2872 3196 3219 3251 conculcare?
3253 3197 3440 3253 Nonne
3471 3199 3572 3254 hoc
3602 3202 3771 3270 potius

2199 3279 2457 3349 eligeres?
2504 3282 2568 3335 Et
2588 3282 2707 3351 jure
2733 3285 2965 3352 quidem.
3005 3284 3137 3340 Nam
3166 3287 3294 3342 illud
3322 3304 3509 3344 onmes
3536 3291 3771 3348 homines

2200 3369 2431 3424 maxime
2460 3371 2808 3440 pertraheret.
2840 3374 2897 3429 Si
2922 3374 3164 3431 viderent
3190 3377 3332 3431 enim
3364 3377 3564 3433 frenum
3588 3396 3769 3435 aurum

2204 3461 2337 3526 fieri,
2363 3462 2497 3516 hanc
2527 3472 2836 3531 potestatem
2865 3482 3051 3522 omnes
3075 3480 3333 3538 cuperent
3356 3471 3618 3538 obtinere,
3641 3473 3770 3527 sicut

2203 3553 2386 3607 Simon
2410 3595 2424 3618 ,
2457 3567 2841 3627 augereturque
2869 3558 3167 3613 divitiarum
3195 3561 3459 3631 cupiditas
3487 3579 3501 3615 :
3526 3564 3569 3617 si
3595 3572 3765 3618 autem

2203 3644 2446 3699 viderent
2460 3661 2644 3702 omnes
2664 3663 2849 3703 aurum
2870 3660 3130 3720 tamquam
3146 3652 3343 3707 frenum
3360 3653 3653 3725 despicere,
3664 3656 3767 3726 jam

2203 3736 2329 3790 olim
2352 3753 2378 3788 a
2412 3736 2595 3791 morbo
2619 3740 2823 3794 liberati
2850 3751 3049 3796 essent.

2287 3826 2399 3879 Vita
2436 3828 2568 3882 bona
2610 3846 2740 3898 quia.
2765 3860 2835 3870 —
2864 3830 3047 3885 Viden’
3078 3832 3268 3888 bonam
3295 3834 3453 3888 vitam
3481 3849 3634 3904 posse
3662 3849 3771 3888 ma-

2203 3917 2284 3986 gis
2300 3917 2518 3985 jnvare?
2546 3918 2718 3973 Vitam
2741 3930 2915 3976 autem
2939 3922 3079 3990 dico,
3104 3938 3208 3978 non
3230 3924 3507 3994 jejunium,
3532 3939 3632 3979 non
3656 3940 3766 3979 sac-

2204 4024 2325 4062 cum
2352 4018 2404 4063 et
2429 4010 2661 4066 cinerem
2679 4022 2897 4067 stratum
2918 4030 2932 4079 ;
2960 4014 3053 4069 sed
3074 4016 3371 4071 divitiarum
3394 4027 3764 4087 contemptum,

2206 4108 2261 4151 ut
2292 4114 2386 4168 par
2407 4109 2490 4154 est
2517 4116 2608 4154 eas
2631 4112 2993 4170 contemnere,
3016 4120 3252 4161 amorem
3281 4108 3527 4177 proximi,
3550 4108 3767 4164 eleemo-

2205 4206 2390 4263 synam
2440 4202 2495 4247 et
2542 4209 2731 4263 panem
2787 4197 3036 4251 esurienti
3084 4198 3287 4265 datum,
3335 4199 3572 4255 sedatam
3623 4201 3765 4267 iram,

2206 4282 2377 4336 inanis
2400 4282 2582 4352 gloria:
2604 4283 2986 4353 depulsionem,
3010 4287 3218 4343 invidiae
3238 4288 3665 4344 eliminationem.
3686 4290 3765 4345 Sic

2206 4383 2259 4428 et
2286 4374 2372 4429 ille
2394 4390 2493 4430 nos
2515 4375 2735 4431 instituit
2758 4392 2877 4430 cum
2910 4377 3043 4432 dixit
3069 4395 3083 4431 :
3113 4378 3302 4433 Discite
3326 4397 3357 4432 a
3382 4396 3479 4446 me,
3505 4381 3620 4451 quia
3645 4380 3765 4434 mitis

2206 4482 2317 4520 sum
2342 4475 2387 4520 et
2416 4467 2621 4520 humilis
2648 4467 2798 4520 corde
2828 4466 3037 4539 (Matth.
3072 4470 3158 4523 ll.
3186 4468 3298 4539 29).
3328 4469 3443 4525 Non
3469 4470 3619 4536 dixit,
3642 4470 3759 4537 Quia

2202 4558 2458 4628 jejunavi,
2477 4560 2574 4612 etsi
2603 4568 2779 4627 posset
2802 4559 3147 4629 quadraginta
3170 4561 3284 4615 dies
3299 4560 3484 4631 jejunii
3512 4560 3757 4630 proferre:

2207 4660 2260 4704 at
2280 4666 2386 4705 non
2412 4650 2512 4705 hoc
2537 4650 2694 4716 dicit;
2728 4652 2842 4713 sed,
2869 4651 3002 4716 Quia
3023 4653 3154 4705 mitis
3178 4669 3289 4706 sum
3314 4663 3361 4707 et
3381 4654 3584 4707 humilis
3608 4652 3758 4707 corde.

2210 4740 2517 4810 Rursusque
2542 4755 2660 4795 cum
2693 4742 2838 4796 misit
2860 4756 2953 4796 eos
2972 4782 2987 4807 ,
3018 4757 3121 4796 non
3149 4742 3315 4809 dixit,
3345 4742 3620 4812 Jejunate:
3648 4743 3764 4807 sed,

2211 4829 2517 4886 Manducatc
2534 4831 2666 4899 quod
2691 4832 2966 4902 apponitur
2987 4832 3121 4886 vobis
3147 4833 3163 4899 (
3188 4831 3317 4886 Luc.
3346 4833 3433 4888 10.
3460 4833 3493 4888 8
3512 4836 3553 4892 l-
3588 4834 3655 4887 De
3680 4848 3765 4903 pe-

2208 4922 2363 4978 cunia
2390 4936 2516 4975 vero
2541 4936 2777 4975 severam
2809 4921 2976 4991 legem
3007 4924 3181 4990 posuit
3208 4924 3393 4978 dicens
3423 4942 3436 4977 :
3469 4925 3642 4978 Nolite
3662 4941 3766 4994 pos.

2209 5015 2370 5068 sidere
2406 5028 2584 5065 aurum
2623 5011 2697 5065 vel
2738 5021 3031 5082 argentum,
3076 5030 3233 5085 neque
3256 5031 3325 5069 res
3353 5016 3406 5069 in
3432 5018 3573 5069 zonis
3613 5016 3762 5069 vestris

2214 5103 2435 5176 (Matth.
2462 5101 2550 5157 l0.
2575 5100 2671 5174 9).
2705 5102 2826 5156 Hiec
2857 5117 3018 5172 porro
3046 5103 3198 5171 dico,
3230 5121 3334 5160 non
3360 5106 3502 5177 quod
3526 5105 3761 5176 jejunium

2212 5197 2539 5265 vituperem;
2568 5193 2740 5258 absit;
2771 5195 2995 5249 multum
3022 5198 3218 5267 quippe
3245 5198 3403 5254 laudo
3429 5217 3441 5251 :
3471 5200 3564 5255 sed
3588 5213 3760 5268 angor,

2212 5302 2331 5343 eum
2358 5286 2517 5341 video
2534 5301 2647 5347 vos,
2678 5286 2794 5340 aliis
2821 5288 3092 5356 neglectis,
3118 5300 3304 5359 putare
3325 5291 3451 5347 illud
3478 5306 3599 5346 esse
3614 5291 3672 5345 ad
3689 5306 3765 5345 sa-

2215 5380 2374 5434 lutem
2414 5378 2563 5443 satis,
2594 5392 2713 5431 cum
2753 5386 2927 5433 tamen
2974 5382 3024 5433 in
3067 5380 3232 5436 choro
3262 5383 3513 5437 virtutum
3546 5382 3763 5436 ultinnnn

2216 5478 2392 5523 teneat
2412 5468 2604 5522 locum.
2635 5467 2728 5521 Ha:
2752 5469 2946 5537 quippe
2966 5472 3211 5525 maximte
3230 5474 3601 5537 sunt,caritas,
3623 5471 3764 5540 tequi-

2216 5573 2332 5626 tas,
2379 5561 2751 5631 eleemosyna,
2797 5576 2917 5631 quae
2954 5562 3112 5616 etiam
3155 5564 3512 5633 virginitatem
3553 5572 3761 5633 superat.

2214 5654 2389 5719 Quare
2414 5652 2459 5706 si
2486 5652 2615 5706 velis
2639 5653 2892 5720 apostolis
2920 5668 3013 5722 par
3033 5670 3171 5718 esse,
3191 5656 3320 5709 nihil
3344 5656 3538 5711 obstat.
3567 5657 3619 5713 Si
3644 5657 3759 5711 illam

2224 5747 2477 5803 virtutem
2495 5746 2856 5820 amploctaris.
2896 5745 3207 5805 suﬁicitilla
3229 5746 3325 5804 tibi
3363 5754 3426 5803 ut
3459 5742 3759 5803 nihilminus
