4052 6228
250 310 348 362 481

253 437 419 493 quam
441 419 667 491 apostoli
694 419 917 474 habeas.
934 417 1151 473 Nullum
1168 419 1333 489 igitur
1344 419 1622 489 signorum
1634 431 1824 484 exspe-

252 511 932 582 ctatiomoretur.Angitur
952 510 1161 565 dtemnn
1176 525 1299 565 eum
1322 511 1388 564 de
1419 522 1647 577 carpare
1674 506 1827 575 ejici-

252 616 343 659 tur
358 604 552 672 ;multo
570 604 741 674 magis
760 614 939 658 autem
954 618 1077 658 eum
1104 602 1545 657 videritauimam
1563 614 1591 652 a
1605 605 1825 668 peccato

251 696 557 751 liberatam.
579 692 917 763 Haecquippe
930 704 1014 748 est
1044 693 1189 747 illius
1212 708 1447 746 maxima
1471 691 1667 743 virtus.
1694 687 1827 740 Pra-

251 796 370 855 pter
390 794 667 855 peccatum
690 795 928 839 mortuus
946 794 1027 838 est
1048 781 1312 847 Christus,
1338 790 1391 833 ut
1416 779 1543 833 illud
1565 779 1797 834 solveret
1821 795 1836 833 :

251 877 381 931 illud
409 876 554 931 enim
586 886 815 931 mortem
850 875 1059 929 induxit
1091 892 1104 929 :
1138 883 1355 944 propter
1383 871 1511 925 illud
1540 870 1716 924 omnia
1747 884 1838 923 sus

247 967 422 1037 deque
446 981 600 1021 versa
628 974 773 1020 sunt.
799 964 853 1021 Si
882 976 1154 1035 peccatum
1180 963 1475 1026 sustuleris,
1500 960 1695 1015 diaboli
1717 975 1839 1015 ner-

248 1072 345 1111 vos
369 1057 662 1123 succidisti,
689 1057 807 1126 ejus
831 1066 986 1125 caput
1008 1054 1322 1118 contrivisti,
1351 1053 1469 1120 ejus
1493 1051 1596 1104 vim
1625 1065 1834 1105 omnem

245 1147 455 1203 solvisti
483 1187 499 1213 ,
528 1148 818 1202 exercitum
848 1147 994 1201 illum
1020 1144 1284 1213 dissipasti
1306 1183 1319 1206 ,
1359 1143 1568 1211 signum
1598 1139 1835 1193 omnium

246 1239 525 1310 signorum
547 1239 833 1293 maximum
854 1237 1161 1293 exhibuisti.
1189 1234 1303 1289 Non
1330 1248 1483 1288 incus
1507 1241 1589 1285 est
1613 1229 1698 1284 hic
1727 1244 1837 1283 ser-

248 1345 364 1397 mo,
393 1331 488 1385 sed
520 1331 655 1386 beati
685 1331 833 1385 Pauli
859 1347 873 1384 :
899 1344 1023 1385 cum
1051 1328 1274 1383 dixisset
1295 1326 1459 1390 enim,
1493 1323 1838 1379 Emulamini

247 1421 553 1474 charismata
578 1420 812 1486 meliora,
841 1430 889 1474 et
914 1418 1083 1472 adhuc
1107 1417 1242 1471 vobis
1270 1414 1673 1471 excellentiorem
1704 1413 1837 1465 viam

247 1512 583 1565 demandavi
606 1512 627 1583 (
648 1513 700 1567 ι.
724 1511 842 1566 Cor.
876 1510 963 1566 I2.
997 1512 1056 1565 51
1087 1508 1130 1582 ),
1159 1524 1263 1564 non
1293 1507 1565 1576 subjunxit
1600 1507 1832 1575 signum,

247 1602 341 1656 sed
363 1603 637 1656 cnritatem
656 1603 894 1656 omnium
917 1602 1148 1656 radicem
1172 1600 1453 1655 bonorum.
1476 1597 1531 1652 Si
1553 1610 1680 1665 ergo
1699 1594 1835 1649 hanc

247 1705 612 1759 exerceamus,
631 1701 686 1747 et
709 1692 1095 1762 philosophiam
1112 1706 1326 1746 omnem
1347 1688 1470 1743 inde
1492 1695 1830 1757 sequentem;

247 1798 352 1837 non
378 1798 514 1852 opus
544 1783 858 1840 habebimus
880 1786 1043 1855 signis
1067 1802 1080 1838 :
1107 1784 1245 1839 sicut
1268 1782 1437 1837 sinon
1460 1789 1825 1842 exerceamus,

1127 298 1638 358 IN‘MATTHEUM
1684 294 1919 354 HOMIL.
1980 299 2185 356 XLVll.
2225 302 2296 357 al.
2339 301 2568 358 XLVIII.

3421 308 3527 364 4S8

1944 410 2076 465 nihil
2104 411 2257 466 nobis
2284 411 2434 481 signa
2462 411 2774 481 proderunt.
2823 412 2950 470 ﬂare
2974 414 3151 489 itaque
3180 412 3358 473 omnia
3384 432 3526 487 cogi-

1945 508 2136 564 tantes,
2158 516 2223 554 ex
2243 500 2432 570 quibus
2456 501 2679 571 apostoli
2701 503 2875 572 magni
2898 513 3201 571 evaserunt,
3226 507 3340 560 inec
3358 521 3525 563 minu-

1942 593 2130 646 lemur.
2160 590 2435 647 Undenam
2458 594 2532 647 illi
2560 597 2732 663 magni
2756 594 2932 650 etlecti
2962 597 3119 651 sunt?
3143 599 3279 653 Audi
3307 598 3522 654 Petrum

1943 681 2205 736 dicentem
2237 700 2250 736 :
2270 681 2402 736 Ecce
2426 699 2515 737 nos
2541 686 2833 753 reliquimus
2852 688 3042 752 omnia,
3065 697 3111 740 et
3135 689 3327 759 sequuti
3350 706 3525 744 sumus

1944 781 1991 825 te
2014 788 2031 826 :
2053 774 2314 845 quidergo
2339 774 2431 827 erit
2462 775 2601 829 nobis
2633 773 2842 846 (Matth.
2864 778 2951 832 19.
2976 778 3105 851 27)?
3134 781 3269 835 Audi
3291 791 3345 836 et
3364 780 3523 837 Chri-

1942 872 2083 918 stum
2109 866 2238 933 ipsis
2266 866 2528 921 dicentem
2561 885 2575 920 :
2606 868 2853 923 Sedebitis
2882 886 3033 940 super
3060 874 3200 928 sedes
3225 873 3525 941 duodecim;

1942 968 2017 1023 et,
2053 958 2363 1028 Quicumque
2382 959 2637 1026 reliquerit
2657 960 2858 1016 domum
2884 966 2959 1017 vel
2981 967 3183 1034 fratres,
3202 968 3278 1020 vel
3306 977 3521 1037 patrem,

1943 1051 2020 1103 vel
2046 1060 2291 1115 matrem,
2321 1052 2609 1121 centuplum
2632 1054 2832 1122 recipiet
2853 1055 2904 1107 in
2934 1055 3027 1109 hac
3053 1058 3237 1112 steculo
3256 1098 3273 1125 ,
3302 1068 3347 1113 et
3371 1061 3524 1114 vitam

1941 1152 2180 1196 aeternam
2206 1143 2476 1210 possidebit
2506 1141 2666 1211 (Ibid.
2699 1160 2746 1197 υ.
2769 1144 2857 1199 28.
2884 1144 2997 1214 29).
3029 1146 3136 1203 Nos
3162 1149 3338 1219 itaque
3363 1165 3393 1204 a
3418 1167 3525 1206 stn-

1941 1232 2207 1286 cularibus
2237 1232 2483 1286 omnibus
2510 1232 2855 1301 abducentes,
2878 1234 3091 1291 Christo
3117 1253 3213 1294 nos
3238 1254 3525 1297 consecre-

1942 1338 2096 1389 mus,
2122 1332 2183 1377 ut
2206 1332 2259 1377 et
2288 1322 2544 1392 apostolis
2571 1339 2727 1393 pares
2752 1326 2921 1379 simus
2944 1327 3234 1381 secundum
3259 1330 3373 1398 ejus
3396 1346 3523 1386 sen-

1944 1412 2179 1473 tentiam,
2207 1420 2261 1466 et
2282 1421 2482 1467 teterna
2504 1413 2609 1466 vita
2635 1413 2869 1468 fruamur
2894 1432 2907 1468 :
2936 1430 3093 1486 quam
3117 1417 3315 1472 utinam
3335 1432 3525 1476 omnes

1940 1515 2349 1571 consequamur,
2370 1503 2537 1573 gratia
2558 1513 2612 1557 et
2633 1503 2955 1574 benignitate
2978 1506 3183 1561 Domini
3210 1510 3375 1563 nostri
3398 1508 3527 1566 Iesu

1941 1593 2155 1657 Christi,
2187 1593 2272 1647 cui
2302 1593 2472 1661 gloria
2499 1603 2552 1649 et
2578 1593 2861 1663 imperium
2889 1595 2941 1651 in
2965 1596 3159 1653 saecula
3185 1598 3524 1655 saeculorum.

1939 1685 2129 1737 Anien.

1363 1989 1713 2054 HOMILIA
1754 1982 2003 2047 XLVII.
2049 1981 2137 2042 al.
2182 1982 2468 2044 XLVIII.

250 2142 376 2197 Car.
412 2144 498 2199 15.
528 2159 578 2196 v.
608 2144 694 2199 54.
735 2142 863 2198 Hec
890 2144 1061 2197 omnia
1094 2143 1331 2211 loquutus
1370 2148 1443 2193 est
1469 2137 1621 2193 Iesus
1654 2136 1708 2189 in
1737 2148 1829 2203 pa-

316 2233 507 2289 rabolis
541 2235 610 2287 ad
646 2236 848 2299 turbas,
888 2246 935 2289 et
975 2235 1084 2289 sine
1124 2234 1366 2305 parabola
1400 2248 1503 2286 non
1542 2228 1835 2297 loquebatur

316 2330 385 2381 eis
414 2344 434 2381 :
456 2328 547 2382 55.
574 2338 633 2381 ut
669 2329 965 2398 impleretur
1001 2328 1137 2399 quod
1172 2328 1362 2380 dictum
1390 2334 1462 2380 est
1492 2340 1580 2393 per
1609 2322 1832 2395 prophe-

318 2430 422 2474 tam
448 2420 693 2473 dicentem
717 2438 735 2474 :
762 2420 999 2489 Aperiam
1026 2421 1078 2473 in
1110 2419 1363 2491 parabolis
1387 2436 1444 2473 os
1471 2433 1636 2472 meum
1660 2456 1675 2480 ,
1715 2431 1835 2468 eru-
1880 2472 1890 2480 ,

316 2510 462 2563 ctaba
489 2511 782 2565 abscondita
804 2528 833 2562 a
853 2512 1204 2564 constitutione
1231 2510 1407 2563 mundi
1433 2508 1605 2581 (Psal.
1640 2507 1729 2561 77.
1751 2504 1830 2575 2).

317 2601 369 2653 1.
414 2600 621 2655 Marcus
651 2616 781 2656 vero
805 2601 930 2656 dicit
969 2603 1142 2672 ipsum
1180 2604 1453 2672 loquutum
1482 2600 1646 2654 fuisse
1678 2601 1756 2653 eis
1782 2600 1832 2653 in

249 2693 541 2763 parabolis,
573 2694 724 2748 Prout
750 2704 979 2764 poterant
1001 2696 1177 2748 audire
1203 2694 1393 2766 (Marc.
1412 2694 1467 2747 4.
1489 2693 1603 2762 55).
1635 2691 1835 2745 Deinde

250 2783 545 2838 ostendens
576 2800 634 2839 se
674 2785 801 2840 nihil
842 2785 964 2839 novi
1006 2785 1256 2853 inducere
1280 2826 1295 2849 ,
1327 2783 1482 2838 affert
1518 2782 1831 2852 prophetam

248 2874 393 2929 hunc
431 2876 685 2930 doctrinae
723 2875 940 2930 modum
971 2876 1448 2945 prtenunlianlem;
1479 2882 1640 2943 utque
1667 2872 1833 2942 signi-

247 2966 435 3020 ticaret
475 2967 628 3020 nobis
658 2966 923 3021 Christum
949 3006 963 3031 ,
1002 2982 1106 3020 non
1138 2975 1195 3019 ut
1221 2966 1273 3019 in
1303 2965 1596 3035 ignorantia
1624 2978 1834 3032 perma-

244 3066 461 3120 nerent,
482 3058 577 3111 sed
609 3070 665 3111 ut
693 3058 759 3113 ad
792 3057 1221 3125 interrogandum
1246 3065 1594 3125 cogerentur,
1621 3055 1699 3109 sic
1731 3055 1834 3108 illis

245 3148 528 3218 loquutum
554 3149 736 3213 fuisse,
764 3150 1036 3220 snbjunxit
1066 3167 1078 3203 :
1112 3149 1179 3202 Et
1199 3151 1306 3203 sine
1335 3150 1577 3219 parabola
1607 3149 1733 3201 nihil
1753 3149 1831 3200 la-

243 3241 495 3308 quebatur
532 3241 603 3293 eis
645 3242 664 3305 (
689 3240 827 3294 Ibid.
855 3258 906 3296 υ.
936 3238 1043 3310 54)
1078 3258 1091 3293 :
1119 3240 1218 3295 etsi
1247 3240 1411 3293 multa
1437 3239 1555 3293 sine
1584 3236 1831 3307 parabola

244 3327 473 3397 dixerit;
496 3333 589 3386 sed
613 3342 736 3388 tunc
756 3335 1007 3403 temporis
1029 3334 1179 3387 nihil.
1200 3333 1266 3386 Et
1286 3342 1459 3386 tamen
1482 3345 1640 3386 nemo
1659 3331 1832 3399 ipsum

247 3422 615 3494 interrogavit,
643 3440 962 3495 quamquam
986 3425 1272 3495 praplietas
1294 3423 1417 3479 olim
1443 3438 1585 3493 smpe
1605 3423 1833 3477 interro-

242 3524 453 3583 garent,
472 3525 531 3569 ut
556 3516 886 3572 Ezectiielem
908 3517 1145 3588 aliosque
1166 3516 1361 3570 multos
1383 3532 1398 3569 :
1424 3514 1476 3569 hi
1498 3530 1627 3569 vero
1650 3529 1827 3580 secus,

244 3603 371 3660 licet
408 3621 472 3660 ea
513 3622 633 3677 qua:
665 3607 808 3663 dicta
853 3609 1063 3664 fuerant
1104 3615 1320 3678 possent
1357 3606 1477 3661 illas
1520 3607 1572 3660 in
1611 3606 1829 3661 dubium

244 3696 535 3764 conjicere,
564 3708 618 3752 et
642 3699 708 3753 ad
732 3698 1160 3769 interrogandum
1190 3698 1459 3753 excitare:
1487 3697 1683 3752 etenim
1705 3713 1831 3765 sup-

244 3784 464 3852 plicium
508 3789 798 3843 maximum
827 3789 1089 3858 parabolae
1115 3788 1487 3846 minabantur;
1535 3802 1709 3857 neque
1747 3794 1826 3840 ta-

244 3893 369 3931 men
417 3878 539 3933 inde
578 3882 831 3935 commoti
869 3889 1014 3936 sunt.
1059 3881 1396 3951 Quapropter
1437 3879 1672 3935 dimissis
1703 3880 1826 3947 illis,

242 3967 395 4021 abiit.
418 3969 508 4024 36.
536 3969 680 4025 Tunc
698 3972 863 4036 enim,
887 3973 979 4039 ait,
997 3974 1216 4027 dimissis
1246 3973 1422 4037 turbis,
1451 3972 1601 4027 Jcsus
1624 3974 1755 4027 uertit
1776 3974 1829 4026 in

242 4058 453 4112 uncum
499 4076 678 4127 suam;
721 4061 1002 4130 nullusque
1026 4064 1320 4119 scribarum
1346 4063 1519 4134 ipsum
1546 4064 1824 4133 sequitur;

246 4147 391 4203 unde
419 4148 672 4219 liquidum
700 4161 782 4207 est
805 4167 918 4218 eos,
946 4154 1156 4209 nonnisi
1184 4164 1239 4208 ut
1259 4154 1512 4224 carpendi
1537 4169 1721 4209 ansam
1750 4170 1830 4210 ar-

237 4242 503 4310 riperent,
527 4254 779 4314 sequutos
802 4245 982 4301 fuisse.
1014 4246 1145 4315 Quia
1166 4262 1291 4302 vero
1316 4262 1378 4302 ea
1404 4264 1521 4317 qua:
1549 4248 1689 4302 dicta
1713 4248 1827 4302 lue-

236 4344 401 4399 rant,
435 4352 538 4389 non
584 4337 945 4408 intelligebant
967 4378 984 4402 ,
1019 4339 1233 4407 reliquit
1259 4353 1372 4393 eos.
1405 4338 1473 4392 Et
1512 4349 1827 4393 accesserunt

233 4425 488 4494 discipuli
528 4428 639 4495 eius
676 4428 1041 4500 interrogantes
1080 4429 1143 4482 de
1183 4430 1427 4500 parabola
1450 4431 1759 4485 zizaniorum
1781 4432 1821 4485 ⁸.

231 4517 402 4587 Atqui
442 4518 705 4573 interdum
733 4519 970 4574 discendi
1010 4522 1187 4590 cupidi
1235 4521 1563 4591 interrogare
1588 4537 1692 4577 non
1724 4539 1824 4577 au-

230 4608 693 4663 dentzundenam
736 4610 839 4665 illis
879 4625 1019 4665 nunc
1066 4612 1291 4666 liducia?
1336 4612 1627 4667 Audierant
1670 4614 1819 4682 illud,

242 4697 401 4751 Vobis
429 4700 603 4752 datum
630 4710 702 4753 est
726 4717 873 4755 nosse
903 4702 1141 4771 mysteria
1166 4704 1309 4773 regni
1335 4703 1573 4757 caelorum
1609 4703 1819 4775 (Matth.

232 4788 325 4841 13.
350 4788 461 4857 Η),
480 4799 530 4843 et
562 4790 683 4844 hinc
709 4790 954 4845 ﬁduciam
981 4804 1395 4862 assumpserunt.
1418 4792 1644 4863 Ideoque
1675 4810 1823 4850 seor-

228 4881 337 4930 sim
370 4880 721 4948 interrogant,
753 4897 861 4936 non
891 4883 1030 4953 quod
1056 4883 1378 4938 multitudini
1408 4884 1695 4950 invideant,
1726 4885 1819 4941 sed

230 4978 292 5020 ut
324 4968 537 5024 Domini
564 4971 733 5041 legem
755 4984 988 5029 servent.
1020 4974 1117 5029 His
1135 4976 1297 5038 enim,
1322 4976 1509 5047 inquit,
1530 4978 1703 5031 datum
1720 4996 1821 5033 non

229 5074 325 5119 est.
358 5064 472 5118 Cur
495 5076 673 5120 autem
705 5069 863 5121 missa
897 5068 1139 5124 femieuti
1162 5079 1215 5124 et
1236 5069 1433 5141 sinapis
1458 5071 1730 5139 parabola,
1754 5072 1821 5127 de

230 5156 333 5210 hac
347 5156 714 5227 interrogant?
732 5159 851 5213 Illas
864 5168 1045 5229 utpote
1056 5160 1309 5216 clariores
1321 5162 1669 5233 reliquerunt;
1686 5164 1822 5221 hanc

231 5264 365 5303 vero
384 5289 400 5315 ,
431 5260 615 5319 utpote
642 5266 763 5321 quze
790 5252 1100 5307 aliinitatem
1132 5252 1354 5309 haberet
1380 5268 1502 5309 cum
1546 5256 1819 5324 prtemissa

232 5339 507 5407 parabola,
528 5351 584 5395 ct
602 5342 727 5412 quid
748 5344 976 5413 amplius
994 5343 1228 5409 eﬂ‘erret,
1252 5344 1494 5401 ediscere
1510 5346 1816 5417 cupiebant.

230 5428 414 5499 Neque
441 5430 583 5485 enim
609 5434 748 5487 scire
772 5443 954 5487 vaiuut
975 5474 990 5499 ,
1022 5444 1196 5489 utrum
1225 5434 1469 5491 eamdem
1503 5436 1774 5508 repetierit
1799 5454 1816 5494 :

230 5540 352 5575 nam
376 5524 625 5579 videbant
654 5525 705 5580 in
737 5526 836 5582 hac
862 5542 1106 5597 magnam
1127 5527 1303 5584 ell'erri
1326 5530 1814 5585 comminationem.

261 5662 304 5725 ,⁸
345 5665 476 5731 Unus
498 5666 593 5731 λετ
613 5670 917 5731 accesserunt
942 5661 1170 5731 discipuli
1193 5667 1294 5731 ejus
1309 5659 1549 5729 dicentes,
1577 5683 1600 5712 ι
1624 5663 1721 5717 Dic
1736 5678 1819 5715 no-

229 5715 294 5767 διε
320 5720 607 5781 pambatam
633 5722 929 5773 sistatiarttm
962 5715 1083 5787 agri.
1114 5742 1134 5767 ι

1943 2122 2277 2191 Quapropter
2314 2138 2421 2177 non
2464 2123 2668 2177 incusat
2706 2139 2834 2189 eos,
2869 2126 2962 2180 sed
2993 2126 3293 2194 explanavit
3319 2144 3379 2184 ea
3407 2142 3526 2201 quae

1942 2211 2081 2265 dicta
2115 2213 2343 2265 fuerant.
2373 2213 2456 2277 Et,
2491 2224 2547 2266 ut
2575 2228 2787 2283 semper
2814 2215 2942 2280 dixi,
2977 2218 3239 2287 parabolae
3265 2237 3368 2275 non
3400 2231 3526 2276 sunt

1939 2303 2004 2357 ad
2033 2304 2239 2358 Iiteram
2275 2304 2597 2373 accipiendae
2626 2323 2639 2358 :
2671 2306 2794 2360 inde
2821 2308 2960 2361 enim
2989 2309 3217 2364 absurda
3246 2312 3407 2366 multa
3436 2328 3525 2367 se-

1940 2403 2260 2463 querentur;
2286 2394 2428 2464 quod
2452 2406 2504 2448 ut
2531 2411 2629 2449 nos
2660 2396 2881 2463 doceat,
2916 2398 2991 2452 sic
3019 2400 3321 2468 parabolam
3352 2402 3526 2471 expli-

1939 2496 2042 2540 eat.
2087 2486 2200 2540 Non
2237 2486 2365 2540 dicit
2387 2527 2402 2551 ,
2439 2488 2526 2556 qui
2554 2499 2734 2541 essent
2756 2490 2893 2542 servi
2924 2489 2995 2543 illi
3026 2491 3114 2560 qui
3143 2504 3523 2556 accesserunt;

1942 2575 2035 2629 sed
2069 2585 2124 2629 ut
2148 2576 2389 2630 ostendat
2431 2593 2524 2642 se,
2562 2578 2715 2632 seriei
2757 2580 3139 2634 concinnanda:
3165 2597 3343 2647 causa,
3377 2593 3431 2638 et
3458 2585 3524 2641 ad

1940 2667 2389 2735 complementum
2419 2667 2692 2737 imaginis,
2726 2669 2869 2736 ipsus
2900 2669 3203 2737 induxisse,
3234 2672 3331 2726 hac
3361 2674 3524 2730 missa

1941 2769 2107 2827 parte,
2132 2776 2249 2829 qua:
2275 2760 2339 2813 ad
2369 2776 2480 2815 rem
2509 2761 2736 2815 maxime
2766 2763 3116 2829 pertinebant,
3137 2765 3205 2818 ob
3231 2782 3386 2835 quam
3412 2767 3525 2823 lucc

1940 2850 2187 2917 parabola
2221 2850 2360 2904 dicta
2397 2850 2587 2916 fuerat,
2616 2853 2864 2920 explicat,
2898 2867 2955 2905 se
2988 2855 3216 2909 universi
3239 2856 3474 2925 judicem
3500 2860 3517 2892 ι

1944 2949 1998 2992 et
2044 2940 2321 2993 Dominum
2364 2939 2661 2994 declarans.
2708 2942 2797 2994 57.
2832 2941 2897 2994 Et
2940 2946 3285 3014 respondens,
3315 2947 3523 3017 inquit,

1939 3026 2067 3079 dixit
2098 3028 2169 3080 eis
2192 3044 2211 3080 :
2231 3028 2329 3093 Qui
2353 3030 2564 3082 seminat
2588 3030 2771 3082 bonum
2796 3048 2981 3096 semen,
3007 3043 3079 3086 est
3103 3034 3270 3089 Filius
3287 3037 3524 3093 hominis.

1939 3116 2026 3169 38.
2056 3116 2188 3186 Ager
2215 3128 2379 3171 autem
2402 3129 2474 3172 est
2501 3120 2740 3175 mundus.
2765 3118 2961 3172 Bonum
2989 3138 3103 3174 vero
3125 3141 3309 3187 semen,
3337 3127 3390 3180 hi
3408 3138 3525 3183 sunt

1938 3208 2033 3275 filii
2052 3210 2212 3277 regni.
2238 3208 2470 3273 Zizania,
2498 3210 2594 3278 ﬁlii
2623 3212 2834 3281 maligni
2858 3213 3010 3265 illius.
3033 3214 3119 3269 59.
3144 3214 3389 3272 Inimicus
3411 3236 3526 3275 vero

1937 3297 2022 3364 qui
2051 3313 2109 3349 ea
2153 3299 2395 3362 seminat,
2427 3310 2498 3353 est
2533 3301 2779 3353 diabolus.
2820 3300 3019 3365 Messis,
3054 3315 3125 3356 est
3161 3313 3526 3364 consummatio

1936 3389 2129 3441 sa’culi.
2158 3390 2404 3443 Messores
2433 3401 2615 3457 autem,
2645 3393 2813 3461 angeli
2836 3406 2969 3446 sunt.
2995 3396 3083 3449 40.
3110 3395 3255 3450 Sicut
3275 3416 3391 3470 ergo
3420 3402 3527 3454 cal-

1937 3476 2164 3548 liguntur
2188 3480 2385 3533 zizania
2408 3522 2422 3546 ,
2455 3490 2501 3534 et
2536 3481 2640 3551 igni
2669 3482 3029 3536 comburuntur
3055 3500 3073 3537 :
3102 3485 3171 3537 ita
3199 3488 3289 3540 erit
3319 3489 3369 3540 in
3395 3506 3522 3543 can-

1934 3571 2269 3623 summatione
2287 3572 2461 3624 steculi
2491 3571 2659 3641 hujus.
2683 3572 2770 3627 41.
2797 3571 2961 3627 Μὶιιρι
2992 3573 3159 3628 Filius
3177 3577 3392 3633 hominis
3425 3599 3525 3635 an-

1934 3661 2072 3729 gelos
2096 3679 2231 3728 suos,
2254 3672 2300 3717 et
2325 3665 2559 3734 colligent
2588 3664 2651 3718 de
2673 3682 2826 3735 regno
2851 3668 2959 3737 ejus
2980 3667 3150 3721 omnia
3182 3672 3446 3738 scandala,
3476 3683 3525 3728 et

1935 3755 2172 3823 facientes
2189 3756 2521 3825 iniquitatem,
2538 3756 2625 3810 42.
2644 3768 2687 3809 et
2710 3760 2902 3810 mittent
2924 3777 3005 3812 eos
3026 3760 3076 3812 in
3097 3763 3349 3816 caminum
3368 3764 3522 3834 ignis.

1935 3844 2018 3898 Ibi
2038 3847 2128 3900 erit
2148 3848 2296 3916 ﬂetus
2315 3857 2360 3901 et
2385 3847 2570 3901 stridor
2584 3849 2825 3901 dentium.
2847 3850 2935 3903 45.
2963 3849 3104 3905 Tunc
3125 3852 3385 3924 fulgebunt
3390 3858 3524 3927 justi

1933 3938 2061 3992 sicut
2081 3940 2159 3994 sol
2186 3940 2237 3994 in
2258 3956 2411 4011 regno
2440 3939 2609 3994 Patris
2632 3958 2824 3995 eorum.
2854 3941 2985 3995 Cum
3004 3944 3145 3998 enim
3173 3947 3260 4015 qui
3291 3950 3521 4003 seminat

1934 4029 2049 4098 ipse
2076 4030 2164 4097 sit,
2188 4040 2241 4085 et
2266 4046 2449 4101 agrum
2488 4047 2643 4086 suum
2675 4033 2921 4096 seminet,
2953 4043 3113 4104 atque
3140 4051 3205 4090 ex
3231 4053 3395 4108 regno
3422 4054 3521 4095 suo

1932 4123 2163 4193 colligat,
2199 4125 2368 4194 palam
2404 4134 2486 4179 est
2526 4124 2664 4179 hunc
2704 4125 2957 4179 mundum
3006 4127 3170 4192 ipsius
3207 4144 3347 4185 esse.
3386 4130 3521 4187 Pcr-

1934 4216 2106 4285 pcnde
2147 4228 2326 4272 autem
2370 4218 2486 4286 ejus
2527 4218 2935 4273 inenarrabilem
2984 4221 3423 4291 misericordiam,
3466 4236 3523 4282 et

1934 4323 2158 4377 pronum
2187 4309 2254 4363 ad
2286 4310 2541 4365 beneﬁcia
2572 4310 2870 4379 prmstanda
2900 4312 3166 4379 animum,
3211 4325 3264 4370 et
3303 4331 3460 4386 quam
3487 4334 3516 4372 a

1932 4399 2191 4468 supplicio
2221 4400 2496 4456 inferendo
2535 4402 2601 4456 sit
2638 4403 2864 4458 alienus.
2909 4404 3041 4459 Cum
3083 4407 3225 4461 enim
3268 4410 3517 4477 seminat,

1934 4506 2028 4559 per
2047 4491 2278 4562 seipsum
2308 4495 2563 4557 seminat;
2596 4495 2850 4564 supplicia
2884 4512 3007 4550 vero
3036 4512 3131 4566 per
3156 4498 3290 4553 alios
3318 4500 3474 4555 infert
3498 4546 3516 4570 ,

1932 4585 1983 4640 id
2009 4594 2090 4641 est
2113 4627 2128 4651 ,
2158 4601 2254 4655 per
2282 4587 2499 4656 angelos
2518 4588 2560 4639 ’.
2590 4586 2733 4641 Tunc
2755 4589 2887 4659 justi
2916 4590 3174 4659 fulgebunt
3201 4591 3330 4643 sicut
3356 4593 3435 4645 sal
3463 4594 3515 4647 in

1928 4692 2081 4746 regna
2106 4675 2278 4729 Patris
2299 4693 2488 4731 eorum.
2522 4677 2635 4732 Non
2658 4679 2795 4748 quod
2817 4679 2896 4734 sic
2918 4688 3117 4733 tantum
3141 4680 3393 4751 fulgeant,
3419 4682 3513 4737 sed

1930 4769 2049 4837 quia
2074 4767 2172 4823 hoc
2193 4779 2340 4824 astro
2358 4772 2555 4825 nullum
2583 4770 2865 4837 iulgentius
2885 4772 3146 4838 videmus,
3168 4773 3307 4829 notis
3332 4789 3515 4828 exciu-

1929 4860 2031 4927 plis
2072 4869 2155 4914 est
2196 4875 2342 4915 usus.
2388 4859 2544 4916 Certe
2584 4862 2708 4917 alibi
2748 4878 2958 4933 quoque
2997 4862 3132 4917 dixit
3168 4864 3276 4931 jam
3320 4864 3511 4920 adesse

1929 4967 2179 5019 messem,
2225 4962 2281 5007 ut
2319 4968 2439 5008 cum
2485 4954 2551 5009 dc
2594 4954 2942 5010 Samaritanis
2986 4955 3103 5010 ait:
3133 4954 3315 5009 Levate
3339 4958 3512 5012 oculos

1928 5054 2133 5104 vestros.
2154 5055 2199 5098 et
2224 5047 2431 5112 aspicite
2459 5048 2703 5117 regiones,
2720 5048 2838 5117 quia
2863 5048 2991 5101 allus
2998 5047 3112 5117 jam
3137 5054 3252 5101 sunt
3276 5048 3345 5100 ad
3373 5065 3507 5103 mes-

1928 5151 2032 5190 sem
2062 5134 2254 5206 (Jaan.
2278 5136 2329 5191 4.
2362 5136 2501 5205 53);
2534 5146 2585 5191 et
2609 5151 2790 5191 rursus
2813 5178 2828 5203 ,
2874 5135 3053 5191 Μινωὶς
3081 5137 3279 5205 quidem
3319 5139 3509 5205 multa,

1927 5228 2150 5297 operarii
2178 5238 2344 5281 autem
2366 5230 2516 5298 pauci
2544 5228 2692 5301 (Luc.
2720 5229 2803 5284 l0.
2834 5227 2911 5299 2).
2943 5226 3223 5295 Quomodo
3251 5244 3378 5299 ergo
3400 5230 3509 5285 illic

1927 5319 2137 5389 quidem
2175 5318 2284 5388 jam
2333 5334 2447 5373 mes
2476 5334 2562 5374 em
2608 5322 2796 5374 adesse
2840 5322 2953 5387 ait,
2996 5319 3083 5375 hic
3112 5335 3240 5375 vero
3279 5319 3507 5375 futuram

1928 5426 2157 5466 messem
2200 5411 2365 5465 dicit?
2401 5412 2701 5467 Secundum
2738 5413 2877 5468 aliud
2909 5428 3101 5484 nempe
3125 5413 3505 5487 significatum.

1988 5604 2005 5636 ¹
2044 5602 2157 5659 Alii,
2179 5611 2461 5668 creatorem,
2489 5618 2593 5667 pro,
2610 5606 2848 5668 judicent.

1990 5668 2009 5696 ²
2045 5674 2188 5734 tinus,
2207 5664 2443 5734 supplicia
2467 5664 2677 5733 vero-per
2701 5669 2820 5721 alios
2839 5670 2983 5734 infert
3000 5682 3018 5720 .’
3036 5668 3178 5722 mittil
3201 5669 3327 5721 enim
3355 5671 3510 5723 Filius

1927 5726 2130 5776 hominis
2153 5726 2343 5790 angelos
2366 5742 2491 5779 suos.
