4052 6228
555 300 659 356 ι83

554 417 730 483 Quare
774 415 934 471 etiam
984 430 1102 469 eum
1147 413 1271 469 alibi
1300 413 1479 484 (Joan.
1502 415 1553 468 4.
1580 413 1669 480 57)
1696 411 1949 475 dixisset,
1972 409 2134 463 alium

554 522 674 562 esse
703 507 790 577 qui
817 506 1064 571 seminat,
1095 506 1254 559 alimn
1280 504 1368 575 qui
1396 503 1568 568 metit,
1598 502 1684 556 hic
1733 500 1862 556 dicit
1910 516 1969 556 se
2013 514 2137 554 eum

553 599 642 669 qui
687 598 914 652 seminat
955 598 1111 652 esse?
1169 597 1301 665 Quia
1340 595 1411 648 ibi
1446 595 1523 649 sic
1561 593 1893 663 loquebatur,
1927 600 1986 645 ut
2029 606 2134 645 non

552 693 674 756 sibi,
698 690 792 744 sed
820 698 877 743 ut
905 690 1177 759 prophetis
1205 687 1473 756 apostolos
1499 694 1852 755 compararet,
1876 686 1988 739 sive
2013 699 2134 738 eum

550 782 787 847 Judzeos,
832 782 944 835 sive
989 796 1108 834 cum
1155 779 1519 835 Samaritanos
1564 777 1952 847 alloquebatur.
2000 775 2132 829 Nam

551 874 710 927 etiam
752 889 843 941 per
885 872 1170 941 prophetas
1209 869 1323 935 ipse
1362 870 1676 923 seminabat.
1716 869 1809 922 Est
1835 877 2010 921 autem
2046 866 2132 920 ubi

553 980 777 1020 messem
805 973 857 1017 et
885 978 1064 1017 semen
1096 961 1321 1030 idipsnm
1351 961 1511 1026 dicat,
1545 959 1837 1014 secundum
1866 959 2131 1013 diversam

550 1055 808 1113 rationem
837 1056 914 1108 sic
939 1054 1232 1123 appellans.

620 1149 673 1202 Ξ.
728 1146 859 1200 Nam
916 1144 1129 1213 quando
1189 1143 1544 1212 obsequentes
1595 1141 2131 1210 obtemperantesque

548 1240 821 1295 auditores
863 1236 1024 1299 dicit,
1060 1249 1287 1289 messem
1320 1242 1504 1297 vocat,
1549 1242 1606 1285 ut
1641 1248 1754 1286 rem
1784 1246 2130 1286 consumma-

548 1341 655 1385 tam
708 1328 945 1383 declaret
975 1343 989 1378 :
1019 1324 1230 1393 quando
1273 1331 1450 1377 autem
1481 1324 1705 1376 fructum
1738 1321 2130 1389 prtedicationis

546 1424 770 1492 qumrit,
801 1434 984 1475 semen
1028 1428 1081 1473 et
1116 1431 1345 1472 messem
1400 1417 1568 1485 ipsam
1610 1415 2127 1468 consummationem

545 1512 795 1583 appellat.
838 1510 903 1565 Et
943 1508 1213 1578 quomodo
1256 1507 1416 1561 etiam
1464 1506 1589 1560 alibi
1621 1504 1767 1569 dicit,
1811 1504 1973 1559 Primi
2000 1504 2128 1572 justi

544 1602 864 1674 rapiuntur?
926 1601 1225 1669 Rapiuntur
1299 1597 1513 1669 quidem
1584 1598 1741 1667 primi
1805 1596 2130 1652 adveniente

544 1695 795 1758 Christo;
843 1692 1122 1747 traduntur
1163 1699 1339 1744 autem
1368 1689 1454 1743 isti
1501 1688 1795 1758 supplicio,
1820 1697 1875 1742 et
1902 1696 2026 1742 tunc
2054 1688 2127 1741 illi

547 1786 614 1840 ad
646 1799 868 1855 regnum
898 1784 1150 1838 czelorum
1179 1780 1612 1850 proficiscuntur.
1638 1778 1771 1845 Quia
1789 1778 1928 1832 enim
1953 1776 2127 1845 jnstos

546 1876 599 1930 in
629 1876 762 1929 etelo
788 1887 909 1927 esse
941 1882 1188 1943 oportet,
1219 1872 1270 1925 in
1301 1877 1495 1925 terram
1520 1877 1696 1922 autem
1730 1868 1844 1938 ipse
1871 1874 2126 1920 venturus

543 1975 627 2021 est
646 2007 660 2028 .
685 1965 753 2019 de
778 1964 1026 2019 omnibus
1057 1962 1361 2016 hominibus
1385 1960 1716 2030 iudicaturus
1737 1998 1753 2021 ,
1788 1956 2125 2011 sententiam-

543 2072 646 2126 que
672 2057 876 2110 laturus
910 2074 922 2109 :
951 2056 1100 2125 quasi
1130 2070 1221 2108 rex
1249 2066 1473 2122 surgens
1502 2067 1625 2106 cum
1656 2051 1849 2104 amicis
1874 2051 2007 2113 suis,
2032 2064 2124 2103 eos

542 2148 609 2202 ad
648 2149 853 2202 beatam
887 2146 1029 2200 illam
1058 2155 1255 2200 sortem
1279 2145 1536 2198 ducturus
1565 2151 1663 2197 est.
1718 2141 1903 2196 Viden’
1927 2140 2123 2210 duplex

543 2238 657 2292 iure
683 2238 1023 2306 supplicium.
1054 2245 1161 2289 tum
1195 2236 1336 2305 quod
1364 2236 1767 2297 comburantur,
1794 2242 1903 2285 tum
1929 2232 2069 2300 quod
2092 2246 2122 2285 a

541 2328 706 2398 gloria
732 2328 817 2381 illa
844 2325 1128 2380 excidant?
1162 2325 1265 2380 Sed
1295 2342 1391 2378 cur
1417 2323 1654 2388 demum,
1685 2323 1789 2377 illis
1820 2322 2122 2377 recedenti-

541 2418 640 2473 bus
662 2460 677 2485 ,
709 2418 836 2487 ipsis
866 2419 1026 2473 etiam
1059 2416 1315 2486 apostolis
1358 2415 1410 2469 in
1453 2414 1717 2484 parabolis
1738 2413 2000 2482 loquitur?
2026 2411 2123 2467 Sa-

539 2508 829 2576 pientiores
863 2523 928 2561 ex
966 2522 1126 2573 supra
1152 2506 1307 2559 dictis
1336 2504 1509 2559 effecti
1532 2544 1547 2569 ,
1582 2512 1706 2557 tunc
1738 2504 2119 2573 intelligebant.

538 2599 670 2653 llinc
698 2614 815 2653 cum
847 2597 1064 2652 dixisset
1081 2598 1184 2650 illis
1207 2607 1419 2667 postea:
1441 2594 1769 2649 Intellexistis
1793 2599 1897 2648 [nec
1911 2593 2123 2648 omnia?

537 2692 709 2745 dicunt
739 2692 803 2754 ei,
835 2688 1035 2754 Etiam,
1065 2687 1280 2742 Domine
1320 2689 1525 2758 (Matth.
1550 2690 1634 2742 15.
1808 2686 1897 2741 Sic
1935 2696 1987 2740 et.
2022 2685 2123 2740 hoc

542 2797 664 2835 cum
692 2782 809 2834 aliis
839 2780 1015 2833 elTecit
1060 2779 1340 2848 parabola,
1376 2788 1431 2831 ut
1471 2778 1888 2847 perspicaciores
1929 2776 2122 2831 deinde

536 2879 735 2925 essent.
769 2869 904 2936 Quid
933 2870 1091 2939 igitur
1116 2876 1237 2937 post
1267 2868 1379 2923 lucc
1411 2866 1572 2921 dicit?
1602 2868 1687 2921 44.
1724 2866 1905 2921 Simile
1942 2876 2013 2920 est
2037 2884 2121 2919 re-

534 2979 691 3033 gnum
719 2960 959 3016 cwlorum
998 2962 1232 3014 thesauro
1260 2960 1551 3013 abscondito
1580 2963 1631 3012 in
1660 2976 1783 3029 agro
1803 2976 1821 3013 :
1841 2976 1986 3029 quem
2007 2977 2122 3015 cum

534 3054 719 3107 invenit
747 3053 898 3106 homo
926 3052 1209 3116 abscondit,
1238 3061 1282 3106 et
1304 3067 1411 3122 pra:
1435 3051 1621 3122 gaudio
1649 3050 1787 3105 illius
1816 3052 2120 3106 vendituni-

533 3160 675 3197 versa
698 3158 813 3213 qua:
839 3143 1005 3209 habet,
1034 3151 1080 3195 et
1107 3143 1221 3196 emit
1242 3159 1420 3212 agrum
1443 3142 1607 3195 illum.
1627 3142 1715 3197 45.
1745 3141 1770 3194 1
1780 3152 1937 3196 terum
1956 3143 2122 3198 simile

532 3243 605 3289 est
626 3250 834 3306 regnum
864 3232 1103 3287 calorum
1125 3234 1425 3304 negotiatori
1459 3234 1701 3302 quwreuti
1731 3235 1884 3286 bonas
1913 3251 2119 3305 marga-

531 3328 672 3379 ritas.
702 3323 793 3379 46.
826 3323 1040 3378 Inventa
1060 3335 1228 3378 autent
1258 3341 1359 3376 una
1389 3326 1606 3393 pretiosa
1635 3325 1915 3395 margarita
1933 3365 1948 3387 ,
1972 3326 2115 3392 abiit,

530 3425 576 3469 et
601 3415 821 3468 vendidit
847 3415 1079 3467 universa
1099 3430 1211 3484 qua:
1236 3414 1429 3476 habuit,
1459 3423 1506 3468 et
1541 3417 1658 3467 emit
1688 3432 1817 3468 eam.
1851 3416 2118 3482 Quemad-

532 3503 751 3557 modum
785 3504 892 3569 illic
924 3520 1147 3573 granum
1196 3503 1448 3558 frumenti
1479 3514 1532 3559 et
1578 3504 1898 3560 fermentum
1934 3523 2118 3576 parttm

531 3596 671 3650 inter
708 3610 768 3650 se
819 3594 1072 3649 dilfernnt
1104 3613 1116 3648 :
1146 3596 1224 3650 sic
1273 3604 1328 3649 et
1375 3595 1477 3650 hoc
1531 3596 1649 3649 loco
1695 3596 1816 3650 dua:
1856 3598 2120 3666 parabolae

533 3688 771 3743 thesauri
796 3699 847 3743 et
880 3689 1200 3758 margaritte.
1233 3687 1363 3742 Nam
1394 3704 1489 3758 per
1518 3699 1798 3758 utrumque
1825 3688 1928 3745 hoc
1953 3690 2119 3760 signi-

532 3778 742 3844 ﬁcatur,
768 3788 1015 3851 oportere
1030 3779 1462 3849 prmdicationcm
1490 3780 1736 3834 omnibus
1764 3791 2116 3850 anteponere.

533 3872 600 3926 Et
630 3872 735 3926 illa:
773 3870 987 3941 quidem
1025 3869 1269 3925 fermenti
1314 3880 1367 3924 et
1395 3872 1594 3940 sinapis
1634 3871 1898 3940 parabolae
1923 3870 1988 3925 ad
2012 3871 2120 3925 vim

530 3963 925 4033 praedicationis
953 3962 1220 4031 pertinent
1242 4002 1255 4023 .
1290 3962 1564 4031 ipsamque
1592 3971 1759 4015 totum
1786 3962 1970 4015 orbem
1997 3977 2119 4017 esse

525 4064 898 4125 superaturam
929 4052 1164 4105 indicant
1196 4069 1210 4105 ι
1244 4050 1324 4103 ba:
1355 4058 1532 4104 autem
1560 4051 1679 4105 duce
1710 4053 1974 4119 parabon
2001 4052 2117 4120 ejus

526 4146 755 4214 pretium
785 4154 839 4198 et
874 4144 1184 4213 dignitatem
1215 4142 1508 4196 declarant.
1565 4142 1883 4197 Extenditur
1922 4145 2117 4214 quippe

527 4236 614 4291 illa
642 4246 699 4289 ut
740 4234 908 4303 sinapi
936 4274 950 4297 ,
980 4241 1199 4303 superat
1228 4242 1286 4286 ιιι
1328 4233 1669 4298 fermentum,
1698 4234 1925 4301 pretiosa
1955 4245 2036 4288 est
2063 4243 2120 4288 ut

528 4325 833 4397 margarita,
863 4324 1140 4378 innumera
1170 4323 1373 4394 prtebet
1398 4323 1678 4377 commoda
1747 4332 1801 4377 et
1830 4333 2073 4378 ornatum
2100 4367 2115 4392 ,

529 4426 587 4471 ttt
618 4414 922 4471 thesaurus.

600 4507 912 4563 Renuntiare
942 4505 1171 4560 omnibus
1219 4515 1292 4559 est
1336 4504 1630 4575 negotiatio,
1663 4520 1762 4557 non
1792 4504 2021 4574 jactura.
2048 4534 2120 4543 —

530 4603 714 4673 Neque
746 4601 797 4654 id
826 4601 998 4654 solum
1028 4599 1115 4653 hic
1143 4599 1419 4665 discimus,
1449 4598 1698 4652 omnibus
1721 4612 1778 4651 se
1802 4612 1999 4651 exuere
2025 4612 2119 4666 par

526 4711 675 4755 esse,
703 4708 766 4747 ac
788 4692 1150 4762 praedicationi
1184 4691 1388 4744 hcet-ere
1414 4707 1427 4755 ;
1457 4688 1551 4742 sed
1573 4690 1733 4743 etiam
1762 4688 1813 4741 id
1840 4703 1961 4742 cum
1994 4703 2121 4756 gan-

523 4790 615 4843 dio
641 4802 760 4843 esse
793 4783 1113 4840 faciendum.
1143 4782 1300 4837 Certe
1329 4783 1373 4836 is
1392 4824 1406 4845 ,
1437 4782 1526 4850 qui
1555 4782 1798 4836 omnibus
1828 4781 2115 4845 renuntiat,

520 4882 656 4936 sciat
690 4886 902 4949 oportet
933 4918 947 4941 ,
976 4892 1087 4932 rem
1118 4876 1259 4930 illam
1281 4890 1402 4929 esse
1428 4874 1875 4941 negotiationem,
1907 4888 2010 4926 non
2031 4873 2115 4941 ja-

528 4982 755 5024 cturam.
808 4967 992 5023 Viden'
1036 4964 1303 5036 quomodo
1355 4964 1658 5034 praedicatio
1703 4964 1754 5017 in
1800 4964 1999 5017 mundo
2049 4964 2119 5017 sit

534 5061 741 5115 occulta
762 5102 778 5125 ,
807 5068 863 5114 et
891 5060 943 5114 in
977 5058 1350 5129 praedicatione
1387 5065 1517 5125 quot
1559 5057 1665 5110 sint
1697 5055 1874 5110 bona?
1910 5058 1986 5110 Ac
2014 5056 2114 5110 nisi

532 5151 708 5204 omnia
734 5150 1058 5215 vendideris,
1082 5164 1186 5203 non
1209 5149 1343 5203 eruis
1370 5148 1511 5201 illam
1563 5165 1576 5201 :
1609 5148 1708 5202 nisi
1737 5148 1962 5201 sollicito
1994 5148 2116 5201 ani-

530 5258 618 5297 mo
640 5241 935 5312 quaesieris,
955 5258 1058 5295 non
1087 5241 1312 5296 invenis.
1337 5240 1449 5293 Duo
1472 5239 1631 5305 igitur
1646 5240 1943 5293 necessaria
1967 5248 2111 5306 sunt,

521 5335 857 5391 sa‘eulariutn
908 5350 1084 5388 rerum
1135 5334 1418 5395 abdicatio,
1467 5341 1520 5387 et
1564 5347 1769 5386 summa
1823 5331 2112 5400 vigilantia.

518 5425 648 5479 Nam
676 5425 752 5478 ait
778 5441 790 5476 :
826 5422 1080 5488 Quwrenti
1104 5422 1257 5477 bonas
1283 5425 1583 5494 margaritas
1608 5423 1845 5476 :inventa
1866 5439 1966 5475 una
1993 5437 2111 5493 pre-

519 5518 667 5580 tiosa,
694 5516 913 5569 vendidit
940 5516 1129 5580 omnia,
1150 5527 1196 5569 et
1214 5518 1330 5569 emit
1361 5533 1491 5569 eam.
1527 5514 1643 5570 Una
1673 5517 1869 5586 quippe
1900 5525 1981 5568 est
2020 5532 2110 5570 vc.

517 5610 669 5671 ritas,
698 5621 796 5660 nec
824 5607 874 5661 in
907 5615 1085 5676 partes
1113 5606 1302 5661 divisa.
1338 5608 1411 5659 Ac
1447 5606 1583 5658 sicut
1625 5605 1668 5660 is
1703 5607 1793 5675 qui
1850 5604 2110 5674 margari-

521 5709 627 5754 tam
655 5698 814 5754 habet
837 5739 852 5767 ,
881 5700 1027 5755 novit
1054 5700 1166 5769 ipse
1197 5713 1253 5753 sc
1283 5697 1498 5751 divitem
1536 5711 1658 5753 esse
1681 5713 1695 5764 ;
1721 5712 1861 5768 sa~pe
1887 5706 2062 5751 autem
2085 5736 2102 5768 ,

1323 293 1380 351 S.
1421 294 1698 351 JUANNIS
1723 290 2191 349 CHRYSOSTOMI
2234 293 2548 350 ARCHiEP.
2585 296 3119 360 CONSTANTINOP.

3737 309 3848 365 ιει

2246 410 2369 465 licet
2414 413 2556 467 illam
2599 432 2757 471 manu
2792 429 2984 485 teneat,
3011 421 3061 475 id
3092 420 3210 476 aliis
3237 430 3319 476 cst
3349 422 3619 492 ignotum;
3652 437 3842 494 neque

2245 503 2386 556 enim
2430 505 2573 559 mole
2600 509 2841 576 corporis
2871 510 3090 580 insignis
3119 522 3201 565 est
3228 527 3243 562 :
3272 511 3349 564 sic
3384 521 3436 564 et
3482 513 3534 565 in
3564 512 3840 581 praedica-

2246 592 2425 658 tione,
2457 594 2546 661 qui
2579 594 2722 649 illam
2771 606 2986 663 tenent,
3019 613 3078 653 se
3108 598 3297 652 divites
3327 612 3444 653 esse
3469 608 3670 654 norunt
3693 642 3708 665 ,
3746 603 3837 655 in-

2239 682 2439 736 creduli
2472 694 2649 738 autem
2680 685 2983 741 thesaurum
3016 687 3320 757 lmjusmodi
3351 688 3656 758 ignorantes
3682 730 3697 754 ,
3735 707 3840 744 no-

2240 782 2379 827 stras
2407 774 2530 827 item
2575 775 2783 829 divitias
2813 779 3076 831 nesciunt.
3131 778 3331 833 Deinde
3361 794 3427 832 ne
3452 779 3828 847 pranlicationi

2242 874 2442 918 tantum
2471 866 2695 921 fidamus
2715 910 2728 932 ,
2758 885 2892 923 neve
2919 880 3162 940 putemus
3187 873 3357 926 solam
3386 872 3542 928 fidem
3572 875 3639 929 ad
3666 877 3791 930 salu
3810 906 3829 916 ο

2240 964 2344 1009 tem
2400 957 2553 1011 nobis
2592 958 2841 1014 sufﬁcere
2861 1000 2875 1022 ,
2905 960 3061 1014 aliam
3095 962 3385 1017 terribilem
3411 962 3564 1017 ell'ert
3590 966 3834 1033 parabo-

2236 1047 2360 1101 lam.
2393 1047 2644 1112 Quasnam
2697 1051 2783 1104 illa
2823 1053 2940 1105 est?
2965 1052 3052 1106 47.
3082 1052 3303 1122 Sageme
3331 1055 3601 1123 parabola.
3639 1056 3835 1111 Simile

2235 1147 2307 1191 est
2336 1154 2541 1208 regnum
2565 1141 2801 1193 cazlorum
2828 1158 3028 1211 sugente
3055 1145 3219 1198 missa
3244 1146 3296 1198 in
3322 1162 3480 1211 mare,
3511 1154 3559 1201 et
3583 1164 3647 1201 ea:
3676 1150 3829 1202 onmi

2234 1246 2410 1301 genere
2444 1231 2652 1300 piscium
2677 1234 2999 1303 congreganti
3022 1251 3040 1288 :
3074 1234 3164 1289 48.
3193 1252 3341 1304 quam
3360 1237 3623 1293 educentes
3658 1240 3730 1293 ad
3760 1242 3829 1294 li-

2235 1335 2315 1372 tus
2339 1321 2509 1381 maris,
2542 1323 2788 1383 sedentes,
2820 1332 2867 1375 et
2892 1323 3179 1393 colligentes
3204 1324 3358 1380 bonos
3381 1326 3432 1379 in
3454 1342 3541 1380 vas
3557 1329 3818 1397 jecerunt,

2233 1409 2393 1464 malos
2412 1421 2574 1463 autem
2602 1414 2737 1481 foras
2765 1412 3019 1466 miserunt.
3056 1413 3111 1468 lu
3132 1429 3237 1484 quo
3256 1414 3434 1470 differt
3458 1416 3574 1472 hate
3602 1434 3632 1472 a
3663 1434 3825 1487 para-

2234 1498 2352 1552 bola
2375 1500 2734 1555 zizaniorum?
2763 1501 2893 1556 Nam
2918 1512 2972 1557 et
2994 1503 3101 1558 illic
3127 1505 3215 1558 alii
3244 1515 3525 1561 servantur
3549 1549 3566 1572 ,
3587 1506 3678 1561 alii
3696 1521 3816 1574 per.

2231 1595 2396 1655 eunt;
2460 1591 2552 1645 sed
2583 1592 2692 1647 illic
2714 1593 2782 1647 ob
2806 1609 3088 1664 pravorum
3120 1595 3428 1666 dogmatum
3442 1598 3688 1653 haeresim
3721 1617 3735 1652 :
3762 1611 3817 1656 et

2230 1681 2318 1750 qui
2345 1691 2467 1733 ante
2504 1693 2903 1751 memorantur,
2926 1687 3047 1755 quia
3088 1686 3249 1742 dictis
3275 1689 3677 1756 praadicantium
3708 1706 3823 1749 nou

2229 1770 2539 1835 attendunt;
2571 1772 2623 1826 bi
2654 1789 2781 1828 vero
2798 1775 2867 1829 ob
2893 1777 3209 1831 sceleratam
3240 1778 3423 1844 vitam,
3451 1781 3541 1849 qui
3568 1782 3811 1836 omnium

2229 1864 2516 1918 miserrimi
2545 1875 2689 1932 sunt,
2724 1876 2905 1935 utpote
2930 1869 3019 1937 qui
3062 1870 3115 1923 in
3147 1870 3390 1925 notitiam
3420 1874 3664 1928 veritatis
3692 1890 3817 1944 per-

2228 1954 2572 2020 venerint,et
2617 1956 2668 2009 in
2711 1966 2826 2012 rete
2863 1958 3177 2027 piscantium
3216 1960 3528 2024 inciderint,
3553 1978 3615 2017 ac
3646 1980 3818 2033 neque

2227 2043 2305 2096 sic
2333 2043 2556 2099 salutem
2587 2046 2841 2117 consequi
2862 2037 3148 2116 potuerint.
3175 2048 3502 2120 Quamquam
3522 2053 3648 2107 alibi
3670 2054 3815 2108 dicat

2228 2134 2399 2204 ipsum
2431 2144 2696 2205 pastorem
2724 2152 3033 2209 segregasse
3055 2156 3201 2204 oves,
3237 2142 3323 2198 hic
3349 2142 3478 2198 dicit
3498 2147 3726 2215 angelos
3760 2148 3811 2200 id

2229 2225 2402 2281 facere
2425 2266 2440 2291 ,
2464 2235 2521 2281 ut
2547 2236 2599 2281 et
2633 2227 2685 2282 in
2716 2229 3039 2284 zizaniorum
3069 2231 3317 2299 parabola
3349 2231 3558 2304 (Matth.
3581 2234 3668 2289 ﬁ.
3693 2236 3809 2306 52).

2225 2315 2361 2384 Quid
2386 2331 2511 2386 ergo
2546 2318 2873 2372 dicendum?
2905 2320 3202 2390 Aliquando
3229 2321 3530 2387 demissius,
3564 2325 3806 2394 aliquan-

2226 2404 2295 2457 do
2324 2405 2602 2462 sublimius
2630 2408 2757 2479 ipsis
2790 2409 3041 2479 loquitur.
3092 2410 3241 2466 Hanc
3268 2426 3428 2481 porro
3461 2428 3560 2467 nec
3585 2426 3802 2485 rogatus

2227 2500 2532 2567 parabolam
2585 2511 2775 2571 sponte
2828 2502 3206 2572 interpretatur
3263 2523 3276 2557 :
3328 2520 3393 2559 ex
3430 2515 3575 2574 parte
3631 2508 3805 2562 solum

2226 2590 2509 2658 explicavit
2539 2592 2704 2654 illam,
2736 2603 2791 2647 et
2815 2593 3058 2649 timorem
3090 2595 3255 2650 auxit.
3276 2595 3351 2650 Ne
3365 2598 3503 2652 enim
3532 2607 3808 2667 postquam

2227 2681 2439 2743 audisti,
2474 2682 2641 2736 malos
2666 2682 2867 2751 ejectos
2894 2683 3057 2740 fuisse
3083 2684 3225 2740 foras
3244 2726 3260 2751 ,
3289 2687 3403 2741 sine
3428 2688 3663 2757 periculo
3691 2705 3804 2744 rem

2228 2788 2348 2828 esse
2388 2783 2621 2843 putares,
2661 2775 3095 2844 interpretatione
3134 2792 3227 2832 sua
3274 2778 3590 2848 supplicium
3621 2780 3813 2834 extulit

2226 2865 2426 2928 dicens,
2466 2865 2664 2919 Mittam
2699 2882 2782 2920 eos
2805 2867 2858 2919 in
2887 2868 3140 2922 caminum
3165 2870 3330 2939 ignis;
3359 2872 3643 2927 stridorem
3673 2873 3808 2928 den-

2229 2958 2354 3010 tium
2390 2972 2691 3011 memorans
2722 2958 3146 3030 inetl'abilemque
3174 2960 3435 3017 dolorem.
3462 2963 3650 3018 Viden'
3679 2974 3809 3034 quot

2226 3048 2289 3100 ad
2320 3049 2605 3115 perniciem
2631 3049 2770 3102 viae?
2803 3049 2903 3103 Per
2924 3059 3150 3120 petram,
3182 3066 3275 3120 per
3305 3054 3506 3122 spinas,
3536 3072 3629 3125 per
3649 3056 3808 3124 viam,

2228 3152 2323 3205 per
2346 3138 2570 3199 zizania,
2601 3154 2697 3207 per
2722 3153 2994 3208 sagenam.
3033 3141 3149 3195 Non
3176 3158 3304 3212 ergo
3332 3145 3597 3201 immerito
3628 3147 3760 3202 dixit
3793 3167 3806 3203 :

2224 3231 2356 3284 Lata
2375 3240 2444 3285 est
2472 3233 2551 3285 via
2573 3248 2686 3301 qua:
2706 3232 2842 3287 ducit
2871 3235 2939 3286 ad
2958 3235 3324 3304 perditionem,
3347 3248 3394 3292 et
3414 3240 3557 3293 multi
3583 3251 3699 3295 sunt
3723 3244 3809 3310 qui

2224 3322 2574 3393 ingrediuntur
2615 3340 2703 3393 per
2741 3339 2851 3376 eam
2895 3324 3105 3393 (Matth.
3158 3327 3210 3380 7.
3244 3328 3354 3397 i5).
3390 3329 3512 3384 Haec
3534 3346 3662 3401 ergo
3688 3345 3807 3385 cum

2224 3417 2465 3482 dixisset,
2512 3432 2574 3470 ac
2621 3416 2841 3471 terribili
2889 3416 3048 3471 modo
3104 3420 3264 3475 linem
3309 3420 3520 3476 dicendi
3573 3422 3804 3487 fecisset,

2226 3510 2446 3578 haecque
2478 3508 2625 3577 plura
2653 3508 2937 3576 adjecisset
2969 3509 3188 3580 (diutius
3214 3512 3355 3566 enim
3390 3513 3442 3567 in
3489 3514 3592 3567 illis
3632 3529 3807 3568 mora-

2227 3610 2309 3654 tus
2329 3600 2458 3667 est),
2479 3600 2553 3652 ait
2581 3616 2593 3650 :
2629 3600 2716 3654 5i.
2752 3598 3081 3654 Intellexistis
3112 3602 3217 3655 hare
3261 3603 3476 3657 omnia?
3506 3603 3686 3658 Dicunt
3716 3606 3760 3658 ei
3786 3622 3803 3659 :

2228 3691 2424 3756 Etiam,
2458 3689 2693 3743 Domine.
2730 3690 2856 3744 Post
2889 3691 3021 3754 lure,
3060 3693 3181 3759 quia.
3221 3693 3636 3755 intellexerunt,
3667 3696 3807 3763 ipsos

2226 3785 2406 3839 laudat
2436 3785 2518 3839 his
2543 3785 2741 3845 verbis.
2776 3785 2863 3838 5‘2.
2895 3783 3020 3839 Ideo
3048 3780 3211 3839 omnis
3234 3787 3397 3840 scriba
3437 3790 3615 3843 doctus
3639 3791 3689 3842 in
3719 3807 3803 3843 re-

2225 3892 2322 3943 gno
2342 3876 2599 3939 calorum,
2628 3874 2809 3928 similis
2835 3884 2907 3927 est
2926 3875 3122 3927 homini
3144 3876 3284 3940 patri
3306 3877 3547 3945 familias,
3576 3879 3661 3948 qui
3686 3896 3806 3947 pro-

2225 3969 2321 4035 fert
2346 3965 2408 4016 de
2430 3964 2662 4017 thesauro
2689 3982 2780 4018 suo
2812 3982 2939 4017 nora
2983 3974 3028 4017 et
3066 3976 3252 4019 vetera.
3301 3966 3423 4022 Ideo
3446 3967 3569 4021 alibi
3598 3983 3806 4037 quoque

2223 4055 2300 4108 ait
2331 4071 2345 4107 :
2371 4054 2575 4108 Mittam
2598 4054 2666 4106 ad
2714 4070 2799 4109 vos
2824 4056 3073 4124 sapientes
3099 4065 3143 4109 et
3166 4054 3579 4124 scribas(Matth.
3596 4056 3802 4125 25.55).

2295 4147 2346 4200 '5.
2378 4144 2763 4213 Scripturarum
2806 4145 2949 4198 lectio
2977 4149 3377 4201 commendatur.
3416 4147 3690 4202 Humilitas
3714 4166 3804 4201 ca-

2225 4246 2314 4308 put
2354 4238 2569 4291 virtutis.
2597 4236 2855 4293 —-Vides
2893 4238 3164 4307 quomodo
3203 4254 3307 4293 non
3360 4241 3609 4295 excludat
3650 4241 3805 4295 Vetus

2225 4328 2646 4391 Testamentum,
2673 4328 2764 4383 sed
2806 4330 2981 4397 potius
3022 4329 3203 4385 laudet
3231 4341 3286 4385 et
3307 4331 3561 4395 celebret,
3594 4332 3805 4385 thesau-

2224 4436 2346 4474 rum
2376 4420 2612 4474 vocans?
2652 4418 2830 4489 Itaque
2869 4429 3129 4489 quotquot
3170 4422 3465 4475 divinarum
3502 4422 3801 4490 Scriptura-

2224 4525 2344 4564 rum
2391 4509 2621 4578 imperiti
2648 4516 2790 4571 sunt,
2819 4523 2923 4562 non
2965 4519 3147 4578 patres
3195 4510 3422 4565 familias
3468 4510 3679 4574 fuerint,
3713 4511 3800 4579 qui

2226 4615 2399 4670 neque
2424 4598 2620 4653 habent
2646 4599 2765 4667 ipsi.
2797 4613 2898 4653 nec
2920 4599 2988 4653 ab
3009 4600 3126 4654 aliis
3154 4601 3441 4668 accipiunt,
3461 4600 3554 4656 sed
3581 4615 3638 4653 se
3667 4602 3803 4655 fame

2227 4699 2510 4760 pereuntes
2545 4691 2833 4759 negligant.
2862 4689 2969 4744 Nec
2995 4690 3154 4744 modo
3184 4690 3303 4760 ipsi,
3328 4691 3423 4746 sed
3454 4693 3611 4746 etiam
3640 4690 3805 4746 luere-

2226 4784 2313 4837 tici
2336 4793 2581 4852 expertes
2610 4790 2735 4835 sunt
2762 4781 2916 4849 hujus
2945 4781 3304 4836 beatitudinis.
3349 4782 3464 4837 Non
3492 4784 3633 4838 enim
3682 4798 3801 4851 pro-

2226 4875 2402 4930 ferunt
2430 4890 2567 4929 nova
2596 4882 2651 4929 et
2676 4872 3024 4927 vetera.Nam
3054 4889 3175 4929 cum
3201 4884 3377 4931 vetera
3410 4892 3516 4931 non
3549 4877 3794 4939 habeant,

2223 4982 2323 5021 nec
2344 4980 2481 5021 nova
2504 4965 2702 5018 habere
2724 4971 2945 5031 possunt
2966 4982 2979 5017 :
3000 4966 3447 5033 quemadmodum
3480 4966 3641 5021 etiam
3662 4968 3692 5020 ii
3714 4968 3800 5034 qui

2223 5072 2359 5112 nova
2388 5071 2493 5109 non
2520 5055 2737 5119 habent,
2758 5054 3027 5109 veteribus
3052 5072 3261 5125 quoque
3281 5066 3486 5123 carent,
3506 5056 3604 5112 sed
3647 5056 3802 5113 utris-

2221 5166 2323 5221 que
2366 5150 2640 5219 privantnr
2674 5166 2687 5202 :
2733 5147 2847 5203 hare
2874 5150 3018 5203 enim
3052 5157 3233 5205 mutuo
3274 5150 3587 5219 colligantur
3610 5159 3663 5204 et
3682 5163 3803 5203 con-

2223 5251 2531 5298 nectuntur.
2580 5240 2872 5297 Audiamus
2918 5243 3095 5310 itaque
3120 5252 3380 5313 quotquot
3407 5244 3796 5314 Scripturarum

2222 5334 2505 5389 lectionem
2548 5332 2885 5402 negligimus,
2932 5346 3187 5401 tptanIum
3232 5333 3495 5402 patiamur
3526 5333 3795 5397 damnum,

2219 5432 2471 5495 quantam
2501 5432 2888 5494 paupertatem.
2916 5424 3261 5491 Quandonam
3293 5425 3450 5479 vitam
3482 5438 3605 5479 cum
3631 5424 3801 5493 operi-

2220 5515 2643 5583 bnsjungemns,
2672 5514 2761 5584 qui
2801 5529 2869 5568 ne
2918 5515 3062 5584 leges
3103 5515 3317 5584 quidem
3360 5516 3641 5578 novimus,
3669 5529 3795 5584 quas

2217 5603 2597 5658 observemus?
2619 5604 2724 5659 Sed
2749 5603 2963 5671 divites,
2991 5605 3079 5673 qui
3101 5605 3404 5660 divitiarum
3423 5606 3708 5676 cupiditate
3726 5604 3793 5657 in.

2218 5697 2467 5761 saninnt,
2518 5712 2659 5766 smpc
2702 5706 2879 5752 vestes
2910 5711 3032 5752 suas
3075 5712 3142 5753 ne
3180 5713 3208 5752 a
3242 5699 3399 5753 tineis
3447 5696 3791 5753 corrodantur
