  <div class='ocr_page' id='page_1' title='image "/cluster/home/n/w/nwhite01/storage/ocr_20150623/58/hvd.32044054202999/025.png"; bbox 0 0 4088 6224; ppageno 0'>
   <div class='ocr_carea' id='block_1_1' title="bbox 340 254 453 333">
    <p class='ocr_par' dir='ltr' id='par_1_1' title="bbox 340 254 453 333">
     <span class='ocr_line' id='line_1_1' title="bbox 340 254 453 333; baseline -0.018 0"><span class='ocrx_word' id='word_1_1' title='bbox 340 254 453 333; x_wconf 64' lang='grc'><strong>483</strong></span> 
     </span>
    </p>
   </div>
   <div class='ocr_carea' id='block_1_2' title="bbox 320 388 1999 462">
    <p class='ocr_par' dir='ltr' id='par_1_2' title="bbox 320 388 1999 462">
     <span class='ocr_line' id='line_1_2' title="bbox 320 388 1999 462; baseline 0.003 -20"><span class='ocrx_word' id='word_1_2' title='bbox 320 392 427 443; x_wconf 88' lang='grc' dir='ltr'><strong>εἰσι</strong></span> <span class='ocrx_word' id='word_1_3' title='bbox 459 388 555 444; x_wconf 86' lang='grc' dir='ltr'><strong>τοῦ</strong></span> <span class='ocrx_word' id='word_1_4' title='bbox 588 391 936 462; x_wconf 74' lang='grc' dir='ltr'><strong>μακαρισμοῦ</strong></span> <span class='ocrx_word' id='word_1_5' title='bbox 972 389 1184 445; x_wconf 85' lang='grc' dir='ltr'><strong>τούτου.</strong></span> <span class='ocrx_word' id='word_1_6' title='bbox 1214 391 1290 443; x_wconf 81' lang='grc' dir='ltr'><strong>ϋύ</strong></span> <span class='ocrx_word' id='word_1_7' title='bbox 1324 390 1433 461; x_wconf 75' lang='grc' dir='ltr'><strong>γὰρ</strong></span> <span class='ocrx_word' id='word_1_8' title='bbox 1480 390 1800 447; x_wconf 71' lang='grc' dir='ltr'><strong>ἐκϐάλλουσι</strong></span> <span class='ocrx_word' id='word_1_9' title='bbox 1838 396 1999 447; x_wconf 87' lang='grc' dir='ltr'><strong>καινά</strong></span> 
     </span>
    </p>
   </div>
   <div class='ocr_carea' id='block_1_3' title="bbox 320 468 1994 539">
    <p class='ocr_par' dir='ltr' id='par_1_3' title="bbox 320 468 1994 539">
     <span class='ocr_line' id='line_1_3' title="bbox 320 468 1994 539; baseline 0.002 -18"><span class='ocrx_word' id='word_1_10' title='bbox 320 468 417 521; x_wconf 79' lang='grc' dir='ltr'><strong>καὶ</strong></span> <span class='ocrx_word' id='word_1_11' title='bbox 446 468 667 521; x_wconf 89' lang='grc' dir='ltr'><strong>παλαιά.</strong></span> <span class='ocrx_word' id='word_1_12' title='bbox 695 469 829 522; x_wconf 78' lang='grc' dir='ltr'><strong>Οὐδὲ</strong></span> <span class='ocrx_word' id='word_1_13' title='bbox 852 469 962 539; x_wconf 82' lang='grc' dir='ltr'><strong>γὰρ</strong></span> <span class='ocrx_word' id='word_1_14' title='bbox 990 468 1175 538; x_wconf 75' lang='grc' dir='ltr'><strong>ἔχουσι</strong></span> <span class='ocrx_word' id='word_1_15' title='bbox 1200 469 1269 521; x_wconf 92' lang='grc' dir='ltr'><strong>τά</strong></span> <span class='ocrx_word' id='word_1_16' title='bbox 1300 469 1524 531; x_wconf 79' lang='grc' dir='ltr'><strong>παλαιὰ,</strong></span> <span class='ocrx_word' id='word_1_17' title='bbox 1554 470 1635 523; x_wconf 80' lang='grc' dir='ltr'><strong>διὸ</strong></span> <span class='ocrx_word' id='word_1_18' title='bbox 1656 471 1776 524; x_wconf 88' lang='grc' dir='ltr'><strong>οὐδὲ</strong></span> <span class='ocrx_word' id='word_1_19' title='bbox 1798 474 1960 526; x_wconf 88' lang='grc' dir='ltr'><strong>καινά</strong></span> <span class='ocrx_word' id='word_1_20' title='bbox 1980 489 1994 504; x_wconf 75' lang='grc' dir='ltr'><strong>ο</strong></span> 
     </span>
    </p>
   </div>
   <div class='ocr_carea' id='block_1_4' title="bbox 321 541 1998 618">
    <p class='ocr_par' dir='ltr' id='par_1_4' title="bbox 321 541 1998 618">
     <span class='ocr_line' id='line_1_4' title="bbox 321 541 1998 618; baseline 0.004 -23"><span class='ocrx_word' id='word_1_21' title='bbox 321 541 510 614; x_wconf 85' lang='grc' dir='ltr'><strong>ῶσπερ</strong></span> <span class='ocrx_word' id='word_1_22' title='bbox 555 541 648 598; x_wconf 81' lang='grc' dir='ltr'><strong>οὖν</strong></span> <span class='ocrx_word' id='word_1_23' title='bbox 693 547 742 598; x_wconf 89' lang='grc' dir='ltr'><strong>οἰ</strong></span> <span class='ocrx_word' id='word_1_24' title='bbox 800 545 962 599; x_wconf 87' lang='grc' dir='ltr'><strong>καινά</strong></span> <span class='ocrx_word' id='word_1_25' title='bbox 1006 546 1108 598; x_wconf 91' lang='grc' dir='ltr'><strong>οὐκ</strong></span> <span class='ocrx_word' id='word_1_26' title='bbox 1152 545 1385 613; x_wconf 71' lang='grc' dir='ltr'><strong>ἔχοντες,</strong></span> <span class='ocrx_word' id='word_1_27' title='bbox 1423 546 1543 599; x_wconf 87' lang='grc' dir='ltr'><strong>οὐδὲ</strong></span> <span class='ocrx_word' id='word_1_28' title='bbox 1586 548 1793 601; x_wconf 89' lang='grc' dir='ltr'><strong>παλαιά</strong></span> <span class='ocrx_word' id='word_1_29' title='bbox 1843 548 1998 618; x_wconf 85' lang='grc' dir='ltr'><strong>ἔχου-</strong></span> 
     </span>
    </p>
   </div>
   <div class='ocr_carea' id='block_1_5' title="bbox 323 623 2001 697">
    <p class='ocr_par' dir='ltr' id='par_1_5' title="bbox 323 623 2001 697">
     <span class='ocr_line' id='line_1_5' title="bbox 323 623 2001 697; baseline 0.004 -24"><span class='ocrx_word' id='word_1_30' title='bbox 323 638 440 686; x_wconf 92' lang='grc' dir='ltr'><strong>σιν,</strong></span> <span class='ocrx_word' id='word_1_31' title='bbox 492 623 608 676; x_wconf 84' lang='grc' dir='ltr'><strong>ἀλλ’</strong></span> <span class='ocrx_word' id='word_1_32' title='bbox 665 624 941 695; x_wconf 78' lang='grc' dir='ltr'><strong>ἑκατέρων</strong></span> <span class='ocrx_word' id='word_1_33' title='bbox 1008 624 1360 694; x_wconf 72' lang='grc' dir='ltr'><strong>ἐστέρηνται·</strong></span> <span class='ocrx_word' id='word_1_34' title='bbox 1438 624 1612 678; x_wconf 90' lang='grc' dir='ltr'><strong>ταῦτα</strong></span> <span class='ocrx_word' id='word_1_35' title='bbox 1668 628 1777 695; x_wconf 84' lang='grc' dir='ltr'><strong>γὰρ</strong></span> <span class='ocrx_word' id='word_1_36' title='bbox 1829 627 2001 697; x_wconf 88' lang='grc' dir='ltr'><strong>ἀλλή-</strong></span> 
     </span>
    </p>
   </div>
   <div class='ocr_carea' id='block_1_6' title="bbox 322 698 1998 772">
    <p class='ocr_par' dir='ltr' id='par_1_6' title="bbox 322 698 1998 772">
     <span class='ocr_line' id='line_1_6' title="bbox 322 698 1998 772; baseline 0.002 -22"><span class='ocrx_word' id='word_1_37' title='bbox 322 698 435 762; x_wconf 90' lang='grc' dir='ltr'><strong>λοις</strong></span> <span class='ocrx_word' id='word_1_38' title='bbox 458 700 506 732; x_wconf 76' lang='grc'><strong><em>³⁵</em></strong></span> <span class='ocrx_word' id='word_1_39' title='bbox 526 702 827 754; x_wconf 88' lang='grc' dir='ltr'><strong>συνδέδεται</strong></span> <span class='ocrx_word' id='word_1_40' title='bbox 853 700 947 752; x_wconf 68' lang='grc' dir='ltr'><strong>καλ⁸</strong></span> <span class='ocrx_word' id='word_1_41' title='bbox 975 700 1364 769; x_wconf 81' lang='grc' dir='ltr'><strong>συμπλέκεται.</strong></span> <span class='ocrx_word' id='word_1_42' title='bbox 1395 701 1742 772; x_wconf 81' lang='grc' dir='ltr'><strong>Ἀκούσωμεν</strong></span> <span class='ocrx_word' id='word_1_43' title='bbox 1757 703 1804 735; x_wconf 83' lang='grc'><strong><em>⁸⁵</em></strong></span> <span class='ocrx_word' id='word_1_44' title='bbox 1821 703 1998 755; x_wconf 82' lang='grc' dir='ltr'><strong>τοίνυν</strong></span> 
     </span>
    </p>
   </div>
   <div class='ocr_carea' id='block_1_7' title="bbox 322 775 1998 849">
    <p class='ocr_par' dir='ltr' id='par_1_7' title="bbox 322 775 1998 849">
     <span class='ocr_line' id='line_1_7' title="bbox 322 775 1998 849; baseline 0.002 -20"><span class='ocrx_word' id='word_1_45' title='bbox 322 777 437 829; x_wconf 79' lang='grc' dir='ltr'><strong>ὅσοι</strong></span> <span class='ocrx_word' id='word_1_46' title='bbox 488 778 586 846; x_wconf 85' lang='grc' dir='ltr'><strong>τῆς</strong></span> <span class='ocrx_word' id='word_1_47' title='bbox 630 778 739 831; x_wconf 90' lang='grc' dir='ltr'><strong>τῶν</strong></span> <span class='ocrx_word' id='word_1_48' title='bbox 784 775 1015 848; x_wconf 84' lang='grc' dir='ltr'><strong>Γραφῶν</strong></span> <span class='ocrx_word' id='word_1_49' title='bbox 1066 776 1373 848; x_wconf 87' lang='grc' dir='ltr'><strong>ἀμελοῦμεν</strong></span> <span class='ocrx_word' id='word_1_50' title='bbox 1425 778 1815 846; x_wconf 85' lang='grc' dir='ltr'><strong>ἀναγνώσεως,</strong></span> <span class='ocrx_word' id='word_1_51' title='bbox 1868 781 1998 849; x_wconf 84' lang='grc' dir='ltr'><strong>ὅσην</strong></span> 
     </span>
    </p>
   </div>
   <div class='ocr_carea' id='block_1_8' title="bbox 323 853 1998 926">
    <p class='ocr_par' dir='ltr' id='par_1_8' title="bbox 323 853 1998 926">
     <span class='ocr_line' id='line_1_8' title="bbox 323 853 1998 926; baseline 0.002 -21"><span class='ocrx_word' id='word_1_52' title='bbox 323 853 669 925; x_wconf 77' lang='grc' dir='ltr'><strong>ὑπομένομεν</strong></span> <span class='ocrx_word' id='word_1_53' title='bbox 698 855 920 925; x_wconf 87' lang='grc' dir='ltr'><strong>βλάϐην,</strong></span> <span class='ocrx_word' id='word_1_54' title='bbox 942 855 1073 924; x_wconf 84' lang='grc' dir='ltr'><strong>δσην</strong></span> <span class='ocrx_word' id='word_1_55' title='bbox 1098 855 1309 909; x_wconf 90' lang='grc' dir='ltr'><strong>πενίαν.</strong></span> <span class='ocrx_word' id='word_1_56' title='bbox 1345 857 1485 908; x_wconf 84' lang='grc' dir='ltr'><strong>Πότε</strong></span> <span class='ocrx_word' id='word_1_57' title='bbox 1518 855 1626 925; x_wconf 80' lang='grc' dir='ltr'><strong>γάρ</strong></span> <span class='ocrx_word' id='word_1_58' title='bbox 1656 857 1751 926; x_wconf 84' lang='grc' dir='ltr'><strong>τῆς</strong></span> <span class='ocrx_word' id='word_1_59' title='bbox 1775 857 1863 911; x_wconf 92' lang='grc' dir='ltr'><strong>διά</strong></span> <span class='ocrx_word' id='word_1_60' title='bbox 1890 858 1998 910; x_wconf 89' lang='grc' dir='ltr'><strong>τῶν</strong></span> 
     </span>
    </p>
   </div>
   <div class='ocr_carea' id='block_1_9' title="bbox 324 932 2000 1005">
    <p class='ocr_par' dir='ltr' id='par_1_9' title="bbox 324 932 2000 1005">
     <span class='ocr_line' id='line_1_9' title="bbox 324 932 2000 1005; baseline 0.002 -20"><span class='ocrx_word' id='word_1_61' title='bbox 324 932 501 1005; x_wconf 91' lang='grc' dir='ltr'><strong>ἔργων</strong></span> <span class='ocrx_word' id='word_1_62' title='bbox 528 934 901 1004; x_wconf 78' lang='grc' dir='ltr'><strong>ἐπιληψόμεθα</strong></span> <span class='ocrx_word' id='word_1_63' title='bbox 931 933 1226 997; x_wconf 86' lang='grc' dir='ltr'><strong>πολιτείας,</strong></span> <span class='ocrx_word' id='word_1_64' title='bbox 1257 935 1305 986; x_wconf 88' lang='grc' dir='ltr'><strong>οἰ</strong></span> <span class='ocrx_word' id='word_1_65' title='bbox 1353 933 1486 1004; x_wconf 84' lang='grc' dir='ltr'><strong>μηδὲ</strong></span> <span class='ocrx_word' id='word_1_66' title='bbox 1528 934 1725 996; x_wconf 84' lang='grc' dir='ltr'><strong>αὐτοὺς</strong></span> <span class='ocrx_word' id='word_1_67' title='bbox 1757 936 1883 997; x_wconf 78' lang='grc' dir='ltr'><strong>τοὺς</strong></span> <span class='ocrx_word' id='word_1_68' title='bbox 1914 934 2000 988; x_wconf 84' lang='grc' dir='ltr'><strong>νό-</strong></span> 
     </span>
    </p>
   </div>
   <div class='ocr_carea' id='block_1_10' title="bbox 328 1008 2028 1081">
    <p class='ocr_par' dir='ltr' id='par_1_10' title="bbox 328 1008 2028 1081">
     <span class='ocr_line' id='line_1_10' title="bbox 328 1008 2028 1081; baseline 0 -19"><span class='ocrx_word' id='word_1_69' title='bbox 328 1026 462 1079; x_wconf 88' lang='grc' dir='ltr'><strong>μους</strong></span> <span class='ocrx_word' id='word_1_70' title='bbox 499 1011 699 1073; x_wconf 88' lang='grc' dir='ltr'><strong>εἰδότες</strong></span> <span class='ocrx_word' id='word_1_71' title='bbox 735 1010 856 1063; x_wconf 84' lang='grc' dir='ltr'><strong>καθ’</strong></span> <span class='ocrx_word' id='word_1_72' title='bbox 887 1010 981 1074; x_wconf 79' lang='grc' dir='ltr'><strong>οὒς</strong></span> <span class='ocrx_word' id='word_1_73' title='bbox 1020 1008 1399 1062; x_wconf 88' lang='grc' dir='ltr'><strong>πολιτεύεσθαι</strong></span> <span class='ocrx_word' id='word_1_74' title='bbox 1442 1011 1580 1079; x_wconf 86' lang='grc' dir='ltr'><strong>χρή;</strong></span> <span class='ocrx_word' id='word_1_75' title='bbox 1634 1010 1773 1063; x_wconf 82' lang='grc' dir='ltr'><strong>Ἀλλ’</strong></span> <span class='ocrx_word' id='word_1_76' title='bbox 1805 1012 1855 1065; x_wconf 79' lang='grc' dir='ltr'><strong>οἱ</strong></span> <span class='ocrx_word' id='word_1_77' title='bbox 1898 1012 2028 1081; x_wconf 73' lang='grc' dir='ltr'><strong>μέν¹</strong></span> 
     </span>
    </p>
   </div>
   <div class='ocr_carea' id='block_1_11' title="bbox 322 1088 1996 1159">
    <p class='ocr_par' dir='ltr' id='par_1_11' title="bbox 322 1088 1996 1159">
     <span class='ocr_line' id='line_1_11' title="bbox 322 1088 1996 1159; baseline 0.002 -21"><span class='ocrx_word' id='word_1_78' title='bbox 322 1088 696 1153; x_wconf 82' lang='grc' dir='ltr'><strong>πλουτοῦντες,</strong></span> <span class='ocrx_word' id='word_1_79' title='bbox 726 1090 777 1141; x_wconf 89' lang='grc' dir='ltr'><strong>οἰ</strong></span> <span class='ocrx_word' id='word_1_80' title='bbox 821 1089 948 1159; x_wconf 76' lang='grc' dir='ltr'><strong>περὶ</strong></span> <span class='ocrx_word' id='word_1_81' title='bbox 987 1090 1248 1159; x_wconf 90' lang='grc' dir='ltr'><strong>χρήματα</strong></span> <span class='ocrx_word' id='word_1_82' title='bbox 1281 1089 1603 1157; x_wconf 82' lang='grc' dir='ltr'><strong>μεμηνότες,</strong></span> <span class='ocrx_word' id='word_1_83' title='bbox 1646 1090 1887 1159; x_wconf 90' lang='grc' dir='ltr'><strong>συνεχῶς</strong></span> <span class='ocrx_word' id='word_1_84' title='bbox 1909 1106 1996 1141; x_wconf 87' lang='grc' dir='ltr'><strong>τι-</strong></span> 
     </span>
    </p>
   </div>
   <div class='ocr_carea' id='block_1_12' title="bbox 322 1165 1998 1237">
    <p class='ocr_par' dir='ltr' id='par_1_12' title="bbox 322 1165 1998 1237">
     <span class='ocr_line' id='line_1_12' title="bbox 322 1165 1998 1237; baseline 0 -16"><span class='ocrx_word' id='word_1_85' title='bbox 322 1168 609 1221; x_wconf 87' lang='grc' dir='ltr'><strong>νάσσουσιν</strong></span> <span class='ocrx_word' id='word_1_86' title='bbox 649 1166 828 1220; x_wconf 89' lang='grc' dir='ltr'><strong>αὐτῶν</strong></span> <span class='ocrx_word' id='word_1_87' title='bbox 871 1169 920 1199; x_wconf 81' lang='grc'>⁸⁸</span> <span class='ocrx_word' id='word_1_88' title='bbox 973 1166 1041 1219; x_wconf 91' lang='grc' dir='ltr'><strong>τά</strong></span> <span class='ocrx_word' id='word_1_89' title='bbox 1088 1166 1310 1235; x_wconf 83' lang='grc' dir='ltr'><strong>ἱμάτια,</strong></span> <span class='ocrx_word' id='word_1_90' title='bbox 1354 1165 1493 1218; x_wconf 82' lang='grc' dir='ltr'><strong>ὥστε</strong></span> <span class='ocrx_word' id='word_1_91' title='bbox 1550 1167 1624 1236; x_wconf 81' lang='grc' dir='ltr'><strong>μὴ</strong></span> <span class='ocrx_word' id='word_1_92' title='bbox 1680 1167 1998 1237; x_wconf 88' lang='grc' dir='ltr'><strong>σητόϐρωτα</strong></span> 
     </span>
    </p>
   </div>
   <div class='ocr_carea' id='block_1_13' title="bbox 322 1243 1994 1318">
    <p class='ocr_par' dir='ltr' id='par_1_13' title="bbox 322 1243 1994 1318">
     <span class='ocr_line' id='line_1_13' title="bbox 322 1243 1994 1318; baseline 0.001 -21"><span class='ocrx_word' id='word_1_93' title='bbox 322 1245 600 1313; x_wconf 82' lang='grc' dir='ltr'><strong>γενέσθαι·</strong></span> <span class='ocrx_word' id='word_1_94' title='bbox 652 1244 803 1318; x_wconf 70' lang='grc'><strong>[491]</strong></span> <span class='ocrx_word' id='word_1_95' title='bbox 862 1246 927 1299; x_wconf 76' lang='grc' dir='ltr'><strong>σὺ</strong></span> <span class='ocrx_word' id='word_1_96' title='bbox 967 1243 1025 1296; x_wconf 84' lang='grc' dir='ltr'><strong>δὲ</strong></span> <span class='ocrx_word' id='word_1_97' title='bbox 1072 1243 1235 1313; x_wconf 85' lang='grc' dir='ltr'><strong>σητός</strong></span> <span class='ocrx_word' id='word_1_98' title='bbox 1281 1243 1659 1314; x_wconf 84' lang='grc' dir='ltr'><strong>χαλεπώτερον</strong></span> <span class='ocrx_word' id='word_1_99' title='bbox 1707 1245 1849 1315; x_wconf 89' lang='grc' dir='ltr'><strong>ὀρῶν</strong></span> <span class='ocrx_word' id='word_1_100' title='bbox 1894 1246 1994 1316; x_wconf 77' lang='grc' dir='ltr'><strong>τὴν</strong></span> 
     </span>
    </p>
   </div>
   <div class='ocr_carea' id='block_1_14' title="bbox 322 1321 1996 1395">
    <p class='ocr_par' dir='ltr' id='par_1_14' title="bbox 322 1321 1996 1395">
     <span class='ocr_line' id='line_1_14' title="bbox 322 1321 1996 1395; baseline 0.001 -20"><span class='ocrx_word' id='word_1_101' title='bbox 322 1324 494 1394; x_wconf 90' lang='grc' dir='ltr'><strong>λήθην</strong></span> <span class='ocrx_word' id='word_1_102' title='bbox 536 1324 940 1395; x_wconf 84' lang='grc' dir='ltr'><strong>λυμαινομένην</strong></span> <span class='ocrx_word' id='word_1_103' title='bbox 984 1340 1079 1376; x_wconf 91' lang='grc' dir='ltr'><strong>σου</strong></span> <span class='ocrx_word' id='word_1_104' title='bbox 1126 1322 1223 1391; x_wconf 79' lang='grc' dir='ltr'><strong>τὴν</strong></span> <span class='ocrx_word' id='word_1_105' title='bbox 1266 1321 1465 1391; x_wconf 79' lang='grc' dir='ltr'><strong>ψυχὴν,</strong></span> <span class='ocrx_word' id='word_1_106' title='bbox 1501 1322 1599 1374; x_wconf 90' lang='grc' dir='ltr'><strong>οὐκ</strong></span> <span class='ocrx_word' id='word_1_107' title='bbox 1646 1323 1996 1393; x_wconf 86' lang='grc' dir='ltr'><strong>ἐντυγχάνεις</strong></span> 
     </span>
    </p>
   </div>
   <div class='ocr_carea' id='block_1_15' title="bbox 324 1399 1991 1473">
    <p class='ocr_par' dir='ltr' id='par_1_15' title="bbox 324 1399 1991 1473">
     <span class='ocr_line' id='line_1_15' title="bbox 324 1399 1991 1473; baseline 0 -19"><span class='ocrx_word' id='word_1_108' title='bbox 324 1401 570 1471; x_wconf 84' lang='grc' dir='ltr'><strong>βιϐλίοις,</strong></span> <span class='ocrx_word' id='word_1_109' title='bbox 606 1403 669 1455; x_wconf 85' lang='grc' dir='ltr'><strong>οὐ</strong></span> <span class='ocrx_word' id='word_1_110' title='bbox 710 1401 975 1473; x_wconf 79' lang='grc' dir='ltr'><strong>διακρούῃ</strong></span> <span class='ocrx_word' id='word_1_111' title='bbox 1012 1402 1111 1469; x_wconf 80' lang='grc' dir='ltr'><strong>τὴν</strong></span> <span class='ocrx_word' id='word_1_112' title='bbox 1151 1399 1358 1471; x_wconf 85' lang='grc' dir='ltr'><strong>λύμην,</strong></span> <span class='ocrx_word' id='word_1_113' title='bbox 1388 1401 1448 1453; x_wconf 86' lang='grc' dir='ltr'><strong>οὐ</strong></span> <span class='ocrx_word' id='word_1_114' title='bbox 1492 1400 1854 1464; x_wconf 75' lang='grc' dir='ltr'><strong>καλλωπίζεις</strong></span> <span class='ocrx_word' id='word_1_115' title='bbox 1899 1419 1991 1454; x_wconf 87' lang='grc' dir='ltr'><strong>σου</strong></span> 
     </span>
    </p>
   </div>
   <div class='ocr_carea' id='block_1_16' title="bbox 322 1479 1993 1551">
    <p class='ocr_par' dir='ltr' id='par_1_16' title="bbox 322 1479 1993 1551">
     <span class='ocr_line' id='line_1_16' title="bbox 322 1479 1993 1551; baseline 0.001 -20"><span class='ocrx_word' id='word_1_116' title='bbox 322 1479 421 1550; x_wconf 82' lang='grc' dir='ltr'><strong>τὴν</strong></span> <span class='ocrx_word' id='word_1_117' title='bbox 458 1480 669 1551; x_wconf 82' lang='grc' dir='ltr'><strong>ψυχὴν,</strong></span> <span class='ocrx_word' id='word_1_118' title='bbox 721 1483 820 1535; x_wconf 90' lang='grc' dir='ltr'><strong>οὐκ</strong></span> <span class='ocrx_word' id='word_1_119' title='bbox 875 1481 1193 1541; x_wconf 88' lang='grc' dir='ltr'><strong>ἐπισκοπεῖς</strong></span> <span class='ocrx_word' id='word_1_120' title='bbox 1226 1479 1467 1549; x_wconf 85' lang='grc' dir='ltr'><strong>συνεχῶς</strong></span> <span class='ocrx_word' id='word_1_121' title='bbox 1508 1480 1607 1548; x_wconf 75' lang='grc' dir='ltr'><strong>τὴν</strong></span> <span class='ocrx_word' id='word_1_122' title='bbox 1662 1479 1844 1532; x_wconf 82' lang='grc' dir='ltr'><strong>εἰκόνα</strong></span> <span class='ocrx_word' id='word_1_123' title='bbox 1894 1481 1993 1547; x_wconf 82' lang='grc' dir='ltr'><strong>τῆς</strong></span> 
     </span>
    </p>
   </div>
   <div class='ocr_carea' id='block_1_17' title="bbox 326 1555 1990 1628">
    <p class='ocr_par' dir='ltr' id='par_1_17' title="bbox 326 1555 1990 1628">
     <span class='ocr_line' id='line_1_17' title="bbox 326 1555 1990 1628; baseline 0 -18"><span class='ocrx_word' id='word_1_124' title='bbox 326 1558 549 1627; x_wconf 80' lang='grc' dir='ltr'><strong>ἀρετῆς,</strong></span> <span class='ocrx_word' id='word_1_125' title='bbox 581 1558 675 1611; x_wconf 72' lang='grc' dir='ltr'><strong>καὶ</strong></span> <span class='ocrx_word' id='word_1_126' title='bbox 709 1560 776 1613; x_wconf 90' lang='grc' dir='ltr'><strong>τά</strong></span> <span class='ocrx_word' id='word_1_127' title='bbox 804 1558 936 1628; x_wconf 79' lang='grc' dir='ltr'><strong>μέλη</strong></span> <span class='ocrx_word' id='word_1_128' title='bbox 966 1558 1137 1625; x_wconf 84' lang='grc' dir='ltr'><strong>αὐτῆς</strong></span> <span class='ocrx_word' id='word_1_129' title='bbox 1176 1555 1616 1625; x_wconf 81' lang='grc' dir='ltr'><strong>καταμανθάνεις</strong></span> <span class='ocrx_word' id='word_1_130' title='bbox 1648 1556 1742 1608; x_wconf 82' lang='grc' dir='ltr'><strong>καί</strong></span> <span class='ocrx_word' id='word_1_131' title='bbox 1772 1556 1871 1627; x_wconf 81' lang='grc' dir='ltr'><strong>τὴν</strong></span> <span class='ocrx_word' id='word_1_132' title='bbox 1901 1574 1990 1610; x_wconf 78' lang='grc' dir='ltr'><strong>κεο</strong></span> 
     </span>
    </p>
   </div>
   <div class='ocr_carea' id='block_1_18' title="bbox 327 1633 1992 1706">
    <p class='ocr_par' dir='ltr' id='par_1_18' title="bbox 327 1633 1992 1706">
     <span class='ocr_line' id='line_1_18' title="bbox 327 1633 1992 1706; baseline 0 -19"><span class='ocrx_word' id='word_1_133' title='bbox 327 1636 539 1706; x_wconf 88' lang='grc' dir='ltr'><strong>φαλήν;</strong></span> <span class='ocrx_word' id='word_1_134' title='bbox 581 1637 691 1689; x_wconf 88' lang='lat' dir='ltr'><strong>Kal</strong></span> <span class='ocrx_word' id='word_1_135' title='bbox 725 1638 831 1705; x_wconf 83' lang='grc' dir='ltr'><strong>γάρ</strong></span> <span class='ocrx_word' id='word_1_136' title='bbox 878 1637 972 1689; x_wconf 73' lang='grc' dir='ltr'><strong>καὶ</strong></span> <span class='ocrx_word' id='word_1_137' title='bbox 1002 1635 1242 1706; x_wconf 82' lang='grc' dir='ltr'><strong>κεφαλὴν</strong></span> <span class='ocrx_word' id='word_1_138' title='bbox 1285 1633 1431 1703; x_wconf 85' lang='grc' dir='ltr'><strong>ἔχει,</strong></span> <span class='ocrx_word' id='word_1_139' title='bbox 1476 1635 1571 1687; x_wconf 80' lang='grc' dir='ltr'><strong>καί</strong></span> <span class='ocrx_word' id='word_1_140' title='bbox 1619 1634 1754 1706; x_wconf 86' lang='grc' dir='ltr'><strong>μέλη</strong></span> <span class='ocrx_word' id='word_1_141' title='bbox 1792 1636 1992 1698; x_wconf 79' lang='grc' dir='ltr'><strong>παντὸς</strong></span> 
     </span>
    </p>
   </div>
   <div class='ocr_carea' id='block_1_19' title="bbox 329 1710 1992 1783">
    <p class='ocr_par' dir='ltr' id='par_1_19' title="bbox 329 1710 1992 1783">
     <span class='ocr_line' id='line_1_19' title="bbox 329 1710 1992 1783; baseline 0.001 -17"><span class='ocrx_word' id='word_1_142' title='bbox 329 1713 579 1783; x_wconf 83' lang='grc' dir='ltr'><strong>σώματος</strong></span> <span class='ocrx_word' id='word_1_143' title='bbox 620 1715 857 1779; x_wconf 76' lang='grc' dir='ltr'><strong>εὐειδοῦς</strong></span> <span class='ocrx_word' id='word_1_144' title='bbox 902 1716 994 1768; x_wconf 75' lang='grc' dir='ltr'><strong>καὶ</strong></span> <span class='ocrx_word' id='word_1_145' title='bbox 1028 1714 1194 1767; x_wconf 87' lang='grc' dir='ltr'><strong>καλοῦ</strong></span> <span class='ocrx_word' id='word_1_146' title='bbox 1232 1712 1668 1783; x_wconf 86' lang='grc' dir='ltr'><strong>εὐπρεπέστερα.</strong></span> <span class='ocrx_word' id='word_1_147' title='bbox 1701 1712 1796 1776; x_wconf 92' lang='grc' dir='ltr'><strong>Τίς</strong></span> <span class='ocrx_word' id='word_1_148' title='bbox 1828 1710 1921 1767; x_wconf 77' lang='grc' dir='ltr'><strong>οὖν</strong></span> <span class='ocrx_word' id='word_1_149' title='bbox 1960 1716 1992 1783; x_wconf 86' lang='grc' dir='ltr'><strong>ή</strong></span> 
     </span>
    </p>
   </div>
   <div class='ocr_carea' id='block_1_20' title="bbox 325 1791 1995 1865">
    <p class='ocr_par' dir='ltr' id='par_1_20' title="bbox 325 1791 1995 1865">
     <span class='ocr_line' id='line_1_20' title="bbox 325 1791 1995 1865; baseline 0.001 -21"><span class='ocrx_word' id='word_1_150' title='bbox 325 1793 560 1863; x_wconf 83' lang='grc' dir='ltr'><strong>κεφαλὴ,</strong></span> <span class='ocrx_word' id='word_1_151' title='bbox 588 1794 741 1865; x_wconf 80' lang='grc' dir='ltr'><strong>φησί,</strong></span> <span class='ocrx_word' id='word_1_152' title='bbox 769 1793 868 1863; x_wconf 85' lang='grc' dir='ltr'><strong>τῆς</strong></span> <span class='ocrx_word' id='word_1_153' title='bbox 904 1793 1139 1864; x_wconf 84' lang='grc' dir='ltr'><strong>ἀρετῆς;</strong></span> <span class='ocrx_word' id='word_1_154' title='bbox 1176 1793 1239 1845; x_wconf 78' lang='grc' dir='ltr'><strong>’Π</strong></span> <span class='ocrx_word' id='word_1_155' title='bbox 1268 1791 1755 1862; x_wconf 83' lang='grc' dir='ltr'><strong>ταπεινοφροσύνη.</strong></span> <span class='ocrx_word' id='word_1_156' title='bbox 1786 1792 1876 1846; x_wconf 84' lang='grc' dir='ltr'><strong>Διδ</strong></span> <span class='ocrx_word' id='word_1_157' title='bbox 1901 1794 1995 1845; x_wconf 67' lang='grc' dir='ltr'><strong>καί⁵</strong></span> 
     </span>
    </p>
   </div>
   <div class='ocr_carea' id='block_1_21' title="bbox 326 1869 1995 1942">
    <p class='ocr_par' dir='ltr' id='par_1_21' title="bbox 326 1869 1995 1942">
     <span class='ocr_line' id='line_1_21' title="bbox 326 1869 1995 1942; baseline 0.001 -19"><span class='ocrx_word' id='word_1_158' title='bbox 326 1872 421 1923; x_wconf 83' lang='grc' dir='ltr'><strong>ἀπ’</strong></span> <span class='ocrx_word' id='word_1_159' title='bbox 467 1872 635 1941; x_wconf 86' lang='grc' dir='ltr'><strong>αὐτῆς</strong></span> <span class='ocrx_word' id='word_1_160' title='bbox 698 1872 924 1942; x_wconf 79' lang='grc' dir='ltr'><strong>ἄρχεται</strong></span> <span class='ocrx_word' id='word_1_161' title='bbox 974 1874 1003 1924; x_wconf 87' lang='grc' dir='ltr'><strong>ὁ</strong></span> <span class='ocrx_word' id='word_1_162' title='bbox 1052 1871 1287 1941; x_wconf 83' lang='grc' dir='ltr'><strong>Χριστὸς</strong></span> <span class='ocrx_word' id='word_1_163' title='bbox 1337 1869 1543 1936; x_wconf 85' lang='grc' dir='ltr'><strong>λέγων·</strong></span> <span class='ocrx_word' id='word_1_164' title='bbox 1591 1870 1885 1937; x_wconf 83' lang='grc' dir='ltr'><strong>Μακάριοι</strong></span> <span class='ocrx_word' id='word_1_165' title='bbox 1939 1873 1995 1925; x_wconf 78' lang='grc' dir='ltr'><strong>οἱ</strong></span> 
     </span>
    </p>
   </div>
   <div class='ocr_carea' id='block_1_22' title="bbox 326 1948 1993 2020">
    <p class='ocr_par' dir='ltr' id='par_1_22' title="bbox 326 1948 1993 2020">
     <span class='ocr_line' id='line_1_22' title="bbox 326 1948 1993 2020; baseline 0.001 -20"><span class='ocrx_word' id='word_1_166' title='bbox 326 1950 570 2016; x_wconf 82' lang='grc' dir='ltr'><strong>πτωχοί.</strong></span> <span class='ocrx_word' id='word_1_167' title='bbox 602 1948 749 2019; x_wconf 82' lang='grc' dir='ltr'><strong>Δῦτη</strong></span> <span class='ocrx_word' id='word_1_168' title='bbox 782 1952 815 2020; x_wconf 75' lang='grc' dir='ltr'><strong>ἡ</strong></span> <span class='ocrx_word' id='word_1_169' title='bbox 847 1949 1056 2019; x_wconf 81' lang='grc' dir='ltr'><strong>κεφαλὴ</strong></span> <span class='ocrx_word' id='word_1_170' title='bbox 1084 1950 1144 2001; x_wconf 89' lang='grc' dir='ltr'><strong>οὐ</strong></span> <span class='ocrx_word' id='word_1_171' title='bbox 1178 1948 1351 2018; x_wconf 82' lang='grc' dir='ltr'><strong>κόμας</strong></span> <span class='ocrx_word' id='word_1_172' title='bbox 1384 1949 1496 2016; x_wconf 82' lang='grc' dir='ltr'><strong>ἔχει</strong></span> <span class='ocrx_word' id='word_1_173' title='bbox 1523 1948 1616 2000; x_wconf 77' lang='grc' dir='ltr'><strong>καὶ</strong></span> <span class='ocrx_word' id='word_1_174' title='bbox 1646 1948 1993 2018; x_wconf 80' lang='grc' dir='ltr'><strong>βοστρύχους,</strong></span> 
     </span>
    </p>
   </div>
   <div class='ocr_carea' id='block_1_23' title="bbox 326 2024 1995 2092">
    <p class='ocr_par' dir='ltr' id='par_1_23' title="bbox 326 2024 1995 2092">
     <span class='ocr_line' id='line_1_23' title="bbox 326 2024 1995 2092; baseline 0.002 -15"><span class='ocrx_word' id='word_1_175' title='bbox 326 2026 461 2079; x_wconf 85' lang='grc' dir='ltr'><strong>ἀλλά</strong></span> <span class='ocrx_word' id='word_1_176' title='bbox 490 2027 684 2090; x_wconf 85' lang='grc' dir='ltr'><strong>κάλλος</strong></span> <span class='ocrx_word' id='word_1_177' title='bbox 710 2027 970 2092; x_wconf 90' lang='grc' dir='ltr'><strong>τοιοῦτον,</strong></span> <span class='ocrx_word' id='word_1_178' title='bbox 996 2024 1106 2081; x_wconf 79' lang='grc' dir='ltr'><strong>οἷον</strong></span> <span class='ocrx_word' id='word_1_179' title='bbox 1130 2027 1221 2079; x_wconf 81' lang='grc' dir='ltr'><strong>τὸν</strong></span> <span class='ocrx_word' id='word_1_180' title='bbox 1254 2027 1385 2080; x_wconf 84' lang='grc' dir='ltr'><strong>Θεὸν</strong></span> <span class='ocrx_word' id='word_1_181' title='bbox 1412 2025 1840 2081; x_wconf 79' lang='grc' dir='ltr'><strong>ἐπισπάσασθαι.</strong></span> <span class='ocrx_word' id='word_1_182' title='bbox 1872 2027 1995 2080; x_wconf 79' lang='grc' dir='ltr'><strong>Ἐπί</strong></span> 
     </span>
    </p>
   </div>
   <div class='ocr_carea' id='block_1_24' title="bbox 326 2104 1990 2175">
    <p class='ocr_par' dir='ltr' id='par_1_24' title="bbox 326 2104 1990 2175">
     <span class='ocr_line' id='line_1_24' title="bbox 326 2104 1990 2175; baseline 0.002 -20"><span class='ocrx_word' id='word_1_183' title='bbox 326 2104 461 2157; x_wconf 82' lang='grc' dir='ltr'><strong>τινα</strong></span> <span class='ocrx_word' id='word_1_184' title='bbox 489 2104 599 2173; x_wconf 81' lang='grc' dir='ltr'><strong>γὰρ</strong></span> <span class='ocrx_word' id='word_1_185' title='bbox 631 2105 953 2174; x_wconf 69' lang='grc' dir='ltr'><strong>ἐπιόλέψω,</strong></span> <span class='ocrx_word' id='word_1_186' title='bbox 994 2107 1179 2175; x_wconf 78' lang='grc' dir='ltr'><strong>φησὶν,</strong></span> <span class='ocrx_word' id='word_1_187' title='bbox 1215 2106 1352 2159; x_wconf 76' lang='grc' dir='ltr'><strong>ἀλλ’</strong></span> <span class='ocrx_word' id='word_1_188' title='bbox 1390 2104 1428 2172; x_wconf 81' lang='grc' dir='ltr'>ἢ</span> <span class='ocrx_word' id='word_1_189' title='bbox 1463 2104 1562 2157; x_wconf 78' lang='grc' dir='ltr'><strong>ἐπὶ</strong></span> <span class='ocrx_word' id='word_1_190' title='bbox 1599 2105 1707 2159; x_wconf 85' lang='grc' dir='ltr'><strong>τὸν</strong></span> <span class='ocrx_word' id='word_1_191' title='bbox 1735 2105 1931 2173; x_wconf 83' lang='grc' dir='ltr'><strong>πρᾶον</strong></span> <span class='ocrx_word' id='word_1_192' title='bbox 1946 2106 1990 2137; x_wconf 86' lang='grc'><strong>⁸⁷</strong></span> 
     </span>
    </p>
   </div>
   <div class='ocr_carea' id='block_1_25' title="bbox 326 2183 1993 2253">
    <p class='ocr_par' dir='ltr' id='par_1_25' title="bbox 326 2183 1993 2253">
     <span class='ocr_line' id='line_1_25' title="bbox 326 2183 1993 2253; baseline 0.001 -19"><span class='ocrx_word' id='word_1_193' title='bbox 326 2183 424 2235; x_wconf 83' lang='grc' dir='ltr'><strong>καί</strong></span> <span class='ocrx_word' id='word_1_194' title='bbox 452 2184 753 2248; x_wconf 80' lang='grc' dir='ltr'><strong>ταπεινὸν,</strong></span> <span class='ocrx_word' id='word_1_195' title='bbox 783 2185 878 2238; x_wconf 82' lang='grc' dir='ltr'><strong>καί</strong></span> <span class='ocrx_word' id='word_1_196' title='bbox 914 2184 1202 2253; x_wconf 75' lang='grc' dir='ltr'><strong>τρέμοντα</strong></span> <span class='ocrx_word' id='word_1_197' title='bbox 1228 2201 1347 2253; x_wconf 79' lang='grc' dir='ltr'><strong>μου</strong></span> <span class='ocrx_word' id='word_1_198' title='bbox 1384 2183 1527 2249; x_wconf 84' lang='grc' dir='ltr'><strong>τοὺς</strong></span> <span class='ocrx_word' id='word_1_199' title='bbox 1558 2186 1823 2253; x_wconf 69' lang='grc' dir='ltr'><strong>λόγους-ε</strong></span> <span class='ocrx_word' id='word_1_200' title='bbox 1860 2184 1993 2249; x_wconf 83' lang='lat' dir='ltr'><strong><em>Kal,</em></strong></span> 
     </span>
    </p>
   </div>
   <div class='ocr_carea' id='block_1_26' title="bbox 329 2264 1993 2334">
    <p class='ocr_par' dir='ltr' id='par_1_26' title="bbox 329 2264 1993 2334">
     <span class='ocr_line' id='line_1_26' title="bbox 329 2264 1993 2334; baseline 0.001 -19"><span class='ocrx_word' id='word_1_201' title='bbox 329 2265 395 2316; x_wconf 81' lang='lat' dir='ltr'><strong>Ol</strong></span> <span class='ocrx_word' id='word_1_202' title='bbox 438 2264 731 2333; x_wconf 68' lang='grc' dir='ltr'><strong>ὀφθαλμοί</strong></span> <span class='ocrx_word' id='word_1_203' title='bbox 779 2282 899 2334; x_wconf 83' lang='grc' dir='ltr'><strong>μου</strong></span> <span class='ocrx_word' id='word_1_204' title='bbox 948 2266 1046 2318; x_wconf 71' lang='grc' dir='ltr'><strong>ἐπὶ</strong></span> <span class='ocrx_word' id='word_1_205' title='bbox 1086 2265 1227 2328; x_wconf 84' lang='grc' dir='ltr'><strong>τοὺς</strong></span> <span class='ocrx_word' id='word_1_206' title='bbox 1273 2264 1481 2331; x_wconf 77' lang='grc' dir='ltr'><strong>πραεῖς</strong></span> <span class='ocrx_word' id='word_1_207' title='bbox 1529 2264 1636 2330; x_wconf 83' lang='grc' dir='ltr'><strong>τῆς</strong></span> <span class='ocrx_word' id='word_1_208' title='bbox 1680 2264 1812 2331; x_wconf 79' lang='grc' dir='ltr'><strong>γῆς.</strong></span> <span class='ocrx_word' id='word_1_209' title='bbox 1864 2265 1993 2329; x_wconf 81' lang='lat' dir='ltr'><strong><em>Kal,</em></strong></span> 
     </span>
    </p>
   </div>
   <div class='ocr_carea' id='block_1_27' title="bbox 339 2341 1993 2409">
    <p class='ocr_par' dir='ltr' id='par_1_27' title="bbox 339 2341 1993 2409">
     <span class='ocr_line' id='line_1_27' title="bbox 339 2341 1993 2409; baseline 0 -14"><span class='ocrx_word' id='word_1_210' title='bbox 339 2342 553 2409; x_wconf 76' lang='grc' dir='ltr'><strong>Ἐγγὺς</strong></span> <span class='ocrx_word' id='word_1_211' title='bbox 585 2344 800 2409; x_wconf 82' lang='grc' dir='ltr'><strong>Κύριος</strong></span> <span class='ocrx_word' id='word_1_212' title='bbox 836 2341 962 2407; x_wconf 85' lang='grc' dir='ltr'><strong>τοῖς</strong></span> <span class='ocrx_word' id='word_1_213' title='bbox 1005 2341 1531 2409; x_wconf 80' lang='grc' dir='ltr'><strong>συντετριμμένοις</strong></span> <span class='ocrx_word' id='word_1_214' title='bbox 1568 2341 1684 2407; x_wconf 81' lang='grc' dir='ltr'><strong>τὴν</strong></span> <span class='ocrx_word' id='word_1_215' title='bbox 1719 2341 1993 2409; x_wconf 78' lang='grc' dir='ltr'><strong>καρδίαν.</strong></span> 
     </span>
    </p>
   </div>
   <div class='ocr_carea' id='block_1_28' title="bbox 326 2417 1996 2491">
    <p class='ocr_par' dir='ltr' id='par_1_28' title="bbox 326 2417 1996 2491">
     <span class='ocr_line' id='line_1_28' title="bbox 326 2417 1996 2491; baseline 0.001 -20"><span class='ocrx_word' id='word_1_216' title='bbox 326 2419 475 2489; x_wconf 83' lang='grc' dir='ltr'><strong>Αῦτη</strong></span> <span class='ocrx_word' id='word_1_217' title='bbox 515 2421 547 2489; x_wconf 85' lang='grc' dir='ltr'>ὴ</span> <span class='ocrx_word' id='word_1_218' title='bbox 582 2421 810 2491; x_wconf 82' lang='grc' dir='ltr'><strong>κεφαλὴ,</strong></span> <span class='ocrx_word' id='word_1_219' title='bbox 840 2421 960 2473; x_wconf 75' lang='grc' dir='ltr'><strong>ἀντὶ</strong></span> <span class='ocrx_word' id='word_1_220' title='bbox 991 2420 1192 2490; x_wconf 81' lang='grc' dir='ltr'><strong>τριχῶν</strong></span> <span class='ocrx_word' id='word_1_221' title='bbox 1223 2420 1317 2471; x_wconf 75' lang='grc' dir='ltr'><strong>καὶ</strong></span> <span class='ocrx_word' id='word_1_222' title='bbox 1360 2419 1559 2488; x_wconf 87' lang='grc' dir='ltr'><strong>κόμης,</strong></span> <span class='ocrx_word' id='word_1_223' title='bbox 1593 2417 1809 2489; x_wconf 90' lang='grc' dir='ltr'><strong>θύματα</strong></span> <span class='ocrx_word' id='word_1_224' title='bbox 1842 2419 1996 2489; x_wconf 81' lang='grc' dir='ltr'><strong>φέρει</strong></span> 
     </span>
    </p>
   </div>
   <div class='ocr_carea' id='block_1_29' title="bbox 326 2495 1999 2569">
    <p class='ocr_par' dir='ltr' id='par_1_29' title="bbox 326 2495 1999 2569">
     <span class='ocr_line' id='line_1_29' title="bbox 326 2495 1999 2569; baseline 0.002 -22"><span class='ocrx_word' id='word_1_225' title='bbox 326 2495 405 2566; x_wconf 86' lang='grc' dir='ltr'><strong>τῷ</strong></span> <span class='ocrx_word' id='word_1_226' title='bbox 440 2497 558 2567; x_wconf 88' lang='grc' dir='ltr'><strong>Θεῷ</strong></span> <span class='ocrx_word' id='word_1_227' title='bbox 595 2498 981 2569; x_wconf 88' lang='grc' dir='ltr'><strong>κεχαρισμένα.</strong></span> <span class='ocrx_word' id='word_1_228' title='bbox 1016 2498 1207 2567; x_wconf 88' lang='grc' dir='ltr'><strong>Βωμός</strong></span> <span class='ocrx_word' id='word_1_229' title='bbox 1243 2500 1357 2550; x_wconf 83' lang='grc' dir='ltr'><strong>ἐστι</strong></span> <span class='ocrx_word' id='word_1_230' title='bbox 1401 2497 1657 2568; x_wconf 81' lang='grc' dir='ltr'><strong>χρυσοῦς,</strong></span> <span class='ocrx_word' id='word_1_231' title='bbox 1688 2499 1783 2551; x_wconf 77' lang='grc' dir='ltr'><strong>καί.</strong></span> <span class='ocrx_word' id='word_1_232' title='bbox 1811 2498 1999 2552; x_wconf 86' lang='grc' dir='ltr'><strong>θυσια-</strong></span> 
     </span>
    </p>
   </div>
   <div class='ocr_carea' id='block_1_30' title="bbox 328 2578 1999 2651">
    <p class='ocr_par' dir='ltr' id='par_1_30' title="bbox 328 2578 1999 2651">
     <span class='ocr_line' id='line_1_30' title="bbox 328 2578 1999 2651; baseline 0.004 -23"><span class='ocrx_word' id='word_1_233' title='bbox 328 2578 549 2647; x_wconf 91' lang='grc' dir='ltr'><strong>στήριον</strong></span> <span class='ocrx_word' id='word_1_234' title='bbox 601 2580 1006 2651; x_wconf 75' lang='grc' dir='ltr'><strong>πνευματικόνο</strong></span> <span class='ocrx_word' id='word_1_235' title='bbox 1064 2580 1255 2633; x_wconf 83' lang='grc' dir='ltr'><strong>Θυσία</strong></span> <span class='ocrx_word' id='word_1_236' title='bbox 1297 2579 1405 2649; x_wconf 85' lang='grc' dir='ltr'><strong>γὰρ</strong></span> <span class='ocrx_word' id='word_1_237' title='bbox 1448 2578 1529 2644; x_wconf 82' lang='grc' dir='ltr'><strong>τῷ</strong></span> <span class='ocrx_word' id='word_1_238' title='bbox 1567 2580 1691 2645; x_wconf 83' lang='grc' dir='ltr'><strong>Θεῷ</strong></span> <span class='ocrx_word' id='word_1_239' title='bbox 1760 2581 1999 2650; x_wconf 82' lang='grc' dir='ltr'><strong>πνεῦμα</strong></span> 
     </span>
    </p>
   </div>
   <div class='ocr_carea' id='block_1_31' title="bbox 326 2658 1996 2731">
    <p class='ocr_par' dir='ltr' id='par_1_31' title="bbox 326 2658 1996 2731">
     <span class='ocr_line' id='line_1_31' title="bbox 326 2658 1996 2731; baseline 0.003 -23"><span class='ocrx_word' id='word_1_240' title='bbox 326 2658 850 2725; x_wconf 73' lang='grc' dir='ltr'><strong>συντετριμμένον.</strong></span> <span class='ocrx_word' id='word_1_241' title='bbox 882 2658 1030 2727; x_wconf 82' lang='grc' dir='ltr'><strong>Αῦτη</strong></span> <span class='ocrx_word' id='word_1_242' title='bbox 1066 2659 1212 2710; x_wconf 68' lang='grc' dir='ltr'><strong>ἐστὶν</strong></span> <span class='ocrx_word' id='word_1_243' title='bbox 1246 2659 1278 2725; x_wconf 90' lang='grc' dir='ltr'><strong>ή</strong></span> <span class='ocrx_word' id='word_1_244' title='bbox 1304 2658 1401 2727; x_wconf 82' lang='grc' dir='ltr'><strong>τῆς</strong></span> <span class='ocrx_word' id='word_1_245' title='bbox 1440 2658 1631 2725; x_wconf 80' lang='grc' dir='ltr'><strong>σοφίας</strong></span> <span class='ocrx_word' id='word_1_246' title='bbox 1662 2660 1868 2731; x_wconf 87' lang='grc' dir='ltr'><strong>μήτηρ.</strong></span> <span class='ocrx_word' id='word_1_247' title='bbox 1900 2662 1996 2713; x_wconf 78' lang='grc' dir='ltr'><strong>Ἂν</strong></span> 
     </span>
    </p>
   </div>
   <div class='ocr_carea' id='block_1_32' title="bbox 326 2731 1997 2807">
    <p class='ocr_par' dir='ltr' id='par_1_32' title="bbox 326 2731 1997 2807">
     <span class='ocr_line' id='line_1_32' title="bbox 326 2731 1997 2807; baseline 0.003 -23"><span class='ocrx_word' id='word_1_248' title='bbox 326 2732 530 2804; x_wconf 87' lang='grc' dir='ltr'><strong>ταύτην</strong></span> <span class='ocrx_word' id='word_1_249' title='bbox 552 2734 651 2804; x_wconf 78' lang='grc' dir='ltr'><strong>ἔχῃ</strong></span> <span class='ocrx_word' id='word_1_250' title='bbox 678 2751 782 2798; x_wconf 75' lang='grc' dir='ltr'><strong>τις,</strong></span> <span class='ocrx_word' id='word_1_251' title='bbox 810 2738 905 2791; x_wconf 80' lang='grc' dir='ltr'><strong>καὶ</strong></span> <span class='ocrx_word' id='word_1_252' title='bbox 938 2735 1009 2788; x_wconf 83' lang='grc' dir='ltr'><strong>τὰ</strong></span> <span class='ocrx_word' id='word_1_253' title='bbox 1041 2734 1204 2788; x_wconf 87' lang='grc' dir='ltr'><strong>λοιπά</strong></span> <span class='ocrx_word' id='word_1_254' title='bbox 1229 2734 1361 2799; x_wconf 75' lang='grc' dir='ltr'><strong>ἕξει.</strong></span> <span class='ocrx_word' id='word_1_255' title='bbox 1396 2731 1549 2797; x_wconf 82' lang='grc' dir='ltr'><strong>Εἶδες</strong></span> <span class='ocrx_word' id='word_1_256' title='bbox 1586 2737 1849 2807; x_wconf 85' lang='grc' dir='ltr'><strong>κεφαλὴν,</strong></span> <span class='ocrx_word' id='word_1_257' title='bbox 1879 2740 1997 2791; x_wconf 79' lang='grc' dir='ltr'><strong>οἵαν</strong></span> 
     </span>
    </p>
   </div>
   <div class='ocr_carea' id='block_1_33' title="bbox 327 2811 1998 2885">
    <p class='ocr_par' dir='ltr' id='par_1_33' title="bbox 327 2811 1998 2885">
     <span class='ocr_line' id='line_1_33' title="bbox 327 2811 1998 2885; baseline 0.003 -22"><span class='ocrx_word' id='word_1_258' title='bbox 327 2812 578 2865; x_wconf 80' lang='grc' dir='ltr'><strong>οὐδέποτε</strong></span> <span class='ocrx_word' id='word_1_259' title='bbox 609 2811 775 2879; x_wconf 85' lang='grc' dir='ltr'><strong>εἰδες;</strong></span> <span class='ocrx_word' id='word_1_260' title='bbox 802 2814 988 2866; x_wconf 78' lang='grc' dir='ltr'><strong>Βούλει</strong></span> <span class='ocrx_word' id='word_1_261' title='bbox 1014 2815 1107 2866; x_wconf 74' lang='lat' dir='ltr'><strong><em>xal</em></strong></span> <span class='ocrx_word' id='word_1_262' title='bbox 1134 2813 1194 2865; x_wconf 82' lang='grc' dir='ltr'><strong>τὸ</strong></span> <span class='ocrx_word' id='word_1_263' title='bbox 1223 2812 1510 2884; x_wconf 85' lang='grc' dir='ltr'><strong>πρόσωπον</strong></span> <span class='ocrx_word' id='word_1_264' title='bbox 1543 2814 1691 2880; x_wconf 87' lang='grc' dir='ltr'><strong>ἰδεῖν,</strong></span> <span class='ocrx_word' id='word_1_265' title='bbox 1723 2816 1921 2885; x_wconf 80' lang='grc' dir='ltr'><strong>μᾶλλον</strong></span> <span class='ocrx_word' id='word_1_266' title='bbox 1941 2816 1998 2868; x_wconf 74' lang='grc' dir='ltr'><strong>δὲ</strong></span> 
     </span>
    </p>
   </div>
   <div class='ocr_carea' id='block_1_34' title="bbox 328 2890 1996 2966">
    <p class='ocr_par' dir='ltr' id='par_1_34' title="bbox 328 2890 1996 2966">
     <span class='ocr_line' id='line_1_34' title="bbox 328 2890 1996 2966; baseline 0.003 -24"><span class='ocrx_word' id='word_1_267' title='bbox 328 2890 550 2958; x_wconf 88' lang='grc' dir='ltr'><strong>μαθεῖν;</strong></span> <span class='ocrx_word' id='word_1_268' title='bbox 585 2892 792 2945; x_wconf 85' lang='grc' dir='ltr'><strong>Οὐκοῦν</strong></span> <span class='ocrx_word' id='word_1_269' title='bbox 822 2892 959 2963; x_wconf 83' lang='grc' dir='ltr'><strong>μάθε</strong></span> <span class='ocrx_word' id='word_1_270' title='bbox 992 2892 1127 2954; x_wconf 75' lang='grc' dir='ltr'><strong>τέως</strong></span> <span class='ocrx_word' id='word_1_271' title='bbox 1160 2891 1323 2944; x_wconf 86' lang='grc' dir='ltr'><strong>αὐτοῦ</strong></span> <span class='ocrx_word' id='word_1_272' title='bbox 1351 2892 1411 2944; x_wconf 83' lang='grc' dir='ltr'><strong>τὸ</strong></span> <span class='ocrx_word' id='word_1_273' title='bbox 1442 2892 1641 2964; x_wconf 86' lang='grc' dir='ltr'><strong>χρῶμα</strong></span> <span class='ocrx_word' id='word_1_274' title='bbox 1671 2894 1732 2947; x_wconf 86' lang='grc' dir='ltr'><strong>τὸ</strong></span> <span class='ocrx_word' id='word_1_275' title='bbox 1770 2894 1996 2966; x_wconf 74' lang='grc' dir='ltr'><strong>ἐρυθρὸν</strong></span> 
     </span>
    </p>
   </div>
   <div class='ocr_carea' id='block_1_35' title="bbox 330 2970 1998 3043">
    <p class='ocr_par' dir='ltr' id='par_1_35' title="bbox 330 2970 1998 3043">
     <span class='ocr_line' id='line_1_35' title="bbox 330 2970 1998 3043; baseline 0.004 -22"><span class='ocrx_word' id='word_1_276' title='bbox 330 2971 424 3022; x_wconf 72' lang='grc' dir='ltr'><strong>καὶ</strong></span> <span class='ocrx_word' id='word_1_277' title='bbox 448 2970 671 3033; x_wconf 77' lang='grc' dir='ltr'><strong>εὐανθὲς</strong></span> <span class='ocrx_word' id='word_1_278' title='bbox 699 2972 793 3024; x_wconf 77' lang='grc' dir='ltr'><strong>καὶ</strong></span> <span class='ocrx_word' id='word_1_279' title='bbox 826 2971 1024 3043; x_wconf 76' lang='grc' dir='ltr'><strong>πολλὴν</strong></span> <span class='ocrx_word' id='word_1_280' title='bbox 1058 2971 1178 3040; x_wconf 78' lang='grc' dir='ltr'><strong>ἔχον</strong></span> <span class='ocrx_word' id='word_1_281' title='bbox 1207 2971 1307 3040; x_wconf 81' lang='grc' dir='ltr'><strong>τὴν</strong></span> <span class='ocrx_word' id='word_1_282' title='bbox 1337 2971 1517 3042; x_wconf 89' lang='grc' dir='ltr'><strong>χάριν,</strong></span> <span class='ocrx_word' id='word_1_283' title='bbox 1549 2972 1643 3025; x_wconf 77' lang='grc' dir='ltr'><strong>καὶ</strong></span> <span class='ocrx_word' id='word_1_284' title='bbox 1668 2972 1805 3042; x_wconf 87' lang='grc' dir='ltr'><strong>μάθε</strong></span> <span class='ocrx_word' id='word_1_285' title='bbox 1835 2974 1998 3027; x_wconf 87' lang='grc' dir='ltr'><strong>πόθεν</strong></span> 
     </span>
    </p>
   </div>
   <div class='ocr_carea' id='block_1_36' title="bbox 332 3047 1998 3126">
    <p class='ocr_par' dir='ltr' id='par_1_36' title="bbox 332 3047 1998 3126">
     <span class='ocr_line' id='line_1_36' title="bbox 332 3047 1998 3126; baseline 0.004 -25"><span class='ocrx_word' id='word_1_286' title='bbox 332 3049 666 3102; x_wconf 82' lang='grc' dir='ltr'><strong>συνίσταται.</strong></span> <span class='ocrx_word' id='word_1_287' title='bbox 708 3050 876 3103; x_wconf 85' lang='grc' dir='ltr'><strong>Πόθεν</strong></span> <span class='ocrx_word' id='word_1_288' title='bbox 920 3047 1013 3103; x_wconf 79' lang='grc' dir='ltr'><strong>οὖν</strong></span> <span class='ocrx_word' id='word_1_289' title='bbox 1053 3051 1400 3114; x_wconf 88' lang='grc' dir='ltr'><strong>συνίοταται;</strong></span> <span class='ocrx_word' id='word_1_290' title='bbox 1440 3052 1571 3105; x_wconf 80' lang='grc' dir='ltr'><strong>Ἀπὸ</strong></span> <span class='ocrx_word' id='word_1_291' title='bbox 1617 3051 1711 3106; x_wconf 88' lang='grc' dir='ltr'><strong>τοῦ</strong></span> <span class='ocrx_word' id='word_1_292' title='bbox 1746 3054 1998 3126; x_wconf 66' lang='grc' dir='ltr'><strong>αἰσχύνει</strong></span> 
     </span>
    </p>
   </div>
   <div class='ocr_carea' id='block_1_37' title="bbox 331 3129 1998 3202">
    <p class='ocr_par' dir='ltr' id='par_1_37' title="bbox 331 3129 1998 3202">
     <span class='ocr_line' id='line_1_37' title="bbox 331 3129 1998 3202; baseline 0.004 -18"><span class='ocrx_word' id='word_1_293' title='bbox 331 3129 455 3184; x_wconf 89' lang='grc' dir='ltr'><strong>σθαι</strong></span> <span class='ocrx_word' id='word_1_294' title='bbox 488 3129 582 3183; x_wconf 79' lang='grc' dir='ltr'><strong>καὶ</strong></span> <span class='ocrx_word' id='word_1_295' title='bbox 608 3129 883 3201; x_wconf 79' lang='grc' dir='ltr'><strong>ἐρυθριᾷν.</strong></span> <span class='ocrx_word' id='word_1_296' title='bbox 910 3130 1001 3186; x_wconf 83' lang='grc' dir='ltr'><strong>Διὺ</strong></span> <span class='ocrx_word' id='word_1_297' title='bbox 1027 3131 1118 3184; x_wconf 82' lang='grc' dir='ltr'><strong>καί</strong></span> <span class='ocrx_word' id='word_1_298' title='bbox 1143 3130 1227 3194; x_wconf 91' lang='grc' dir='ltr'><strong>τίς</strong></span> <span class='ocrx_word' id='word_1_299' title='bbox 1252 3147 1412 3201; x_wconf 86' lang='grc' dir='ltr'><strong>φησι·</strong></span> <span class='ocrx_word' id='word_1_300' title='bbox 1438 3131 1558 3200; x_wconf 86' lang='grc' dir='ltr'><strong>Πρὸ</strong></span> <span class='ocrx_word' id='word_1_301' title='bbox 1589 3134 1998 3202; x_wconf 84' lang='grc' dir='ltr'><strong>αὶσχυντηροῦ</strong></span> 
     </span>
    </p>
   </div>
   <div class='ocr_carea' id='block_1_38' title="bbox 330 3208 1997 3281">
    <p class='ocr_par' dir='ltr' id='par_1_38' title="bbox 330 3208 1997 3281">
     <span class='ocr_line' id='line_1_38' title="bbox 330 3208 1997 3281; baseline 0.003 -18"><span class='ocrx_word' id='word_1_302' title='bbox 330 3210 757 3278; x_wconf 76' lang='grc' dir='ltr'><strong>προελεύσεται</strong></span> <span class='ocrx_word' id='word_1_303' title='bbox 781 3208 972 3277; x_wconf 80' lang='grc' dir='ltr'><strong>χάρις.</strong></span> <span class='ocrx_word' id='word_1_304' title='bbox 991 3210 1159 3263; x_wconf 85' lang='grc' dir='ltr'><strong>Τοῦτο</strong></span> <span class='ocrx_word' id='word_1_305' title='bbox 1184 3212 1279 3264; x_wconf 75' lang='grc' dir='ltr'><strong>καὶ</strong></span> <span class='ocrx_word' id='word_1_306' title='bbox 1310 3211 1421 3264; x_wconf 88' lang='grc' dir='ltr'><strong>τῶν</strong></span> <span class='ocrx_word' id='word_1_307' title='bbox 1456 3211 1629 3265; x_wconf 74' lang='grc' dir='ltr'><strong>ἄλλων</strong></span> <span class='ocrx_word' id='word_1_308' title='bbox 1657 3213 1834 3281; x_wconf 91' lang='grc' dir='ltr'><strong>μελῶν</strong></span> <span class='ocrx_word' id='word_1_309' title='bbox 1863 3215 1997 3268; x_wconf 83' lang='grc' dir='ltr'><strong>πολὺ</strong></span> 
     </span>
    </p>
   </div>
   <div class='ocr_carea' id='block_1_39' title="bbox 332 3288 2000 3363">
    <p class='ocr_par' dir='ltr' id='par_1_39' title="bbox 332 3288 2000 3363">
     <span class='ocr_line' id='line_1_39' title="bbox 332 3288 2000 3363; baseline 0.002 -18"><span class='ocrx_word' id='word_1_310' title='bbox 332 3294 553 3360; x_wconf 79' lang='grc' dir='ltr'><strong>καταχεῖ</strong></span> <span class='ocrx_word' id='word_1_311' title='bbox 601 3290 661 3342; x_wconf 82' lang='grc' dir='ltr'><strong>τὸ</strong></span> <span class='ocrx_word' id='word_1_312' title='bbox 708 3288 921 3352; x_wconf 89' lang='grc' dir='ltr'><strong>κάλλος.</strong></span> <span class='ocrx_word' id='word_1_313' title='bbox 978 3290 1096 3344; x_wconf 83' lang='grc' dir='ltr'><strong>Κᾶν</strong></span> <span class='ocrx_word' id='word_1_314' title='bbox 1146 3290 1313 3363; x_wconf 86' lang='grc' dir='ltr'><strong>μυρία</strong></span> <span class='ocrx_word' id='word_1_315' title='bbox 1359 3291 1518 3363; x_wconf 78' lang='grc' dir='ltr'><strong>μίξῃς</strong></span> <span class='ocrx_word' id='word_1_316' title='bbox 1555 3291 1851 3363; x_wconf 84' lang='grc' dir='ltr'><strong>χρώματα,</strong></span> <span class='ocrx_word' id='word_1_317' title='bbox 1901 3296 2000 3349; x_wconf 84' lang='grc' dir='ltr'><strong>οὐκ</strong></span> 
     </span>
    </p>
   </div>
   <div class='ocr_carea' id='block_1_40' title="bbox 331 3367 1999 3443">
    <p class='ocr_par' dir='ltr' id='par_1_40' title="bbox 331 3367 1999 3443">
     <span class='ocr_line' id='line_1_40' title="bbox 331 3367 1999 3443; baseline 0.001 -18"><span class='ocrx_word' id='word_1_318' title='bbox 331 3370 541 3441; x_wconf 82' lang='grc' dir='ltr'><strong>ἐργάσῃ</strong></span> <span class='ocrx_word' id='word_1_319' title='bbox 566 3367 822 3438; x_wconf 82' lang='grc' dir='ltr'><strong>τοιαύτην</strong></span> <span class='ocrx_word' id='word_1_320' title='bbox 854 3367 1025 3439; x_wconf 88' lang='grc' dir='ltr'><strong>ῶραν.</strong></span> <span class='ocrx_word' id='word_1_321' title='bbox 1058 3370 1118 3422; x_wconf 79' lang='grc' dir='ltr'><strong>Εἰ</strong></span> <span class='ocrx_word' id='word_1_322' title='bbox 1149 3371 1205 3424; x_wconf 82' lang='grc' dir='ltr'><strong>δὲ</strong></span> <span class='ocrx_word' id='word_1_323' title='bbox 1238 3372 1479 3435; x_wconf 77' lang='grc' dir='ltr'><strong>καὶτοὺς</strong></span> <span class='ocrx_word' id='word_1_324' title='bbox 1513 3372 1825 3443; x_wconf 80' lang='grc' dir='ltr'><strong>ὀφθαλμοὺς</strong></span> <span class='ocrx_word' id='word_1_325' title='bbox 1873 3374 1999 3427; x_wconf 86' lang='grc' dir='ltr'><strong>ἰδεῖν</strong></span> 
     </span>
    </p>
   </div>
   <div class='ocr_carea' id='block_1_41' title="bbox 335 3446 2000 3523">
    <p class='ocr_par' dir='ltr' id='par_1_41' title="bbox 335 3446 2000 3523">
     <span class='ocr_line' id='line_1_41' title="bbox 335 3446 2000 3523; baseline 0.004 -23"><span class='ocrx_word' id='word_1_326' title='bbox 335 3449 535 3519; x_wconf 82' lang='grc' dir='ltr'><strong>βούλει,</strong></span> <span class='ocrx_word' id='word_1_327' title='bbox 567 3448 669 3517; x_wconf 85' lang='grc' dir='ltr'><strong>ὅρα</strong></span> <span class='ocrx_word' id='word_1_328' title='bbox 700 3446 1017 3515; x_wconf 75' lang='grc' dir='ltr'><strong>κοσμιότητι</strong></span> <span class='ocrx_word' id='word_1_329' title='bbox 1057 3449 1149 3502; x_wconf 77' lang='grc' dir='ltr'><strong>καὶ</strong></span> <span class='ocrx_word' id='word_1_330' title='bbox 1190 3449 1511 3520; x_wconf 81' lang='grc' dir='ltr'><strong>σωφροσύνῃ</strong></span> <span class='ocrx_word' id='word_1_331' title='bbox 1553 3452 1689 3520; x_wconf 83' lang='grc' dir='ltr'><strong>μετὰ</strong></span> <span class='ocrx_word' id='word_1_332' title='bbox 1718 3454 2000 3523; x_wconf 89' lang='grc' dir='ltr'><strong>ἀκριϐείας</strong></span> 
     </span>
    </p>
   </div>
   <div class='ocr_carea' id='block_1_42' title="bbox 335 3523 2000 3601">
    <p class='ocr_par' dir='ltr' id='par_1_42' title="bbox 335 3523 2000 3601">
     <span class='ocr_line' id='line_1_42' title="bbox 335 3523 2000 3601; baseline 0.003 -22"><span class='ocrx_word' id='word_1_333' title='bbox 335 3523 877 3595; x_wconf 82' lang='grc' dir='ltr'><strong>ὑπογεγραμμένους.</strong></span> <span class='ocrx_word' id='word_1_334' title='bbox 923 3524 1013 3576; x_wconf 85' lang='grc' dir='ltr'><strong>Διὸ</strong></span> <span class='ocrx_word' id='word_1_335' title='bbox 1060 3526 1152 3577; x_wconf 73' lang='grc' dir='ltr'><strong>καὶ</strong></span> <span class='ocrx_word' id='word_1_336' title='bbox 1188 3524 1329 3578; x_wconf 75' lang='grc' dir='ltr'><strong>οὕτω</strong></span> <span class='ocrx_word' id='word_1_337' title='bbox 1369 3527 1524 3580; x_wconf 86' lang='grc' dir='ltr'><strong>καλοί⁵</strong></span> <span class='ocrx_word' id='word_1_338' title='bbox 1569 3530 1663 3582; x_wconf 79' lang='grc' dir='ltr'><strong>καὶ</strong></span> <span class='ocrx_word' id='word_1_339' title='bbox 1692 3529 2000 3601; x_wconf 77' lang='grc' dir='ltr'><strong>ὀξυδερκεῖς</strong></span> 
     </span>
    </p>
   </div>
   <div class='ocr_carea' id='block_1_43' title="bbox 334 3604 1997 3680">
    <p class='ocr_par' dir='ltr' id='par_1_43' title="bbox 334 3604 1997 3680">
     <span class='ocr_line' id='line_1_43' title="bbox 334 3604 1997 3680; baseline 0.003 -21"><span class='ocrx_word' id='word_1_340' title='bbox 334 3608 592 3675; x_wconf 88' lang='grc' dir='ltr'><strong>γίνονται,</strong></span> <span class='ocrx_word' id='word_1_341' title='bbox 621 3605 696 3669; x_wconf 85' lang='grc' dir='ltr'><strong>ὠς</strong></span> <span class='ocrx_word' id='word_1_342' title='bbox 724 3604 817 3657; x_wconf 80' lang='grc' dir='ltr'><strong>καὶ</strong></span> <span class='ocrx_word' id='word_1_343' title='bbox 837 3604 997 3658; x_wconf 82' lang='grc' dir='ltr'><strong>αὑτὸν</strong></span> <span class='ocrx_word' id='word_1_344' title='bbox 1021 3605 1111 3657; x_wconf 79' lang='grc' dir='ltr'><strong>τὸν</strong></span> <span class='ocrx_word' id='word_1_345' title='bbox 1140 3604 1344 3672; x_wconf 83' lang='grc' dir='ltr'><strong>Κύριον</strong></span> <span class='ocrx_word' id='word_1_346' title='bbox 1368 3604 1520 3674; x_wconf 81' lang='grc' dir='ltr'><strong>ὀρᾷν.</strong></span> <span class='ocrx_word' id='word_1_347' title='bbox 1555 3604 1847 3677; x_wconf 77' lang='grc' dir='ltr'><strong>Μακάριοι</strong></span> <span class='ocrx_word' id='word_1_348' title='bbox 1869 3614 1997 3680; x_wconf 84' lang='grc' dir='ltr'><strong>γάρ,</strong></span> 
     </span>
    </p>
   </div>
   <div class='ocr_carea' id='block_1_44' title="bbox 337 3682 2001 3756">
    <p class='ocr_par' dir='ltr' id='par_1_44' title="bbox 337 3682 2001 3756">
     <span class='ocr_line' id='line_1_44' title="bbox 337 3682 2001 3756; baseline 0.004 -18"><span class='ocrx_word' id='word_1_349' title='bbox 337 3687 535 3756; x_wconf 78' lang='grc' dir='ltr'><strong>φησὶν,</strong></span> <span class='ocrx_word' id='word_1_350' title='bbox 578 3690 631 3740; x_wconf 84' lang='grc' dir='ltr'><strong>οί</strong></span> <span class='ocrx_word' id='word_1_351' title='bbox 678 3683 923 3753; x_wconf 76' lang='grc' dir='ltr'><strong>καθαροί</strong></span> <span class='ocrx_word' id='word_1_352' title='bbox 958 3682 1033 3751; x_wconf 80' lang='grc' dir='ltr'><strong>τῇ</strong></span> <span class='ocrx_word' id='word_1_353' title='bbox 1081 3683 1327 3752; x_wconf 76' lang='grc' dir='ltr'><strong>καρδίῃ,</strong></span> <span class='ocrx_word' id='word_1_354' title='bbox 1364 3682 1454 3738; x_wconf 85' lang='grc' dir='ltr'><strong>ὅτι</strong></span> <span class='ocrx_word' id='word_1_355' title='bbox 1498 3686 1669 3741; x_wconf 81' lang='grc' dir='ltr'><strong>αὐτοὶ</strong></span> <span class='ocrx_word' id='word_1_356' title='bbox 1695 3690 1802 3743; x_wconf 81' lang='grc' dir='ltr'><strong>τὸν</strong></span> <span class='ocrx_word' id='word_1_357' title='bbox 1851 3690 2001 3744; x_wconf 79' lang='grc' dir='ltr'><strong>Θεὸν</strong></span> 
     </span>
    </p>
   </div>
   <div class='ocr_carea' id='block_1_45' title="bbox 336 3762 2000 3835">
    <p class='ocr_par' dir='ltr' id='par_1_45' title="bbox 336 3762 2000 3835">
     <span class='ocr_line' id='line_1_45' title="bbox 336 3762 2000 3835; baseline 0.002 -18"><span class='ocrx_word' id='word_1_358' title='bbox 336 3765 609 3835; x_wconf 76' lang='grc' dir='ltr'><strong>ὄψονται.</strong></span> <span class='ocrx_word' id='word_1_359' title='bbox 658 3763 841 3833; x_wconf 86' lang='grc' dir='ltr'><strong>Στόμα</strong></span> <span class='ocrx_word' id='word_1_360' title='bbox 880 3763 938 3818; x_wconf 79' lang='grc' dir='ltr'><strong>δὲ</strong></span> <span class='ocrx_word' id='word_1_361' title='bbox 977 3764 1165 3833; x_wconf 84' lang='grc' dir='ltr'><strong>αὐτῆς,</strong></span> <span class='ocrx_word' id='word_1_362' title='bbox 1204 3762 1367 3832; x_wconf 83' lang='grc' dir='ltr'><strong>σοφία</strong></span> <span class='ocrx_word' id='word_1_363' title='bbox 1414 3764 1507 3815; x_wconf 84' lang='grc' dir='ltr'><strong>καί</strong></span> <span class='ocrx_word' id='word_1_364' title='bbox 1542 3765 1774 3832; x_wconf 84' lang='grc' dir='ltr'><strong>σύνεσις,</strong></span> <span class='ocrx_word' id='word_1_365' title='bbox 1807 3769 1901 3821; x_wconf 78' lang='grc' dir='ltr'><strong>καὶ</strong></span> <span class='ocrx_word' id='word_1_366' title='bbox 1939 3768 2000 3820; x_wconf 83' lang='grc' dir='ltr'><strong>τὸ</strong></span> 
     </span>
    </p>
   </div>
   <div class='ocr_carea' id='block_1_46' title="bbox 335 3843 2000 3920">
    <p class='ocr_par' dir='ltr' id='par_1_46' title="bbox 335 3843 2000 3920">
     <span class='ocr_line' id='line_1_46' title="bbox 335 3843 2000 3920; baseline 0.002 -23"><span class='ocrx_word' id='word_1_367' title='bbox 335 3844 735 3915; x_wconf 62' lang='grc' dir='ltr'><strong>πειευματικούς</strong></span> <span class='ocrx_word' id='word_1_368' title='bbox 772 3843 975 3915; x_wconf 74' lang='grc' dir='ltr'><strong>ὕμνους</strong></span> <span class='ocrx_word' id='word_1_369' title='bbox 1016 3844 1232 3898; x_wconf 86' lang='grc' dir='ltr'><strong>εἰδέναι.</strong></span> <span class='ocrx_word' id='word_1_370' title='bbox 1275 3844 1486 3915; x_wconf 83' lang='grc' dir='ltr'><strong>Καρδία</strong></span> <span class='ocrx_word' id='word_1_371' title='bbox 1525 3845 1602 3912; x_wconf 88' lang='grc' dir='ltr'><strong>δὲ,</strong></span> <span class='ocrx_word' id='word_1_372' title='bbox 1636 3848 1866 3920; x_wconf 85' lang='grc' dir='ltr'><strong>Γραφῶν</strong></span> <span class='ocrx_word' id='word_1_373' title='bbox 1901 3851 2000 3918; x_wconf 87' lang='grc' dir='ltr'><strong>ἐμ-</strong></span> 
     </span>
    </p>
   </div>
   <div class='ocr_carea' id='block_1_47' title="bbox 337 3924 2001 3996">
    <p class='ocr_par' dir='ltr' id='par_1_47' title="bbox 337 3924 2001 3996">
     <span class='ocr_line' id='line_1_47' title="bbox 337 3924 2001 3996; baseline 0.001 -18"><span class='ocrx_word' id='word_1_374' title='bbox 337 3925 545 3996; x_wconf 87' lang='grc' dir='ltr'><strong>πειρία,</strong></span> <span class='ocrx_word' id='word_1_375' title='bbox 575 3924 669 3978; x_wconf 75' lang='grc' dir='ltr'><strong>καὶ</strong></span> <span class='ocrx_word' id='word_1_376' title='bbox 707 3924 992 3995; x_wconf 80' lang='grc' dir='ltr'><strong>δογμάτων</strong></span> <span class='ocrx_word' id='word_1_377' title='bbox 1020 3924 1263 3994; x_wconf 88' lang='grc' dir='ltr'><strong>ἀκριϐῶν</strong></span> <span class='ocrx_word' id='word_1_378' title='bbox 1305 3926 1646 3994; x_wconf 82' lang='grc' dir='ltr'><strong>διατήρησις,</strong></span> <span class='ocrx_word' id='word_1_379' title='bbox 1688 3928 1781 3979; x_wconf 75' lang='grc' dir='ltr'><strong>καὶ</strong></span> <span class='ocrx_word' id='word_1_380' title='bbox 1815 3927 2001 3995; x_wconf 80' lang='grc' dir='ltr'><strong>φιλαν-</strong></span> 
     </span>
    </p>
   </div>
   <div class='ocr_carea' id='block_1_48' title="bbox 338 4002 2002 4074">
    <p class='ocr_par' dir='ltr' id='par_1_48' title="bbox 338 4002 2002 4074">
     <span class='ocr_line' id='line_1_48' title="bbox 338 4002 2002 4074; baseline 0.002 -19"><span class='ocrx_word' id='word_1_381' title='bbox 338 4004 573 4074; x_wconf 88' lang='grc' dir='ltr'><strong>θρωπία,</strong></span> <span class='ocrx_word' id='word_1_382' title='bbox 608 4004 700 4056; x_wconf 73' lang='grc' dir='ltr'><strong>καὶ</strong></span> <span class='ocrx_word' id='word_1_383' title='bbox 736 4002 1057 4073; x_wconf 77' lang='grc' dir='ltr'><strong>χρηστότης.</strong></span> <span class='ocrx_word' id='word_1_384' title='bbox 1091 4005 1198 4055; x_wconf 86' lang='lat' dir='ltr'><strong>Kal</strong></span> <span class='ocrx_word' id='word_1_385' title='bbox 1231 4003 1482 4070; x_wconf 88' lang='grc' dir='ltr'><strong>καθάπερ</strong></span> <span class='ocrx_word' id='word_1_386' title='bbox 1509 4002 1711 4073; x_wconf 77' lang='grc' dir='ltr'><strong>ταύτης</strong></span> <span class='ocrx_word' id='word_1_387' title='bbox 1741 4005 1868 4059; x_wconf 81' lang='grc' dir='ltr'><strong>ἀνευ</strong></span> <span class='ocrx_word' id='word_1_388' title='bbox 1901 4007 2002 4058; x_wconf 91' lang='grc' dir='ltr'><strong>οὐκ</strong></span> 
     </span>
    </p>
   </div>
   <div class='ocr_carea' id='block_1_49' title="bbox 337 4080 2001 4153">
    <p class='ocr_par' dir='ltr' id='par_1_49' title="bbox 337 4080 2001 4153">
     <span class='ocr_line' id='line_1_49' title="bbox 337 4080 2001 4153; baseline 0.001 -20"><span class='ocrx_word' id='word_1_389' title='bbox 337 4084 416 4135; x_wconf 77' lang='grc' dir='ltr'><strong>ἔνι</strong></span> <span class='ocrx_word' id='word_1_390' title='bbox 438 4083 617 4151; x_wconf 76' lang='grc' dir='ltr'><strong>ζῆσαι,</strong></span> <span class='ocrx_word' id='word_1_391' title='bbox 637 4082 760 4134; x_wconf 72' lang='grc' dir='ltr'><strong>οὐδὲ</strong></span> <span class='ocrx_word' id='word_1_392' title='bbox 784 4081 999 4149; x_wconf 76' lang='grc' dir='ltr'><strong>ἐκείνης</strong></span> <span class='ocrx_word' id='word_1_393' title='bbox 1026 4082 1190 4149; x_wconf 68' lang='grc' dir='ltr'><strong>χωρὶς</strong></span> <span class='ocrx_word' id='word_1_394' title='bbox 1215 4080 1452 4149; x_wconf 83' lang='grc' dir='ltr'><strong>σωθῆναι</strong></span> <span class='ocrx_word' id='word_1_395' title='bbox 1476 4081 1553 4132; x_wconf 78' lang='grc' dir='ltr'><strong>ἔνι</strong></span> <span class='ocrx_word' id='word_1_396' title='bbox 1580 4081 1729 4136; x_wconf 84' lang='grc' dir='ltr'><strong>ποτέ.</strong></span> <span class='ocrx_word' id='word_1_397' title='bbox 1755 4083 1865 4136; x_wconf 81' lang='grc' dir='ltr'><strong>Καὶ</strong></span> <span class='ocrx_word' id='word_1_398' title='bbox 1893 4083 2001 4153; x_wconf 84' lang='grc' dir='ltr'><strong>γάρ</strong></span> 
     </span>
    </p>
   </div>
   <div class='ocr_carea' id='block_1_50' title="bbox 339 4158 2001 4230">
    <p class='ocr_par' dir='ltr' id='par_1_50' title="bbox 339 4158 2001 4230">
     <span class='ocr_line' id='line_1_50' title="bbox 339 4158 2001 4230; baseline 0 -17"><span class='ocrx_word' id='word_1_399' title='bbox 339 4161 546 4213; x_wconf 81' lang='grc' dir='ltr'><strong>ἐκεῖθεν</strong></span> <span class='ocrx_word' id='word_1_400' title='bbox 580 4158 757 4212; x_wconf 88' lang='grc' dir='ltr'><strong>πάντα</strong></span> <span class='ocrx_word' id='word_1_401' title='bbox 781 4160 1021 4211; x_wconf 84' lang='grc' dir='ltr'><strong>τίκτεται</strong></span> <span class='ocrx_word' id='word_1_402' title='bbox 1040 4158 1106 4211; x_wconf 86' lang='grc' dir='ltr'><strong>τά</strong></span> <span class='ocrx_word' id='word_1_403' title='bbox 1128 4158 1176 4189; x_wconf 79' lang='grc'><strong>⁸⁸</strong></span> <span class='ocrx_word' id='word_1_404' title='bbox 1198 4158 1356 4212; x_wconf 89' lang='grc' dir='ltr'><strong>καλά.</strong></span> <span class='ocrx_word' id='word_1_405' title='bbox 1377 4159 1527 4212; x_wconf 79' lang='grc' dir='ltr'><strong>Εἰσὶν</strong></span> <span class='ocrx_word' id='word_1_406' title='bbox 1555 4160 1690 4230; x_wconf 77' lang='grc' dir='ltr'><strong>αὐτῇ</strong></span> <span class='ocrx_word' id='word_1_407' title='bbox 1724 4162 1818 4213; x_wconf 74' lang='grc' dir='ltr'><strong>καὶ</strong></span> <span class='ocrx_word' id='word_1_408' title='bbox 1843 4161 2001 4225; x_wconf 87' lang='grc' dir='ltr'><strong>πόδες</strong></span> 
     </span>
    </p>
   </div>
   <div class='ocr_carea' id='block_1_51' title="bbox 339 4236 1998 4311">
    <p class='ocr_par' dir='ltr' id='par_1_51' title="bbox 339 4236 1998 4311">
     <span class='ocr_line' id='line_1_51' title="bbox 339 4236 1998 4311; baseline 0.001 -18"><span class='ocrx_word' id='word_1_409' title='bbox 339 4240 434 4294; x_wconf 71' lang='grc' dir='ltr'><strong>καὶ</strong></span> <span class='ocrx_word' id='word_1_410' title='bbox 462 4241 663 4308; x_wconf 86' lang='grc' dir='ltr'><strong>χεῖρες,</strong></span> <span class='ocrx_word' id='word_1_411' title='bbox 688 4237 797 4289; x_wconf 86' lang='grc' dir='ltr'><strong>τῶν</strong></span> <span class='ocrx_word' id='word_1_412' title='bbox 824 4236 1041 4304; x_wconf 82' lang='grc' dir='ltr'><strong>ἀγαθῶν</strong></span> <span class='ocrx_word' id='word_1_413' title='bbox 1066 4236 1240 4307; x_wconf 88' lang='grc' dir='ltr'><strong>ἔργων</strong></span> <span class='ocrx_word' id='word_1_414' title='bbox 1262 4238 1316 4289; x_wconf 90' lang='grc' dir='ltr'><strong>αἰ</strong></span> <span class='ocrx_word' id='word_1_415' title='bbox 1352 4237 1655 4302; x_wconf 82' lang='grc' dir='ltr'><strong>ἐπιδείξεις⁹</strong></span> <span class='ocrx_word' id='word_1_416' title='bbox 1689 4239 1835 4293; x_wconf 84' lang='grc' dir='ltr'><strong>ἔστιν</strong></span> <span class='ocrx_word' id='word_1_417' title='bbox 1861 4241 1998 4311; x_wconf 82' lang='grc' dir='ltr'><strong>αὐτῇ</strong></span> 
     </span>
    </p>
   </div>
   <div class='ocr_carea' id='block_1_52' title="bbox 340 4316 2001 4392">
    <p class='ocr_par' dir='ltr' id='par_1_52' title="bbox 340 4316 2001 4392">
     <span class='ocr_line' id='line_1_52' title="bbox 340 4316 2001 4392; baseline 0 -19"><span class='ocrx_word' id='word_1_418' title='bbox 340 4320 435 4373; x_wconf 77' lang='grc' dir='ltr'><strong>καὶ</strong></span> <span class='ocrx_word' id='word_1_419' title='bbox 460 4317 626 4388; x_wconf 79' lang='grc' dir='ltr'><strong>ψυχὴ,</strong></span> <span class='ocrx_word' id='word_1_420' title='bbox 653 4318 686 4387; x_wconf 87' lang='grc' dir='ltr'><strong>ή</strong></span> <span class='ocrx_word' id='word_1_421' title='bbox 730 4316 978 4370; x_wconf 87' lang='grc' dir='ltr'><strong>εὐσέϐεια</strong></span> <span class='ocrx_word' id='word_1_422' title='bbox 999 4331 1013 4346; x_wconf 80' lang='grc'><strong><em>⁸</em></strong></span> <span class='ocrx_word' id='word_1_423' title='bbox 1058 4316 1203 4371; x_wconf 83' lang='grc' dir='ltr'><strong>ἔστιν</strong></span> <span class='ocrx_word' id='word_1_424' title='bbox 1233 4317 1369 4389; x_wconf 78' lang='grc' dir='ltr'><strong>αὐτῇ</strong></span> <span class='ocrx_word' id='word_1_425' title='bbox 1409 4318 1504 4371; x_wconf 62' lang='grc' dir='ltr'><strong>καλ⁵</strong></span> <span class='ocrx_word' id='word_1_426' title='bbox 1546 4318 1740 4389; x_wconf 80' lang='grc' dir='ltr'><strong>στῆθος</strong></span> <span class='ocrx_word' id='word_1_427' title='bbox 1766 4319 2001 4392; x_wconf 83' lang='grc' dir='ltr'><strong>χρυσοῦν</strong></span> 
     </span>
    </p>
   </div>
   <div class='ocr_carea' id='block_1_53' title="bbox 340 4396 2001 4469">
    <p class='ocr_par' dir='ltr' id='par_1_53' title="bbox 340 4396 2001 4469">
     <span class='ocr_line' id='line_1_53' title="bbox 340 4396 2001 4469; baseline 0.002 -17"><span class='ocrx_word' id='word_1_428' title='bbox 340 4402 435 4453; x_wconf 73' lang='grc' dir='ltr'><strong>καὶ</strong></span> <span class='ocrx_word' id='word_1_429' title='bbox 486 4398 790 4467; x_wconf 77' lang='grc' dir='ltr'><strong>ἀδάμαντος</strong></span> <span class='ocrx_word' id='word_1_430' title='bbox 840 4396 1189 4468; x_wconf 75' lang='grc' dir='ltr'><strong>στερῤότερον</strong></span> <span class='ocrx_word' id='word_1_431' title='bbox 1214 4436 1230 4459; x_wconf 85' lang='grc'><strong>,</strong></span> <span class='ocrx_word' id='word_1_432' title='bbox 1286 4400 1319 4469; x_wconf 88' lang='grc' dir='ltr'><strong>ή</strong></span> <span class='ocrx_word' id='word_1_433' title='bbox 1379 4398 1631 4469; x_wconf 80' lang='grc' dir='ltr'><strong>ἀνδρείαο</strong></span> <span class='ocrx_word' id='word_1_434' title='bbox 1685 4400 1779 4453; x_wconf 73' lang='grc' dir='ltr'><strong>καὶ</strong></span> <span class='ocrx_word' id='word_1_435' title='bbox 1824 4402 2001 4455; x_wconf 88' lang='grc' dir='ltr'><strong>πάντα</strong></span> 
     </span>
    </p>
   </div>
   <div class='ocr_carea' id='block_1_54' title="bbox 340 4475 2001 4552">
    <p class='ocr_par' dir='ltr' id='par_1_54' title="bbox 340 4475 2001 4552">
     <span class='ocr_line' id='line_1_54' title="bbox 340 4475 2001 4552; baseline 0.001 -19"><span class='ocrx_word' id='word_1_436' title='bbox 340 4479 545 4537; x_wconf 80' lang='grc' dir='ltr'><strong>ἁλῶναι</strong></span> <span class='ocrx_word' id='word_1_437' title='bbox 574 4475 811 4541; x_wconf 76' lang='grc' dir='ltr'><strong>εὔκολον,</strong></span> <span class='ocrx_word' id='word_1_438' title='bbox 840 4479 874 4549; x_wconf 79' lang='grc' dir='ltr'>ἦ</span> <span class='ocrx_word' id='word_1_439' title='bbox 902 4478 1059 4532; x_wconf 81' lang='grc' dir='ltr'><strong>τοῦτο</strong></span> <span class='ocrx_word' id='word_1_440' title='bbox 1097 4479 1457 4552; x_wconf 65' lang='grc' dir='ltr'><strong>διαρραγῆναι</strong></span> <span class='ocrx_word' id='word_1_441' title='bbox 1488 4479 1547 4533; x_wconf 84' lang='grc' dir='ltr'><strong>τὺ</strong></span> <span class='ocrx_word' id='word_1_442' title='bbox 1596 4481 1808 4551; x_wconf 79' lang='grc' dir='ltr'><strong>στῆθος.</strong></span> <span class='ocrx_word' id='word_1_443' title='bbox 1839 4481 1912 4533; x_wconf 87' lang='grc' dir='ltr'>Τὸ</span> <span class='ocrx_word' id='word_1_444' title='bbox 1941 4480 2001 4534; x_wconf 80' lang='grc' dir='ltr'><strong>δὲ</strong></span> 
     </span>
    </p>
   </div>
   <div class='ocr_carea' id='block_1_55' title="bbox 342 4558 1864 4630">
    <p class='ocr_par' dir='ltr' id='par_1_55' title="bbox 342 4558 1864 4630">
     <span class='ocr_line' id='line_1_55' title="bbox 342 4558 1864 4630; baseline -0.001 -16"><span class='ocrx_word' id='word_1_445' title='bbox 342 4558 559 4630; x_wconf 86' lang='grc' dir='ltr'><strong>πνεῦμα</strong></span> <span class='ocrx_word' id='word_1_446' title='bbox 587 4558 648 4610; x_wconf 83' lang='grc' dir='ltr'><strong>τὸ</strong></span> <span class='ocrx_word' id='word_1_447' title='bbox 680 4560 738 4612; x_wconf 80' lang='grc' dir='ltr'><strong>ἐν</strong></span> <span class='ocrx_word' id='word_1_448' title='bbox 766 4558 1053 4628; x_wconf 76' lang='grc' dir='ltr'><strong>ἐγκεφάλῳ</strong></span> <span class='ocrx_word' id='word_1_449' title='bbox 1078 4560 1169 4613; x_wconf 77' lang='grc' dir='ltr'><strong>καὶ</strong></span> <span class='ocrx_word' id='word_1_450' title='bbox 1197 4560 1413 4630; x_wconf 74' lang='grc' dir='ltr'><strong>καρδίᾳ,</strong></span> <span class='ocrx_word' id='word_1_451' title='bbox 1446 4560 1479 4629; x_wconf 85' lang='grc' dir='ltr'>ἡ</span> <span class='ocrx_word' id='word_1_452' title='bbox 1512 4559 1697 4629; x_wconf 87' lang='grc' dir='ltr'><strong>ἀγάπη</strong></span> <span class='ocrx_word' id='word_1_453' title='bbox 1729 4560 1864 4613; x_wconf 85' lang='grc' dir='ltr'><strong>ἐστί.</strong></span> 
     </span>
    </p>
   </div>
   <div class='ocr_carea' id='block_1_56' title="bbox 407 4637 2000 4709">
    <p class='ocr_par' dir='ltr' id='par_1_56' title="bbox 407 4637 2000 4709">
     <span class='ocr_line' id='line_1_56' title="bbox 407 4637 2000 4709; baseline -0.001 -17"><span class='ocrx_word' id='word_1_454' title='bbox 407 4639 468 4692; x_wconf 81' lang='grc' dir='ltr'><strong>δ’.</strong></span> <span class='ocrx_word' id='word_1_455' title='bbox 510 4639 696 4692; x_wconf 86' lang='grc' dir='ltr'><strong>Βούλει</strong></span> <span class='ocrx_word' id='word_1_456' title='bbox 738 4639 835 4692; x_wconf 77' lang='grc' dir='ltr'><strong>καὶ</strong></span> <span class='ocrx_word' id='word_1_457' title='bbox 871 4639 958 4691; x_wconf 87' lang='grc' dir='ltr'><strong>ἐπ’</strong></span> <span class='ocrx_word' id='word_1_458' title='bbox 999 4638 1177 4691; x_wconf 85' lang='grc' dir='ltr'><strong>αὐτῶν</strong></span> <span class='ocrx_word' id='word_1_459' title='bbox 1222 4640 1330 4693; x_wconf 89' lang='grc' dir='ltr'><strong>τῶν</strong></span> <span class='ocrx_word' id='word_1_460' title='bbox 1378 4638 1553 4709; x_wconf 89' lang='grc' dir='ltr'><strong>ἔργων</strong></span> <span class='ocrx_word' id='word_1_461' title='bbox 1584 4638 1742 4703; x_wconf 86' lang='grc' dir='ltr'><strong>δείξω</strong></span> <span class='ocrx_word' id='word_1_462' title='bbox 1782 4656 1861 4693; x_wconf 90' lang='grc' dir='ltr'><strong>σοι</strong></span> <span class='ocrx_word' id='word_1_463' title='bbox 1901 4637 2000 4709; x_wconf 79' lang='grc' dir='ltr'><strong>τήν</strong></span> 
     </span>
    </p>
   </div>
   <div class='ocr_carea' id='block_1_57' title="bbox 339 4718 1996 4790">
    <p class='ocr_par' dir='ltr' id='par_1_57' title="bbox 339 4718 1996 4790">
     <span class='ocr_line' id='line_1_57' title="bbox 339 4718 1996 4790; baseline -0.002 -15"><span class='ocrx_word' id='word_1_464' title='bbox 339 4722 552 4786; x_wconf 80' lang='grc' dir='ltr'><strong>εἰκόνας</strong></span> <span class='ocrx_word' id='word_1_465' title='bbox 588 4719 868 4790; x_wconf 79' lang='grc' dir='ltr'><strong>Ἑννόησόν</strong></span> <span class='ocrx_word' id='word_1_466' title='bbox 908 4735 999 4789; x_wconf 91' lang='grc' dir='ltr'><strong>μοι</strong></span> <span class='ocrx_word' id='word_1_467' title='bbox 1034 4718 1219 4771; x_wconf 87' lang='grc' dir='ltr'><strong>τοῦτον</strong></span> <span class='ocrx_word' id='word_1_468' title='bbox 1249 4719 1409 4772; x_wconf 84' lang='grc' dir='ltr'><strong>αὐτὸν</strong></span> <span class='ocrx_word' id='word_1_469' title='bbox 1441 4718 1532 4772; x_wconf 82' lang='grc' dir='ltr'><strong>τὸν</strong></span> <span class='ocrx_word' id='word_1_470' title='bbox 1572 4718 1996 4789; x_wconf 89' lang='grc' dir='ltr'><strong>εὐαγγελιστήν·</strong></span> 
     </span>
    </p>
   </div>
   <div class='ocr_carea' id='block_1_58' title="bbox 340 4797 2000 4871">
    <p class='ocr_par' dir='ltr' id='par_1_58' title="bbox 340 4797 2000 4871">
     <span class='ocr_line' id='line_1_58' title="bbox 340 4797 2000 4871; baseline -0.002 -16"><span class='ocrx_word' id='word_1_471' title='bbox 340 4802 517 4855; x_wconf 89' lang='grc' dir='ltr'><strong>καίτοι</strong></span> <span class='ocrx_word' id='word_1_472' title='bbox 566 4802 627 4854; x_wconf 91' lang='grc' dir='ltr'><strong>οὐ</strong></span> <span class='ocrx_word' id='word_1_473' title='bbox 662 4800 838 4855; x_wconf 89' lang='grc' dir='ltr'><strong>πάντα</strong></span> <span class='ocrx_word' id='word_1_474' title='bbox 889 4797 1053 4851; x_wconf 87' lang='grc' dir='ltr'><strong>αὐτοῦ</strong></span> <span class='ocrx_word' id='word_1_475' title='bbox 1104 4800 1197 4851; x_wconf 81' lang='grc' dir='ltr'><strong>τὸν</strong></span> <span class='ocrx_word' id='word_1_476' title='bbox 1237 4799 1349 4868; x_wconf 86' lang='grc' dir='ltr'><strong>βίον</strong></span> <span class='ocrx_word' id='word_1_477' title='bbox 1392 4799 1742 4871; x_wconf 89' lang='grc' dir='ltr'><strong>ἀνάγραπτον</strong></span> <span class='ocrx_word' id='word_1_478' title='bbox 1785 4799 2000 4869; x_wconf 80' lang='grc' dir='ltr'><strong>ἔχομεν,</strong></span> 
     </span>
    </p>
   </div>
   <div class='ocr_carea' id='block_1_59' title="bbox 340 4877 2003 4951">
    <p class='ocr_par' dir='ltr' id='par_1_59' title="bbox 340 4877 2003 4951">
     <span class='ocr_line' id='line_1_59' title="bbox 340 4877 2003 4951; baseline 0 -20"><span class='ocrx_word' id='word_1_479' title='bbox 340 4880 452 4932; x_wconf 79' lang='grc' dir='ltr'><strong>ἀλλ’</strong></span> <span class='ocrx_word' id='word_1_480' title='bbox 481 4883 629 4951; x_wconf 82' lang='grc' dir='ltr'><strong>ὅμως</strong></span> <span class='ocrx_word' id='word_1_481' title='bbox 670 4881 761 4933; x_wconf 64' lang='grc' dir='ltr'><strong>καλ⁵</strong></span> <span class='ocrx_word' id='word_1_482' title='bbox 808 4878 868 4944; x_wconf 80' lang='grc' dir='ltr'><strong>ἐξ</strong></span> <span class='ocrx_word' id='word_1_483' title='bbox 910 4878 1104 4945; x_wconf 81' lang='grc' dir='ltr'><strong>ὀλίγων</strong></span> <span class='ocrx_word' id='word_1_484' title='bbox 1144 4877 1350 4931; x_wconf 85' lang='grc' dir='ltr'><strong>ἔνεστιν</strong></span> <span class='ocrx_word' id='word_1_485' title='bbox 1376 4880 1421 4910; x_wconf 81' lang='grc'><strong>⁸⁹</strong></span> <span class='ocrx_word' id='word_1_486' title='bbox 1464 4879 1627 4933; x_wconf 90' lang='grc' dir='ltr'><strong>αὐτοῦ</strong></span> <span class='ocrx_word' id='word_1_487' title='bbox 1674 4879 1774 4950; x_wconf 77' lang='grc' dir='ltr'><strong>τήν</strong></span> <span class='ocrx_word' id='word_1_488' title='bbox 1820 4878 2003 4931; x_wconf 86' lang='grc' dir='ltr'><strong>εἰκόνα</strong></span> 
     </span>
    </p>
   </div>
   <div class='ocr_carea' id='block_1_60' title="bbox 343 4957 2004 5031">
    <p class='ocr_par' dir='ltr' id='par_1_60' title="bbox 343 4957 2004 5031">
     <span class='ocr_line' id='line_1_60' title="bbox 343 4957 2004 5031; baseline -0.002 -19"><span class='ocrx_word' id='word_1_489' title='bbox 343 4960 470 5017; x_wconf 81' lang='grc' dir='ltr'><strong>ἰδεῖν</strong></span> <span class='ocrx_word' id='word_1_490' title='bbox 496 4960 921 5031; x_wconf 85' lang='grc' dir='ltr'><strong>διαλάμπουσαν.</strong></span> <span class='ocrx_word' id='word_1_491' title='bbox 942 4958 1064 5010; x_wconf 86' lang='grc' dir='ltr'><strong>Ὅτι</strong></span> <span class='ocrx_word' id='word_1_492' title='bbox 1088 4957 1184 5028; x_wconf 85' lang='grc' dir='ltr'><strong>μὲν</strong></span> <span class='ocrx_word' id='word_1_493' title='bbox 1210 4957 1254 4987; x_wconf 78' lang='grc'><strong>⁸⁸</strong></span> <span class='ocrx_word' id='word_1_494' title='bbox 1281 4958 1531 5021; x_wconf 79' lang='grc' dir='ltr'><strong>ταπεινὸς</strong></span> <span class='ocrx_word' id='word_1_495' title='bbox 1561 4958 1654 5012; x_wconf 82' lang='grc' dir='ltr'><strong>καὶ</strong></span> <span class='ocrx_word' id='word_1_496' title='bbox 1680 4973 2004 5029; x_wconf 80' lang='grc' dir='ltr'><strong>συντετριμ-</strong></span> 
     </span>
    </p>
   </div>
   <div class='ocr_carea' id='block_1_61' title="bbox 346 5036 2005 5110">
    <p class='ocr_par' dir='ltr' id='par_1_61' title="bbox 346 5036 2005 5110">
     <span class='ocr_line' id='line_1_61' title="bbox 346 5036 2005 5110; baseline -0.001 -19"><span class='ocrx_word' id='word_1_497' title='bbox 346 5041 505 5109; x_wconf 86' lang='grc' dir='ltr'><strong>μένος</strong></span> <span class='ocrx_word' id='word_1_498' title='bbox 531 5036 619 5110; x_wconf 84' lang='grc' dir='ltr'><strong>ἦν,</strong></span> <span class='ocrx_word' id='word_1_499' title='bbox 649 5042 877 5094; x_wconf 77' lang='grc' dir='ltr'><strong>ἄκουσον</strong></span> <span class='ocrx_word' id='word_1_500' title='bbox 908 5038 1046 5110; x_wconf 87' lang='grc' dir='ltr'><strong>μετά</strong></span> <span class='ocrx_word' id='word_1_501' title='bbox 1080 5037 1142 5091; x_wconf 85' lang='grc' dir='ltr'><strong>τὸ</strong></span> <span class='ocrx_word' id='word_1_502' title='bbox 1181 5038 1509 5106; x_wconf 82' lang='grc' dir='ltr'><strong>Εὐαγγέλιον</strong></span> <span class='ocrx_word' id='word_1_503' title='bbox 1546 5037 1782 5107; x_wconf 78' lang='grc' dir='ltr'><strong>τελώνην</strong></span> <span class='ocrx_word' id='word_1_504' title='bbox 1813 5037 2005 5091; x_wconf 72' lang='grc' dir='ltr'><strong>ἐαυτὸν</strong></span> 
     </span>
    </p>
   </div>
   <div class='ocr_carea' id='block_1_62' title="bbox 344 5117 1996 5191">
    <p class='ocr_par' dir='ltr' id='par_1_62' title="bbox 344 5117 1996 5191">
     <span class='ocr_line' id='line_1_62' title="bbox 344 5117 1996 5191; baseline -0.001 -20"><span class='ocrx_word' id='word_1_505' title='bbox 344 5117 643 5173; x_wconf 70' lang='grc' dir='ltr'><strong>καλοῦνταο</strong></span> <span class='ocrx_word' id='word_1_506' title='bbox 684 5120 764 5173; x_wconf 84' lang='grc' dir='ltr'><strong>δτι</strong></span> <span class='ocrx_word' id='word_1_507' title='bbox 792 5120 848 5175; x_wconf 82' lang='grc' dir='ltr'><strong>δέ</strong></span> <span class='ocrx_word' id='word_1_508' title='bbox 884 5119 976 5174; x_wconf 70' lang='grc' dir='ltr'><strong>καί⁹</strong></span> <span class='ocrx_word' id='word_1_509' title='bbox 1015 5119 1285 5191; x_wconf 84' lang='grc' dir='ltr'><strong>ἐλεήμων,</strong></span> <span class='ocrx_word' id='word_1_510' title='bbox 1314 5118 1415 5189; x_wconf 81' lang='grc' dir='ltr'><strong>ὅρα</strong></span> <span class='ocrx_word' id='word_1_511' title='bbox 1448 5117 1624 5171; x_wconf 87' lang='grc' dir='ltr'><strong>πάντα</strong></span> <span class='ocrx_word' id='word_1_512' title='bbox 1662 5118 1996 5187; x_wconf 81' lang='grc' dir='ltr'><strong>ἀποδυσάμε-</strong></span> 
     </span>
    </p>
   </div>
   <div class='ocr_carea' id='block_1_63' title="bbox 1130 274 3001 335">
    <p class='ocr_par' dir='ltr' id='par_1_63' title="bbox 1130 274 3001 335">
     <span class='ocr_line' id='line_1_63' title="bbox 1130 274 3001 335; baseline 0 -6"><span class='ocrx_word' id='word_1_513' title='bbox 1130 276 1188 329; x_wconf 90' lang='lat' dir='ltr'><strong>S.</strong></span> <span class='ocrx_word' id='word_1_514' title='bbox 1229 276 1517 331; x_wconf 78' lang='lat' dir='ltr'><strong>JOANNIS</strong></span> <span class='ocrx_word' id='word_1_515' title='bbox 1556 276 2051 332; x_wconf 74' lang='lat' dir='ltr'><strong>CHRYSOSTOMI</strong></span> <span class='ocrx_word' id='word_1_516' title='bbox 2095 276 2415 334; x_wconf 78' lang='lat' dir='ltr'><strong>ARCHIEP.</strong></span> <span class='ocrx_word' id='word_1_517' title='bbox 2452 274 3001 335; x_wconf 70' lang='lat' dir='ltr'><strong>CONSTANTINOP.</strong></span> 
     </span>
    </p>
   </div>
   <div class='ocr_carea' id='block_1_64' title="bbox 3674 270 3781 329">
    <p class='ocr_par' dir='ltr' id='par_1_64' title="bbox 3674 270 3781 329">
     <span class='ocr_line' id='line_1_64' title="bbox 3674 270 3781 329; baseline 0.019 -2"><span class='ocrx_word' id='word_1_518' title='bbox 3674 270 3781 329; x_wconf 71' lang='grc' dir='ltr'><strong>ιεο</strong></span> 
     </span>
    </p>
   </div>
   <div class='ocr_carea' id='block_1_65' title="bbox 2104 388 3781 465">
    <p class='ocr_par' dir='ltr' id='par_1_65' title="bbox 2104 388 3781 465">
     <span class='ocr_line' id='line_1_65' title="bbox 2104 388 3781 465; baseline 0.007 -21"><span class='ocrx_word' id='word_1_519' title='bbox 2104 410 2195 445; x_wconf 93' lang='grc' dir='ltr'><strong>νον</strong></span> <span class='ocrx_word' id='word_1_520' title='bbox 2230 394 2319 447; x_wconf 77' lang='grc' dir='ltr'><strong>καὶ</strong></span> <span class='ocrx_word' id='word_1_521' title='bbox 2350 395 2792 465; x_wconf 82' lang='grc' dir='ltr'><strong>ἀκολουθήσαντα</strong></span> <span class='ocrx_word' id='word_1_522' title='bbox 2830 391 2908 462; x_wconf 82' lang='grc' dir='ltr'><strong>τῷ</strong></span> <span class='ocrx_word' id='word_1_523' title='bbox 2943 392 3117 461; x_wconf 78' lang='grc' dir='ltr'><strong>Ἰησοῦ</strong></span> <span class='ocrx_word' id='word_1_524' title='bbox 3137 403 3151 419; x_wconf 86' lang='grc'>⁶</span> <span class='ocrx_word' id='word_1_525' title='bbox 3186 388 3269 443; x_wconf 82' lang='grc' dir='ltr'><strong>ὅτι</strong></span> <span class='ocrx_word' id='word_1_526' title='bbox 3302 388 3359 442; x_wconf 80' lang='grc' dir='ltr'><strong>δὲ</strong></span> <span class='ocrx_word' id='word_1_527' title='bbox 3402 405 3497 444; x_wconf 81' lang='grc' dir='ltr'><strong>και</strong></span> <span class='ocrx_word' id='word_1_528' title='bbox 3527 390 3781 463; x_wconf 74' lang='grc' dir='ltr'><strong>εὐσεϐὴς,</strong></span> 
     </span>
    </p>
   </div>
   <div class='ocr_carea' id='block_1_66' title="bbox 2103 467 3782 542">
    <p class='ocr_par' dir='ltr' id='par_1_66' title="bbox 2103 467 3782 542">
     <span class='ocr_line' id='line_1_66' title="bbox 2103 467 3782 542; baseline 0.002 -19"><span class='ocrx_word' id='word_1_529' title='bbox 2103 470 2261 539; x_wconf 83' lang='grc' dir='ltr'><strong>δῆλον</strong></span> <span class='ocrx_word' id='word_1_530' title='bbox 2300 473 2408 525; x_wconf 75' lang='grc' dir='ltr'><strong>ἀπὸ</strong></span> <span class='ocrx_word' id='word_1_531' title='bbox 2453 472 2559 525; x_wconf 82' lang='grc' dir='ltr'><strong>τῶν</strong></span> <span class='ocrx_word' id='word_1_532' title='bbox 2604 472 2909 542; x_wconf 81' lang='grc' dir='ltr'><strong>δογμάτων.</strong></span> <span class='ocrx_word' id='word_1_533' title='bbox 2960 471 3071 523; x_wconf 77' lang='lat' dir='ltr'><strong>Kal</strong></span> <span class='ocrx_word' id='word_1_534' title='bbox 3116 468 3214 540; x_wconf 79' lang='grc' dir='ltr'><strong>τήν</strong></span> <span class='ocrx_word' id='word_1_535' title='bbox 3247 467 3462 522; x_wconf 89' lang='grc' dir='ltr'><strong>σύνεσιν</strong></span> <span class='ocrx_word' id='word_1_536' title='bbox 3509 469 3568 523; x_wconf 89' lang='grc' dir='ltr'><strong>δέ</strong></span> <span class='ocrx_word' id='word_1_537' title='bbox 3616 473 3782 527; x_wconf 86' lang='grc' dir='ltr'><strong>αὐτοῦ</strong></span> 
     </span>
    </p>
   </div>
   <div class='ocr_carea' id='block_1_67' title="bbox 2104 545 3783 621">
    <p class='ocr_par' dir='ltr' id='par_1_67' title="bbox 2104 545 3783 621">
     <span class='ocr_line' id='line_1_67' title="bbox 2104 545 3783 621; baseline 0.002 -19"><span class='ocrx_word' id='word_1_538' title='bbox 2104 550 2199 618; x_wconf 83' lang='grc' dir='ltr'><strong>ἀφ’</strong></span> <span class='ocrx_word' id='word_1_539' title='bbox 2226 545 2287 603; x_wconf 77' lang='grc' dir='ltr'><strong>οῦ</strong></span> <span class='ocrx_word' id='word_1_540' title='bbox 2316 551 2610 621; x_wconf 74' lang='grc' dir='ltr'><strong>συνέθηκεν</strong></span> <span class='ocrx_word' id='word_1_541' title='bbox 2636 549 2969 618; x_wconf 86' lang='grc' dir='ltr'><strong>Εὐαγγελίου</strong></span> <span class='ocrx_word' id='word_1_542' title='bbox 2997 549 3179 620; x_wconf 78' lang='grc' dir='ltr'><strong>ῥᾴδιον</strong></span> <span class='ocrx_word' id='word_1_543' title='bbox 3206 548 3351 601; x_wconf 82' lang='grc' dir='ltr'><strong>ἔστιν</strong></span> <span class='ocrx_word' id='word_1_544' title='bbox 3376 549 3525 611; x_wconf 81' lang='grc' dir='ltr'><strong>ἰδεῖν,</strong></span> <span class='ocrx_word' id='word_1_545' title='bbox 3556 553 3653 604; x_wconf 73' lang='grc' dir='ltr'><strong>καὶ</strong></span> <span class='ocrx_word' id='word_1_546' title='bbox 3682 552 3783 619; x_wconf 80' lang='grc' dir='ltr'><strong>τήν</strong></span> 
     </span>
    </p>
   </div>
   <div class='ocr_carea' id='block_1_68' title="bbox 2104 626 3781 701">
    <p class='ocr_par' dir='ltr' id='par_1_68' title="bbox 2104 626 3781 701">
     <span class='ocr_line' id='line_1_68' title="bbox 2104 626 3781 701; baseline 0.001 -21"><span class='ocrx_word' id='word_1_547' title='bbox 2104 626 2324 695; x_wconf 80' lang='grc' dir='ltr'><strong>ἀγάπην</strong></span> <span class='ocrx_word' id='word_1_548' title='bbox 2346 645 2359 658; x_wconf 93' lang='grc'><strong>·</strong></span> <span class='ocrx_word' id='word_1_549' title='bbox 2400 630 2498 697; x_wconf 82' lang='grc' dir='ltr'><strong>τῆς</strong></span> <span class='ocrx_word' id='word_1_550' title='bbox 2539 629 2648 699; x_wconf 85' lang='grc' dir='ltr'><strong>γὰρ</strong></span> <span class='ocrx_word' id='word_1_551' title='bbox 2677 628 3005 697; x_wconf 86' lang='grc' dir='ltr'><strong>οἰκουμένης</strong></span> <span class='ocrx_word' id='word_1_552' title='bbox 3033 627 3441 696; x_wconf 84' lang='grc' dir='ltr'><strong>ἐπεμελήσατο·</strong></span> <span class='ocrx_word' id='word_1_553' title='bbox 3493 629 3591 681; x_wconf 76' lang='lat' dir='ltr'><strong><em>xal</em></strong></span> <span class='ocrx_word' id='word_1_554' title='bbox 3629 627 3781 701; x_wconf 66' lang='lat'><strong>[492]</strong></span> 
     </span>
    </p>
   </div>
   <div class='ocr_carea' id='block_1_69' title="bbox 2104 706 3781 778">
    <p class='ocr_par' dir='ltr' id='par_1_69' title="bbox 2104 706 3781 778">
     <span class='ocr_line' id='line_1_69' title="bbox 2104 706 3781 778; baseline 0.002 -19"><span class='ocrx_word' id='word_1_555' title='bbox 2104 706 2201 776; x_wconf 76' lang='grc' dir='ltr'><strong>τὴν</strong></span> <span class='ocrx_word' id='word_1_556' title='bbox 2228 707 2336 759; x_wconf 89' lang='grc' dir='ltr'><strong>τῶν</strong></span> <span class='ocrx_word' id='word_1_557' title='bbox 2378 708 2554 777; x_wconf 81' lang='grc' dir='ltr'><strong>ἔργων</strong></span> <span class='ocrx_word' id='word_1_558' title='bbox 2588 709 2699 761; x_wconf 89' lang='grc' dir='ltr'><strong>τῶν</strong></span> <span class='ocrx_word' id='word_1_559' title='bbox 2740 708 2961 775; x_wconf 84' lang='grc' dir='ltr'><strong>ἀγαθῶν</strong></span> <span class='ocrx_word' id='word_1_560' title='bbox 3004 707 3261 772; x_wconf 78' lang='grc' dir='ltr'><strong>ἐπίδειξιν</strong></span> <span class='ocrx_word' id='word_1_561' title='bbox 3308 706 3417 759; x_wconf 80' lang='grc' dir='ltr'><strong>ἀπὺ</strong></span> <span class='ocrx_word' id='word_1_562' title='bbox 3448 709 3543 761; x_wconf 89' lang='grc' dir='ltr'><strong>τοῦ</strong></span> <span class='ocrx_word' id='word_1_563' title='bbox 3590 708 3781 778; x_wconf 78' lang='grc' dir='ltr'><strong>θρόνου</strong></span> 
     </span>
    </p>
   </div>
   <div class='ocr_carea' id='block_1_70' title="bbox 2104 780 3783 857">
    <p class='ocr_par' dir='ltr' id='par_1_70' title="bbox 2104 780 3783 857">
     <span class='ocr_line' id='line_1_70' title="bbox 2104 780 3783 857; baseline 0.003 -19"><span class='ocrx_word' id='word_1_564' title='bbox 2104 788 2187 853; x_wconf 84' lang='grc' dir='ltr'><strong>ἐφ’</strong></span> <span class='ocrx_word' id='word_1_565' title='bbox 2204 780 2265 839; x_wconf 80' lang='grc' dir='ltr'><strong>οῦ</strong></span> <span class='ocrx_word' id='word_1_566' title='bbox 2301 788 2483 857; x_wconf 89' lang='grc' dir='ltr'><strong>μέλλει</strong></span> <span class='ocrx_word' id='word_1_567' title='bbox 2511 788 2854 841; x_wconf 83' lang='grc' dir='ltr'><strong>καθεδεῖσθαι</strong></span> <span class='ocrx_word' id='word_1_568' title='bbox 2877 788 2947 819; x_wconf 76' lang='grc'><strong>⁸⁸⁸</strong></span> <span class='ocrx_word' id='word_1_569' title='bbox 2984 787 3081 841; x_wconf 73' lang='grc' dir='ltr'><strong>καὶ</strong></span> <span class='ocrx_word' id='word_1_570' title='bbox 3113 787 3213 857; x_wconf 81' lang='grc' dir='ltr'><strong>τὴν</strong></span> <span class='ocrx_word' id='word_1_571' title='bbox 3242 787 3495 857; x_wconf 87' lang='grc' dir='ltr'><strong>ἀνδρείαν</strong></span> <span class='ocrx_word' id='word_1_572' title='bbox 3517 788 3597 850; x_wconf 84' lang='grc' dir='ltr'><strong>δὲ,</strong></span> <span class='ocrx_word' id='word_1_573' title='bbox 3630 790 3690 853; x_wconf 73' lang='grc' dir='ltr'><strong>ἐξ</strong></span> <span class='ocrx_word' id='word_1_574' title='bbox 3706 783 3783 843; x_wconf 85' lang='grc' dir='ltr'><strong>ὧν</strong></span> 
     </span>
    </p>
   </div>
   <div class='ocr_carea' id='block_1_71' title="bbox 2104 864 3779 938">
    <p class='ocr_par' dir='ltr' id='par_1_71' title="bbox 2104 864 3779 938">
     <span class='ocr_line' id='line_1_71' title="bbox 2104 864 3779 938; baseline 0.001 -19"><span class='ocrx_word' id='word_1_575' title='bbox 2104 864 2313 936; x_wconf 91' lang='grc' dir='ltr'><strong>χαίρων</strong></span> <span class='ocrx_word' id='word_1_576' title='bbox 2336 866 2675 938; x_wconf 66' lang='grc' dir='ltr'><strong>ὑπέστρεψεν</strong></span> <span class='ocrx_word' id='word_1_577' title='bbox 2697 867 2806 919; x_wconf 80' lang='grc' dir='ltr'><strong>ἀπὸ</strong></span> <span class='ocrx_word' id='word_1_578' title='bbox 2833 864 3127 937; x_wconf 82' lang='grc' dir='ltr'><strong>προσώπου</strong></span> <span class='ocrx_word' id='word_1_579' title='bbox 3148 866 3243 920; x_wconf 90' lang='grc' dir='ltr'><strong>τοῦ</strong></span> <span class='ocrx_word' id='word_1_580' title='bbox 3272 867 3569 937; x_wconf 88' lang='grc' dir='ltr'><strong>συνεδρίου.</strong></span> <span class='ocrx_word' id='word_1_581' title='bbox 3599 868 3779 936; x_wconf 82' lang='grc' dir='ltr'><strong>Ζηλὼ-</strong></span> 
     </span>
    </p>
   </div>
   <div class='ocr_carea' id='block_1_72' title="bbox 2105 944 3779 1016">
    <p class='ocr_par' dir='ltr' id='par_1_72' title="bbox 2105 944 3779 1016">
     <span class='ocr_line' id='line_1_72' title="bbox 2105 944 3779 1016; baseline 0.002 -20"><span class='ocrx_word' id='word_1_582' title='bbox 2105 961 2288 1014; x_wconf 88' lang='grc' dir='ltr'><strong>σωμεν</strong></span> <span class='ocrx_word' id='word_1_583' title='bbox 2327 946 2505 998; x_wconf 84' lang='grc' dir='ltr'><strong>τοίνυν</strong></span> <span class='ocrx_word' id='word_1_584' title='bbox 2531 946 2630 1016; x_wconf 84' lang='grc' dir='ltr'><strong>τὴν</strong></span> <span class='ocrx_word' id='word_1_585' title='bbox 2671 946 2871 1015; x_wconf 85' lang='grc' dir='ltr'><strong>ἀρετὴν</strong></span> <span class='ocrx_word' id='word_1_586' title='bbox 2900 944 3127 1013; x_wconf 84' lang='grc' dir='ltr'><strong>ταύτην.</strong></span> <span class='ocrx_word' id='word_1_587' title='bbox 3162 945 3256 998; x_wconf 78' lang='grc' dir='ltr'><strong>καὶ</strong></span> <span class='ocrx_word' id='word_1_588' title='bbox 3298 944 3532 1011; x_wconf 83' lang='grc' dir='ltr'><strong>μάλιστα</strong></span> <span class='ocrx_word' id='word_1_589' title='bbox 3560 945 3779 1001; x_wconf 89' lang='grc' dir='ltr'><strong>πάντων</strong></span> 
     </span>
    </p>
   </div>
   <div class='ocr_carea' id='block_1_73' title="bbox 2102 1016 3774 1094">
    <p class='ocr_par' dir='ltr' id='par_1_73' title="bbox 2102 1016 3774 1094">
     <span class='ocr_line' id='line_1_73' title="bbox 2102 1016 3774 1094; baseline 0.002 -20"><span class='ocrx_word' id='word_1_590' title='bbox 2102 1022 2199 1092; x_wconf 80' lang='grc' dir='ltr'><strong>τὴν</strong></span> <span class='ocrx_word' id='word_1_591' title='bbox 2220 1023 2723 1093; x_wconf 79' lang='grc' dir='ltr'><strong>ταπεινοφροσύνην</strong></span> <span class='ocrx_word' id='word_1_592' title='bbox 2751 1024 2846 1077; x_wconf 75' lang='grc' dir='ltr'><strong>καὶ</strong></span> <span class='ocrx_word' id='word_1_593' title='bbox 2873 1022 3265 1094; x_wconf 85' lang='grc' dir='ltr'><strong>ἐλεημοσύνην,</strong></span> <span class='ocrx_word' id='word_1_594' title='bbox 3287 1016 3363 1077; x_wconf 80' lang='grc' dir='ltr'><strong>ὧν</strong></span> <span class='ocrx_word' id='word_1_595' title='bbox 3385 1024 3515 1077; x_wconf 79' lang='grc' dir='ltr'><strong>ἄνευ</strong></span> <span class='ocrx_word' id='word_1_596' title='bbox 3540 1024 3774 1092; x_wconf 81' lang='grc' dir='ltr'><strong>σωθῆναι</strong></span> 
     </span>
    </p>
   </div>
   <div class='ocr_carea' id='block_1_74' title="bbox 2101 1100 3774 1171">
    <p class='ocr_par' dir='ltr' id='par_1_74' title="bbox 2101 1100 3774 1171">
     <span class='ocr_line' id='line_1_74' title="bbox 2101 1100 3774 1171; baseline 0.001 -19"><span class='ocrx_word' id='word_1_597' title='bbox 2101 1101 2201 1153; x_wconf 87' lang='grc' dir='ltr'><strong>οὐκ</strong></span> <span class='ocrx_word' id='word_1_598' title='bbox 2234 1100 2332 1154; x_wconf 84' lang='grc' dir='ltr'><strong>ἔνι.</strong></span> <span class='ocrx_word' id='word_1_599' title='bbox 2361 1102 2472 1154; x_wconf 81' lang='grc' dir='ltr'><strong>Καὶ</strong></span> <span class='ocrx_word' id='word_1_600' title='bbox 2504 1102 2753 1171; x_wconf 84' lang='grc' dir='ltr'><strong>δηλοῦσιν</strong></span> <span class='ocrx_word' id='word_1_601' title='bbox 2780 1103 2837 1155; x_wconf 90' lang='grc' dir='ltr'><strong>αἰ</strong></span> <span class='ocrx_word' id='word_1_602' title='bbox 2861 1103 3025 1155; x_wconf 84' lang='grc' dir='ltr'><strong>πέντε</strong></span> <span class='ocrx_word' id='word_1_603' title='bbox 3060 1101 3341 1171; x_wconf 82' lang='grc' dir='ltr'><strong>παρθένοι,</strong></span> <span class='ocrx_word' id='word_1_604' title='bbox 3367 1100 3462 1155; x_wconf 74' lang='grc' dir='ltr'><strong>καὶ</strong></span> <span class='ocrx_word' id='word_1_605' title='bbox 3496 1103 3610 1171; x_wconf 78' lang='grc' dir='ltr'><strong>μετ’</strong></span> <span class='ocrx_word' id='word_1_606' title='bbox 3634 1101 3774 1154; x_wconf 85' lang='grc' dir='ltr'><strong>ἐκεί-</strong></span> 
     </span>
    </p>
   </div>
   <div class='ocr_carea' id='block_1_75' title="bbox 2101 1179 3768 1251">
    <p class='ocr_par' dir='ltr' id='par_1_75' title="bbox 2101 1179 3768 1251">
     <span class='ocr_line' id='line_1_75' title="bbox 2101 1179 3768 1251; baseline 0.001 -19"><span class='ocrx_word' id='word_1_607' title='bbox 2101 1197 2206 1233; x_wconf 88' lang='grc' dir='ltr'><strong>νων</strong></span> <span class='ocrx_word' id='word_1_608' title='bbox 2234 1181 2263 1232; x_wconf 90' lang='grc' dir='ltr'><strong>ὀ</strong></span> <span class='ocrx_word' id='word_1_609' title='bbox 2290 1182 2600 1250; x_wconf 81' lang='grc' dir='ltr'><strong>Φαρισαῖος.</strong></span> <span class='ocrx_word' id='word_1_610' title='bbox 2621 1180 2804 1251; x_wconf 77' lang='grc' dir='ltr'><strong>Χωρὶς</strong></span> <span class='ocrx_word' id='word_1_611' title='bbox 2828 1182 2928 1251; x_wconf 83' lang='grc' dir='ltr'><strong>μὲν</strong></span> <span class='ocrx_word' id='word_1_612' title='bbox 2943 1179 3053 1251; x_wconf 85' lang='grc' dir='ltr'><strong>γὰρ</strong></span> <span class='ocrx_word' id='word_1_613' title='bbox 3073 1179 3370 1249; x_wconf 87' lang='grc' dir='ltr'><strong>παρθενίας</strong></span> <span class='ocrx_word' id='word_1_614' title='bbox 3385 1180 3609 1233; x_wconf 82' lang='grc' dir='ltr'><strong>δυνατὸν</strong></span> <span class='ocrx_word' id='word_1_615' title='bbox 3626 1179 3768 1233; x_wconf 86' lang='grc' dir='ltr'><strong>ἰδεῖν·</strong></span> 
     </span>
    </p>
   </div>
   <div class='ocr_carea' id='block_1_76' title="bbox 2102 1258 3777 1330">
    <p class='ocr_par' dir='ltr' id='par_1_76' title="bbox 2102 1258 3777 1330">
     <span class='ocr_line' id='line_1_76' title="bbox 2102 1258 3777 1330; baseline 0 -20"><span class='ocrx_word' id='word_1_616' title='bbox 2102 1259 2269 1328; x_wconf 83' lang='grc' dir='ltr'><strong>χωρὶς</strong></span> <span class='ocrx_word' id='word_1_617' title='bbox 2305 1259 2362 1312; x_wconf 80' lang='grc' dir='ltr'><strong>δὲ</strong></span> <span class='ocrx_word' id='word_1_618' title='bbox 2400 1260 2767 1329; x_wconf 78' lang='grc' dir='ltr'><strong>ἐλεημοσύνης</strong></span> <span class='ocrx_word' id='word_1_619' title='bbox 2816 1261 3097 1330; x_wconf 88' lang='grc' dir='ltr'><strong>ἀμήχανον</strong></span> <span class='ocrx_word' id='word_1_620' title='bbox 3119 1275 3131 1290; x_wconf 86' lang='grc'><strong>·</strong></span> <span class='ocrx_word' id='word_1_621' title='bbox 3167 1259 3275 1312; x_wconf 89' lang='grc' dir='ltr'><strong>τῶν</strong></span> <span class='ocrx_word' id='word_1_622' title='bbox 3315 1258 3423 1325; x_wconf 86' lang='grc' dir='ltr'><strong>γάρ</strong></span> <span class='ocrx_word' id='word_1_623' title='bbox 3463 1258 3777 1326; x_wconf 84' lang='grc' dir='ltr'><strong>ἀναγκαίων</strong></span> 
     </span>
    </p>
   </div>
   <div class='ocr_carea' id='block_1_77' title="bbox 2100 1339 3779 1412">
    <p class='ocr_par' dir='ltr' id='par_1_77' title="bbox 2100 1339 3779 1412">
     <span class='ocr_line' id='line_1_77' title="bbox 2100 1339 3779 1412; baseline 0.001 -20"><span class='ocrx_word' id='word_1_624' title='bbox 2100 1340 2257 1392; x_wconf 86' lang='grc' dir='ltr'><strong>τοῦτό</strong></span> <span class='ocrx_word' id='word_1_625' title='bbox 2280 1341 2394 1392; x_wconf 87' lang='grc' dir='ltr'><strong>ἐστι</strong></span> <span class='ocrx_word' id='word_1_626' title='bbox 2423 1341 2517 1393; x_wconf 75' lang='grc' dir='ltr'><strong>καὶ</strong></span> <span class='ocrx_word' id='word_1_627' title='bbox 2557 1342 2885 1409; x_wconf 85' lang='grc' dir='ltr'><strong>συνεχόντων</strong></span> <span class='ocrx_word' id='word_1_628' title='bbox 2921 1340 2982 1392; x_wconf 78' lang='grc' dir='ltr'><strong>τὸ</strong></span> <span class='ocrx_word' id='word_1_629' title='bbox 3021 1340 3149 1397; x_wconf 81' lang='grc' dir='ltr'><strong>πᾶν.</strong></span> <span class='ocrx_word' id='word_1_630' title='bbox 3191 1341 3305 1393; x_wconf 90' lang='grc' dir='ltr'><strong>Οὐκ</strong></span> <span class='ocrx_word' id='word_1_631' title='bbox 3333 1339 3441 1412; x_wconf 80' lang='grc' dir='ltr'><strong>ἄρα</strong></span> <span class='ocrx_word' id='word_1_632' title='bbox 3474 1341 3779 1403; x_wconf 85' lang='grc' dir='ltr'><strong>ἀπεικότως</strong></span> 
     </span>
    </p>
   </div>
   <div class='ocr_carea' id='block_1_78' title="bbox 2103 1417 3781 1489">
    <p class='ocr_par' dir='ltr' id='par_1_78' title="bbox 2103 1417 3781 1489">
     <span class='ocr_line' id='line_1_78' title="bbox 2103 1417 3781 1489; baseline -0.001 -16"><span class='ocrx_word' id='word_1_633' title='bbox 2103 1420 2326 1489; x_wconf 79' lang='grc' dir='ltr'><strong>καρδίαν</strong></span> <span class='ocrx_word' id='word_1_634' title='bbox 2361 1419 2493 1471; x_wconf 75' lang='grc' dir='ltr'><strong>αὐτὸ</strong></span> <span class='ocrx_word' id='word_1_635' title='bbox 2529 1418 2880 1489; x_wconf 86' lang='grc' dir='ltr'><strong>κεκλήκαμεν</strong></span> <span class='ocrx_word' id='word_1_636' title='bbox 2920 1419 3139 1489; x_wconf 82' lang='grc' dir='ltr'><strong>ἀρετῆς.</strong></span> <span class='ocrx_word' id='word_1_637' title='bbox 3177 1418 3316 1471; x_wconf 84' lang='grc' dir='ltr'><strong>Ἀλλ’</strong></span> <span class='ocrx_word' id='word_1_638' title='bbox 3340 1420 3371 1488; x_wconf 86' lang='grc' dir='ltr'><strong>ή</strong></span> <span class='ocrx_word' id='word_1_639' title='bbox 3394 1418 3593 1488; x_wconf 89' lang='grc' dir='ltr'><strong>καρδία</strong></span> <span class='ocrx_word' id='word_1_640' title='bbox 3613 1417 3781 1486; x_wconf 81' lang='grc' dir='ltr'><strong>αῦτη,</strong></span> 
     </span>
    </p>
   </div>
   <div class='ocr_carea' id='block_1_79' title="bbox 2102 1497 3776 1569">
    <p class='ocr_par' dir='ltr' id='par_1_79' title="bbox 2102 1497 3776 1569">
     <span class='ocr_line' id='line_1_79' title="bbox 2102 1497 3776 1569; baseline 0.001 -19"><span class='ocrx_word' id='word_1_641' title='bbox 2102 1497 2197 1550; x_wconf 83' lang='grc' dir='ltr'><strong>ἐὰν</strong></span> <span class='ocrx_word' id='word_1_642' title='bbox 2245 1498 2320 1569; x_wconf 82' lang='grc' dir='ltr'><strong>μὴ</strong></span> <span class='ocrx_word' id='word_1_643' title='bbox 2374 1500 2511 1553; x_wconf 79' lang='grc' dir='ltr'><strong>πᾶσι</strong></span> <span class='ocrx_word' id='word_1_644' title='bbox 2565 1502 2773 1569; x_wconf 85' lang='grc' dir='ltr'><strong>χορηγῇ</strong></span> <span class='ocrx_word' id='word_1_645' title='bbox 2822 1498 3040 1568; x_wconf 88' lang='grc' dir='ltr'><strong>πνεῦμα</strong></span> <span class='ocrx_word' id='word_1_646' title='bbox 3081 1500 3151 1560; x_wconf 82' lang='grc'><strong>⁶¹,</strong></span> <span class='ocrx_word' id='word_1_647' title='bbox 3202 1500 3417 1569; x_wconf 89' lang='grc' dir='ltr'><strong>ταχέως</strong></span> <span class='ocrx_word' id='word_1_648' title='bbox 3464 1498 3776 1552; x_wconf 87' lang='grc' dir='ltr'><strong>σϐέννυται.</strong></span> 
     </span>
    </p>
   </div>
   <div class='ocr_carea' id='block_1_80' title="bbox 2103 1573 3780 1651">
    <p class='ocr_par' dir='ltr' id='par_1_80' title="bbox 2103 1573 3780 1651">
     <span class='ocr_line' id='line_1_80' title="bbox 2103 1573 3780 1651; baseline 0.001 -23"><span class='ocrx_word' id='word_1_649' title='bbox 2103 1577 2311 1648; x_wconf 84' lang='grc' dir='ltr'><strong>’Ὠσπερ</strong></span> <span class='ocrx_word' id='word_1_650' title='bbox 2347 1573 2441 1631; x_wconf 81' lang='grc' dir='ltr'><strong>οῦν</strong></span> <span class='ocrx_word' id='word_1_651' title='bbox 2484 1580 2579 1632; x_wconf 81' lang='grc' dir='ltr'><strong>καί</strong></span> <span class='ocrx_word' id='word_1_652' title='bbox 2611 1580 2644 1650; x_wconf 89' lang='grc' dir='ltr'><strong>ή</strong></span> <span class='ocrx_word' id='word_1_653' title='bbox 2691 1580 2864 1650; x_wconf 78' lang='grc' dir='ltr'><strong>πηγὴ,</strong></span> <span class='ocrx_word' id='word_1_654' title='bbox 2911 1578 3006 1631; x_wconf 84' lang='grc' dir='ltr'><strong>ἐὰν</strong></span> <span class='ocrx_word' id='word_1_655' title='bbox 3044 1573 3252 1651; x_wconf 73' lang='grc' dir='ltr'><strong>συνέχῇ</strong></span> <span class='ocrx_word' id='word_1_656' title='bbox 3272 1579 3341 1632; x_wconf 88' lang='grc' dir='ltr'><strong>τά</strong></span> <span class='ocrx_word' id='word_1_657' title='bbox 3385 1579 3606 1648; x_wconf 87' lang='grc' dir='ltr'><strong>νάματα</strong></span> <span class='ocrx_word' id='word_1_658' title='bbox 3645 1578 3780 1646; x_wconf 86' lang='grc' dir='ltr'><strong>παρ’</strong></span> 
     </span>
    </p>
   </div>
   <div class='ocr_carea' id='block_1_81' title="bbox 2096 1656 3774 1727">
    <p class='ocr_par' dir='ltr' id='par_1_81' title="bbox 2096 1656 3774 1727">
     <span class='ocr_line' id='line_1_81' title="bbox 2096 1656 3774 1727; baseline -0.001 -19"><span class='ocrx_word' id='word_1_659' title='bbox 2096 1656 2262 1724; x_wconf 79' lang='grc' dir='ltr'><strong>ἑαυτῇ</strong></span> <span class='ocrx_word' id='word_1_660' title='bbox 2293 1657 2359 1721; x_wconf 76' lang='grc'><strong>⁸⁸,</strong></span> <span class='ocrx_word' id='word_1_661' title='bbox 2394 1659 2660 1727; x_wconf 78' lang='grc' dir='ltr'><strong>σήπεται·</strong></span> <span class='ocrx_word' id='word_1_662' title='bbox 2693 1657 2837 1711; x_wconf 86' lang='grc' dir='ltr'><strong>οῦτω</strong></span> <span class='ocrx_word' id='word_1_663' title='bbox 2863 1658 2957 1712; x_wconf 69' lang='grc' dir='ltr'><strong>καὶ</strong></span> <span class='ocrx_word' id='word_1_664' title='bbox 2993 1659 3043 1712; x_wconf 86' lang='grc' dir='ltr'><strong>οἰ</strong></span> <span class='ocrx_word' id='word_1_665' title='bbox 3084 1657 3457 1720; x_wconf 88' lang='grc' dir='ltr'><strong>πλουτοῦντες,</strong></span> <span class='ocrx_word' id='word_1_666' title='bbox 3480 1658 3609 1709; x_wconf 80' lang='grc' dir='ltr'><strong>ὅταν</strong></span> <span class='ocrx_word' id='word_1_667' title='bbox 3644 1656 3774 1724; x_wconf 78' lang='grc' dir='ltr'><strong>παρ’</strong></span> 
     </span>
    </p>
   </div>
   <div class='ocr_carea' id='block_1_82' title="bbox 2096 1736 3769 1807">
    <p class='ocr_par' dir='ltr' id='par_1_82' title="bbox 2096 1736 3769 1807">
     <span class='ocr_line' id='line_1_82' title="bbox 2096 1736 3769 1807; baseline -0.001 -20"><span class='ocrx_word' id='word_1_668' title='bbox 2096 1738 2311 1798; x_wconf 78' lang='grc' dir='ltr'><strong>ἑαυτοῖς</strong></span> <span class='ocrx_word' id='word_1_669' title='bbox 2344 1736 2412 1789; x_wconf 87' lang='grc' dir='ltr'><strong>τά</strong></span> <span class='ocrx_word' id='word_1_670' title='bbox 2452 1738 2585 1791; x_wconf 69' lang='grc' dir='ltr'><strong>ὄντα</strong></span> <span class='ocrx_word' id='word_1_671' title='bbox 2634 1738 2923 1807; x_wconf 83' lang='grc' dir='ltr'><strong>κατέχωσι.</strong></span> <span class='ocrx_word' id='word_1_672' title='bbox 2958 1739 3057 1791; x_wconf 83' lang='grc' dir='ltr'><strong>Διά</strong></span> <span class='ocrx_word' id='word_1_673' title='bbox 3101 1739 3259 1792; x_wconf 88' lang='grc' dir='ltr'><strong>τοῦτο</strong></span> <span class='ocrx_word' id='word_1_674' title='bbox 3290 1739 3384 1792; x_wconf 73' lang='grc' dir='ltr'><strong>καὶ</strong></span> <span class='ocrx_word' id='word_1_675' title='bbox 3419 1739 3475 1790; x_wconf 82' lang='grc' dir='ltr'><strong>ἐν</strong></span> <span class='ocrx_word' id='word_1_676' title='bbox 3510 1738 3577 1805; x_wconf 70' lang='grc' dir='ltr'><strong>τῇ</strong></span> <span class='ocrx_word' id='word_1_677' title='bbox 3615 1737 3769 1801; x_wconf 80' lang='grc' dir='ltr'><strong>κοινῇ</strong></span> 
     </span>
    </p>
   </div>
   <div class='ocr_carea' id='block_1_83' title="bbox 2096 1813 3774 1887">
    <p class='ocr_par' dir='ltr' id='par_1_83' title="bbox 2096 1813 3774 1887">
     <span class='ocr_line' id='line_1_83' title="bbox 2096 1813 3774 1887; baseline 0 -20"><span class='ocrx_word' id='word_1_678' title='bbox 2096 1814 2353 1885; x_wconf 78' lang='grc' dir='ltr'><strong>συνηθείᾳ</strong></span> <span class='ocrx_word' id='word_1_679' title='bbox 2376 1814 2631 1885; x_wconf 85' lang='grc' dir='ltr'><strong>λέγομεν,</strong></span> <span class='ocrx_word' id='word_1_680' title='bbox 2665 1816 2841 1887; x_wconf 87' lang='grc' dir='ltr'><strong>Πολλὴ</strong></span> <span class='ocrx_word' id='word_1_681' title='bbox 2868 1820 2901 1887; x_wconf 89' lang='grc' dir='ltr'><strong>ή</strong></span> <span class='ocrx_word' id='word_1_682' title='bbox 2930 1817 3091 1886; x_wconf 79' lang='grc' dir='ltr'><strong>σῆψις</strong></span> <span class='ocrx_word' id='word_1_683' title='bbox 3115 1817 3210 1871; x_wconf 91' lang='grc' dir='ltr'><strong>τοῦ</strong></span> <span class='ocrx_word' id='word_1_684' title='bbox 3240 1817 3469 1870; x_wconf 90' lang='grc' dir='ltr'><strong>πλούτου</strong></span> <span class='ocrx_word' id='word_1_685' title='bbox 3513 1813 3669 1884; x_wconf 88' lang='grc' dir='ltr'><strong>παρά</strong></span> <span class='ocrx_word' id='word_1_686' title='bbox 3693 1813 3774 1883; x_wconf 81' lang='grc' dir='ltr'><strong>τῷ</strong></span> 
     </span>
    </p>
   </div>
   <div class='ocr_carea' id='block_1_84' title="bbox 2093 1891 3776 1967">
    <p class='ocr_par' dir='ltr' id='par_1_84' title="bbox 2093 1891 3776 1967">
     <span class='ocr_line' id='line_1_84' title="bbox 2093 1891 3776 1967; baseline -0.001 -21"><span class='ocrx_word' id='word_1_687' title='bbox 2093 1894 2262 1946; x_wconf 88' lang='grc' dir='ltr'><strong>δεῖνι·</strong></span> <span class='ocrx_word' id='word_1_688' title='bbox 2304 1894 2399 1947; x_wconf 72' lang='grc' dir='ltr'><strong>καὶ</strong></span> <span class='ocrx_word' id='word_1_689' title='bbox 2440 1896 2500 1948; x_wconf 94' lang='grc' dir='ltr'><strong>οὐ</strong></span> <span class='ocrx_word' id='word_1_690' title='bbox 2533 1894 2785 1962; x_wconf 85' lang='grc' dir='ltr'><strong>λέγομεν,</strong></span> <span class='ocrx_word' id='word_1_691' title='bbox 2836 1896 3012 1967; x_wconf 83' lang='grc' dir='ltr'><strong>Πολλὴ</strong></span> <span class='ocrx_word' id='word_1_692' title='bbox 3053 1898 3085 1967; x_wconf 87' lang='grc' dir='ltr'><strong>ή</strong></span> <span class='ocrx_word' id='word_1_693' title='bbox 3133 1895 3377 1963; x_wconf 81' lang='grc' dir='ltr'><strong>ἀφθονία,</strong></span> <span class='ocrx_word' id='word_1_694' title='bbox 3413 1892 3580 1954; x_wconf 74' lang='grc' dir='ltr'><strong>πολὺς</strong></span> <span class='ocrx_word' id='word_1_695' title='bbox 3616 1894 3646 1945; x_wconf 89' lang='grc' dir='ltr'><strong>ὀ</strong></span> <span class='ocrx_word' id='word_1_696' title='bbox 3674 1891 3776 1960; x_wconf 83' lang='grc' dir='ltr'><strong>θη-</strong></span> 
     </span>
    </p>
   </div>
   <div class='ocr_carea' id='block_1_85' title="bbox 2096 1969 3772 2044">
    <p class='ocr_par' dir='ltr' id='par_1_85' title="bbox 2096 1969 3772 2044">
     <span class='ocr_line' id='line_1_85' title="bbox 2096 1969 3772 2044; baseline -0.001 -19"><span class='ocrx_word' id='word_1_697' title='bbox 2096 1974 2319 2044; x_wconf 90' lang='grc' dir='ltr'><strong>σαυρός.</strong></span> <span class='ocrx_word' id='word_1_698' title='bbox 2368 1973 2481 2027; x_wconf 75' lang='lat' dir='ltr'><strong>Kal</strong></span> <span class='ocrx_word' id='word_1_699' title='bbox 2528 1973 2637 2044; x_wconf 81' lang='grc' dir='ltr'><strong>γὰρ</strong></span> <span class='ocrx_word' id='word_1_700' title='bbox 2688 1973 2850 2043; x_wconf 73' lang='grc' dir='ltr'><strong>σῆψίς</strong></span> <span class='ocrx_word' id='word_1_701' title='bbox 2901 1975 3049 2027; x_wconf 84' lang='grc' dir='ltr'><strong>ἐστιν</strong></span> <span class='ocrx_word' id='word_1_702' title='bbox 3081 1974 3197 2043; x_wconf 73' lang='grc' dir='ltr'><strong>οὐχὶ</strong></span> <span class='ocrx_word' id='word_1_703' title='bbox 3241 1972 3349 2025; x_wconf 85' lang='grc' dir='ltr'><strong>τῶν</strong></span> <span class='ocrx_word' id='word_1_704' title='bbox 3395 1969 3772 2040; x_wconf 81' lang='grc' dir='ltr'><strong>κεκτημένων,</strong></span> 
     </span>
    </p>
   </div>
   <div class='ocr_carea' id='block_1_86' title="bbox 2093 2050 3779 2123">
    <p class='ocr_par' dir='ltr' id='par_1_86' title="bbox 2093 2050 3779 2123">
     <span class='ocr_line' id='line_1_86' title="bbox 2093 2050 3779 2123; baseline -0.004 -16"><span class='ocrx_word' id='word_1_705' title='bbox 2093 2052 2230 2108; x_wconf 89' lang='grc' dir='ltr'><strong>ἀλλά</strong></span> <span class='ocrx_word' id='word_1_706' title='bbox 2254 2054 2349 2106; x_wconf 72' lang='grc' dir='ltr'><strong>καὶ</strong></span> <span class='ocrx_word' id='word_1_707' title='bbox 2377 2050 2543 2106; x_wconf 90' lang='grc' dir='ltr'><strong>αὐτοῦ</strong></span> <span class='ocrx_word' id='word_1_708' title='bbox 2571 2053 2665 2106; x_wconf 85' lang='grc' dir='ltr'><strong>τοῦ</strong></span> <span class='ocrx_word' id='word_1_709' title='bbox 2696 2053 2947 2107; x_wconf 86' lang='grc' dir='ltr'><strong>πλούτου.</strong></span> <span class='ocrx_word' id='word_1_710' title='bbox 2968 2055 3078 2108; x_wconf 84' lang='lat' dir='ltr'><strong>Kal</strong></span> <span class='ocrx_word' id='word_1_711' title='bbox 3105 2054 3215 2123; x_wconf 88' lang='grc' dir='ltr'><strong>γάρ</strong></span> <span class='ocrx_word' id='word_1_712' title='bbox 3244 2053 3311 2107; x_wconf 81' lang='grc' dir='ltr'><strong>τὰ</strong></span> <span class='ocrx_word' id='word_1_713' title='bbox 3340 2052 3532 2123; x_wconf 79' lang='grc' dir='ltr'><strong>ἱμάτια</strong></span> <span class='ocrx_word' id='word_1_714' title='bbox 3551 2050 3779 2117; x_wconf 83' lang='grc' dir='ltr'><strong>κείμενα</strong></span> 
     </span>
    </p>
   </div>
   <div class='ocr_carea' id='block_1_87' title="bbox 2095 2125 3783 2202">
    <p class='ocr_par' dir='ltr' id='par_1_87' title="bbox 2095 2125 3783 2202">
     <span class='ocr_line' id='line_1_87' title="bbox 2095 2125 3783 2202; baseline -0.004 -17"><span class='ocrx_word' id='word_1_715' title='bbox 2095 2132 2399 2202; x_wconf 86' lang='grc' dir='ltr'><strong>φθείρεται.</strong></span> <span class='ocrx_word' id='word_1_716' title='bbox 2431 2134 2529 2186; x_wconf 76' lang='grc' dir='ltr'><strong>καὶ</strong></span> <span class='ocrx_word' id='word_1_717' title='bbox 2559 2133 2620 2186; x_wconf 80' lang='grc' dir='ltr'><strong>τὸ</strong></span> <span class='ocrx_word' id='word_1_718' title='bbox 2648 2134 2869 2202; x_wconf 87' lang='grc' dir='ltr'><strong>χρυσίον</strong></span> <span class='ocrx_word' id='word_1_719' title='bbox 2900 2133 3092 2191; x_wconf 84' lang='grc' dir='ltr'><strong>ἰοῦται,</strong></span> <span class='ocrx_word' id='word_1_720' title='bbox 3123 2133 3215 2184; x_wconf 77' lang='grc' dir='ltr'><strong>καὶ</strong></span> <span class='ocrx_word' id='word_1_721' title='bbox 3239 2134 3269 2184; x_wconf 89' lang='grc' dir='ltr'><strong>ὀ</strong></span> <span class='ocrx_word' id='word_1_722' title='bbox 3309 2135 3458 2190; x_wconf 83' lang='grc' dir='ltr'><strong>σῖτος</strong></span> <span class='ocrx_word' id='word_1_723' title='bbox 3484 2125 3783 2197; x_wconf 75' lang='grc' dir='ltr'><strong>διαϐιϐρώ-</strong></span> 
     </span>
    </p>
   </div>
   <div class='ocr_carea' id='block_1_88' title="bbox 2097 2206 3776 2283">
    <p class='ocr_par' dir='ltr' id='par_1_88' title="bbox 2097 2206 3776 2283">
     <span class='ocr_line' id='line_1_88' title="bbox 2097 2206 3776 2283; baseline -0.005 -18"><span class='ocrx_word' id='word_1_724' title='bbox 2097 2226 2305 2265; x_wconf 81' lang='grc' dir='ltr'><strong>σκεται’</strong></span> <span class='ocrx_word' id='word_1_725' title='bbox 2329 2211 2421 2265; x_wconf 77' lang='grc' dir='ltr'><strong>καὶ</strong></span> <span class='ocrx_word' id='word_1_726' title='bbox 2452 2213 2485 2281; x_wconf 82' lang='grc' dir='ltr'>ἡ</span> <span class='ocrx_word' id='word_1_727' title='bbox 2520 2211 2665 2283; x_wconf 74' lang='grc' dir='ltr'><strong>ψυχὴ</strong></span> <span class='ocrx_word' id='word_1_728' title='bbox 2699 2212 2755 2264; x_wconf 84' lang='grc' dir='ltr'><strong>δὲ</strong></span> <span class='ocrx_word' id='word_1_729' title='bbox 2794 2211 2887 2264; x_wconf 90' lang='grc' dir='ltr'><strong>τοῦ</strong></span> <span class='ocrx_word' id='word_1_730' title='bbox 2915 2211 3086 2263; x_wconf 90' lang='grc' dir='ltr'><strong>ταῦτα</strong></span> <span class='ocrx_word' id='word_1_731' title='bbox 3115 2210 3333 2279; x_wconf 83' lang='grc' dir='ltr'><strong>ἔχοντος</strong></span> <span class='ocrx_word' id='word_1_732' title='bbox 3358 2209 3565 2261; x_wconf 84' lang='grc' dir='ltr'><strong>τούτων</strong></span> <span class='ocrx_word' id='word_1_733' title='bbox 3602 2206 3776 2283; x_wconf 79' lang='grc' dir='ltr'><strong>ἀπάν-</strong></span> 
     </span>
    </p>
   </div>
   <div class='ocr_carea' id='block_1_89' title="bbox 2096 2282 3774 2358">
    <p class='ocr_par' dir='ltr' id='par_1_89' title="bbox 2096 2282 3774 2358">
     <span class='ocr_line' id='line_1_89' title="bbox 2096 2282 3774 2358; baseline -0.005 -16"><span class='ocrx_word' id='word_1_734' title='bbox 2096 2306 2203 2342; x_wconf 90' lang='grc' dir='ltr'><strong>των</strong></span> <span class='ocrx_word' id='word_1_735' title='bbox 2240 2290 2441 2358; x_wconf 82' lang='grc' dir='ltr'><strong>μᾶλλον</strong></span> <span class='ocrx_word' id='word_1_736' title='bbox 2468 2282 2607 2352; x_wconf 84' lang='grc' dir='ltr'><strong>ταῖς</strong></span> <span class='ocrx_word' id='word_1_737' title='bbox 2628 2288 2869 2355; x_wconf 87' lang='grc' dir='ltr'><strong>φροντίσι</strong></span> <span class='ocrx_word' id='word_1_738' title='bbox 2896 2290 2988 2340; x_wconf 83' lang='grc' dir='ltr'><strong>καὶ</strong></span> <span class='ocrx_word' id='word_1_739' title='bbox 3018 2287 3187 2339; x_wconf 89' lang='grc' dir='ltr'><strong>ἰοῦται</strong></span> <span class='ocrx_word' id='word_1_740' title='bbox 3225 2288 3319 2337; x_wconf 83' lang='grc' dir='ltr'><strong>καὶ</strong></span> <span class='ocrx_word' id='word_1_741' title='bbox 3360 2287 3623 2353; x_wconf 84' lang='grc' dir='ltr'><strong>σήπεται.</strong></span> <span class='ocrx_word' id='word_1_742' title='bbox 3649 2282 3774 2335; x_wconf 78' lang='grc' dir='ltr'><strong>Κᾶν</strong></span> 
     </span>
    </p>
   </div>
   <div class='ocr_carea' id='block_1_90' title="bbox 2097 2359 3776 2439">
    <p class='ocr_par' dir='ltr' id='par_1_90' title="bbox 2097 2359 3776 2439">
     <span class='ocr_line' id='line_1_90' title="bbox 2097 2359 3776 2439; baseline -0.005 -19"><span class='ocrx_word' id='word_1_743' title='bbox 2097 2368 2286 2438; x_wconf 78' lang='grc' dir='ltr'><strong>ἐθέλῃς</strong></span> <span class='ocrx_word' id='word_1_744' title='bbox 2312 2368 2646 2439; x_wconf 86' lang='grc' dir='ltr'><strong>φιλαργύρου</strong></span> <span class='ocrx_word' id='word_1_745' title='bbox 2671 2364 2847 2435; x_wconf 77' lang='grc' dir='ltr'><strong>ψυχὴν</strong></span> <span class='ocrx_word' id='word_1_746' title='bbox 2879 2367 2958 2427; x_wconf 89' lang='grc' dir='ltr'><strong>εἰς</strong></span> <span class='ocrx_word' id='word_1_747' title='bbox 2986 2364 3044 2416; x_wconf 83' lang='grc' dir='ltr'><strong>τὸ</strong></span> <span class='ocrx_word' id='word_1_748' title='bbox 3074 2364 3234 2433; x_wconf 86' lang='grc' dir='ltr'><strong>μέσον</strong></span> <span class='ocrx_word' id='word_1_749' title='bbox 3263 2363 3571 2429; x_wconf 79' lang='grc' dir='ltr'><strong>ἐξενεγκεῖν</strong></span> <span class='ocrx_word' id='word_1_750' title='bbox 3598 2359 3776 2413; x_wconf 80' lang='grc' dir='ltr'><strong>καθά-</strong></span> 
     </span>
    </p>
   </div>
   <div class='ocr_carea' id='block_1_91' title="bbox 2098 2439 3776 2517">
    <p class='ocr_par' dir='ltr' id='par_1_91' title="bbox 2098 2439 3776 2517">
     <span class='ocr_line' id='line_1_91' title="bbox 2098 2439 3776 2517; baseline -0.005 -18"><span class='ocrx_word' id='word_1_751' title='bbox 2098 2464 2204 2515; x_wconf 88' lang='grc' dir='ltr'><strong>περ</strong></span> <span class='ocrx_word' id='word_1_752' title='bbox 2228 2447 2442 2515; x_wconf 89' lang='grc' dir='ltr'><strong>ίμάτιον</strong></span> <span class='ocrx_word' id='word_1_753' title='bbox 2471 2445 2574 2498; x_wconf 78' lang='grc' dir='ltr'><strong>ὑπὸ</strong></span> <span class='ocrx_word' id='word_1_754' title='bbox 2608 2444 2815 2513; x_wconf 87' lang='grc' dir='ltr'><strong>μυρίων</strong></span> <span class='ocrx_word' id='word_1_755' title='bbox 2840 2442 3045 2513; x_wconf 85' lang='grc' dir='ltr'><strong>βρωθέν</strong></span> <span class='ocrx_word' id='word_1_756' title='bbox 3067 2442 3393 2517; x_wconf 87' lang='grc' dir='ltr'><strong>σκωλήκων,</strong></span> <span class='ocrx_word' id='word_1_757' title='bbox 3409 2440 3505 2495; x_wconf 75' lang='grc' dir='ltr'><strong>καὶ</strong></span> <span class='ocrx_word' id='word_1_758' title='bbox 3527 2440 3630 2493; x_wconf 86' lang='grc' dir='ltr'><strong>οὐκ</strong></span> <span class='ocrx_word' id='word_1_759' title='bbox 3652 2439 3776 2517; x_wconf 84' lang='grc' dir='ltr'><strong>ἔχον</strong></span> 
     </span>
    </p>
   </div>
   <div class='ocr_carea' id='block_1_92' title="bbox 2097 2516 3776 2593">
    <p class='ocr_par' dir='ltr' id='par_1_92' title="bbox 2097 2516 3776 2593">
     <span class='ocr_line' id='line_1_92' title="bbox 2097 2516 3776 2593; baseline -0.004 -15"><span class='ocrx_word' id='word_1_760' title='bbox 2097 2526 2250 2578; x_wconf 80' lang='grc' dir='ltr'><strong>οὐδὲν</strong></span> <span class='ocrx_word' id='word_1_761' title='bbox 2284 2526 2454 2593; x_wconf 82' lang='grc' dir='ltr'><strong>ὑγιὲς,</strong></span> <span class='ocrx_word' id='word_1_762' title='bbox 2484 2524 2657 2584; x_wconf 86' lang='grc' dir='ltr'><strong>οῦτως</strong></span> <span class='ocrx_word' id='word_1_763' title='bbox 2689 2523 2945 2593; x_wconf 82' lang='grc' dir='ltr'><strong>εὑρήσεις</strong></span> <span class='ocrx_word' id='word_1_764' title='bbox 2971 2519 3474 2591; x_wconf 84' lang='grc' dir='ltr'><strong>διατετρυπημένην</strong></span> <span class='ocrx_word' id='word_1_765' title='bbox 3508 2516 3776 2572; x_wconf 86' lang='grc' dir='ltr'><strong>πάντοθεν</strong></span> 
     </span>
    </p>
   </div>
   <div class='ocr_carea' id='block_1_93' title="bbox 2098 2599 3773 2671">
    <p class='ocr_par' dir='ltr' id='par_1_93' title="bbox 2098 2599 3773 2671">
     <span class='ocr_line' id='line_1_93' title="bbox 2098 2599 3773 2671; baseline -0.005 -14"><span class='ocrx_word' id='word_1_766' title='bbox 2098 2605 2269 2671; x_wconf 80' lang='grc' dir='ltr'><strong>αὐτὴν</strong></span> <span class='ocrx_word' id='word_1_767' title='bbox 2302 2606 2408 2657; x_wconf 76' lang='grc' dir='ltr'><strong>ὑπὸ</strong></span> <span class='ocrx_word' id='word_1_768' title='bbox 2451 2603 2745 2671; x_wconf 84' lang='grc' dir='ltr'><strong>φροντίδων</strong></span> <span class='ocrx_word' id='word_1_769' title='bbox 2770 2601 2839 2664; x_wconf 68' lang='grc'><strong>⁸⁸,</strong></span> <span class='ocrx_word' id='word_1_770' title='bbox 2880 2599 2985 2654; x_wconf 75' lang='grc' dir='ltr'><strong>ὐπὸ</strong></span> <span class='ocrx_word' id='word_1_771' title='bbox 3022 2600 3130 2653; x_wconf 86' lang='grc' dir='ltr'><strong>τῶν</strong></span> <span class='ocrx_word' id='word_1_772' title='bbox 3168 2599 3581 2670; x_wconf 80' lang='grc' dir='ltr'><strong>ἁμαρτημάτων</strong></span> <span class='ocrx_word' id='word_1_773' title='bbox 3613 2614 3773 2666; x_wconf 85' lang='grc' dir='ltr'><strong>σεση-</strong></span> 
     </span>
    </p>
   </div>
   <div class='ocr_carea' id='block_1_94' title="bbox 2100 2675 3773 2753">
    <p class='ocr_par' dir='ltr' id='par_1_94' title="bbox 2100 2675 3773 2753">
     <span class='ocr_line' id='line_1_94' title="bbox 2100 2675 3773 2753; baseline -0.005 -16"><span class='ocrx_word' id='word_1_774' title='bbox 2100 2686 2285 2741; x_wconf 83' lang='grc' dir='ltr'><strong>πυϊαν.</strong></span> <span class='ocrx_word' id='word_1_775' title='bbox 2326 2683 2582 2753; x_wconf 86' lang='grc' dir='ltr'><strong>ἰωμένην.</strong></span> <span class='ocrx_word' id='word_1_776' title='bbox 2628 2680 2767 2733; x_wconf 79' lang='grc' dir='ltr'><strong>Ἀλλ’</strong></span> <span class='ocrx_word' id='word_1_777' title='bbox 2814 2680 2934 2749; x_wconf 62' lang='grc' dir='ltr'><strong>οὐχί¹</strong></span> <span class='ocrx_word' id='word_1_778' title='bbox 2976 2677 3069 2733; x_wconf 91' lang='grc' dir='ltr'><strong>τοῦ</strong></span> <span class='ocrx_word' id='word_1_779' title='bbox 3108 2678 3335 2748; x_wconf 84' lang='grc' dir='ltr'><strong>πένητος</strong></span> <span class='ocrx_word' id='word_1_780' title='bbox 3373 2676 3632 2745; x_wconf 87' lang='grc' dir='ltr'><strong>τοιαύτη,</strong></span> <span class='ocrx_word' id='word_1_781' title='bbox 3680 2675 3773 2729; x_wconf 86' lang='grc' dir='ltr'><strong>τοῦ</strong></span> 
     </span>
    </p>
   </div>
   <div class='ocr_carea' id='block_1_95' title="bbox 2100 2754 3769 2831">
    <p class='ocr_par' dir='ltr' id='par_1_95' title="bbox 2100 2754 3769 2831">
     <span class='ocr_line' id='line_1_95' title="bbox 2100 2754 3769 2831; baseline -0.005 -17"><span class='ocrx_word' id='word_1_782' title='bbox 2100 2763 2329 2831; x_wconf 86' lang='grc' dir='ltr'><strong>πένητος</strong></span> <span class='ocrx_word' id='word_1_783' title='bbox 2366 2760 2459 2813; x_wconf 92' lang='grc' dir='ltr'><strong>τοῦ</strong></span> <span class='ocrx_word' id='word_1_784' title='bbox 2492 2760 2708 2822; x_wconf 77' lang='grc' dir='ltr'><strong>ἑκόντος</strong></span> <span class='ocrx_word' id='word_1_785' title='bbox 2732 2776 2747 2791; x_wconf 77' lang='grc' dir='ltr'><strong><em>ο</em></strong></span> <span class='ocrx_word' id='word_1_786' title='bbox 2777 2757 2892 2812; x_wconf 88' lang='grc' dir='ltr'><strong>ἀλλ’</strong></span> <span class='ocrx_word' id='word_1_787' title='bbox 2922 2757 3235 2811; x_wconf 88' lang='grc' dir='ltr'><strong>ἀποστίλϐει</strong></span> <span class='ocrx_word' id='word_1_788' title='bbox 3272 2758 3370 2826; x_wconf 81' lang='grc' dir='ltr'><strong>μὲν</strong></span> <span class='ocrx_word' id='word_1_789' title='bbox 3412 2756 3487 2818; x_wconf 85' lang='grc' dir='ltr'><strong>ὡς</strong></span> <span class='ocrx_word' id='word_1_790' title='bbox 3524 2754 3769 2824; x_wconf 90' lang='grc' dir='ltr'><strong>χρυσίον,</strong></span> 
     </span>
    </p>
   </div>
   <div class='ocr_carea' id='block_1_96' title="bbox 2098 2833 3771 2910">
    <p class='ocr_par' dir='ltr' id='par_1_96' title="bbox 2098 2833 3771 2910">
     <span class='ocr_line' id='line_1_96' title="bbox 2098 2833 3771 2910; baseline -0.004 -18"><span class='ocrx_word' id='word_1_791' title='bbox 2098 2840 2303 2910; x_wconf 85' lang='grc' dir='ltr'><strong>λάμπει</strong></span> <span class='ocrx_word' id='word_1_792' title='bbox 2332 2839 2389 2891; x_wconf 79' lang='grc' dir='ltr'><strong>δὲ</strong></span> <span class='ocrx_word' id='word_1_793' title='bbox 2422 2839 2610 2907; x_wconf 84' lang='grc' dir='ltr'><strong>ὥσπερ</strong></span> <span class='ocrx_word' id='word_1_794' title='bbox 2638 2836 3001 2907; x_wconf 83' lang='grc' dir='ltr'><strong>μαργαρίτης,</strong></span> <span class='ocrx_word' id='word_1_795' title='bbox 3029 2836 3255 2889; x_wconf 87' lang='grc' dir='ltr'><strong>ἀνθεῖδέ</strong></span> <span class='ocrx_word' id='word_1_796' title='bbox 3288 2836 3476 2904; x_wconf 89' lang='grc' dir='ltr'><strong>ῶσπερ</strong></span> <span class='ocrx_word' id='word_1_797' title='bbox 3506 2834 3675 2903; x_wconf 79' lang='grc' dir='ltr'><strong>ῥόδον.</strong></span> <span class='ocrx_word' id='word_1_798' title='bbox 3696 2833 3771 2886; x_wconf 90' lang='grc' dir='ltr'><strong>Οὐ</strong></span> 
     </span>
    </p>
   </div>
   <div class='ocr_carea' id='block_1_97' title="bbox 2102 2911 3774 2988">
    <p class='ocr_par' dir='ltr' id='par_1_97' title="bbox 2102 2911 3774 2988">
     <span class='ocr_line' id='line_1_97' title="bbox 2102 2911 3774 2988; baseline -0.006 -15"><span class='ocrx_word' id='word_1_799' title='bbox 2102 2920 2210 2988; x_wconf 89' lang='grc' dir='ltr'><strong>γάρ</strong></span> <span class='ocrx_word' id='word_1_800' title='bbox 2246 2921 2393 2971; x_wconf 89' lang='grc' dir='ltr'><strong>ἐστιν</strong></span> <span class='ocrx_word' id='word_1_801' title='bbox 2427 2920 2543 2970; x_wconf 84' lang='grc' dir='ltr'><strong>ἐκεῖ</strong></span> <span class='ocrx_word' id='word_1_802' title='bbox 2582 2916 2699 2986; x_wconf 80' lang='grc' dir='ltr'><strong>σὴς,</strong></span> <span class='ocrx_word' id='word_1_803' title='bbox 2744 2916 2845 2968; x_wconf 88' lang='grc' dir='ltr'><strong>οὐκ</strong></span> <span class='ocrx_word' id='word_1_804' title='bbox 2888 2915 3032 2967; x_wconf 88' lang='grc' dir='ltr'><strong>ἔστιν</strong></span> <span class='ocrx_word' id='word_1_805' title='bbox 3069 2914 3186 2965; x_wconf 80' lang='grc' dir='ltr'><strong>ἐκεῖ</strong></span> <span class='ocrx_word' id='word_1_806' title='bbox 3218 2912 3476 2982; x_wconf 89' lang='grc' dir='ltr'><strong>κλέπτης,</strong></span> <span class='ocrx_word' id='word_1_807' title='bbox 3511 2911 3611 2965; x_wconf 86' lang='grc' dir='ltr'><strong>οὐκ</strong></span> <span class='ocrx_word' id='word_1_808' title='bbox 3658 2911 3774 2964; x_wconf 79' lang='grc' dir='ltr'><strong>ἔστι</strong></span> 
     </span>
    </p>
   </div>
   <div class='ocr_carea' id='block_1_98' title="bbox 2101 2990 3770 3067">
    <p class='ocr_par' dir='ltr' id='par_1_98' title="bbox 2101 2990 3770 3067">
     <span class='ocr_line' id='line_1_98' title="bbox 2101 2990 3770 3067; baseline -0.002 -19"><span class='ocrx_word' id='word_1_809' title='bbox 2101 2998 2321 3067; x_wconf 69' lang='grc' dir='ltr'><strong>φροντὶς</strong></span> <span class='ocrx_word' id='word_1_810' title='bbox 2371 2996 2598 3065; x_wconf 87' lang='grc' dir='ltr'><strong>βιωτική</strong></span> <span class='ocrx_word' id='word_1_811' title='bbox 2617 3014 2630 3027; x_wconf 89' lang='grc'><strong>·</strong></span> <span class='ocrx_word' id='word_1_812' title='bbox 2662 2994 2774 3048; x_wconf 80' lang='grc' dir='ltr'><strong>ἀλλ’</strong></span> <span class='ocrx_word' id='word_1_813' title='bbox 2796 2995 2869 3057; x_wconf 84' lang='grc' dir='ltr'><strong>ὡς</strong></span> <span class='ocrx_word' id='word_1_814' title='bbox 2890 2992 3126 3062; x_wconf 73' lang='grc' dir='ltr'><strong>ἄγγελοι.</strong></span> <span class='ocrx_word' id='word_1_815' title='bbox 3152 2991 3293 3044; x_wconf 87' lang='grc' dir='ltr'><strong>οῦτω</strong></span> <span class='ocrx_word' id='word_1_816' title='bbox 3313 2990 3686 3044; x_wconf 84' lang='grc' dir='ltr'><strong>πολιτεύονται</strong></span> <span class='ocrx_word' id='word_1_817' title='bbox 3703 2991 3770 3045; x_wconf 77' lang='grc'><strong>⁸⁸.</strong></span> 
     </span>
    </p>
   </div>
   <div class='ocr_carea' id='block_1_99' title="bbox 2100 3069 3774 3145">
    <p class='ocr_par' dir='ltr' id='par_1_99' title="bbox 2100 3069 3774 3145">
     <span class='ocr_line' id='line_1_99' title="bbox 2100 3069 3774 3145; baseline -0.005 -16"><span class='ocrx_word' id='word_1_818' title='bbox 2100 3077 2289 3129; x_wconf 87' lang='grc' dir='ltr'><strong>Βούλει</strong></span> <span class='ocrx_word' id='word_1_819' title='bbox 2346 3076 2446 3145; x_wconf 76' lang='grc' dir='ltr'><strong>τῆς</strong></span> <span class='ocrx_word' id='word_1_820' title='bbox 2480 3074 2661 3143; x_wconf 76' lang='grc' dir='ltr'><strong>ψυχῆς</strong></span> <span class='ocrx_word' id='word_1_821' title='bbox 2703 3074 2905 3142; x_wconf 87' lang='grc' dir='ltr'><strong>ταύτης</strong></span> <span class='ocrx_word' id='word_1_822' title='bbox 2935 3071 2996 3124; x_wconf 78' lang='grc' dir='ltr'><strong>τὸ</strong></span> <span class='ocrx_word' id='word_1_823' title='bbox 3028 3070 3217 3133; x_wconf 89' lang='grc' dir='ltr'><strong>κάλλος</strong></span> <span class='ocrx_word' id='word_1_824' title='bbox 3259 3069 3422 3135; x_wconf 85' lang='grc' dir='ltr'><strong>ίδεῖν;</strong></span> <span class='ocrx_word' id='word_1_825' title='bbox 3460 3069 3634 3140; x_wconf 86' lang='grc' dir='ltr'><strong>βούλει</strong></span> <span class='ocrx_word' id='word_1_826' title='bbox 3674 3069 3774 3138; x_wconf 75' lang='grc' dir='ltr'><strong>τῆς</strong></span> 
     </span>
    </p>
   </div>
   <div class='ocr_carea' id='block_1_100' title="bbox 2101 3146 3773 3221">
    <p class='ocr_par' dir='ltr' id='par_1_100' title="bbox 2101 3146 3773 3221">
     <span class='ocr_line' id='line_1_100' title="bbox 2101 3146 3773 3221; baseline -0.005 -13"><span class='ocrx_word' id='word_1_827' title='bbox 2101 3155 2292 3216; x_wconf 83' lang='grc' dir='ltr'><strong>πενίας</strong></span> <span class='ocrx_word' id='word_1_828' title='bbox 2323 3155 2413 3207; x_wconf 80' lang='grc' dir='ltr'><strong>τὸν</strong></span> <span class='ocrx_word' id='word_1_829' title='bbox 2451 3153 2678 3206; x_wconf 87' lang='grc' dir='ltr'><strong>πλοῦτον</strong></span> <span class='ocrx_word' id='word_1_830' title='bbox 2708 3150 3076 3221; x_wconf 84' lang='grc' dir='ltr'><strong>καταμαθεῖν;</strong></span> <span class='ocrx_word' id='word_1_831' title='bbox 3108 3148 3221 3202; x_wconf 89' lang='grc' dir='ltr'><strong>Οὐκ</strong></span> <span class='ocrx_word' id='word_1_832' title='bbox 3265 3148 3539 3202; x_wconf 83' lang='grc' dir='ltr'><strong>ἐπιτάττει</strong></span> <span class='ocrx_word' id='word_1_833' title='bbox 3576 3146 3773 3216; x_wconf 80' lang='grc' dir='ltr'><strong>ἀνδράο</strong></span> 
     </span>
    </p>
   </div>
   <div class='ocr_carea' id='block_1_101' title="bbox 2102 3225 3768 3299">
    <p class='ocr_par' dir='ltr' id='par_1_101' title="bbox 2102 3225 3768 3299">
     <span class='ocr_line' id='line_1_101' title="bbox 2102 3225 3768 3299; baseline -0.007 -12"><span class='ocrx_word' id='word_1_834' title='bbox 2102 3252 2207 3297; x_wconf 87' lang='grc' dir='ltr'><strong>σιν,</strong></span> <span class='ocrx_word' id='word_1_835' title='bbox 2253 3232 2387 3286; x_wconf 79' lang='grc' dir='ltr'><strong>ἀλλά</strong></span> <span class='ocrx_word' id='word_1_836' title='bbox 2434 3232 2681 3299; x_wconf 90' lang='grc' dir='ltr'><strong>δαίμοσιν</strong></span> <span class='ocrx_word' id='word_1_837' title='bbox 2727 3229 3031 3283; x_wconf 79' lang='grc' dir='ltr'><strong>ἐπιτάττειο</strong></span> <span class='ocrx_word' id='word_1_838' title='bbox 3065 3227 3125 3279; x_wconf 94' lang='grc' dir='ltr'><strong>οὐ</strong></span> <span class='ocrx_word' id='word_1_839' title='bbox 3160 3227 3491 3297; x_wconf 88' lang='grc' dir='ltr'><strong>παρίσταται</strong></span> <span class='ocrx_word' id='word_1_840' title='bbox 3527 3225 3768 3293; x_wconf 85' lang='grc' dir='ltr'><strong>βασιλεῖ,</strong></span> 
     </span>
    </p>
   </div>
   <div class='ocr_carea' id='block_1_102' title="bbox 2099 3303 3771 3382">
    <p class='ocr_par' dir='ltr' id='par_1_102' title="bbox 2099 3303 3771 3382">
     <span class='ocr_line' id='line_1_102' title="bbox 2099 3303 3771 3382; baseline -0.006 -16"><span class='ocrx_word' id='word_1_841' title='bbox 2099 3312 2234 3366; x_wconf 89' lang='grc' dir='ltr'><strong>ἀλλά</strong></span> <span class='ocrx_word' id='word_1_842' title='bbox 2274 3311 2587 3382; x_wconf 84' lang='grc' dir='ltr'><strong>παρέστηκε</strong></span> <span class='ocrx_word' id='word_1_843' title='bbox 2610 3309 2758 3380; x_wconf 84' lang='grc' dir='ltr'><strong>Θεῷ·</strong></span> <span class='ocrx_word' id='word_1_844' title='bbox 2789 3310 2849 3362; x_wconf 89' lang='grc' dir='ltr'><strong>οὐ</strong></span> <span class='ocrx_word' id='word_1_845' title='bbox 2885 3303 3239 3377; x_wconf 90' lang='grc' dir='ltr'><strong>στρατεύεται</strong></span> <span class='ocrx_word' id='word_1_846' title='bbox 3280 3306 3418 3373; x_wconf 87' lang='grc' dir='ltr'><strong>μετά</strong></span> <span class='ocrx_word' id='word_1_847' title='bbox 3442 3303 3771 3374; x_wconf 77' lang='grc' dir='ltr'><strong>ἀνθρώπων.</strong></span> 
     </span>
    </p>
   </div>
   <div class='ocr_carea' id='block_1_103' title="bbox 2100 3382 3773 3459">
    <p class='ocr_par' dir='ltr' id='par_1_103' title="bbox 2100 3382 3773 3459">
     <span class='ocr_line' id='line_1_103' title="bbox 2100 3382 3773 3459; baseline -0.005 -14"><span class='ocrx_word' id='word_1_848' title='bbox 2100 3392 2236 3446; x_wconf 85' lang='grc' dir='ltr'><strong>ἀλλὰ</strong></span> <span class='ocrx_word' id='word_1_849' title='bbox 2285 3390 2641 3459; x_wconf 84' lang='grc' dir='ltr'><strong>στρατεύεται</strong></span> <span class='ocrx_word' id='word_1_850' title='bbox 2703 3390 2839 3459; x_wconf 84' lang='grc' dir='ltr'><strong>μετά</strong></span> <span class='ocrx_word' id='word_1_851' title='bbox 2885 3386 3161 3455; x_wconf 57' lang='grc' dir='ltr'><strong>ἀγγέλων</strong></span> <span class='ocrx_word' id='word_1_852' title='bbox 3208 3385 3309 3437; x_wconf 86' lang='grc' dir='ltr'><strong>οὐκ</strong></span> <span class='ocrx_word' id='word_1_853' title='bbox 3364 3382 3477 3453; x_wconf 83' lang='grc' dir='ltr'><strong>ἔχει</strong></span> <span class='ocrx_word' id='word_1_854' title='bbox 3541 3382 3773 3436; x_wconf 81' lang='grc' dir='ltr'><strong>κιϐώτια</strong></span> 
     </span>
    </p>
   </div>
   <div class='ocr_carea' id='block_1_104' title="bbox 2100 3460 3768 3541">
    <p class='ocr_par' dir='ltr' id='par_1_104' title="bbox 2100 3460 3768 3541">
     <span class='ocr_line' id='line_1_104' title="bbox 2100 3460 3768 3541; baseline -0.008 -15"><span class='ocrx_word' id='word_1_855' title='bbox 2100 3473 2193 3526; x_wconf 85' lang='grc' dir='ltr'><strong>δύο</strong></span> <span class='ocrx_word' id='word_1_856' title='bbox 2212 3471 2258 3503; x_wconf 73' lang='grc'><strong>⁸⁸</strong></span> <span class='ocrx_word' id='word_1_857' title='bbox 2289 3472 2381 3524; x_wconf 73' lang='grc' dir='ltr'><strong>καὶ</strong></span> <span class='ocrx_word' id='word_1_858' title='bbox 2420 3470 2547 3541; x_wconf 89' lang='grc' dir='ltr'><strong>τρία</strong></span> <span class='ocrx_word' id='word_1_859' title='bbox 2582 3470 2677 3522; x_wconf 77' lang='grc' dir='ltr'><strong>καὶ</strong></span> <span class='ocrx_word' id='word_1_860' title='bbox 2710 3470 2929 3527; x_wconf 85' lang='grc' dir='ltr'><strong>εἴκοσιν.</strong></span> <span class='ocrx_word' id='word_1_861' title='bbox 2965 3465 3099 3518; x_wconf 89' lang='grc' dir='ltr'><strong>ἀλλά</strong></span> <span class='ocrx_word' id='word_1_862' title='bbox 3131 3462 3384 3532; x_wconf 88' lang='grc' dir='ltr'><strong>τοιαύτην</strong></span> <span class='ocrx_word' id='word_1_863' title='bbox 3417 3460 3677 3541; x_wconf 89' lang='grc' dir='ltr'><strong>εὐπορίαν</strong></span> <span class='ocrx_word' id='word_1_864' title='bbox 3700 3462 3768 3526; x_wconf 81' lang='grc'><strong>⁸⁷,</strong></span> 
     </span>
    </p>
   </div>
   <div class='ocr_carea' id='block_1_105' title="bbox 2099 3540 3773 3617">
    <p class='ocr_par' dir='ltr' id='par_1_105' title="bbox 2099 3540 3773 3617">
     <span class='ocr_line' id='line_1_105' title="bbox 2099 3540 3773 3617; baseline -0.008 -12"><span class='ocrx_word' id='word_1_865' title='bbox 2099 3553 2176 3616; x_wconf 81' lang='grc' dir='ltr'><strong>ὡς</strong></span> <span class='ocrx_word' id='word_1_866' title='bbox 2202 3552 2294 3605; x_wconf 79' lang='grc' dir='ltr'><strong>τὸν</strong></span> <span class='ocrx_word' id='word_1_867' title='bbox 2335 3550 2540 3617; x_wconf 88' lang='grc' dir='ltr'><strong>κόσμον</strong></span> <span class='ocrx_word' id='word_1_868' title='bbox 2572 3548 2787 3604; x_wconf 74' lang='grc' dir='ltr'><strong>ἅπαντα</strong></span> <span class='ocrx_word' id='word_1_869' title='bbox 2838 3546 3002 3617; x_wconf 88' lang='grc' dir='ltr'><strong>μηδὲν</strong></span> <span class='ocrx_word' id='word_1_870' title='bbox 3034 3541 3173 3598; x_wconf 82' lang='grc' dir='ltr'><strong>εῖναι</strong></span> <span class='ocrx_word' id='word_1_871' title='bbox 3202 3542 3459 3613; x_wconf 79' lang='grc' dir='ltr'><strong>νομίζειν.</strong></span> <span class='ocrx_word' id='word_1_872' title='bbox 3503 3540 3618 3595; x_wconf 84' lang='grc' dir='ltr'><strong>Οὐκ</strong></span> <span class='ocrx_word' id='word_1_873' title='bbox 3657 3540 3773 3609; x_wconf 83' lang='grc' dir='ltr'><strong>ἔχει</strong></span> 
     </span>
    </p>
   </div>
   <div class='ocr_carea' id='block_1_106' title="bbox 2102 3617 3775 3703">
    <p class='ocr_par' dir='ltr' id='par_1_106' title="bbox 2102 3617 3775 3703">
     <span class='ocr_line' id='line_1_106' title="bbox 2102 3617 3775 3703; baseline -0.008 -18"><span class='ocrx_word' id='word_1_874' title='bbox 2102 3631 2394 3703; x_wconf 70' lang='grc' dir='ltr'><strong>θησαυρὸν,</strong></span> <span class='ocrx_word' id='word_1_875' title='bbox 2424 3628 2561 3681; x_wconf 87' lang='grc' dir='ltr'><strong>ἀλλά</strong></span> <span class='ocrx_word' id='word_1_876' title='bbox 2591 3627 2682 3680; x_wconf 74' lang='grc' dir='ltr'><strong>τὸν</strong></span> <span class='ocrx_word' id='word_1_877' title='bbox 2706 3624 2933 3697; x_wconf 89' lang='grc' dir='ltr'><strong>οὐρανόν</strong></span> <span class='ocrx_word' id='word_1_878' title='bbox 2953 3640 2966 3655; x_wconf 78' lang='grc' dir='ltr'><strong>ο</strong></span> <span class='ocrx_word' id='word_1_879' title='bbox 3001 3624 3062 3677; x_wconf 93' lang='grc' dir='ltr'><strong>οὐ</strong></span> <span class='ocrx_word' id='word_1_880' title='bbox 3104 3623 3273 3703; x_wconf 83' lang='grc' dir='ltr'><strong>δεῖται</strong></span> <span class='ocrx_word' id='word_1_881' title='bbox 3305 3620 3539 3703; x_wconf 62' lang='grc' dir='ltr'><strong>δούλων,</strong></span> <span class='ocrx_word' id='word_1_882' title='bbox 3572 3617 3775 3703; x_wconf 56' lang='grc' dir='ltr'><strong>μάλλον</strong></span> 
     </span>
    </p>
   </div>
   <div class='ocr_carea' id='block_1_107' title="bbox 2100 3696 3777 3779">
    <p class='ocr_par' dir='ltr' id='par_1_107' title="bbox 2100 3696 3777 3779">
     <span class='ocr_line' id='line_1_107' title="bbox 2100 3696 3777 3779; baseline -0.009 -14"><span class='ocrx_word' id='word_1_883' title='bbox 2100 3696 2168 3765; x_wconf 68' lang='grc' dir='ltr'><strong>δὲ⁷</strong></span> <span class='ocrx_word' id='word_1_884' title='bbox 2214 3696 2326 3779; x_wconf 80' lang='grc' dir='ltr'><strong>ἔχει</strong></span> <span class='ocrx_word' id='word_1_885' title='bbox 2372 3705 2593 3769; x_wconf 88' lang='grc' dir='ltr'><strong>δούλους</strong></span> <span class='ocrx_word' id='word_1_886' title='bbox 2635 3705 2705 3759; x_wconf 80' lang='grc' dir='ltr'><strong>τά</strong></span> <span class='ocrx_word' id='word_1_887' title='bbox 2733 3704 2902 3773; x_wconf 87' lang='grc' dir='ltr'><strong>πάθη,</strong></span> <span class='ocrx_word' id='word_1_888' title='bbox 2946 3703 3059 3773; x_wconf 84' lang='grc' dir='ltr'><strong>ἔχει</strong></span> <span class='ocrx_word' id='word_1_889' title='bbox 3092 3701 3312 3764; x_wconf 87' lang='grc' dir='ltr'><strong>δούλους</strong></span> <span class='ocrx_word' id='word_1_890' title='bbox 3348 3699 3473 3779; x_wconf 77' lang='grc' dir='ltr'><strong>τοῦς</strong></span> <span class='ocrx_word' id='word_1_891' title='bbox 3498 3696 3777 3779; x_wconf 70' lang='grc' dir='ltr'><strong>βασιλέων</strong></span> 
     </span>
    </p>
   </div>
   <div class='ocr_carea' id='block_1_108' title="bbox 2101 3776 3779 3857">
    <p class='ocr_par' dir='ltr' id='par_1_108' title="bbox 2101 3776 3779 3857">
     <span class='ocr_line' id='line_1_108' title="bbox 2101 3776 3779 3857; baseline -0.009 -14"><span class='ocrx_word' id='word_1_892' title='bbox 2101 3776 2436 3857; x_wconf 78' lang='grc' dir='ltr'><strong>κρατοῦντας</strong></span> <span class='ocrx_word' id='word_1_893' title='bbox 2467 3784 2782 3857; x_wconf 78' lang='grc' dir='ltr'><strong>λογισμούς.</strong></span> <span class='ocrx_word' id='word_1_894' title='bbox 2809 3782 2869 3835; x_wconf 84' lang='grc' dir='ltr'>ὐ</span> <span class='ocrx_word' id='word_1_895' title='bbox 2894 3781 3002 3850; x_wconf 80' lang='grc' dir='ltr'><strong>γάρ</strong></span> <span class='ocrx_word' id='word_1_896' title='bbox 3024 3782 3330 3834; x_wconf 88' lang='grc' dir='ltr'><strong>ἐπιτάττων</strong></span> <span class='ocrx_word' id='word_1_897' title='bbox 3357 3778 3436 3848; x_wconf 80' lang='grc' dir='ltr'><strong>τῷ</strong></span> <span class='ocrx_word' id='word_1_898' title='bbox 3459 3778 3558 3857; x_wconf 70' lang='grc' dir='ltr'><strong>τὴν</strong></span> <span class='ocrx_word' id='word_1_899' title='bbox 3582 3776 3779 3857; x_wconf 74' lang='grc' dir='ltr'><strong>ἀλουρο</strong></span> 
     </span>
    </p>
   </div>
   <div class='ocr_carea' id='block_1_109' title="bbox 2100 3854 3774 3935">
    <p class='ocr_par' dir='ltr' id='par_1_109' title="bbox 2100 3854 3774 3935">
     <span class='ocr_line' id='line_1_109' title="bbox 2100 3854 3774 3935; baseline -0.007 -16"><span class='ocrx_word' id='word_1_900' title='bbox 2100 3854 2224 3935; x_wconf 83' lang='grc' dir='ltr'><strong>γίδα</strong></span> <span class='ocrx_word' id='word_1_901' title='bbox 2250 3865 2639 3935; x_wconf 87' lang='grc' dir='ltr'><strong>περικειμένῳ,</strong></span> <span class='ocrx_word' id='word_1_902' title='bbox 2665 3854 2820 3924; x_wconf 76' lang='grc' dir='ltr'><strong>οὗτος</strong></span> <span class='ocrx_word' id='word_1_903' title='bbox 2837 3862 2882 3893; x_wconf 78' lang='grc'><strong>⁸⁸</strong></span> <span class='ocrx_word' id='word_1_904' title='bbox 2906 3860 3067 3913; x_wconf 82' lang='grc' dir='ltr'><strong>αὐτὸν</strong></span> <span class='ocrx_word' id='word_1_905' title='bbox 3087 3859 3426 3927; x_wconf 84' lang='grc' dir='ltr'><strong>κατέπτηχεν</strong></span> <span class='ocrx_word' id='word_1_906' title='bbox 3445 3859 3474 3909; x_wconf 91' lang='grc' dir='ltr'><strong>ὀ</strong></span> <span class='ocrx_word' id='word_1_907' title='bbox 3498 3856 3774 3935; x_wconf 81' lang='grc' dir='ltr'><strong>λογισμὸς,</strong></span> 
     </span>
    </p>
   </div>
   <div class='ocr_carea' id='block_1_110' title="bbox 2102 3934 3779 4012">
    <p class='ocr_par' dir='ltr' id='par_1_110' title="bbox 2102 3934 3779 4012">
     <span class='ocr_line' id='line_1_110' title="bbox 2102 3934 3779 4012; baseline -0.007 -14"><span class='ocrx_word' id='word_1_908' title='bbox 2102 3934 2195 3998; x_wconf 77' lang='grc' dir='ltr'><strong>καὶ</strong></span> <span class='ocrx_word' id='word_1_909' title='bbox 2222 3934 2539 4012; x_wconf 75' lang='grc' dir='ltr'><strong>ἀντιϐλέψαι</strong></span> <span class='ocrx_word' id='word_1_910' title='bbox 2572 3942 2633 3995; x_wconf 92' lang='grc' dir='ltr'><strong>οὐ</strong></span> <span class='ocrx_word' id='word_1_911' title='bbox 2663 3940 2857 4011; x_wconf 79' lang='grc' dir='ltr'><strong>τολμᾷ.</strong></span> <span class='ocrx_word' id='word_1_912' title='bbox 2889 3937 3176 3994; x_wconf 87' lang='grc' dir='ltr'><strong>Βασιλείαν</strong></span> <span class='ocrx_word' id='word_1_913' title='bbox 3213 3937 3270 3992; x_wconf 77' lang='grc' dir='ltr'><strong>δὲ</strong></span> <span class='ocrx_word' id='word_1_914' title='bbox 3315 3936 3408 3991; x_wconf 75' lang='grc' dir='ltr'><strong>καὶ</strong></span> <span class='ocrx_word' id='word_1_915' title='bbox 3454 3935 3653 4006; x_wconf 75' lang='grc' dir='ltr'><strong>χρυσὸν</strong></span> <span class='ocrx_word' id='word_1_916' title='bbox 3680 3934 3779 3988; x_wconf 71' lang='grc' dir='ltr'><strong>καὶ</strong></span> 
     </span>
    </p>
   </div>
   <div class='ocr_carea' id='block_1_111' title="bbox 2104 4014 3774 4089">
    <p class='ocr_par' dir='ltr' id='par_1_111' title="bbox 2104 4014 3774 4089">
     <span class='ocr_line' id='line_1_111' title="bbox 2104 4014 3774 4089; baseline -0.004 -12"><span class='ocrx_word' id='word_1_917' title='bbox 2104 4024 2280 4077; x_wconf 88' lang='grc' dir='ltr'><strong>πάντα</strong></span> <span class='ocrx_word' id='word_1_918' title='bbox 2310 4020 2381 4073; x_wconf 87' lang='grc' dir='ltr'><strong>τά</strong></span> <span class='ocrx_word' id='word_1_919' title='bbox 2426 4020 2688 4079; x_wconf 86' lang='grc' dir='ltr'><strong>τοιαῦτα.</strong></span> <span class='ocrx_word' id='word_1_920' title='bbox 2737 4018 2988 4089; x_wconf 85' lang='grc' dir='ltr'><strong>καθάπερ</strong></span> <span class='ocrx_word' id='word_1_921' title='bbox 3034 4019 3241 4071; x_wconf 82' lang='grc' dir='ltr'><strong>παίδων</strong></span> <span class='ocrx_word' id='word_1_922' title='bbox 3295 4016 3586 4085; x_wconf 84' lang='grc' dir='ltr'><strong>ἀθύρματα</strong></span> <span class='ocrx_word' id='word_1_923' title='bbox 3616 4014 3774 4084; x_wconf 80' lang='grc' dir='ltr'><strong>γελᾷ.</strong></span> 
     </span>
    </p>
   </div>
   <div class='ocr_carea' id='block_1_112' title="bbox 2102 4093 3779 4171">
    <p class='ocr_par' dir='ltr' id='par_1_112' title="bbox 2102 4093 3779 4171">
     <span class='ocr_line' id='line_1_112' title="bbox 2102 4093 3779 4171; baseline 0.002 -17"><span class='ocrx_word' id='word_1_924' title='bbox 2102 4101 2198 4154; x_wconf 77' lang='grc' dir='ltr'><strong>καὶ</strong></span> <span class='ocrx_word' id='word_1_925' title='bbox 2230 4100 2481 4171; x_wconf 88' lang='grc' dir='ltr'><strong>καθάπερ</strong></span> <span class='ocrx_word' id='word_1_926' title='bbox 2518 4101 2749 4170; x_wconf 76' lang='grc' dir='ltr'><strong>τροχοὺς</strong></span> <span class='ocrx_word' id='word_1_927' title='bbox 2792 4098 2886 4152; x_wconf 72' lang='grc' dir='ltr'><strong>καὶ</strong></span> <span class='ocrx_word' id='word_1_928' title='bbox 2936 4097 3307 4169; x_wconf 88' lang='grc' dir='ltr'><strong>ἀστραγάλους</strong></span> <span class='ocrx_word' id='word_1_929' title='bbox 3337 4096 3432 4171; x_wconf 70' lang='grc' dir='ltr'><strong>καί</strong></span> <span class='ocrx_word' id='word_1_930' title='bbox 3471 4093 3710 4163; x_wconf 77' lang='grc' dir='ltr'><strong>κεφαλὰς</strong></span> <span class='ocrx_word' id='word_1_931' title='bbox 3732 4094 3779 4126; x_wconf 80' lang='grc'><strong>⁸⁸</strong></span> 
     </span>
    </p>
   </div>
   <div class='ocr_carea' id='block_1_113' title="bbox 2102 4170 3777 4250">
    <p class='ocr_par' dir='ltr' id='par_1_113' title="bbox 2102 4170 3777 4250">
     <span class='ocr_line' id='line_1_113' title="bbox 2102 4170 3777 4250; baseline -0.004 -17"><span class='ocrx_word' id='word_1_932' title='bbox 2102 4180 2199 4234; x_wconf 74' lang='grc' dir='ltr'><strong>καὶ</strong></span> <span class='ocrx_word' id='word_1_933' title='bbox 2232 4170 2488 4250; x_wconf 78' lang='grc' dir='ltr'><strong>σφαίρας,</strong></span> <span class='ocrx_word' id='word_1_934' title='bbox 2521 4177 2665 4232; x_wconf 82' lang='grc' dir='ltr'><strong>οῦτω</strong></span> <span class='ocrx_word' id='word_1_935' title='bbox 2692 4176 2866 4232; x_wconf 89' lang='grc' dir='ltr'><strong>ταῦτα</strong></span> <span class='ocrx_word' id='word_1_936' title='bbox 2910 4178 3089 4232; x_wconf 89' lang='grc' dir='ltr'><strong>πάντα</strong></span> <span class='ocrx_word' id='word_1_937' title='bbox 3126 4178 3342 4243; x_wconf 82' lang='grc' dir='ltr'><strong>ἡγεῖται</strong></span> <span class='ocrx_word' id='word_1_938' title='bbox 3377 4170 3513 4227; x_wconf 72' lang='grc' dir='ltr'><strong>εἶναι</strong></span> <span class='ocrx_word' id='word_1_939' title='bbox 3545 4174 3777 4227; x_wconf 82' lang='grc' dir='ltr'><strong>εὐκατα-</strong></span> 
     </span>
    </p>
   </div>
   <div class='ocr_carea' id='block_1_114' title="bbox 2104 4251 3778 4329">
    <p class='ocr_par' dir='ltr' id='par_1_114' title="bbox 2104 4251 3778 4329">
     <span class='ocr_line' id='line_1_114' title="bbox 2104 4251 3778 4329; baseline -0.005 -17"><span class='ocrx_word' id='word_1_940' title='bbox 2104 4259 2367 4329; x_wconf 83' lang='grc' dir='ltr'><strong>φρόνητα.</strong></span> <span class='ocrx_word' id='word_1_941' title='bbox 2397 4258 2551 4328; x_wconf 84' lang='grc' dir='ltr'><strong>Ἔχει</strong></span> <span class='ocrx_word' id='word_1_942' title='bbox 2589 4256 2698 4327; x_wconf 83' lang='grc' dir='ltr'><strong>γὰρ</strong></span> <span class='ocrx_word' id='word_1_943' title='bbox 2726 4256 2950 4326; x_wconf 86' lang='grc' dir='ltr'><strong>κόσμον,</strong></span> <span class='ocrx_word' id='word_1_944' title='bbox 2984 4255 3043 4308; x_wconf 82' lang='grc' dir='ltr'><strong>ὃν</strong></span> <span class='ocrx_word' id='word_1_945' title='bbox 3079 4254 3199 4307; x_wconf 82' lang='grc' dir='ltr'><strong>οὐδὲ</strong></span> <span class='ocrx_word' id='word_1_946' title='bbox 3241 4253 3369 4307; x_wconf 84' lang='grc' dir='ltr'><strong>ἰδεῖν</strong></span> <span class='ocrx_word' id='word_1_947' title='bbox 3408 4253 3457 4305; x_wconf 86' lang='grc' dir='ltr'><strong>οἰ</strong></span> <span class='ocrx_word' id='word_1_948' title='bbox 3487 4254 3544 4305; x_wconf 81' lang='grc' dir='ltr'><strong>ἐν</strong></span> <span class='ocrx_word' id='word_1_949' title='bbox 3573 4251 3778 4329; x_wconf 85' lang='grc' dir='ltr'><strong>τούτοις</strong></span> 
     </span>
    </p>
   </div>
   <div class='ocr_carea' id='block_1_115' title="bbox 2104 4328 3779 4402">
    <p class='ocr_par' dir='ltr' id='par_1_115' title="bbox 2104 4328 3779 4402">
     <span class='ocr_line' id='line_1_115' title="bbox 2104 4328 3779 4402; baseline -0.006 -12"><span class='ocrx_word' id='word_1_950' title='bbox 2104 4328 2388 4401; x_wconf 77' lang='grc' dir='ltr'><strong>παίζοντες</strong></span> <span class='ocrx_word' id='word_1_951' title='bbox 2414 4335 2688 4389; x_wconf 88' lang='grc' dir='ltr'><strong>δύνανται.</strong></span> <span class='ocrx_word' id='word_1_952' title='bbox 2730 4333 2797 4386; x_wconf 88' lang='grc' dir='ltr'><strong>Τί</strong></span> <span class='ocrx_word' id='word_1_953' title='bbox 2824 4332 3005 4387; x_wconf 82' lang='grc' dir='ltr'><strong>τοίνυν</strong></span> <span class='ocrx_word' id='word_1_954' title='bbox 3048 4332 3143 4386; x_wconf 87' lang='grc' dir='ltr'><strong>τοῦ</strong></span> <span class='ocrx_word' id='word_1_955' title='bbox 3182 4332 3413 4402; x_wconf 86' lang='grc' dir='ltr'><strong>πένητος</strong></span> <span class='ocrx_word' id='word_1_956' title='bbox 3441 4330 3630 4385; x_wconf 88' lang='grc' dir='ltr'><strong>τούτου</strong></span> <span class='ocrx_word' id='word_1_957' title='bbox 3661 4328 3779 4397; x_wconf 86' lang='grc' dir='ltr'><strong>βέλ-</strong></span> 
     </span>
    </p>
   </div>
   <div class='ocr_carea' id='block_1_116' title="bbox 2103 4406 3781 4483">
    <p class='ocr_par' dir='ltr' id='par_1_116' title="bbox 2103 4406 3781 4483">
     <span class='ocr_line' id='line_1_116' title="bbox 2103 4406 3781 4483; baseline -0.005 -16"><span class='ocrx_word' id='word_1_958' title='bbox 2103 4432 2217 4469; x_wconf 88' lang='grc' dir='ltr'><strong>τιον</strong></span> <span class='ocrx_word' id='word_1_959' title='bbox 2248 4415 2443 4483; x_wconf 86' lang='grc' dir='ltr'><strong>γένοιτ’</strong></span> <span class='ocrx_word' id='word_1_960' title='bbox 2470 4414 2570 4477; x_wconf 77' lang='grc' dir='ltr'><strong>ἄνς</strong></span> <span class='ocrx_word' id='word_1_961' title='bbox 2605 4413 2841 4481; x_wconf 85' lang='grc' dir='ltr'><strong>Ἐδαφος</strong></span> <span class='ocrx_word' id='word_1_962' title='bbox 2881 4412 3013 4480; x_wconf 89' lang='grc' dir='ltr'><strong>γοῦν</strong></span> <span class='ocrx_word' id='word_1_963' title='bbox 3064 4411 3175 4479; x_wconf 82' lang='grc' dir='ltr'><strong>ἔχει</strong></span> <span class='ocrx_word' id='word_1_964' title='bbox 3214 4410 3305 4463; x_wconf 78' lang='grc' dir='ltr'><strong>τὸν</strong></span> <span class='ocrx_word' id='word_1_965' title='bbox 3351 4408 3601 4480; x_wconf 88' lang='grc' dir='ltr'><strong>οὐρανόν.</strong></span> <span class='ocrx_word' id='word_1_966' title='bbox 3634 4408 3697 4460; x_wconf 88' lang='grc' dir='ltr'><strong>Εἰ</strong></span> <span class='ocrx_word' id='word_1_967' title='bbox 3721 4406 3781 4460; x_wconf 74' lang='grc' dir='ltr'><strong>δὲ</strong></span> 
     </span>
    </p>
   </div>
   <div class='ocr_carea' id='block_1_117' title="bbox 2103 4484 3779 4562">
    <p class='ocr_par' dir='ltr' id='par_1_117' title="bbox 2103 4484 3779 4562">
     <span class='ocr_line' id='line_1_117' title="bbox 2103 4484 3779 4562; baseline -0.005 -17"><span class='ocrx_word' id='word_1_968' title='bbox 2103 4494 2165 4545; x_wconf 74' lang='grc' dir='ltr'><strong>τὸ</strong></span> <span class='ocrx_word' id='word_1_969' title='bbox 2191 4493 2385 4562; x_wconf 84' lang='grc' dir='ltr'><strong>ἔδαφος</strong></span> <span class='ocrx_word' id='word_1_970' title='bbox 2412 4491 2670 4555; x_wconf 88' lang='grc' dir='ltr'><strong>τοιοῦτον,</strong></span> <span class='ocrx_word' id='word_1_971' title='bbox 2698 4490 2951 4559; x_wconf 90' lang='grc' dir='ltr'><strong>ἐννόησον</strong></span> <span class='ocrx_word' id='word_1_972' title='bbox 2974 4488 3123 4561; x_wconf 71' lang='grc'><strong>[495]</strong></span> <span class='ocrx_word' id='word_1_973' title='bbox 3146 4488 3238 4541; x_wconf 79' lang='grc' dir='ltr'><strong>τὸν</strong></span> <span class='ocrx_word' id='word_1_974' title='bbox 3266 4488 3481 4557; x_wconf 70' lang='grc' dir='ltr'><strong>ὄροφον.</strong></span> <span class='ocrx_word' id='word_1_975' title='bbox 3513 4484 3653 4538; x_wconf 78' lang='grc' dir='ltr'><strong>Ἀλλ’</strong></span> <span class='ocrx_word' id='word_1_976' title='bbox 3676 4485 3779 4537; x_wconf 84' lang='grc' dir='ltr'><strong>οὐκ</strong></span> 
     </span>
    </p>
   </div>
   <div class='ocr_carea' id='block_1_118' title="bbox 2106 4562 3774 4641">
    <p class='ocr_par' dir='ltr' id='par_1_118' title="bbox 2106 4562 3774 4641">
     <span class='ocr_line' id='line_1_118' title="bbox 2106 4562 3774 4641; baseline -0.006 -17"><span class='ocrx_word' id='word_1_977' title='bbox 2106 4570 2220 4641; x_wconf 71' lang='grc' dir='ltr'><strong>ἔχει</strong></span> <span class='ocrx_word' id='word_1_978' title='bbox 2248 4571 2448 4633; x_wconf 83' lang='grc' dir='ltr'><strong>ἵππους</strong></span> <span class='ocrx_word' id='word_1_979' title='bbox 2489 4569 2585 4622; x_wconf 78' lang='grc' dir='ltr'><strong>καὶ</strong></span> <span class='ocrx_word' id='word_1_980' title='bbox 2611 4569 2898 4638; x_wconf 88' lang='grc' dir='ltr'><strong>ὀχήματα;</strong></span> <span class='ocrx_word' id='word_1_981' title='bbox 2932 4567 2998 4619; x_wconf 90' lang='grc' dir='ltr'><strong>Τί</strong></span> <span class='ocrx_word' id='word_1_982' title='bbox 3038 4567 3147 4637; x_wconf 87' lang='grc' dir='ltr'><strong>γὰρ</strong></span> <span class='ocrx_word' id='word_1_983' title='bbox 3174 4565 3322 4635; x_wconf 89' lang='grc' dir='ltr'><strong>αὐτῷ</strong></span> <span class='ocrx_word' id='word_1_984' title='bbox 3348 4563 3552 4617; x_wconf 87' lang='grc' dir='ltr'><strong>τούτων</strong></span> <span class='ocrx_word' id='word_1_985' title='bbox 3593 4562 3774 4641; x_wconf 71' lang='grc' dir='ltr'><strong>χρεία,</strong></span> 
     </span>
    </p>
   </div>
   <div class='ocr_carea' id='block_1_119' title="bbox 2107 4638 3777 4720">
    <p class='ocr_par' dir='ltr' id='par_1_119' title="bbox 2107 4638 3777 4720">
     <span class='ocr_line' id='line_1_119' title="bbox 2107 4638 3777 4720; baseline -0.005 -18"><span class='ocrx_word' id='word_1_986' title='bbox 2107 4638 2184 4720; x_wconf 65' lang='grc' dir='ltr'><strong>τῶ</strong></span> <span class='ocrx_word' id='word_1_987' title='bbox 2220 4648 2464 4719; x_wconf 89' lang='grc' dir='ltr'><strong>μέλλοντι</strong></span> <span class='ocrx_word' id='word_1_988' title='bbox 2511 4648 2604 4700; x_wconf 70' lang='grc' dir='ltr'><strong>ἐπὶ</strong></span> <span class='ocrx_word' id='word_1_989' title='bbox 2646 4646 2756 4699; x_wconf 89' lang='grc' dir='ltr'><strong>τῶν</strong></span> <span class='ocrx_word' id='word_1_990' title='bbox 2786 4645 3026 4714; x_wconf 86' lang='grc' dir='ltr'><strong>νεφελῶν</strong></span> <span class='ocrx_word' id='word_1_991' title='bbox 3054 4642 3327 4714; x_wconf 80' lang='grc' dir='ltr'><strong>ὀχεῖσθαι,</strong></span> <span class='ocrx_word' id='word_1_992' title='bbox 3360 4641 3455 4696; x_wconf 77' lang='grc' dir='ltr'><strong>καὶ</strong></span> <span class='ocrx_word' id='word_1_993' title='bbox 3487 4640 3633 4720; x_wconf 76' lang='grc' dir='ltr'><strong>μετά</strong></span> <span class='ocrx_word' id='word_1_994' title='bbox 3679 4638 3777 4720; x_wconf 86' lang='grc' dir='ltr'><strong>τοῦ</strong></span> 
     </span>
    </p>
   </div>
   <div class='ocr_carea' id='block_1_120' title="bbox 2108 4719 3778 4799">
    <p class='ocr_par' dir='ltr' id='par_1_120' title="bbox 2108 4719 3778 4799">
     <span class='ocr_line' id='line_1_120' title="bbox 2108 4719 3778 4799; baseline -0.007 -17"><span class='ocrx_word' id='word_1_995' title='bbox 2108 4719 2344 4799; x_wconf 85' lang='grc' dir='ltr'><strong>Χριστοῦ</strong></span> <span class='ocrx_word' id='word_1_996' title='bbox 2382 4721 2559 4791; x_wconf 81' lang='grc' dir='ltr'><strong>εἰναι;</strong></span> <span class='ocrx_word' id='word_1_997' title='bbox 2593 4724 2758 4778; x_wconf 82' lang='grc' dir='ltr'><strong>Ταῦτ’</strong></span> <span class='ocrx_word' id='word_1_998' title='bbox 2791 4720 2884 4778; x_wconf 85' lang='grc' dir='ltr'><strong>οῦν</strong></span> <span class='ocrx_word' id='word_1_999' title='bbox 2923 4724 3297 4792; x_wconf 81' lang='grc' dir='ltr'><strong>ἐννόήσαντες,</strong></span> <span class='ocrx_word' id='word_1_1000' title='bbox 3326 4720 3426 4787; x_wconf 35' lang='grc' dir='ltr'><strong>,καὶ</strong></span> <span class='ocrx_word' id='word_1_1001' title='bbox 3464 4719 3778 4799; x_wconf 80' lang='grc' dir='ltr'><strong>ἄνδρεςκαί</strong></span> 
     </span>
    </p>
   </div>
   <div class='ocr_carea' id='block_1_121' title="bbox 2109 4796 3806 4877">
    <p class='ocr_par' dir='ltr' id='par_1_121' title="bbox 2109 4796 3806 4877">
     <span class='ocr_line' id='line_1_121' title="bbox 2109 4796 3806 4877; baseline -0.006 -17"><span class='ocrx_word' id='word_1_1002' title='bbox 2109 4796 2386 4877; x_wconf 82' lang='grc' dir='ltr'><strong>γυναῖκες,</strong></span> <span class='ocrx_word' id='word_1_1003' title='bbox 2412 4807 2616 4858; x_wconf 86' lang='grc' dir='ltr'><strong>ἐκεῖνον</strong></span> <span class='ocrx_word' id='word_1_1004' title='bbox 2648 4803 2901 4873; x_wconf 78' lang='grc' dir='ltr'><strong>ζητῶμεν</strong></span> <span class='ocrx_word' id='word_1_1005' title='bbox 2935 4802 3026 4855; x_wconf 76' lang='grc' dir='ltr'><strong>τὸν</strong></span> <span class='ocrx_word' id='word_1_1006' title='bbox 3055 4800 3302 4863; x_wconf 88' lang='grc' dir='ltr'><strong>πλοῦτον,</strong></span> <span class='ocrx_word' id='word_1_1007' title='bbox 3326 4800 3419 4853; x_wconf 81' lang='grc' dir='ltr'><strong>καὶ</strong></span> <span class='ocrx_word' id='word_1_1008' title='bbox 3442 4799 3541 4869; x_wconf 82' lang='grc' dir='ltr'><strong>τὴν</strong></span> <span class='ocrx_word' id='word_1_1009' title='bbox 3572 4796 3806 4877; x_wconf 82' lang='grc' dir='ltr'><strong>ἀνάλω-’</strong></span> 
     </span>
    </p>
   </div>
   <div class='ocr_carea' id='block_1_122' title="bbox 2108 4876 3780 4955">
    <p class='ocr_par' dir='ltr' id='par_1_122' title="bbox 2108 4876 3780 4955">
     <span class='ocr_line' id='line_1_122' title="bbox 2108 4876 3780 4955; baseline -0.005 -17"><span class='ocrx_word' id='word_1_1010' title='bbox 2108 4876 2198 4938; x_wconf 87' lang='grc' dir='ltr'><strong>τον</strong></span> <span class='ocrx_word' id='word_1_1011' title='bbox 2232 4883 2507 4955; x_wconf 88' lang='grc' dir='ltr'><strong>εὐπορίαν,</strong></span> <span class='ocrx_word' id='word_1_1012' title='bbox 2542 4884 2629 4936; x_wconf 86' lang='grc' dir='ltr'><strong>ἵνα</strong></span> <span class='ocrx_word' id='word_1_1013' title='bbox 2664 4883 2760 4936; x_wconf 65' lang='grc' dir='ltr'><strong>καὶ¹</strong></span> <span class='ocrx_word' id='word_1_1014' title='bbox 2790 4883 2890 4950; x_wconf 78' lang='grc' dir='ltr'><strong>τῆς</strong></span> <span class='ocrx_word' id='word_1_1015' title='bbox 2926 4880 3201 4950; x_wconf 85' lang='grc' dir='ltr'><strong>βασιλείας</strong></span> <span class='ocrx_word' id='word_1_1016' title='bbox 3232 4878 3339 4933; x_wconf 89' lang='grc' dir='ltr'><strong>τῶν</strong></span> <span class='ocrx_word' id='word_1_1017' title='bbox 3380 4876 3625 4947; x_wconf 85' lang='grc' dir='ltr'><strong>οὐρανῶν</strong></span> <span class='ocrx_word' id='word_1_1018' title='bbox 3655 4878 3780 4955; x_wconf 81' lang='grc' dir='ltr'><strong>ἐπι-</strong></span> 
     </span>
    </p>
   </div>
   <div class='ocr_carea' id='block_1_123' title="bbox 2109 4953 3780 5032">
    <p class='ocr_par' dir='ltr' id='par_1_123' title="bbox 2109 4953 3780 5032">
     <span class='ocr_line' id='line_1_123' title="bbox 2109 4953 3780 5032; baseline -0.004 -20"><span class='ocrx_word' id='word_1_1019' title='bbox 2109 4953 2393 5032; x_wconf 67' lang='grc' dir='ltr'><strong>τύχωμεν,</strong></span> <span class='ocrx_word' id='word_1_1020' title='bbox 2448 4961 2650 5032; x_wconf 7' lang='grc' dir='ltr'><strong>χάριτι,</strong></span> <span class='ocrx_word' id='word_1_1021' title='bbox 2680 4961 2776 5013; x_wconf 78' lang='grc' dir='ltr'><strong>καὶ</strong></span> <span class='ocrx_word' id='word_1_1022' title='bbox 2823 4958 3206 5031; x_wconf 76' lang='grc' dir='ltr'><strong>φιλανθρωπίᾳ</strong></span> <span class='ocrx_word' id='word_1_1023' title='bbox 3244 4956 3339 5010; x_wconf 89' lang='grc' dir='ltr'><strong>τοῦ</strong></span> <span class='ocrx_word' id='word_1_1024' title='bbox 3378 4955 3584 5027; x_wconf 76' lang='grc' dir='ltr'><strong>Κυρίου</strong></span> <span class='ocrx_word' id='word_1_1025' title='bbox 3622 4953 3780 5032; x_wconf 75' lang='grc' dir='ltr'><strong>ἡμῶν</strong></span> 
     </span>
    </p>
   </div>
   <div class='ocr_carea' id='block_1_124' title="bbox 2120 5030 3780 5110">
    <p class='ocr_par' dir='ltr' id='par_1_124' title="bbox 2120 5030 3780 5110">
     <span class='ocr_line' id='line_1_124' title="bbox 2120 5030 3780 5110; baseline -0.007 -16"><span class='ocrx_word' id='word_1_1026' title='bbox 2120 5030 2293 5109; x_wconf 84' lang='grc' dir='ltr'><strong>Ἰησοῦ</strong></span> <span class='ocrx_word' id='word_1_1027' title='bbox 2328 5030 2584 5110; x_wconf 86' lang='grc' dir='ltr'><strong>Χριστοῦ,</strong></span> <span class='ocrx_word' id='word_1_1028' title='bbox 2698 5039 2730 5108; x_wconf 84' lang='grc' dir='ltr'><strong>ή</strong></span> <span class='ocrx_word' id='word_1_1029' title='bbox 2763 5037 2889 5103; x_wconf 85' lang='grc' dir='ltr'><strong>δόξα</strong></span> <span class='ocrx_word' id='word_1_1030' title='bbox 2922 5030 3109 5090; x_wconf 70' lang='grc' dir='ltr'><strong>καὶτὸ</strong></span> <span class='ocrx_word' id='word_1_1031' title='bbox 3134 5035 3333 5107; x_wconf 81' lang='grc' dir='ltr'><strong>κράτος</strong></span> <span class='ocrx_word' id='word_1_1032' title='bbox 3371 5035 3451 5099; x_wconf 82' lang='grc' dir='ltr'><strong>εἰς</strong></span> <span class='ocrx_word' id='word_1_1033' title='bbox 3481 5034 3608 5097; x_wconf 79' lang='grc' dir='ltr'><strong>τοῦς</strong></span> <span class='ocrx_word' id='word_1_1034' title='bbox 3648 5030 3780 5085; x_wconf 85' lang='grc' dir='ltr'><strong>αἰῶ·</strong></span> 
     </span>
    </p>
   </div>
   <div class='ocr_carea' id='block_1_125' title="bbox 2108 5116 2822 5188">
    <p class='ocr_par' dir='ltr' id='par_1_125' title="bbox 2108 5116 2822 5188">
     <span class='ocr_line' id='line_1_125' title="bbox 2108 5116 2822 5188; baseline -0.001 -17"><span class='ocrx_word' id='word_1_1035' title='bbox 2108 5134 2208 5181; x_wconf 75' lang='grc' dir='ltr'><strong>νας</strong></span> <span class='ocrx_word' id='word_1_1036' title='bbox 2228 5118 2337 5171; x_wconf 90' lang='grc' dir='ltr'><strong>τῶν</strong></span> <span class='ocrx_word' id='word_1_1037' title='bbox 2368 5116 2597 5171; x_wconf 87' lang='grc' dir='ltr'><strong>αἰώνων.</strong></span> <span class='ocrx_word' id='word_1_1038' title='bbox 2630 5117 2822 5188; x_wconf 79' lang='grc' dir='ltr'><strong>Ἀμήν.</strong></span> 
     </span>
    </p>
   </div>
   <div class='ocr_carea' id='block_1_126' title="bbox 412 5290 3777 5423">
    <p class='ocr_par' dir='ltr' id='par_1_126' title="bbox 412 5290 3777 5423">
     <span class='ocr_line' id='line_1_126' title="bbox 412 5290 3777 5423; baseline -0.001 -75"><span class='ocrx_word' id='word_1_1039' title='bbox 412 5294 459 5383; x_wconf 48' lang='grc' dir='ltr'><strong>’ξ</strong></span> <span class='ocrx_word' id='word_1_1040' title='bbox 487 5294 733 5365; x_wconf 82' lang='grc' dir='ltr'><strong>ἀλλήλων</strong></span> <span class='ocrx_word' id='word_1_1041' title='bbox 753 5292 818 5348; x_wconf 89' lang='lat' dir='ltr'><strong>G.</strong></span> <span class='ocrx_word' id='word_1_1042' title='bbox 894 5294 941 5327; x_wconf 84' lang='lat'><strong>&quot;</strong></span> <span class='ocrx_word' id='word_1_1043' title='bbox 976 5294 1268 5350; x_wconf 82' lang='grc' dir='ltr'><strong>Ἀκούσατε</strong></span> <span class='ocrx_word' id='word_1_1044' title='bbox 1286 5294 1351 5351; x_wconf 86' lang='lat' dir='ltr'><strong>G.</strong></span> <span class='ocrx_word' id='word_1_1045' title='bbox 1474 5293 1756 5350; x_wconf 79' lang='grc' dir='ltr'><strong>ΗΘΙΚΟΝ.</strong></span> <span class='ocrx_word' id='word_1_1046' title='bbox 1789 5296 2109 5368; x_wconf 85' lang='grc' dir='ltr'><strong>Κατηγορία</strong></span> <span class='ocrx_word' id='word_1_1047' title='bbox 2123 5297 2231 5350; x_wconf 85' lang='grc' dir='ltr'><strong>τῶν</strong></span> <span class='ocrx_word' id='word_1_1048' title='bbox 2255 5298 2852 5423; x_wconf 50' lang='grc' dir='ltr'><strong>μήῖἀναγινωσκόντων·</strong></span> <span class='ocrx_word' id='word_1_1049' title='bbox 2874 5298 2967 5349; x_wconf 75' lang='grc' dir='ltr'><strong>καὶ</strong></span> <span class='ocrx_word' id='word_1_1050' title='bbox 2991 5297 3133 5360; x_wconf 88' lang='grc' dir='ltr'><strong>τίνες</strong></span> <span class='ocrx_word' id='word_1_1051' title='bbox 3155 5296 3213 5350; x_wconf 87' lang='grc' dir='ltr'><strong>αἰ</strong></span> <span class='ocrx_word' id='word_1_1052' title='bbox 3235 5292 3425 5367; x_wconf 69' lang='grc' dir='ltr'><strong>ἀρεταὶ</strong></span> <span class='ocrx_word' id='word_1_1053' title='bbox 3443 5292 3552 5346; x_wconf 85' lang='grc' dir='ltr'><strong>τῶν</strong></span> <span class='ocrx_word' id='word_1_1054' title='bbox 3581 5290 3777 5361; x_wconf 84' lang='grc' dir='ltr'><strong>μελῶν·</strong></span> 
     </span>
     <span class='ocr_line' id='line_1_127' title="bbox 419 5362 3777 5423; baseline -0.002 -5"><span class='ocrx_word' id='word_1_1055' title='bbox 419 5384 463 5423; x_wconf 83' lang='grc' dir='ltr'>ῳ</span> <span class='ocrx_word' id='word_1_1056' title='bbox 485 5366 579 5418; x_wconf 71' lang='grc' dir='ltr'><strong>καὶ</strong></span> <span class='ocrx_word' id='word_1_1057' title='bbox 604 5365 733 5423; x_wconf 76' lang='grc' dir='ltr'><strong>περὶ</strong></span> <span class='ocrx_word' id='word_1_1058' title='bbox 752 5364 1029 5419; x_wconf 86' lang='grc' dir='ltr'><strong>Ματθαίου</strong></span> <span class='ocrx_word' id='word_1_1059' title='bbox 1056 5367 1149 5420; x_wconf 89' lang='grc' dir='ltr'><strong>καί</strong></span> <span class='ocrx_word' id='word_1_1060' title='bbox 1166 5368 1523 5423; x_wconf 78' lang='grc' dir='ltr'><strong>φιλαργύρου·</strong></span> <span class='ocrx_word' id='word_1_1061' title='bbox 1548 5364 1641 5417; x_wconf 72' lang='grc' dir='ltr'><strong>καὶ</strong></span> <span class='ocrx_word' id='word_1_1062' title='bbox 1665 5368 1813 5423; x_wconf 85' lang='grc' dir='ltr'><strong>ποῖος</strong></span> <span class='ocrx_word' id='word_1_1063' title='bbox 1841 5368 1869 5419; x_wconf 90' lang='grc' dir='ltr'><strong>ὀ</strong></span> <span class='ocrx_word' id='word_1_1064' title='bbox 1897 5367 2073 5420; x_wconf 76' lang='grc' dir='ltr'><strong>ἑκοντὶ</strong></span> <span class='ocrx_word' id='word_1_1065' title='bbox 2095 5366 2282 5423; x_wconf 75' lang='grc' dir='ltr'><strong>πένης.</strong></span> <span class='ocrx_word' id='word_1_1066' title='bbox 2362 5410 2375 5423; x_wconf 93' lang='grc'><strong>.</strong></span> <span class='ocrx_word' id='word_1_1067' title='bbox 2451 5370 2497 5401; x_wconf 78' lang='grc'><strong>⁵⁸</strong></span> <span class='ocrx_word' id='word_1_1068' title='bbox 2515 5368 2721 5422; x_wconf 81' lang='grc' dir='ltr'><strong>ἑαυτῶν</strong></span> <span class='ocrx_word' id='word_1_1069' title='bbox 2744 5366 2877 5421; x_wconf 78' lang='lat' dir='ltr'><strong>Edd.</strong></span> <span class='ocrx_word' id='word_1_1070' title='bbox 2912 5366 3029 5420; x_wconf 80' lang='lat' dir='ltr'><strong>Mox</strong></span> <span class='ocrx_word' id='word_1_1071' title='bbox 3056 5366 3298 5423; x_wconf 87' lang='grc' dir='ltr'><strong>γίνεσθαι</strong></span> <span class='ocrx_word' id='word_1_1072' title='bbox 3328 5364 3392 5418; x_wconf 77' lang='grc' dir='ltr'><strong>Η.</strong></span> <span class='ocrx_word' id='word_1_1073' title='bbox 3426 5362 3486 5415; x_wconf 90' lang='lat' dir='ltr'><strong>L.</strong></span> <span class='ocrx_word' id='word_1_1074' title='bbox 3520 5362 3777 5423; x_wconf 82' lang='grc' dir='ltr'><strong>γένωνται</strong></span> 
     </span>
    </p>
   </div>
   <div class='ocr_carea' id='block_1_127' title="bbox 345 5358 2282 5440">
    <p class='ocr_par' dir='ltr' id='par_1_127' title="bbox 345 5358 2282 5440">
     <span class='ocr_line' id='line_1_128' title="bbox 345 5358 2282 5440; baseline 0.003 -25"><span class='ocrx_word' id='word_1_1075' title='bbox 345 5363 403 5440; x_wconf 58' lang='grc' dir='ltr'><strong>ἐν</strong></span> <span class='ocrx_word' id='word_1_1076' title='bbox 419 5358 463 5432; x_wconf 79' lang='grc' dir='ltr'><strong>ᾧ</strong></span> <span class='ocrx_word' id='word_1_1077' title='bbox 485 5366 579 5440; x_wconf 61' lang='grc' dir='ltr'><strong>καὶ</strong></span> <span class='ocrx_word' id='word_1_1078' title='bbox 604 5358 1029 5440; x_wconf 31' lang='grc' dir='ltr'><strong>περὶιΜατθαίου</strong></span> <span class='ocrx_word' id='word_1_1079' title='bbox 1056 5365 1523 5440; x_wconf 34' lang='grc' dir='ltr'><strong>καὶ-φιλαργύρους</strong></span> <span class='ocrx_word' id='word_1_1080' title='bbox 1548 5364 1641 5440; x_wconf 72' lang='grc' dir='ltr'><strong>καὶ</strong></span> <span class='ocrx_word' id='word_1_1081' title='bbox 1665 5368 1869 5440; x_wconf 34' lang='grc' dir='ltr'><strong>ποῖος-ὀ</strong></span> <span class='ocrx_word' id='word_1_1082' title='bbox 1897 5358 2282 5440; x_wconf 45' lang='grc' dir='ltr'><strong>ἑκοντὶ-πένης.</strong></span> 
     </span>
    </p>
   </div>
   <div class='ocr_carea' id='block_1_128' title="bbox 1072 5434 2510 5508">
    <p class='ocr_par' dir='ltr' id='par_1_128' title="bbox 1072 5434 2510 5508">
     <span class='ocr_line' id='line_1_129' title="bbox 1072 5434 2510 5508; baseline 0.001 -20"><span class='ocrx_word' id='word_1_1083' title='bbox 1072 5434 1308 5508; x_wconf 78' lang='grc' dir='ltr'><strong>ήσύχιον</strong></span> <span class='ocrx_word' id='word_1_1084' title='bbox 1466 5435 1512 5467; x_wconf 85' lang='grc'><strong>⁸⁸</strong></span> <span class='ocrx_word' id='word_1_1085' title='bbox 1545 5435 1799 5508; x_wconf 44' lang='grc' dir='ltr'><strong>τάλίρβει</strong></span> <span class='ocrx_word' id='word_1_1086' title='bbox 1822 5436 1873 5508; x_wconf 73' lang='lat' dir='ltr'><strong>iu</strong></span> <span class='ocrx_word' id='word_1_1087' title='bbox 1902 5436 2037 5508; x_wconf 53' lang='lat' dir='ltr'><strong>Edd,</strong></span> <span class='ocrx_word' id='word_1_1088' title='bbox 2078 5434 2339 5508; x_wconf 49' lang='lat' dir='ltr'><strong>Infra&#39;xal</strong></span> <span class='ocrx_word' id='word_1_1089' title='bbox 2356 5440 2413 5491; x_wconf 87' lang='grc' dir='ltr'><strong>ἐν</strong></span> <span class='ocrx_word' id='word_1_1090' title='bbox 2440 5455 2510 5491; x_wconf 90' lang='grc' dir='ltr'><strong>κα</strong></span> 
     </span>
    </p>
   </div>
   <div class='ocr_carea' id='block_1_129' title="bbox 341 5432 1029 5505">
    <p class='ocr_par' dir='ltr' id='par_1_129' title="bbox 341 5432 1029 5505">
     <span class='ocr_line' id='line_1_130' title="bbox 341 5432 1029 5505; baseline 0 -18"><span class='ocrx_word' id='word_1_1091' title='bbox 341 5432 408 5505; x_wconf 61' lang='grc' dir='ltr'><strong>(ξ.</strong></span> <span class='ocrx_word' id='word_1_1092' title='bbox 462 5435 531 5505; x_wconf 53' lang='lat' dir='ltr'><strong>f&quot;</strong></span> <span class='ocrx_word' id='word_1_1093' title='bbox 554 5432 748 5505; x_wconf 76' lang='grc' dir='ltr'><strong>πρᾶονι</strong></span> <span class='ocrx_word' id='word_1_1094' title='bbox 779 5436 902 5490; x_wconf 84' lang='lat' dir='ltr'><strong>add.</strong></span> <span class='ocrx_word' id='word_1_1095' title='bbox 936 5436 1029 5488; x_wconf 58' lang='grc' dir='ltr'><strong>καὶ¹</strong></span> 
     </span>
    </p>
   </div>
   <div class='ocr_carea' id='block_1_130' title="bbox 2451 5366 3029 5491">
    <p class='ocr_par' dir='ltr' id='par_1_130' title="bbox 2451 5366 3029 5491">
     <span class='ocr_line' id='line_1_131' title="bbox 2451 5366 3029 5422; baseline 0.003 -3"><span class='ocrx_word' id='word_1_1096' title='bbox 2451 5370 2497 5401; x_wconf 77' lang='grc'><strong>⁵⁸</strong></span> <span class='ocrx_word' id='word_1_1097' title='bbox 2515 5368 2721 5422; x_wconf 80' lang='grc' dir='ltr'><strong>ἑαυτῶν</strong></span> <span class='ocrx_word' id='word_1_1098' title='bbox 2744 5366 2877 5421; x_wconf 78' lang='lat' dir='ltr'><strong>Edd.</strong></span> <span class='ocrx_word' id='word_1_1099' title='bbox 2912 5366 3029 5420; x_wconf 81' lang='lat' dir='ltr'><strong>Mox</strong></span> 
     </span>
     <span class='ocr_line' id='line_1_132' title="bbox 2451 5434 3029 5491; baseline -0.005 0"><span class='ocrx_word' id='word_1_1100' title='bbox 2451 5438 2638 5491; x_wconf 75' lang='grc' dir='ltr'><strong>καρδία</strong></span> <span class='ocrx_word' id='word_1_1101' title='bbox 2675 5436 2738 5491; x_wconf 85' lang='lat' dir='ltr'><strong><em>K.</em></strong></span> <span class='ocrx_word' id='word_1_1102' title='bbox 2772 5434 2833 5491; x_wconf 86' lang='lat' dir='ltr'><strong>L.</strong></span> <span class='ocrx_word' id='word_1_1103' title='bbox 2909 5437 2955 5468; x_wconf 80' lang='lat'>&quot;</span> <span class='ocrx_word' id='word_1_1104' title='bbox 2986 5439 3029 5489; x_wconf 69' lang='grc' dir='ltr'><strong>ἐς</strong></span> 
     </span>
    </p>
   </div>
   <div class='ocr_carea' id='block_1_131' title="bbox 2602 5455 2833 5491">
    <p class='ocr_par' dir='ltr' id='par_1_131' title="bbox 2602 5455 2833 5491">
     <span class='ocr_line' id='line_1_133' title="bbox 2602 5455 2833 5491; baseline 0 0"><span class='ocrx_word' id='word_1_1105' title='bbox 2602 5455 2638 5491; x_wconf 84' lang='grc' dir='ltr'><strong>α</strong></span> <span class='ocrx_word' id='word_1_1106' title='bbox 2676 5455 2738 5491; x_wconf 63' lang='grc' dir='ltr'><strong>Β.</strong></span> <span class='ocrx_word' id='word_1_1107' title='bbox 2772 5455 2833 5491; x_wconf 69' lang='grc' dir='ltr'><strong>Ιλ.</strong></span> 
     </span>
    </p>
   </div>
   <div class='ocr_carea' id='block_1_132' title="bbox 3056 5362 3777 5435">
    <p class='ocr_par' dir='ltr' id='par_1_132' title="bbox 3056 5362 3777 5435">
     <span class='ocr_line' id='line_1_134' title="bbox 3056 5362 3777 5435; baseline -0.012 -16"><span class='ocrx_word' id='word_1_1108' title='bbox 3056 5362 3304 5435; x_wconf 15' lang='grc' dir='ltr'><strong>γίνεσθαι,</strong></span> <span class='ocrx_word' id='word_1_1109' title='bbox 3328 5364 3392 5418; x_wconf 77' lang='grc' dir='ltr'><strong>Η.</strong></span> <span class='ocrx_word' id='word_1_1110' title='bbox 3520 5362 3777 5435; x_wconf 63' lang='grc' dir='ltr'><strong>γένωνται</strong></span> 
     </span>
    </p>
   </div>
   <div class='ocr_carea' id='block_1_133' title="bbox 2909 5429 3780 5512">
    <p class='ocr_par' dir='ltr' id='par_1_133' title="bbox 2909 5429 3780 5512">
     <span class='ocr_line' id='line_1_135' title="bbox 2909 5429 3780 5512; baseline -0.002 -23"><span class='ocrx_word' id='word_1_1111' title='bbox 2909 5437 2955 5468; x_wconf 66' lang='grc' dir='ltr'><strong>σε</strong></span> <span class='ocrx_word' id='word_1_1112' title='bbox 2986 5429 3131 5512; x_wconf 50' lang='grc' dir='ltr'><strong>ισέξν</strong></span> <span class='ocrx_word' id='word_1_1113' title='bbox 3160 5435 3225 5512; x_wconf 67' lang='grc' dir='ltr'><strong>ρ.</strong></span> <span class='ocrx_word' id='word_1_1114' title='bbox 3264 5433 3344 5512; x_wconf 31' lang='grc' dir='ltr'><strong>ιι...</strong></span> <span class='ocrx_word' id='word_1_1115' title='bbox 3402 5432 3477 5512; x_wconf 37' lang='grc' dir='ltr'><strong>,ι’</strong></span> <span class='ocrx_word' id='word_1_1116' title='bbox 3506 5429 3623 5512; x_wconf 63' lang='grc' dir='ltr'><strong>μὲν]</strong></span> <span class='ocrx_word' id='word_1_1117' title='bbox 3652 5431 3780 5512; x_wconf 65' lang='grc' dir='ltr'><strong>εδει.</strong></span> 
     </span>
    </p>
   </div>
   <div class='ocr_carea' id='block_1_134' title="bbox 342 5494 1996 5577">
    <p class='ocr_par' dir='ltr' id='par_1_134' title="bbox 342 5494 1996 5577">
     <span class='ocr_line' id='line_1_136' title="bbox 342 5494 1996 5577; baseline 0.002 -21"><span class='ocrx_word' id='word_1_1118' title='bbox 342 5500 436 5557; x_wconf 73' lang='grc' dir='ltr'><strong>οὖν</strong></span> <span class='ocrx_word' id='word_1_1119' title='bbox 554 5494 627 5577; x_wconf 60' lang='lat' dir='ltr'><strong>_L&#39;.</strong></span> <span class='ocrx_word' id='word_1_1120' title='bbox 667 5494 1105 5577; x_wconf 61' lang='lat' dir='ltr'><strong>Mux_xa).95v&#39;§pc;&#39;</strong></span> <span class='ocrx_word' id='word_1_1121' title='bbox 1146 5494 1327 5560; x_wconf 51' lang='lat' dir='ltr'><strong>ii&#39;Jem.</strong></span> <span class='ocrx_word' id='word_1_1122' title='bbox 1405 5506 1447 5537; x_wconf 83' lang='grc'><strong>⁶¹</strong></span> <span class='ocrx_word' id='word_1_1123' title='bbox 1477 5504 1799 5577; x_wconf 74' lang='grc' dir='ltr'><strong>καθέζεσθαι</strong></span> <span class='ocrx_word' id='word_1_1124' title='bbox 1841 5504 1901 5559; x_wconf 86' lang='lat' dir='ltr'><strong>L.</strong></span> <span class='ocrx_word' id='word_1_1125' title='bbox 1940 5524 1996 5559; x_wconf 78' lang='grc' dir='ltr'><strong>κο</strong></span> 
     </span>
    </p>
   </div>
   <div class='ocr_carea' id='block_1_135' title="bbox 2101 5494 3772 5577">
    <p class='ocr_par' dir='ltr' id='par_1_135' title="bbox 2101 5494 3772 5577">
     <span class='ocr_line' id='line_1_137' title="bbox 2101 5494 3772 5577; baseline 0.008 -19"><span class='ocrx_word' id='word_1_1126' title='bbox 2101 5506 2249 5561; x_wconf 86' lang='grc' dir='ltr'><strong>ῖσθαι</strong></span> <span class='ocrx_word' id='word_1_1127' title='bbox 2281 5510 2417 5563; x_wconf 81' lang='lat' dir='ltr'><strong>Edd.</strong></span> <span class='ocrx_word' id='word_1_1128' title='bbox 2449 5494 2588 5561; x_wconf 71' lang='lat' dir='ltr'><strong>Intra</strong></span> <span class='ocrx_word' id='word_1_1129' title='bbox 2613 5494 2697 5560; x_wconf 76' lang='grc' dir='ltr'><strong>ἐκ</strong></span> <span class='ocrx_word' id='word_1_1130' title='bbox 2733 5505 3027 5577; x_wconf 84' lang='grc' dir='ltr'><strong>προσώπου</strong></span> <span class='ocrx_word' id='word_1_1131' title='bbox 3066 5506 3129 5577; x_wconf 76' lang='lat' dir='ltr'><strong>K.</strong></span> <span class='ocrx_word' id='word_1_1132' title='bbox 3162 5505 3223 5577; x_wconf 76' lang='lat' dir='ltr'><strong>L.</strong></span> <span class='ocrx_word' id='word_1_1133' title='bbox 3300 5503 3430 5557; x_wconf 77' lang='grc' dir='ltr'><strong>⁶⁸τδ</strong></span> <span class='ocrx_word' id='word_1_1134' title='bbox 3463 5494 3772 5577; x_wconf 43' lang='lat' dir='ltr'><strong>vina-ﬁta}:-</strong></span> 
     </span>
    </p>
   </div>
   <div class='ocr_carea' id='block_1_136' title="bbox 342 5573 1961 5645">
    <p class='ocr_par' dir='ltr' id='par_1_136' title="bbox 342 5573 1961 5645">
     <span class='ocr_line' id='line_1_138' title="bbox 342 5573 1961 5645; baseline 0.002 -21"><span class='ocrx_word' id='word_1_1135' title='bbox 342 5573 574 5644; x_wconf 83' lang='grc' dir='ltr'><strong>ταχέως]</strong></span> <span class='ocrx_word' id='word_1_1136' title='bbox 623 5575 860 5645; x_wconf 82' lang='grc' dir='ltr'><strong>συνεχῶς</strong></span> <span class='ocrx_word' id='word_1_1137' title='bbox 905 5575 970 5631; x_wconf 86' lang='lat' dir='ltr'><strong>G.</strong></span> <span class='ocrx_word' id='word_1_1138' title='bbox 1014 5574 1080 5630; x_wconf 80' lang='lat' dir='ltr'><strong>ﬂ.</strong></span> <span class='ocrx_word' id='word_1_1139' title='bbox 1130 5578 1201 5629; x_wconf 86' lang='lat' dir='ltr'><strong>K.</strong></span> <span class='ocrx_word' id='word_1_1140' title='bbox 1239 5575 1667 5644; x_wconf 77' lang='lat' dir='ltr'><strong>repugnantibus</strong></span> <span class='ocrx_word' id='word_1_1141' title='bbox 1731 5575 1961 5645; x_wconf 77' lang='lat' dir='ltr'><strong>lnlerpp.</strong></span> 
     </span>
    </p>
   </div>
   <div class='ocr_carea' id='block_1_137' title="bbox 2040 5570 3777 5647">
    <p class='ocr_par' dir='ltr' id='par_1_137' title="bbox 2040 5570 3777 5647">
     <span class='ocr_line' id='line_1_139' title="bbox 2040 5570 3777 5647; baseline -0.002 -18"><span class='ocrx_word' id='word_1_1142' title='bbox 2040 5576 2085 5607; x_wconf 82' lang='grc'><strong>⁸³</strong></span> <span class='ocrx_word' id='word_1_1143' title='bbox 2109 5576 2379 5647; x_wconf 14' lang='grc' dir='ltr'><strong>Είιίεὺοιυᾼτ</strong></span> <span class='ocrx_word' id='word_1_1144' title='bbox 2413 5578 2507 5647; x_wconf 81' lang='grc' dir='ltr'><strong>ἐὰν</strong></span> <span class='ocrx_word' id='word_1_1145' title='bbox 2537 5578 2610 5647; x_wconf 85' lang='grc' dir='ltr'><strong>μὴ</strong></span> <span class='ocrx_word' id='word_1_1146' title='bbox 2657 5576 2756 5647; x_wconf 78' lang='grc' dir='ltr'><strong>ἔχῃ</strong></span> <span class='ocrx_word' id='word_1_1147' title='bbox 2778 5570 2995 5647; x_wconf 73' lang='grc' dir='ltr'><strong>’συνεχῆ</strong></span> <span class='ocrx_word' id='word_1_1148' title='bbox 3024 5575 3101 5647; x_wconf 38' lang='grc' dir='ltr'><strong>-τά</strong></span> <span class='ocrx_word' id='word_1_1149' title='bbox 3122 5571 3522 5647; x_wconf 25' lang='grc' dir='ltr'><strong>*νάματα-παρ’</strong></span> <span class='ocrx_word' id='word_1_1150' title='bbox 3562 5570 3777 5647; x_wconf 59' lang='grc' dir='ltr'><strong>ἑαυτῆς.</strong></span> 
     </span>
    </p>
   </div>
   <div class='ocr_carea' id='block_1_138' title="bbox 345 5637 3782 5714">
    <p class='ocr_par' dir='ltr' id='par_1_138' title="bbox 345 5637 3782 5714">
     <span class='ocr_line' id='line_1_140' title="bbox 345 5637 3782 5714; baseline 0 -19"><span class='ocrx_word' id='word_1_1151' title='bbox 345 5637 579 5714; x_wconf 63' lang='grc' dir='ltr'><strong>ίςινὲιιιο,</strong></span> <span class='ocrx_word' id='word_1_1152' title='bbox 637 5643 691 5714; x_wconf 83' lang='lat' dir='ltr'><strong>ui</strong></span> <span class='ocrx_word' id='word_1_1153' title='bbox 752 5637 931 5707; x_wconf 66' lang='lat' dir='ltr'><strong>iiillor,</strong></span> <span class='ocrx_word' id='word_1_1154' title='bbox 980 5645 1129 5699; x_wconf 70' lang='lat' dir='ltr'><strong>Arni.</strong></span> <span class='ocrx_word' id='word_1_1155' title='bbox 1157 5637 1407 5699; x_wconf 56' lang='lat' dir='ltr'><strong>Nosti-aui</strong></span> <span class='ocrx_word' id='word_1_1156' title='bbox 1437 5645 1745 5714; x_wconf 72' lang='lat' dir='ltr'><strong>lecliouelp,</strong></span> <span class='ocrx_word' id='word_1_1157' title='bbox 1770 5637 1891 5711; x_wconf 69' lang='grc' dir='ltr'><strong>(ιιιὲ</strong></span> <span class='ocrx_word' id='word_1_1158' title='bbox 1912 5637 2004 5701; x_wconf 72' lang='grc' dir='ltr'><strong>ἐει</strong></span> <span class='ocrx_word' id='word_1_1159' title='bbox 2041 5646 2288 5700; x_wconf 82' lang='lat' dir='ltr'><strong>codicum</strong></span> <span class='ocrx_word' id='word_1_1160' title='bbox 2320 5645 2383 5701; x_wconf 77' lang='lat' dir='ltr'><strong>il.</strong></span> <span class='ocrx_word' id='word_1_1161' title='bbox 2411 5646 2472 5703; x_wconf 89' lang='lat' dir='ltr'><strong>L.</strong></span> <span class='ocrx_word' id='word_1_1162' title='bbox 2513 5637 2797 5702; x_wconf 47' lang='lat' dir='ltr'><strong>v&#39;eflil&#39;C&#39;e.</strong></span> <span class='ocrx_word' id='word_1_1163' title='bbox 2875 5637 3049 5697; x_wconf 66' lang='grc' dir='ltr'><strong>’δ’ὐπὺ</strong></span> <span class='ocrx_word' id='word_1_1164' title='bbox 3076 5644 3186 5714; x_wconf 80' lang='grc' dir='ltr'><strong>τῶν</strong></span> <span class='ocrx_word' id='word_1_1165' title='bbox 3214 5637 3310 5714; x_wconf 59' lang='grc' dir='ltr'><strong>φρ.</strong></span> <span class='ocrx_word' id='word_1_1166' title='bbox 3341 5642 3405 5698; x_wconf 87' lang='lat' dir='ltr'><strong><em>K.</em></strong></span> <span class='ocrx_word' id='word_1_1167' title='bbox 3436 5637 3655 5714; x_wconf 78' lang='lat' dir='ltr'><strong>_p.p.</strong></span> <span class='ocrx_word' id='word_1_1168' title='bbox 3688 5637 3782 5714; x_wconf 50' lang='grc' dir='ltr'><strong>καὶ</strong></span> 
     </span>
    </p>
   </div>
   <div class='ocr_carea' id='block_1_139' title="bbox 348 5712 684 5783">
    <p class='ocr_par' dir='ltr' id='par_1_139' title="bbox 348 5712 684 5783">
     <span class='ocr_line' id='line_1_141' title="bbox 348 5712 684 5783; baseline 0 -20"><span class='ocrx_word' id='word_1_1169' title='bbox 348 5712 583 5783; x_wconf 68' lang='grc' dir='ltr'><strong>ἱιομένην</strong></span> <span class='ocrx_word' id='word_1_1170' title='bbox 596 5782 603 5783; x_wconf 17' lang='lat'><em>7</em></span> <span class='ocrx_word' id='word_1_1171' title='bbox 618 5713 684 5764; x_wconf 81' lang='grc' dir='ltr'><strong>Π.</strong></span> 
     </span>
    </p>
   </div>
   <div class='ocr_carea' id='block_1_140' title="bbox 786 5706 1996 5785">
    <p class='ocr_par' dir='ltr' id='par_1_140' title="bbox 786 5706 1996 5785">
     <span class='ocr_line' id='line_1_142' title="bbox 786 5706 1996 5785; baseline 0.001 -18"><span class='ocrx_word' id='word_1_1172' title='bbox 786 5714 829 5744; x_wconf 82' lang='grc'><strong>⁸⁸</strong></span> <span class='ocrx_word' id='word_1_1173' title='bbox 857 5706 1085 5785; x_wconf 66' lang='grc' dir='ltr'><strong>ἀγγελος</strong></span> <span class='ocrx_word' id='word_1_1174' title='bbox 1111 5725 1165 5770; x_wconf 84' lang='lat' dir='ltr'><strong><em>el</em></strong></span> <span class='ocrx_word' id='word_1_1175' title='bbox 1220 5714 1575 5785; x_wconf 71' lang='grc' dir='ltr'><strong>πολιτεύεται</strong></span> <span class='ocrx_word' id='word_1_1176' title='bbox 1597 5713 1659 5785; x_wconf 65' lang='lat' dir='ltr'><strong>li.</strong></span> <span class='ocrx_word' id='word_1_1177' title='bbox 1684 5712 1748 5785; x_wconf 7' lang='grc' dir='ltr'><strong>ἐι..</strong></span> <span class='ocrx_word' id='word_1_1178' title='bbox 1857 5715 1996 5767; x_wconf 78' lang='grc' dir='ltr'><strong>κιϐώ</strong></span> 
     </span>
    </p>
   </div>
   <div class='ocr_carea' id='block_1_141' title="bbox 2101 5706 3780 5785">
    <p class='ocr_par' dir='ltr' id='par_1_141' title="bbox 2101 5706 3780 5785">
     <span class='ocr_line' id='line_1_143' title="bbox 2101 5706 3780 5785; baseline 0.008 -17"><span class='ocrx_word' id='word_1_1179' title='bbox 2101 5733 2108 5761; x_wconf 76' lang='grc' dir='ltr'>ν</span> <span class='ocrx_word' id='word_1_1180' title='bbox 2138 5716 2231 5769; x_wconf 76' lang='grc' dir='ltr'><strong>καὶ</strong></span> <span class='ocrx_word' id='word_1_1181' title='bbox 2263 5715 2355 5768; x_wconf 87' lang='grc' dir='ltr'><strong>δύο</strong></span> <span class='ocrx_word' id='word_1_1182' title='bbox 2376 5716 2439 5785; x_wconf 62' lang='grc' dir='ltr'><strong>(ἶ.</strong></span> <span class='ocrx_word' id='word_1_1183' title='bbox 2485 5717 2667 5771; x_wconf 66' lang='lat' dir='ltr'><strong>invitis</strong></span> <span class='ocrx_word' id='word_1_1184' title='bbox 2707 5718 2942 5785; x_wconf 82' lang='lat' dir='ltr'><strong>lnlcrpp.</strong></span> <span class='ocrx_word' id='word_1_1185' title='bbox 2976 5712 3093 5784; x_wconf 73' lang='lat' dir='ltr'><strong>ml]</strong></span> <span class='ocrx_word' id='word_1_1186' title='bbox 3125 5706 3352 5782; x_wconf 72' lang='grc' dir='ltr'><strong>ῆὺῖεἰ.</strong></span> <span class='ocrx_word' id='word_1_1187' title='bbox 3428 5712 3473 5745; x_wconf 78' lang='grc'><strong>⁵⁷</strong></span> <span class='ocrx_word' id='word_1_1188' title='bbox 3508 5706 3780 5779; x_wconf 10' lang='grc' dir='ltr'><strong>ὲήμτέυρίαν</strong></span> 
     </span>
    </p>
   </div>
   <div class='ocr_carea' id='block_1_142' title="bbox 345 5778 1996 5858">
    <p class='ocr_par' dir='ltr' id='par_1_142' title="bbox 345 5778 1996 5855">
     <span class='ocr_line' id='line_1_144' title="bbox 345 5778 1996 5855; baseline 0.002 -20"><span class='ocrx_word' id='word_1_1189' title='bbox 345 5778 509 5835; x_wconf 60' lang='grc' dir='ltr'><strong>υίιι.</strong></span> <span class='ocrx_word' id='word_1_1190' title='bbox 539 5778 549 5783; x_wconf 75' lang='grc'><em>’</em></span> <span class='ocrx_word' id='word_1_1191' title='bbox 588 5782 631 5815; x_wconf 83' lang='grc'><strong><em>⁸⁸</em></strong></span> <span class='ocrx_word' id='word_1_1192' title='bbox 655 5778 825 5846; x_wconf 74' lang='grc' dir='ltr'><strong>οὕτως</strong></span> <span class='ocrx_word' id='word_1_1193' title='bbox 848 5778 917 5835; x_wconf 68' lang='grc' dir='ltr'><strong>(ἶ.</strong></span> <span class='ocrx_word' id='word_1_1194' title='bbox 946 5778 999 5838; x_wconf 63' lang='grc' dir='ltr'><strong>ει</strong></span> <span class='ocrx_word' id='word_1_1195' title='bbox 1040 5800 1121 5853; x_wconf 84' lang='lat' dir='ltr'><strong>pr.</strong></span> <span class='ocrx_word' id='word_1_1196' title='bbox 1161 5786 1225 5839; x_wconf 91' lang='lat' dir='ltr'><strong><em>ll.</em></strong></span> <span class='ocrx_word' id='word_1_1197' title='bbox 1305 5785 1349 5815; x_wconf 83' lang='lat'><strong>&quot;</strong></span> <span class='ocrx_word' id='word_1_1198' title='bbox 1379 5782 1644 5855; x_wconf 70' lang='grc' dir='ltr'><strong>κεφαλὰς]</strong></span> <span class='ocrx_word' id='word_1_1199' title='bbox 1666 5783 1903 5852; x_wconf 67' lang='grc' dir='ltr'><strong>ψηφῖδας</strong></span> <span class='ocrx_word' id='word_1_1200' title='bbox 1931 5785 1996 5839; x_wconf 77' lang='grc' dir='ltr'><strong>Κ.</strong></span> 
     </span>
    </p>
   </div>
   <div class='ocr_carea' id='block_1_143' title="bbox 2101 5778 2436 5858">
    <p class='ocr_par' dir='ltr' id='par_1_143' title="bbox 2117 5784 2436 5856">
     <span class='ocr_line' id='line_1_145' title="bbox 2117 5784 2436 5856; baseline 0 -17"><span class='ocrx_word' id='word_1_1201' title='bbox 2117 5784 2250 5856; x_wconf 74' lang='lat' dir='ltr'><strong>Reg.</strong></span> <span class='ocrx_word' id='word_1_1202' title='bbox 2285 5784 2436 5855; x_wconf 81' lang='lat'><strong>688.]</strong></span> 
     </span>
    </p>
   </div>
  </div>
