4088 6224
336 284 447 343 ιεελ

1217 289 1282 344 IN
1322 292 1723 350 hIAT'I'lliIUII
1770 292 1998 351 IIOIIIL.
2042 297 2247 358 XLVII.
2285 306 2357 361 al.
2399 306 2628 369 XLVIII.

3520 342 3622 395 486

338 411 615 469 excutiunt
644 429 660 466 :
690 418 743 466 tu
770 410 1254 468 verodumoblivio
1275 414 1415 471 tinea
1444 416 1793 485 perniciosior
1811 416 1931 470 ani-
2037 416 2276 475 omnium
2325 421 2675 485 humilitatem
2726 443 2779 487 et
2834 436 3256 500 misericordiam
3312 458 3616 523 sectemur,

338 518 473 523 ,μη
528 513 666 523 ,μω
704 501 983 523 LL..-“
1055 519 1154 523 ___
1196 504 1356 523 ..μμ
1391 505 1512 523 .-Α
1576 522 1623 523 η
1724 522 1733 523 ,
2042 505 2080 523 ,ι
2253 511 2284 523 ..
2456 516 2470 523 -

336 518 478 558 mam
527 513 670 557 tuam
704 501 988 557 labefactat
1008 543 1025 567 ,
1055 519 1159 557 non
1196 504 1361 559 libros
1390 505 1542 575 legis,
1570 522 1675 560 non
1723 515 1925 575 pestem

338 595 483 650 illam
514 594 739 666 depellis
766 637 780 659 ,
807 595 1039 650 animam
1068 612 1172 652 non
1201 611 1452 661 exornas,
1484 611 1589 652 non
1616 597 1810 668 aspicis
1838 612 1925 653 as-

334 689 486 745 sidue
529 689 743 744 virtutis
782 690 1088 760 imaginem,
1135 705 1236 745 nec
1276 693 1515 747 membra
1549 693 1665 762 ejus
1691 700 1926 761 eteaput

331 782 679 838 consideras?
701 782 834 838 Nam
861 791 916 839 et
940 792 1097 853 caput
1118 782 1283 840 habet
1308 793 1363 840 et
1389 784 1650 849 membra,
1678 787 1923 854 specioso

329 891 559 947 corpore
602 876 937 931 formosiora.
983 875 1136 943 Quod
1171 891 1300 946 ergo
1338 884 1498 945 caput
1544 886 1646 941 est,
1685 876 1914 945 inquies,

331 967 588 1023 virtutis?
633 966 932 1022 Humilitas.
960 966 1320 1035 Quamobrem
1349 966 1417 1021 ab
1442 967 1540 1022 hac
1562 967 1745 1035 incipit
1768 966 1923 1022 Chri-

329 1072 447 1118 stus
491 1061 672 1117 dicens
703 1078 717 1114 :
750 1059 889 1114 Beati
932 1075 1172 1129 pauperes
1198 1057 1429 1129 (Matth.
1460 1058 1511 1113 5.
1540 1057 1633 1126 5).
1678 1057 1791 1111 Hoc
1831 1072 1921 1111 ea-

331 1164 429 1226 put
477 1169 585 1209 non
623 1166 808 1208 eomas
851 1150 1033 1216 habet,
1082 1166 1188 1206 non
1233 1150 1531 1214 cincinnos,
1576 1148 1670 1204 sed
1716 1156 1916 1203 tantam

330 1246 796 1317 pulchritudinem,
828 1252 886 1299 ut
917 1244 1082 1299 Deum
1127 1243 1300 1312 ipsum
1340 1241 1570 1296 attrahat
1599 1256 1757 1295 :nam
1798 1241 1913 1294 ait:

337 1338 502 1406 Super
524 1354 665 1407 quem
709 1337 997 1405 respiciant,
1041 1334 1139 1388 nisi
1158 1351 1308 1404 super
1338 1344 1652 1387 mansuetum
1682 1344 1724 1386 et
1753 1333 1918 1386 humi-

326 1438 445 1498 tem,
486 1446 530 1490 et
577 1443 864 1489 trementem
908 1431 1057 1486 verba
1086 1447 1196 1485 mea
1222 1428 1376 1501 (Isai.
1400 1428 1487 1484 66.
1519 1427 1614 1497 9.)?
1644 1435 1731 1492 et,
1765 1425 1912 1479 Oculi

326 1531 426 1586 mei
445 1529 510 1583 ad
535 1537 819 1583 mansuetos
852 1534 999 1580 terra:
1029 1523 1196 1595 (Psal.
1231 1522 1318 1577 75.
1348 1521 1435 1577 10.
1476 1531 1522 1575 et
1562 1520 1683 1575 100.
1715 1520 1789 1592 6).
1824 1520 1910 1584 Ει,

325 1620 499 1692 Prope
537 1629 611 1675 est
636 1620 887 1674 Dominus
927 1616 1154 1670 contritis
1178 1614 1328 1668 corde
1348 1612 1516 1685 (Psal.
1536 1613 1624 1668 55.
1656 1612 1766 1683 l9).
1802 1612 1913 1665 lloc

319 1723 485 1784 caput
513 1727 608 1782 pro
632 1710 921 1780 capillis,et
942 1722 1114 1771 coma,
1139 1704 1398 1760 sacriﬁcia
1424 1703 1578 1758 oﬁ'ert
1607 1703 1715 1757 Deo
1737 1711 1904 1773 grata.

322 1807 430 1861 Ara
461 1814 542 1860 est
568 1817 750 1866 aurea,
775 1810 830 1855 et
850 1800 1018 1853 altare
1066 1797 1339 1866 Spirituale
1374 1814 1387 1849 :
1416 1810 1537 1849 nam
1584 1794 1910 1862 Sacri/icium

320 1897 431 1953 Deo
457 1896 661 1964 spiritus
698 1889 1060 1945 contribulatns
1086 1886 1257 1958 (Psal.
1289 1886 1380 1941 50.
1409 1884 1520 1955 19).
1550 1884 1674 1938 Hzrc
1714 1892 1798 1937 est
1823 1898 1909 1938 sa-

322 1986 540 2056 pientia:
578 1992 767 2037 mater.
798 1982 855 2035 Si
878 1982 999 2049 quis
1027 1979 1169 2033 illam
1198 1978 1409 2041 habent,
1437 1976 1642 2043 reliqua
1672 1974 1905 2029 habebit.

328 2078 573 2133 Vidistin‘
594 2085 771 2146 caput,
801 2073 957 2144 quale
979 2085 1238 2139 nusquam
1261 2068 1507 2122 videras?
1538 2066 1696 2121 Visne
1721 2065 1906 2121 faciem

323 2171 528 2235 videre,
558 2172 665 2223 imo
690 2164 962 2223 ediscere?
1006 2162 1124 2218 Jam
1171 2162 1317 2215 disce
1351 2161 1585 2215 colorem
1614 2159 1730 2228 ejus
1757 2158 1906 2213 rubi-

316 2264 574 2326 cundum,
624 2259 892 2323 floridum,
936 2267 992 2312 et
1027 2255 1184 2310 valde
1224 2254 1558 2324 gratiosum:
1593 2253 1741 2307 disce
1787 2250 1907 2321 qui-

316 2356 540 2411 busnam
582 2360 809 2408 constet.
840 2350 1045 2417 Quibus
1067 2364 1197 2419 ergo
1220 2347 1468 2403 constat?
1498 2345 1709 2400 Pudore
1742 2354 1902 2417 atque

320 2448 531 2502 rubore.
574 2444 907 2513 Quapropter
946 2442 1021 2495 ait
1057 2438 1319 2510 quispiam
1352 2457 1365 2492 :
1397 2440 1524 2492 Ante
1566 2440 1899 2493 uerecundum

316 2539 562 2607 praecedet
612 2536 775 2607 gratia
805 2533 992 2606 (Eccti.
1020 2533 1109 2588 δὲ.
1133 2531 1211 2601 9).
1244 2531 1355 2585 lloc
1389 2541 1442 2585 et
1488 2531 1605 2585 aliis
1648 2530 1901 2586 membris

314 2644 562 2699 magnam
606 2625 832 2681 infundit
859 2623 1322 2694 pulchritudinem.
1361 2621 1582 2675 Etiamsi
1626 2622 1771 2676 mille
1800 2622 1899 2675 mi—

312 2735 466 2776 sceas
496 2719 701 2772 colores
724 2758 741 2783 ,
774 2732 877 2771 non
904 2724 1102 2770 tantam
1132 2714 1364 2783 speciem
1393 2713 1615 2768 efﬁcies.
1644 2713 1700 2768 Si
1721 2725 1894 2768 autem

310 2823 364 2868 et
399 2812 583 2865 oculos
630 2810 809 2864 videre
847 2808 1063 2878 cupias,
1110 2807 1289 2875 a5piee
1334 2806 1449 2859 illos
1489 2805 1803 2859 modestiam
1844 2814 1897 2859 et

312 2902 695 2958 continentiam
720 2910 968 2955 accurate
994 2898 1327 2953 exhibentes.
1375 2896 1498 2951 Ideo
1525 2897 1622 2967 ipsi
1649 2904 1703 2952 et
1727 2896 1894 2953 forma

308 3006 365 3049 et
385 2994 627 3047 acumine
676 2993 897 3062 pollent,
928 2990 997 3044 ita
1029 2996 1087 3042 ut
1130 2989 1302 3058 ipsum
1334 2988 1616 3042 Dominum
1657 2988 1891 3043 videant.

311 3084 463 3145 Nam,
497 3082 660 3144 Beati,
686 3082 875 3152 inquit,
904 3079 1092 3134 mundo
1115 3078 1290 3145 corde,
1322 3079 1558 3147 quoniam
1589 3079 1689 3149 ipsi
1728 3079 1894 3134 Deam

310 3176 543 3231 ridebunt
572 3174 789 3246 (Matth.
811 3174 865 3228 5.
894 3172 975 3243 8).
1001 3170 1073 3227 Os
1118 3181 1296 3225 autem
1341 3171 1455 3241 ejus
1479 3214 1496 3239 ,
1539 3171 1795 3242 sapientia
1840 3183 1894 3228 et

309 3265 629 3333 intellectus,
646 3264 1103 3337 spiritualiumque
1120 3263 1439 3335 hymnorum
1456 3263 1769 3320 modulatio.
1790 3264 1894 3319 Cor

309 3370 509 3423 autem,
534 3359 926 3427 Scripturarum
956 3355 1177 3426 peritia,
1204 3369 1557 3425 verarumque
1584 3354 1892 3426 dogmatum

306 3451 663 3514 conservatio,
708 3447 1038 3518 benignitas,
1082 3446 1386 3501 clementia.
1426 3446 1503 3500 Ac
1546 3446 1892 3516 quemadmo-

308 3543 431 3597 dum
476 3542 591 3595 sine
635 3540 726 3594 illo
767 3541 945 3594 vivere
990 3538 1291 3608 nequimus,
1323 3536 1400 3592 sic
1430 3552 1603 3607 neque
1644 3538 1762 3592 sine
1800 3538 1892 3591 illo

304 3634 531 3688 salutem
559 3629 813 3701 consequi
844 3642 1147 3699 possumus.
1187 3626 1321 3683 Nam
1348 3626 1473 3681 hinc
1493 3627 1672 3681 omnia
1701 3627 1889 3682 oriun-

308 3737 397 3779 tur
424 3724 578 3779 bona.
616 3722 788 3778 llabet
813 3723 941 3776 item
969 3719 1133 3789 pedes
1159 3729 1213 3774 et
1235 3733 1443 3781 manus,
1476 3718 1735 3773 bonorum
1764 3732 1891 3786 ope-

306 3832 425 3871 rum
455 3813 695 3883 exetnpla
720 3829 736 3878 ;
766 3812 939 3866 anima
960 3810 1077 3880 ejus
1102 3819 1184 3864 est
1219 3810 1420 3879 pietas;
1453 3816 1641 3878 pectus
1666 3808 1781 3875 ejus
1807 3821 1894 3860 au-

306 3923 478 3973 reum,
508 3907 787 3962 adamante
816 3905 1039 3970 ﬁrmius,
1066 3912 1148 3960 est
1169 3902 1454 3968 fortitudo;
1481 3904 1660 3958 omnia
1688 3901 1892 3957 facilius

301 4013 575 4069 expugnes
593 4038 607 4061 ,
633 4010 791 4067 quam
838 4003 1018 4065 pectus
1039 3993 1177 4050 istud
1202 3993 1492 4064 dirumpas.
1525 3992 1773 4063 Spiritus,
1801 3990 1890 4063 qui

288 4102 360 4153 et
387 4092 436 4146 in
465 4089 712 4156 cerebro,
733 4097 787 4142 et
805 4088 857 4143 in
881 4086 1044 4142 corde
1069 4087 1297 4152 exsistit,
1321 4094 1403 4141 est
1427 4086 1641 4142 caritas.

373 4183 430 4238 ι.
483 4180 710 4235 Matt/uei
748 4180 1065 4250 evangelista:
1102 4181 1326 4235 virtutes.
1366 4181 1519 4233 Avari
1557 4191 1604 4235 et
1652 4180 1888 4251 pauperis

302 4276 574 4329 notantur-ii
601 4271 1057 4344 descriptio.—-Vis
1080 4273 1217 4327 hanc
1244 4273 1531 4343 imaginem
1562 4273 1653 4327 tibi
1687 4275 1736 4327 in
1758 4288 1887 4343 epe-

303 4368 450 4424 ribus
477 4366 793 4422 ostendam?
836 4365 1023 4437 Cogita
1064 4366 1195 4421 mihi
1226 4365 1367 4421 hunc
1405 4368 1576 4438 ipsum
1618 4367 1888 4438 evangeli-

299 4468 459 4524 stam,
485 4459 696 4514 etiamsi
720 4473 825 4514 non
847 4467 1009 4514 totam
1026 4458 1143 4529 ejus
1164 4459 1325 4514 vitam
1345 4459 1665 4530 descriptam
1690 4460 1884 4515 habea-

300 4567 453 4615 mus;
484 4558 719 4606 attamen
748 4568 812 4607 ex
838 4552 1022 4622 paucis
1049 4567 1169 4622 quae
1197 4560 1421 4620 restant,
1449 4554 1572 4608 licet
1599 4553 1884 4623 imaginem

282 4647 417 4714 .ejus
441 4645 809 4715 splendentem
852 4646 1053 4701 videre.
1101 4645 1253 4713 Quod
1300 4645 1515 4700 humilis
1541 4656 1594 4702 et
1622 4646 1885 4701 contritus

296 4750 481 4806 esset,
530 4739 653 4795 audi
684 4740 856 4810 ipsum
884 4740 936 4794 in
957 4737 1239 4810 Evangelia
1263 4753 1382 4794 sese
1418 4739 1755 4809 publicanum
1786 4755 1882 4795 vo-

296 4846 542 4899 cantem;
589 4833 733 4905 quod
760 4842 938 4888 autem
984 4833 1287 4889 misericors
1331 4841 1512 4898 esset,
1562 4832 1686 4888 vide
1734 4833 1880 4888 illum

294 4926 546 4982 omnibus
571 4918 797 4983 exutum
821 4926 1003 4983 Iesum
1034 4935 1365 4997 sequentem.
1391 4927 1540 4993 Quod
1574 4929 1688 4997 pius
1716 4937 1879 4993 esset,

297 5017 472 5085 palam
500 5029 585 5073 est
614 5034 682 5073 ex
709 5018 1066 5089 dogmatibus.
1096 5018 1499 5088 lntelligentiam
1527 5028 1581 5074 et
1604 5019 1877 5074 caritatem

292 5110 411 5179 ejus
444 5126 513 5165 ex
554 5125 621 5166 eo
657 5109 801 5181 quod
844 5110 1165 5180 conscripsit
1215 5110 1503 5180 Evangelio
1545 5110 1726 5165 videre
1750 5123 1876 5165 est:

296 5203 530 5259 universi
561 5205 702 5259 enim
744 5204 891 5259 orbis
927 5218 1107 5259 curam
1130 5204 1335 5272 gessit;
1367 5203 1627 5256 bonorum
1654 5216 1877 5272 operum

294 5306 670 5364 argumentum
701 5294 867 5349 habes
894 5309 960 5349 ex
1002 5295 1214 5359 throno,
1262 5294 1314 5347 in
1343 5309 1448 5363 quo
1474 5307 1717 5348 sessurus
1754 5302 1874 5359 est;

298 5384 662 5440 fortitudinem
688 5426 703 5449 ,
736 5385 875 5456 quod
903 5384 1141 5455 gaudens
1170 5400 1415 5439 reversus
1442 5385 1562 5437 sita
1588 5382 1720 5439 facie
1747 5397 1878 5437 con-

292 5477 424 5533 cilii.
458 5478 648 5534 Virtuti
674 5481 836 5551 igitur
863 5479 1150 5533 admodum
1177 5478 1515 5545 Studeamus,
1539 5478 1874 5548 maximeque

632 5810 902 5867 Parnm.
954 5811 1068 5866 lin.
1120 5808 1323 5868 LVIII.

2036 505 2152 614 sine
2175 511 2368 580 quibus
2393 516 2616 574 salutem
2638 527 2893 596 consequi
2920 545 3026 586 non
3053 547 3336 602 posuimus
3356 584 3371 607 ,

2033 595 2189 697 batur
2216 616 2281 657 ex
2323 607 2560 679 quinque
2610 595 2937 686 virginibus,
2970 634 3024 678 et
3053 595 3132 682 ex
3161 595 3459 691 Pharisieo:

2032 690 2149 747 sine
2189 695 2492 766 virginitate
2532 719 2751 775 regnum
2791 711 2940 771 adire
2978 732 3294 793 possumus,
3343 744 3448 785 non
3490 749 3620 790 vero

2031 782 2147 839 sine
2190 788 2551 850 misericordia
2592 808 2646 854 et
2669 802 3006 880 eleemosyna
3033 830 3047 866 :
3080 814 3168 871 illa
3195 821 3337 875 enim
3366 839 3617 882 necessa-

2029 966 2197 1024 tinent
2234 985 2505 1033 censetur.
2536 979 2650 1035 Non
2694 985 2811 1042 sine
2854 1005 3013 1048 causa
3060 1011 3189 1068 ergo
3220 1001 3452 1062 diximus
3495 1025 3614 1067 eam

2026 1070 2121 1112 cor
2146 1075 2266 1116 esse
2294 1064 2521 1122 virtutis.
2551 1069 2657 1127 Sed
2683 1089 2779 1130 cor
2805 1078 2977 1148 ipsum
3000 1124 3015 1148 ,
3048 1064 3149 1141 nisi
3179 1093 3428 1150 omnibus
3456 1100 3614 1166 spiri-

2027 1155 2138 1204 tum
2184 1152 2583 1227 subministret,
2637 1165 2743 1222 cito
2781 1173 3168 1244 exstinguitur;
3220 1182 3357 1238 sicut
3402 1197 3453 1240 et
3486 1152 3613 1245 fons

2028 1241 2126 1342 nisi
2173 1244 2367 1303 ﬂuenta
2417 1268 2580 1321 penes
2608 1272 2667 1313 se
2698 1268 3003 1329 perenniter
3045 1271 3275 1341 habeat,
3311 1284 3604 1347 putrescit:

2024 1330 2100 1386 sic
2128 1344 2182 1388 et
2226 1336 2450 1408 divites,
2481 1345 2526 1399 si
2554 1349 2693 1417 apud
2732 1368 2789 1407 se
2820 1370 2949 1425 opes
2989 1376 3111 1416 suas
3147 1366 3440 1426 detineant.
3485 1372 3609 1429 Ideo

2023 1429 2294 1483 communi
2360 1449 2454 1489 usu
2500 1437 2764 1509 dicimus,
2814 1446 2972 1503 Multa
3022 1457 3250 1521 putredo
3296 1460 3604 1521 divitiarum

2021 1517 2159 1581 apud
2209 1521 2366 1626 talem
2411 1526 2639 1585 habetur
2672 1552 2684 1586 :
2719 1550 2891 1607 neque
2917 1517 3177 1615 dicimus,
3218 1549 3376 1606 Multa
3408 1517 3596 1626 copia”,

2022 1621 2242 1708 magnus
2270 1612 2571 1674 thesaurus.
2605 1622 2733 1678 Nam
2780 1631 3008 1697 putredo
3055 1646 3140 1692 est
3163 1612 3289 1696 non
3324 1612 3598 1713 possideri:

2020 1696 2147 1753 tium
2172 1702 2350 1770 modo,
2380 1709 2472 1762 sed
2504 1711 2731 1780 ipsarum
2761 1718 3085 1780 divitiarum.
3111 1696 3436 1791 Vestimenta
3459 1742 3599 1795 enim

2018 1791 2289 1895 recondita
2335 1811 2784 1875 corrumpuntur,
2833 1828 3021 1870 aurum
3062 1822 3299 1891 aerugine
3347 1827 3555 1884 roditur
3582 1874 3597 1895 ,

3177 1876 3207 1891 υ
3256 1876 3291 1878 η
3347 1876 3541 1884 -ν--ηυ
3582 1876 3597 1895 ν

2018 1876 2338 1939 frumentum
2389 1904 2419 1942 a
2449 1894 2714 1953 vermibus
2754 1902 3004 1959 roditur:
3050 1910 3225 1967 anima
3272 1931 3399 1972 vero
3428 1926 3599 1990 possi-

2018 1967 2183 1990 A-_.!-
2216 1974 2263 1990 ..Ι

2015 1967 2188 2072 dentis
2216 1974 2331 2042 plus
2360 1994 2515 2048 quam
2548 1995 2739 2044 caetera
2783 1996 2961 2050 omnia
2988 2002 3131 2057 euris
3172 2007 3379 2064 roditur
3419 1967 3473 2067 et
3500 2032 3597 2082 pu-

2017 2062 2219 2116 trescit.
2254 2066 2310 2120 Si
2354 2071 2483 2126 velis
2512 2079 2654 2131 avari
2683 2082 2918 2140 animam
2958 2089 3009 2143 in
3048 2094 3281 2152 medium
3308 2062 3594 2170 adducere,

2016 2152 2153 2207 sicut
2179 2160 2555 2271 vestimentum
2596 2185 2624 2222 a
2656 2174 2801 2231 mille
2826 2179 2983 2236 tineis
3009 2198 3287 2246 eorrosum
3310 2234 3324 2259 ,
3356 2197 3594 2271 nihilque

2010 2258 2200 2302 sanum
2240 2251 2444 2313 habens
2470 2299 2486 2325 ,
2517 2261 2595 2317 sic
2620 2264 2857 2327 invenies
2883 2272 3029 2332 illam
3056 2294 3332 2341 corrosam
3362 2251 3594 2365 undique

2008 2340 2184 2441 curis,
2229 2350 2461 2414 peccatis
2492 2358 2792 2430 putridam,
2834 2376 2885 2420 ct
2918 2372 3157 2441 mrugine
3200 2340 3587 2441 labefactatam.

2009 2431 2076 2485 At
2109 2441 2355 2542 pauperis
2396 2446 2569 2501 anima
2597 2467 2703 2506 non
2732 2455 2852 2511 talis
2878 2431 3064 2532 utique
3085 2476 3201 2534 est,
3231 2431 3588 2542 pauperis-niu-

2006 2538 2162 2592 quam
2206 2528 2521 2631 voluntarii;
2551 2541 2644 2596 sed
2691 2544 2852 2616 fulget
2884 2561 2941 2606 ut
2971 2528 3589 2631 —aurum',.splendetﬂut

2008 2621 2313 2691 margarita,
2342 2623 2496 2683 ﬁoret
2524 2639 2578 2686 ut
2604 2648 2745 2689 rosa.
2777 2639 2892 2695 Non
2924 2643 2997 2699 ibi
3024 2621 3324 2717 tinea,vnon
3356 2654 3457 2723 fur,
3483 2675 3584 2715 non

2008 2723 2132 2763 cura
2164 2715 2481 2783 Saecularis;
2505 2724 2599 2776 sed
2633 2735 2686 2779 ut
2716 2731 2889 2799 angeli
2918 2748 3322 2801 eonversantur.
3356 2745 3444 2801 Vis
3468 2751 3586 2804 talis

2003 2802 2196 2857 anith
2217 2806 2658 2874 pulchritudinem
2680 2820 2900 2878 videre?
2934 2826 3015 2882 vis
3033 2837 3354 2901 paupertatis
3375 2802 3586 2898 divitias

2002 2892 2239 2951 ediscere
2255 2898 2280 2950 ."
2303 2898 2509 2972 Pauper
2525 2921 2627 2959 non
2654 2908 2877 2980 imperat
2896 2892 3220 2990 hominibus,
3240 2927 3335 2982 sed
3358 2928 3585 3001 imperat

2001 2985 2351 3057 daemonibus;
2370 3008 2476 3049 non
2493 2997 2663 3053 adstat
2678 3005 2811 3072 regi,
2824 3007 2916 3062 sed
2929 3010 3103 3068 adstat
3116 2985 3246 3083 Deo;
3267 3034 3370 3076 non

1999 3094 2119 3134 cum
2154 3081 2459 3142 hominibus
2482 3128 2500 3155 ,
2531 3092 2625 3147 sed
2655 3109 2775 3151 cum
2806 3103 3043 3172 angelis;
3075 3123 3181 3163 non
3215 3111 3375 3169 habet
3388 3081 3581 3175 arcam

2002 3186 2183 3239 unam,
2214 3175 2293 3231 vel
2324 3176 2478 3247 duas,
2508 3182 2593 3238 vel
2620 3193 2748 3255 tres,
2778 3190 2860 3245 vel
2891 3194 3094 3262 viginti,
3125 3200 3220 3255 sed
3249 3211 3447 3260 tantam
3492 3225 3581 3263 rc-

1988 3458 2177 3502 serves
2216 3446 2395 3517 habet,
2446 3453 2613 3509 animi
2648 3461 2901 3525 morbos;
2931 3460 3092 3518 habet
3118 3480 3305 3522 servos
3329 3509 3343 3534 ,
3384 3486 3573 3543 nempe

1990 3539 2261 3607 appetitus
2278 3543 2371 3611 qui
2397 3545 2613 3615 regibus
2640 3548 2925 3620 imperant.
2953 3554 3027 3608 Illi
3053 3556 3197 3611 enim
3224 3561 3472 3617 carnales
3496 3539 3571 3619 af-

1987 3626 2183 3695 iectus,
2211 3632 2304 3701 qui
2328 3636 2409 3688 vel
2430 3652 2672 3707 purpura
2697 3642 3036 3701 circumdato
3060 3648 3349 3717 imperant,
3372 3669 3570 3725 paupe-

1987 3734 2105 3775 rem
2130 3735 2472 3793 reverentur,
2495 3748 2509 3780 ι
2529 3738 2550 3781 ι
2573 3742 2761 3785 contra
2788 3736 3059 3802 respicere
3080 3755 3187 3793 non
3217 3745 3442 3802 audent.
3472 3746 3571 3801 Re-

1988 3826 2157 3881 gnum
2176 3822 2435 3871 etaurum
2454 3820 2748 3891 omniaque
2765 3825 2986 3893 similia,
3007 3840 3066 3883 ut
3089 3844 3380 3899 puerorum
3414 3838 3567 3893 ludos

1984 3902 2144 3971 ridet,
2164 3915 2218 3961 et
2236 3917 2296 3962 ut
2312 3910 2712 3979 rotulas,talos,
2739 3918 3199 3990 eapita,spba:ras
3222 3922 3322 3996 (a),
3351 3928 3424 3983 ita
3453 3929 3564 3985 hmc

1982 3997 2165 4053 omnia
2192 4008 2343 4069 putat
2390 4018 2512 4059 esse
2548 4009 2878 4075 spernenda.
2903 4010 3076 4068 liabet
3107 4015 3250 4071 enim
3284 4031 3562 4083 ornatum.

1981 4103 2145 4159 quem
2164 4107 2234 4147 ne
2257 4094 2533 4163 respicere
2552 4098 2772 4167 quidem
2799 4111 3029 4170 possunt
3051 4105 3109 4172 ii,
3134 4108 3229 4178 qui
3250 4108 3561 4181 hujusmodi

1982 4180 2125 4237 ludis
2143 4190 2357 4254 tempus
2376 4195 2578 4245 terunt.
2594 4190 2733 4255 Quid
2759 4192 2923 4261 igitur
2940 4195 3041 4251 hoc
3056 4212 3294 4270 paupere
3308 4215 3575 4272 pra:stau--

1981 4271 2092 4326 tius
2115 4272 2316 4329 fuerit?
2339 4275 2390 4331 Is
2414 4279 2785 4348 pavimentum
2829 4283 2988 4341 habet
3025 4287 3239 4343 caelum.
3286 4271 3341 4346 Si
3377 4303 3559 4350 autem

1981 4362 2087 4419 tale
2111 4366 2485 4435 pavimentum
2511 4378 2617 4434 est,
2640 4372 2845 4441 cOgites
2867 4374 3025 4428 velim
3040 4378 3184 4446 quod
3208 4387 3409 4437 tectum
3434 4385 3557 4440 erit.

1982 4453 2085 4510 Sed
2111 4472 2221 4512 non
2246 4457 2409 4513 habet
2429 4474 2599 4529 equos
2621 4471 2675 4515 et
2696 4477 2893 4517 currus
2909 4463 2933 4515 ?
2952 4463 3091 4530 Quid
3116 4467 3223 4522 illis
3244 4486 3381 4539 opus
3402 4473 3561 4528 habet

1979 4546 2029 4602 is
2066 4549 2162 4618 qui
2201 4550 2442 4606 nubibus
2466 4553 2743 4610 vehendus
2765 4564 2871 4621 est,
2899 4566 2952 4611 et
2981 4571 3106 4613 cum
3131 4559 3350 4617 Christo
3382 4564 3561 4620 vivet?

1980 4631 2106 4690 Herc
2146 4638 2447 4706 cogitantes
2481 4650 2537 4695 et
2569 4643 2671 4698 viri
2716 4653 2771 4699 et
2799 4645 3056 4703 mulieres
3094 4648 3216 4705 illas
3247 4667 3558 4721 quaeramus

1981 4725 2203 4782 divitias
2232 4740 2285 4783 et
2316 4746 2497 4786 rerum
2531 4736 2745 4805 copiam
2779 4754 2886 4793 non
2926 4739 3343 4807 absumeudam,
3374 4754 3431 4797 ut
3468 4762 3556 4800 re-

1980 4832 2145 4887 gnum
2176 4820 2431 4875 caelorum
2460 4838 2885 4896 consequamur,
2910 4830 3082 4900 gratia
3103 4841 3157 4885 et
3180 4832 3555 4890 misericordia

1984 4907 2195 4963 Domini
2233 4913 2404 4965 nostri
2433 4911 2559 4968 Iesu
2587 4914 2815 4984 Christi,
2848 4922 2935 4974 cui
2963 4920 3134 4991 gloria
3172 4933 3225 4976 et
3266 4924 3553 4992 imperium

1984 4999 2042 5054 in
2073 5003 2272 5058 Stecula
2305 5006 2651 5063 saeculorum.
2683 5012 2876 5067 Amen.

2044 5183 2114 5245 (α)
2141 5184 2303 5257 Verba
2330 5188 2493 5238 Graeca
2514 5189 2593 5240 his
2618 5192 2817 5257 vocibus
2842 5195 3187 5256 respondentia
3210 5204 3341 5257 sunt,
3368 5203 3446 5249 mi
3469 5220 3559 5250 κα.

1979 5245 2124 5320 θάπερ
2139 5250 2356 5320 ςτροχοὺς,
2385 5257 2430 5320 el
2453 5257 2505 5300 ut
2527 5254 2746 5320 rutulus;
2771 5257 2851 5303 καὶ
2871 5245 3211 5320 ἀᾶτραγάλους,
3472 5245 3557 5313 ita!

1979 5263 2126 5357 ναπῇ
2143 5263 2356 5312 τροχοὺς,
2385 5263 2430 5300 et
2453 5263 2505 5300 ut
2527 5263 2746 5312 rotatas;
2771 5263 2851 5303 καὶ
2871 5263 3211 5319 ἀστραγάλους,
3234 5266 3281 5309 et
3302 5263 3457 5320 talos;
3475 5267 3556 5331 ξιαῑ

1977 5322 2094 5381 nsp-
2129 5310 2200 5367 ὰς,
2222 5319 2267 5361 et
2288 5311 2480 5381 capita;
2501 5315 2581 5381 ῃαί
2608 5318 2825 5377 σφαίρας.
2851 5318 3153 5381 asp/ueras.
3183 5323 3231 5371 In
3265 5336 3361 5370 uno
3386 5324 3556 5375 codice

1978 5366 2585 5447 I33itu5ﬁeptnspahiac,
2608 5366 2715 5447 pro,
2730 5366 2980 5447 ’κςξάλὰςέ
3010 5366 3347 5445 nstitit—walch
3368 5391 3557 5447 autem,

1976 5429 2509 5507 E‘tige‘ophras'to‘teste,
2535 5429 2623 5507 pro
2647 5429 2830 5507 glande
2872 5429 3086 5507 querna:
3102 5429 3557 5507 ac’c‘iiifui,'éi"§i'é

1978 5489 2092 5542 huic
2111 5489 2220 5544 loco
2245 5494 2399 5558 probe
2422 5489 2697 5549 notaretur.
2720 5500 2814 5553 (Σίν.
2843 5489 3552 5571 Αᾶηοε.Ρὶὲιῖἱξῖὸ-ῥᾶέίιςῖἷ
