4088 6224
497 354 595 408 487

538 480 615 490 ’,-

1262 341 1317 395 S.
1351 334 1625 392 JOA‘NNIS
1662 324 2138 387 CHRYSUSTOMI
2181 323 2498 378 ARCHIEP.
2539 317 3072 376 CONSTANTINOP.

630 443 2618 486 ΜΝ

3666 308 3771 363 438

3595 431 3771 441 -αρ

1574 514 1919 579 HOMILIA
1965 511 2251 621 Χιδνιιι.
2308 509 2399 569 al.
2448 506 2677 568 XLIX.

494 686 618 738 (ἶλῐι.
664 682 754 736 15.
799 694 849 731 v.
898 677 986 731 55.
1035 672 1100 727 Et
1139 674 1327 744 factum
1369 675 1461 729 est,
1523 676 1635 714 cum
1693 661 2080 710 consummasset

771 770 921 824 Jesns
950 763 1214 833 parabolas
1242 760 1384 822 istas,
1416 753 1643 807 transivit
1669 750 1805 802 inde.

572 868 624 920 1.
653 861 761 921 Cur
782 861 935 925 dixit,
968 853 1143 910 Istas?
1169 851 1301 919 Quia
1323 848 1455 901 alias
1483 843 1723 897 dicturus
1746 846 1880 892 erat.
1910 835 2084 904 Quare

497 960 621 1013 inde
652 950 915 1011 recessit?
959 947 1030 1004 Ut
1068 944 1293 999 verbum
1326 938 1523 1007 ubique
1551 930 1944 989 dissetninaret.
1988 927 2077 980 54.

501 1052 560 1105 ΕΙ
593 1065 709 1104 cum
734 1044 945 1101 venisset
971 1042 1025 1093 in
1052 1036 1270 1107 patriam
1298 1046 1464 1095 suam,
1496 1026 1703 1079 docebat
1727 1038 1809 1075 eos
1852 1021 1902 1072 in
1926 1034 2082 1087 syna-

498 1158 628 1214 goga
655 1154 847 1194 eorum.
875 1134 1044 1200 Quam
1073 1135 1227 1183 vocat
1258 1122 1479 1193 patriam
1503 1114 1697 1172 suam?
1734 1112 1959 1167 Nazaret
1979 1151 1994 1174 ,
2028 1116 2084 1161 ιιι

500 1199 629 1289 inihi
659 1229 874 1301 quidem
898 1199 1127 1278 videtur.
1164 1215 1282 1270 Non
1311 1212 1452 1269 enim
1478 1209 1546 1261 ibi
1574 1207 1691 1277 fecit
1718 1205 1922 1257 virtutes
1952 1199 2085 1252 mul-

501 1338 578 1380 m
607 1289 817 1396 (naua.
853 1312 1072 1382 13.58),
1103 1309 1209 1371 ait;
1258 1306 1308 1359 in
1333 1304 1663 1371 Capernaum
1694 1304 1868 1347 autem
1913 1289 2079 1343 multa

502 1384 625 1475 fecit
664 1414 847 1483 signa;
892 1412 1217 1478 quapropter
1251 1396 1463 1453 dicebat
1488 1411 1501 1447 :
1530 1389 1599 1444 Et
1644 1397 1696 1442 tu
1724 1384 2043 1457 Capernaum
2068 1420 2083 1445 ,

502 1524 616 1583 qua:
641 1478 798 1575 usque
835 1500 903 1554 ad
936 1496 1115 1552 calum
1158 1490 1379 1546 exaltata
1419 1501 1472 1540 es
1495 1526 1508 1549 ,
1540 1495 1695 1551 usque
1740 1478 1806 1530 ad
1832 1478 2089 1565 infernum

504 1565 812 1655 descendes:
839 1591 1073 1656 quoniam
1104 1586 1145 1639 si
1179 1584 1233 1636 in
1262 1577 1500 1636 Sodomis
1522 1578 1668 1644 [actia
1693 1570 1899 1642 fuissent
1928 1565 2088 1618 virtu-

507 1706 598 1761 tes,
624 1706 736 1761 quia
765 1689 915 1758 {actia
940 1691 1053 1738 sunt
1085 1681 1138 1733 in
1169 1688 1216 1731 te
1238 1718 1250 1740 ,
1281 1671 1579 1727 mansissent
1603 1664 1771 1735 utique
1799 1674 1954 1727 usque
1992 1656 2087 1709 ho-

507 1749 598 1841 die,
618 1749 828 1853 ('Matt'h.
865 1777 953 1833 ll.
979 1774 1093 1844 25).
1126 1769 1259 1825 Cum
1306 1777 1468 1836 porro
1496 1758 1729 1813 venisset
1761 1753 1913 1813 istuc,
1940 1749 2090 1817 signa

505 1877 719 1949 quidem
750 1870 916 1927 multa
944 1881 1048 1922 non
1072 1863 1216 1926 fecit,
1240 1876 1307 1914 ne
1334 1858 1385 1911 in
1411 1853 1668 1922 majorem
1693 1847 1814 1901 illos
1841 1841 2089 1897 invidiam

509 1936 885 2030 inflammaret,
916 1974 1050 2016 neve
1079 1956 1148 2011 ob
1168 1952 1425 2022 majorem
1450 1940 1872 2000 incredulitatem
1895 1936 1948 1989 in
1972 1946 2093 2003 gra-

510 2155 763 2230 proponit
787 2165 893 2207 non
932 2143 1153 2202 minoris
1197 2152 1355 2210 quam
1398 2133 1545 2203 signa
1593 2119 1982 2182 admirationis.
2024 2117 2095 2170 At

1334 2227 1345 2230 ³
1466 2223 1478 2230 ⁸
1543 2221 1553 2230 ⁸
1652 2218 1664 2230 ⁶
1786 2224 1798 2230 -
1866 2212 1878 2230 l
1942 2210 2062 2230 19-.-

509 2210 810 2307 stttllissitni
859 2239 1101 2295 homines
1125 2276 1140 2300 ,
1173 2227 1386 2302 quando
1415 2218 1667 2278 admirari
1695 2258 1709 2282 ,
1750 2224 1805 2271 et
1830 2212 1899 2268 ob
1926 2210 2095 2265 dicto-

512 2354 634 2396 rum
674 2337 780 2391 vim
820 2332 1199 2397 obstupescere
1230 2334 1322 2391 par
1349 2316 1533 2370 fuisset
1559 2352 1573 2377 ,
1602 2310 1675 2364 illi
1705 2316 1889 2361 contra
1921 2303 2092 2372 ipsum

514 2429 883 2504 parvifaciunt,
931 2418 1074 2493 quod
1103 2416 1187 2472 tali
1214 2421 1361 2483 patre
1388 2416 1544 2463 natus
1571 2408 1845 2475 putaretur
1870 2416 1883 2452 :
1908 2409 2095 2466 quam-

511 2488 670 2597 quam
700 2488 1249 2584 multasuperioribus
1275 2497 1606 2571 temporibus
1630 2488 1873 2558 exempla
1898 2501 2096 2556 suppe-

512 2581 690 2675 terent
716 2626 902 2669 eorum
931 2581 1021 2680 qui
1051 2600 1269 2676 ignobili
1314 2605 1463 2668 patre
1488 2591 1596 2647 nati
1639 2587 1964 2643 claruerant.
1995 2581 2097 2635 Da-

515 2711 604 2766 vid
634 2709 828 2780 quippe
852 2703 1019 2759 Jessae
1044 2697 1163 2753 vilis
1191 2690 1467 2763 cujusdam
1497 2683 1745 2756 agricolze
1769 2680 1909 2734 filius
1936 2684 2051 2731 erat
2080 2689 2094 2727 :

514 2814 568 2859 et
617 2768 782 2857 Amos
828 2792 1060 2865 eaprarii
1120 2788 1295 2851 filius,
1352 2783 1467 2852 ipse
1525 2788 1737 2848 quoque
1780 2768 2095 2841 caprarius:

517 2895 724 2966 Moyses
751 2903 879 2945 vero
911 2883 1199 2955 legislator,
1227 2877 1383 2946 longe
1404 2887 1464 2927 se
1489 2867 1742 2924 inferiore
1766 2871 1916 2933 patre
1945 2868 2100 2913 natus

517 2948 622 3042 est:
651 2984 784 3038 Cum
812 2976 1141 3050 oportuisset
1180 2983 1307 3038 ergo
1347 2964 1466 3020 ideo
1497 2959 1727 3016 maxime
1756 2950 1998 3009 venerari
2038 2948 2103 3002 il-

518 3040 625 3133 lum
655 3040 1111 3140 etobstupescere
1133 3103 1149 3131 ,
1180 3058 1322 3132 quod
1352 3072 1415 3112 ex
1446 3053 1640 3109 talibus
1670 3055 1819 3103 ortus
1853 3042 1979 3099 talia
2025 3040 2102 3095 lo-

518 3178 772 3242 queretur
800 3182 813 3217 :
846 3159 1184 3217 manifestum
1211 3150 1405 3223 quippe
1430 3154 1545 3202 erat
1572 3143 1620 3197 id
1646 3156 1750 3196 non
1777 3153 1842 3193 ex
1870 3136 2102 3190 humano

518 3228 736 3327 δἰιιιιιο,
783 3254 877 3313 sed
923 3268 988 3308 ex
1017 3249 1196 3306 divina
1237 3242 1405 3316 gratia
1448 3234 1742 3310 proficisci;
1790 3230 1913 3285 inde
1955 3228 2103 3282 illum

520 3448 587 3503 ad
614 3417 911 3518 synagogas
940 3436 1069 3496 ibat,
1102 3445 1168 3486 ne
1188 3428 1233 3484 si
1262 3432 1519 3496 perpetuo
1548 3421 1599 3474 in
1625 3417 1840 3473 deserto
1864 3424 2107 3467 versare-

523 3501 846 3604 tur,'ma‘gis'
865 3530 1173 3583 incusarent
1193 3561 1209 3587 ,
1252 3529 1521 3586 tamquam
1553 3507 1865 3580 frequentia:
1893 3512 1946 3561 et
1973 3501 2105 3557 civi-

526 3593 649 3688 tatis
674 3593 1054 3684 adversarium.
1083 3614 1373 3684 Stupentes
1402 3608 1561 3678 igitur
1586 3611 1641 3658 et
1668 3599 1995 3667 ambigentes
2021 3593 2106 3648 di-

524 3727 717 3782 cebant
755 3740 770 3777 :
820 3715 967 3775 Unde
995 3711 1111 3767 huic
1151 3704 1401 3779 sapientia
1448 3700 1552 3754 haec
1581 3706 1625 3752 et
1667 3692 1913 3750 virtutes?
1949 3688 2110 3759 Signa

529 3820 753 3875 virtutes
795 3807 1090 3871 vocabant,
1132 3802 1246 3858 sive
1273 3798 1441 3869 ipsam
1486 3788 1801 3863 sapientiam
1849 3784 1984 3855 ejus.
2018 3782 2108 3838 55.

532 3911 584 3969 Ν
589 3926 716 3967 onne
744 3907 824 3963 hic
847 3913 918 3960 est
938 3899 1069 3974 fabri
1096 3892 1270 3965 ﬁlius?
1298 3891 1438 3959 Ergo
1466 3882 1776 3940 miraculum
1806 3877 1975 3946 majus
2003 3888 2114 3974 ma-

532 4007 717 4077 jorque
759 3965 965 4068 stupor.
1009 3987 1195 4045 Nonne
1230 3992 1390 4036 mater
1432 3980 1540 4049 ejus
1583 3975 1767 4027 dicitur
1815 3965 2027 4023 Maria?
2068 3973 2114 4017 et

1216 4075 1231 4077 ’
1507 4068 1561 4077 ’“·
1741 4071 1752 4077 -
1790 4060 1811 4077 ι
1868 4059 1887 4077 1
1930 4075 1941 4077 μ
1964 4061 1990 4077 αι
2025 4054 2089 4077 μη

535 4054 715 4169 ξῖαῗνεε
745 4054 863 4160 ejus.
876 4084 1099 4140 Iacobus
1126 4089 1175 4132 et
1200 4075 1347 4129 Joses
1373 4113 1387 4135 ,
1428 4078 1472 4123 et
1486 4068 1680 4169 ‘Simon
1706 4071 1753 4116 et
1777 4059 1946 4169 {udas
1964 4061 1990 4114 ?
2023 4054 2112 4109 56.

535 4146 581 4241 rt
607 4146 804 4238 sorores
832 4178 941 4247 ejus
972 4184 1137 4225 nonne
1165 4178 1334 4219 omnes
1359 4158 1497 4228 apud
1526 4171 1617 4209 nos
1643 4151 1799 4206 sunt?
1826 4146 1974 4204 Unde
2000 4161 2117 4216 ergo

540 4278 656 4335 huic
683 4244 1013 4327 omnia'ista?
1038 4262 1127 4316 57.
1156 4256 1223 4311 Et
1252 4247 1725 4309 scandalizabantur
1744 4244 1799 4297 in
1824 4258 1904 4297 eo.

616 4363 826 4424 Invidia
854 4373 989 4429 stupe
1007 4368 1176 4410 secum
1201 4350 1313 4420 ipsa
1335 4350 1546 4417 pugnat.
1566 4368 1640 4381 ——
1661 4336 1844 4393 Viden‘
1877 4334 1928 4388 in
1954 4330 2121 4429 Naza-

544 4420 638 4522 ret
653 4420 752 4517 ista
778 4420 1153 4512 dicta-fuisse?
1180 4442 1367 4499 Nonne
1396 4436 1589 4491 fratres
1614 4430 1751 4502 ejus,
1785 4424 1974 4495 inquit,
2006 4420 2122 4475 talis

544 4514 739 4613 ettalis
764 4546 929 4608 sunt?
959 4544 1027 4600 Et
1053 4539 1178 4613 quid
1208 4535 1345 4592 hoc?
1377 4532 1508 4587 Hinc
1536 4527 1764 4583 maxime
1793 4521 1943 4577 vobis
1972 4516 2038 4571 ad
2060 4514 2124 4569 ft-

546 4650 667 4705 dem
696 4642 870 4700 induci
900 4653 996 4711 par
1035 4639 1170 4689 erat.
1203 4627 1400 4682 Verum
1431 4620 1571 4678 mala
1610 4632 1698 4674 res
1725 4614 1921 4671 invidia
1946 4652 1960 4676 ,
2009 4621 2126 4678 qum

976 4729 1253 4796 repugnat.
1283 4717 1414 4773 Nam
1441 4729 1560 4785 qua:
1590 4707 1847 4770 inaudita,
1877 4713 1929 4758 et
1956 4698 2129 4810 ad'mi-

550 4791 722 4892 randa
740 4791 902 4887 erant
919 4864 933 4885 .
977 4791 1201 4892 quaeque
1232 4813 1352 4867 illos
1395 4805 1662 4862 attrahere
1690 4804 1970 4871 poterant,
2017 4791 2133 4845 haec

553 4884 1021 4987 illiswal'endiculo
1049 4884 1221 4967 erant.
1253 4902 1391 4973 Quid
1432 4901 1591 4971 igitur
1614 4894 1860 4953 Christus
1897 4888 1962 4942 ad
1992 4884 2132 4987 eos?

707 4978 778 5071 est
804 5007 1048 5085 propheta
1067 5043 1083 5069 ,
1118 4999 1326 5069 inquit,
1358 4994 1466 5049 sine
1494 4991 1684 5043 honore
1705 5026 1718 5049 ,
1749 4983 1845 5037 nisi
1887 4982 1939 5034 in
1966 4978 2135 5051 patria

558 5126 683 5175 sua,
797 5070 851 5158 in
889 5070 1038 5156 domo
1068 5111 1180 5150 sua.
1209 5089 1297 5147 58.
1344 5086 1409 5141 Et
1439 5100 1538 5139 non
1567 5080 1680 5153 fecit
1710 5076 1913 5131 virtutes
1952 5070 2139 5126 multas

561 5160 764 5272 propter
808 5188 1212 5250 incredulitatem
1254 5195 1446 5236 eorum.
1492 5175 1662 5230 Lucas
1704 5177 1878 5224 autem
1913 5165 1988 5219 ait
2027 5180 2041 5217 :
2075 5160 2142 5215 Et

560 5256 669 5351 non
690 5290 806 5361 fecit
847 5285 916 5341 ibi
942 5283 1086 5354 signa
1110 5277 1292 5331 multa.
1326 5269 1485 5341 Atqui
1514 5266 1690 5321 facere
1713 5260 2019 5323 debuisset,
2060 5256 2143 5309 in-

563 5349 736 5458 quies.
762 5378 896 5437 Nam
923 5375 965 5431 si
986 5349 1045 5427 id
1075 5373 1394 5438 assequutus
1423 5370 1503 5416 est
1532 5365 1589 5411 ut
1614 5349 1952 5409 admirationi
1979 5353 2142 5410 esset,

568 5446 626 5533 ut
653 5488 779 5530 vere
808 5468 944 5535 fuit,
971 5480 1066 5520 cur
1093 5462 1242 5532 signa
1281 5471 1387 5511 non
1419 5447 1577 5507 fecit?
1603 5446 1735 5514 Quia
1776 5457 1880 5498 non
1909 5447 2147 5495 ostenta—

569 5570 790 5628 tionem,
821 5559 916 5617 sed
941 5570 1127 5615 eorum
1148 5529 1434 5608 utilitatem
1464 5545 1517 5600 in
1544 5555 1708 5611 scopo
1742 5534 1990 5590 habebat.
2015 5529 2147 5585 Cum

574 5662 730 5734 igitur
758 5658 871 5711 haec
898 5651 978 5707 via
1008 5664 1114 5705 non
1155 5640 1504 5701 succederet,
1545 5636 1613 5690 ab
1642 5648 1707 5688 eo
1734 5627 1874 5701 quod
1903 5642 1933 5682 e
1960 5642 2019 5679 re
2056 5638 2149 5677 sua

573 5722 693 5808 esse
721 5745 995 5802 videbatur
1024 5735 1299 5800 abstinuit,
1322 5746 1389 5787 ne
1414 5728 1545 5799 ipsis
1571 5722 1886 5796 supplicium
1912 5726 2150 5787 augeret.

577 5846 904 5915 Quamquam
934 5842 1052 5895 post
1086 5837 1289 5887 tantum
1323 5833 1531 5895 tempus
1551 5861 1564 5886 ,
1594 5825 1713 5890 post
1740 5823 1815 5870 tot
1839 5813 1982 5870 edita
2009 5809 2155 5879 signa

2191 651 2255 704 ad
2287 650 2403 703 illos
2432 650 2635 703 venerit
2669 665 2681 700 :
2711 655 2766 700 at
2792 660 2963 715 neque
2994 644 3071 699 sic
3094 643 3241 697 illuni
3270 644 3523 706 tulerunt,
3555 641 3661 693 imo
3692 655 3776 693 ar-

2193 743 2391 796 debant
2444 739 2659 794 invidia.
2702 737 2811 793 Cur
2849 752 2976 807 ergo
3011 750 3175 805 pauca
3219 745 3392 788 tamen
3436 731 3560 787 fecit
3587 731 3775 800 signa?

2191 833 2269 888 Ne
2297 833 2556 897 dicerent,
2590 830 2798 893 Mediae,
2829 845 2951 882 cura
2978 838 3024 881 te
3046 828 3211 896 ipsum
3239 823 3385 895 (Luc.
3413 824 3463 878 4.
3496 822 3585 892 23)
3610 840 3623 886 ;
3662 821 3770 884 vel,

2194 925 2440 978 Inimicus
2469 934 2651 978 noster
2692 931 2772 977 est
2799 931 2852 976 et
2882 921 3049 975 hostis
3071 960 3086 985 ,
3118 919 3412 986 afﬁnesque
3442 931 3566 970 suos
3592 915 3770 983 despi-

2190 1016 2294 1081 cit;
2330 1031 2395 1071 ne
2422 1015 2683 1076 dicerent,
2713 1013 2767 1067 Si
2813 1012 2945 1066 facta
2979 1011 3201 1066 fuissent
3225 1008 3371 1079 signa
3395 1050 3409 1074 ,
3447 1022 3544 1061 nos
3563 1021 3773 1075 quoque

2192 1106 2623 1161 credidissemns.
2654 1105 2773 1160 ldeo
2803 1114 2853 1157 et
2881 1104 3029 1173 signa
3058 1102 3181 1156 fecit
3201 1143 3216 1166 ,
3255 1109 3309 1155 et
3342 1101 3449 1153 cito
3478 1097 3649 1151 facere
3676 1096 3774 1151 de-

2188 1198 2295 1262 siit;
2324 1206 2431 1251 ttun
2464 1207 2518 1250 ut
2543 1213 2662 1267 qua:
2692 1214 2783 1250 sua
2805 1207 2959 1267 erant
2986 1194 3260 1262 impleret;
3287 1202 3395 1246 tum
3419 1206 3486 1246 ne
3512 1190 3768 1260 majorem

2191 1290 2318 1360 ipsis
2370 1290 2762 1343 damnationem
2807 1287 3118 1342 attraherct.
3163 1286 3431 1340 Dictorum
3479 1298 3638 1353 porro
3669 1282 3773 1335 vim

2199 1382 2393 1452 cogita.
2432 1381 2603 1436 Etiam
2644 1381 2837 1435 invidia
2878 1377 3511 1448 correpti,emirabantur
3555 1385 3772 1429 tamen:

2196 1489 2378 1528 verum
2414 1476 2551 1527 sicut
2580 1474 2631 1527 in
2660 1472 2912 1542 operibus
2939 1489 3042 1525 non
3074 1486 3159 1525 res
3190 1471 3330 1541 ipsas
3360 1466 3773 1535 reprehendunt,

2197 1566 2288 1620 sed
2336 1580 2527 1619 causas
2567 1564 3044 1620 comminiscuntur
3085 1563 3358 1623 dicentes,
3405 1558 3471 1612 In
3503 1557 3776 1612 Beelzebub

2198 1660 2333 1730 ejicit
2380 1658 2630 1713 daemonia
2679 1656 2828 1731 (an.
2874 1660 2961 1711 ll.
3019 1656 3104 1726 14)
3136 1674 3147 1708 :
3182 1657 3258 1709 sic
3300 1665 3354 1710 et
3383 1655 3483 1709 hoc
3522 1653 3640 1707 loco
3671 1668 3774 1705 non

2198 1750 2492 1805 doctrinam
2514 1751 2748 1820 culpant,
2780 1748 2873 1804 sed
2902 1748 2965 1801 ad
3002 1748 3214 1817 generis
3245 1746 3624 1815 ignobilitatem
3645 1759 3776 1798 con-

2201 1841 2429 1913 fugiunt.
2464 1843 2545 1897 Tu
2574 1858 2702 1897 vero
2731 1841 2857 1896 mihi
2891 1841 3157 1911 perpende
3190 1840 3428 1895 Doeloris
3455 1838 3771 1893 moderatio-

2200 1951 2345 1999 nem,
2376 1935 2644 2005 qnomodo
2672 1950 2776 1989 non
2810 1934 2930 1987 illos
2956 1934 3235 2001 vituperet,
3263 1930 3357 1985 sed
3386 1945 3504 1983 cum
3533 1942 3776 1981 mansue-

2201 2028 2384 2082 tudine
2410 2027 2573 2082 multa
2594 2027 2734 2081 dicat
2761 2043 2772 2079 :
2805 2025 2925 2079 Non
2949 2035 3020 2078 est
3052 2024 3294 2094 propheta
3319 2024 3426 2077 sine
3450 2022 3654 2082 honore,
3681 2019 3776 2072 nisi

2200 2119 2253 2173 in
2294 2119 2458 2189 patria
2496 2135 2608 2173 sua.
2655 2116 2837 2187 Neque
2877 2116 2962 2170 hic
3002 2117 3167 2178 stetit,
3201 2115 3293 2169 scd
3341 2114 3569 2183 adjecit,
3621 2111 3683 2165 Et
3728 2113 3779 2164 in

2201 2210 2351 2264 domo
2379 2226 2507 2274 sua;
2536 2209 2745 2275 fratres,
2774 2218 2829 2263 ut
2851 2209 2975 2263 mihi
3005 2208 3217 2277 quidem
3249 2206 3472 2268 videtur,
3503 2220 3628 2257 suos
3654 2203 3779 2256 sub-

2203 2302 2458 2358 indicans.

2271 2394 2328 2447 9..
2371 2393 2522 2463 Apud
2555 2393 2749 2448 Lucam
2779 2392 3025 2462 exempla
3071 2390 3291 2459 hujusce
3330 2389 3406 2443 rei
3437 2389 3654 2457 apponit
3696 2387 3776 2440 di-

2204 2502 2368 2540 cens:
2399 2485 2583 2556 Neque
2620 2485 2799 2540 Helias
2844 2484 2909 2539 ad
2951 2499 3076 2539 suos
3129 2484 3304 2547 venit,
3337 2481 3429 2536 sed
3475 2480 3540 2533 ad
3572 2480 3779 2533 viduam

2205 2582 2579 2649 alienigenam,
2613 2594 2783 2649 neque
2809 2579 2875 2633 ab
2915 2578 3109 2632 Eliswo
3138 2578 3270 2630 alius
3293 2585 3509 2629 curatus
3540 2574 3779 2641 leprosus

2204 2682 2305 2740 est,
2340 2672 2440 2726 nisi
2474 2671 2706 2726 Neeman
2732 2670 3027 2741 alienigena
3060 2668 3205 2741 (Luc.
3238 2668 3293 2722 4.
3318 2666 3408 2721 26.
3449 2665 3543 2735 27)
3570 2682 3583 2717 :
3620 2663 3784 2718 Israe-

2206 2766 2309 2819 lita.-
2331 2780 2457 2820 vero
2488 2780 2585 2819 nec
2608 2764 2735 2834 quid
2766 2762 2887 2817 boni
2916 2767 3256 2831 acceperunt,
3291 2773 3389 2813 nec
3409 2757 3533 2827 quid
3563 2755 3684 2810 boni
3709 2755 3783 2807 fe-

2206 2866 2414 2919 cerunt.
2457 2855 2550 2910 sed
2587 2855 2826 2910 extranei
2878 2863 3103 2907 tantum.
3149 2851 3275 2905 Haec
3319 2864 3477 2919 porro
3505 2847 3654 2911 dicit,
3686 2848 3777 2900 im-

2209 2950 2427 3019 probam
2477 2948 2687 3001 illorum
2718 2943 3159 3000 consuetudinem
3190 2942 3349 3011 plane
3375 2938 3663 2995 ostendens
3686 2979 3701 3003 ,
3732 2947 3788 2991 et

2208 3040 2342 3096 nihil
2388 3054 2447 3093 se
2488 3037 2614 3093 novi
2657 3034 2886 3106 experiri
2916 3032 3213 3087 declarans.
3261 3028 3413 3100 (Cap.
3470 3030 3592 3099 14.)
3634 3030 3684 3083 l.
3719 3027 3784 3082 In

2207 3130 2299 3186 illo
2340 3139 2562 3200 tempore
2596 3127 2783 3181 audivit
2830 3124 3055 3178 Herodes
3100 3122 3350 3176 tetrarcho
3392 3125 3582 3191 [auiam
3636 3119 3785 3173 Jesu.

2209 3223 2447 3277 Mortuus
2487 3220 2627 3275 enim
2657 3228 2772 3271 erat
2811 3217 2968 3286 lmjns
2997 3222 3145 3284 pater
3172 3212 3407 3267 Herodes
3430 3252 3445 3276 ,
3476 3212 3563 3281 qui
3597 3226 3790 3278 pueros

2210 3312 2497 3369 occiderat.
2528 3310 2635 3364 Nec
2677 3310 2793 3363 sine
2832 3321 2992 3362 causa
3037 3314 3245 3373 tempus
3290 3310 3512 3356 annotat
3556 3315 3791 3368 evange-

2211 3408 2331 3463 lista
2354 3446 2371 3475 ,
2400 3405 2494 3461 sed
2525 3416 2581 3459 ut
2607 3401 2817 3475 tyranni
2850 3400 3045 3456 fastum
3075 3407 3131 3453 et
3158 3396 3530 3467 negligentiam
3558 3394 3786 3447 ediscas.

2212 3500 2394 3571 Neque
2419 3500 2558 3554 enim
2589 3497 2738 3552 initio
2779 3496 2862 3549 illa
2892 3493 3072 3548 didicit
3100 3534 3114 3557 ,
3144 3490 3238 3545 sed
3264 3496 3383 3559 post
3407 3487 3627 3541 multum
3658 3493 3797 3538 tem-

2216 3594 2379 3665 poris.
2423 3592 2511 3646 Sic
2534 3589 2674 3644 enim
2706 3587 2973 3657 principes
3014 3584 3206 3638 fastum
3236 3580 3455 3635 multum
3494 3593 3600 3648 prie
3628 3592 3687 3631 se
3713 3574 3795 3630 fe-

2215 3694 2429 3749 rentes,
2478 3695 2565 3737 res
2615 3678 2922 3750 hujusmodi
2969 3676 3172 3731 tardius
3212 3672 3482 3733 ediscunt,
3532 3669 3652 3739 quia
3686 3667 3800 3721 hare

2214 3778 2363 3850 parvi
2391 3775 2611 3833 faciunt.
2652 3771 2735 3827 Tu
2765 3786 2889 3826 vero
2918 3769 3045 3823 tnihi
3078 3763 3348 3837 perpende
3388 3770 3581 3832 quanta
3621 3774 3705 3814 res
3730 3759 3801 3814 sit

2219 3872 2417 3930 virtus;
2448 3884 2569 3923 nam
2612 3866 2701 3921 ille
2732 3872 3000 3920 mortuum
3061 3858 3315 3922 timebat,
3346 3855 3571 3923 hincque
3596 3851 3662 3907 de
3686 3851 3802 3920 ejus

2221 3962 2611 4018 resurrectione
2639 3954 3136 4028 philosopltabatur.
3163 3950 3219 4005 2.
3249 3947 3393 4003 Dixit
3418 3946 3583 4010 enim,
3612 3945 3800 4012 inquit,

2222 4055 2390 4122 pueris
2416 4051 2521 4104 suis
2548 4065 2568 4103 :
2598 4046 2699 4100 Hic
2724 4056 2794 4100 est
2837 4043 3098 4104 Joannes,
3132 4055 3277 4108 quem
3309 4052 3395 4106 ego
3436 4034 3696 4103 interfeci;
3724 4032 3804 4087 hic

2222 4144 2494 4196 resurrexit
2518 4156 2549 4191 a
2589 4137 2841 4197 mortuis;
2888 4142 2937 4186 et
2964 4133 3077 4185 ideo
3104 4129 3308 4181 virtutes
3332 4135 3606 4196 operantur
3642 4126 3693 4179 in
3724 4141 3802 4178 eo.

2227 4231 2411 4286 Viden'
2434 4226 2689 4300 grandem
2734 4222 3019 4279 timorem?
3047 4219 3229 4288 Neque
3258 4217 3398 4271 enim
3433 4217 3484 4271 id
3515 4217 3566 4271 in
3597 4217 3808 4286 publico

2225 4324 2402 4379 dicere
2430 4334 2590 4375 ausus
2628 4325 2710 4372 est
2733 4358 2749 4383 ,
2787 4313 2880 4369 sed
2907 4311 3215 4367 domesticis
3244 4318 3449 4363 tantum
3477 4308 3588 4363 suis
3626 4308 3704 4362 sic
3732 4308 3809 4360 lo-

2226 4417 2507 4488 quebatur.
2540 4414 2788 4466 Attamen
2836 4407 2948 4461 lucc
2974 4402 3202 4460 absurda
3235 4402 3418 4472 opinio
3461 4402 3683 4455 militem
3720 4415 3811 4454 sa-

2229 4511 2424 4582 piebat.
2457 4505 2605 4562 Multi
2646 4501 2787 4559 enim
2817 4504 3166 4554 surrexerunt
3192 4511 3220 4547 a
3248 4494 3475 4548 mortuis
3500 4534 3514 4555 ,
3556 4501 3610 4547 et
3652 4506 3814 4546 nemo

2231 4618 2301 4659 ex
2342 4601 2421 4656 eis
2465 4596 2753 4668 quidquam
2799 4588 3102 4661 hujusmodi
3144 4585 3289 4641 fecit.
3352 4583 3609 4638 Videntur
3655 4597 3816 4651 porro

2234 4694 2359 4749 mihi
2387 4692 2502 4745 lta-c
2520 4690 2679 4743 verba
2702 4684 3044 4740 ambitionem
3066 4676 3224 4733 simul
3251 4684 3306 4730 et
3328 4676 3572 4729 timorem
3601 4687 3811 4742 sapere.

2234 4786 2323 4843 Sic
2348 4784 2542 4855 quippe
2565 4781 2738 4835 minus
2762 4776 2874 4831 sani
2902 4771 3086 4835 animi,
3114 4768 3504 4825 contrariorum
3532 4764 3817 4820 affectuum

2238 4894 2379 4949 saepe
2408 4875 2718 4931 mixtionem
2746 4868 3051 4924 admittunt.
3078 4864 3249 4919 Lucas
3270 4878 3395 4918 vero
3422 4872 3601 4915 narrat
3620 4859 3820 4913 dixisse

2241 4972 2493 5045 populum
2520 4985 2533 5021 :
2566 4967 2663 5021 Hic
2686 4971 2767 5019 est
2796 4961 2937 5015 Elias
2961 5000 2976 5025 ,
3017 4965 3110 5012 aut
3134 4955 3392 5011 Jeremias
3411 4996 3425 5020 ,
3457 4961 3548 5008 aut
3572 4964 3710 5007 unus
3751 4965 3821 5004 ex

2243 5041 2512 5120 veteribus
2539 5055 2812 5129 prophetis
2841 5050 3005 5123 (Luc.
3030 5048 3084 5104 9.
3118 5047 3224 5120 8);
3264 5045 3352 5100 hic
3375 5059 3505 5100 vero
3530 5041 3823 5112 sapientius

2247 5166 2410 5221 quam
2465 5149 2555 5203 alii
2587 5162 2644 5202 se
2677 5146 2898 5216 putabat
2931 5144 3005 5197 ita
3036 5143 3235 5199 dicere.
3296 5140 3602 5195 Verisimile
3630 5148 3812 5192 autem

2254 5251 2337 5298 est
2393 5241 2547 5296 illum
2599 5238 2754 5291 initio
2793 5235 3033 5305 quidem,
3068 5248 3192 5288 cum
3223 5231 3465 5285 dicerent
3494 5243 3624 5282 esse
3651 5225 3819 5280 Joauo

2252 5352 2374 5391 nem
2394 5336 2540 5405 (nam
2598 5330 2748 5384 multi
2782 5328 2861 5384 sic
2903 5324 3195 5396 dicebant),
3238 5324 3287 5377 id
3318 5335 3562 5389 negasse,
3601 5330 3675 5384 et,
3709 5317 3823 5388 Ego

2253 5429 2405 5482 illum
2473 5423 2683 5487 occidi,
2750 5421 2993 5482 dixisse,
3064 5419 3129 5471 de
3175 5415 3317 5471 caede
3369 5413 3461 5466 illa
3524 5412 3824 5466 insolenter

2254 5519 2595 5590 gloriantem.
2634 5513 2749 5568 Hec
2803 5512 2946 5566 enim
2976 5508 3191 5563 Marcus
3213 5515 3268 5560 et
3322 5504 3498 5559 Lucas
3531 5504 3822 5558 dixisscil-

2253 5613 2363 5666 lum
2415 5616 2675 5673 narrant,
2709 5605 2822 5675 Ego
2869 5602 3128 5657 Joannem
3160 5597 3432 5652 decollari.
3474 5597 3608 5650 Cum
3641 5606 3820 5648 autem

2257 5705 2401 5760 fama
2448 5699 2783 5771 praevaleret,
2826 5696 3044 5750 demutn
3110 5693 3224 5761 ipse
3284 5690 3423 5744 idem
3466 5689 3639 5758 ipsum
3674 5686 3821 5757 quod

2258 5796 2351 5853 alii
2374 5793 2534 5850 dixit.
2554 5789 2754 5847 Deinde
2787 5801 2915 5843 vero
2936 5783 3220 5843 historiam
3249 5782 3395 5837 illam
3422 5779 3824 5843 nobiscvango-
