4052 6228
447 301 549 354 με)

443 422 563 475 lista
595 430 796 476 narrat.
830 422 896 476 Et
923 438 1017 476 cur
1042 437 1143 477 non
1171 421 1308 474 illam
1332 422 1700 490 pmuniserat?
1729 421 1861 486 Quia
1895 420 1945 473 in
1971 435 2035 474 co

444 522 590 567 totus
616 523 754 577 erat,
780 522 836 567 ut
865 511 1061 567 Christi
1092 524 1236 582 geSta
1264 512 1593 567 describeret
1620 554 1635 576 ,
1681 513 1919 580 nihilque
1945 528 2027 566 cx-

442 612 525 656 tra
557 619 669 659 rem
696 604 1040 673 evnngelistzc
1070 603 1322 658 dicebant
1348 645 1363 668 ,
1404 605 1504 658 nisi
1558 603 1609 657 id
1640 605 1706 657 ad
1735 604 2034 657 iustittttum

438 709 597 749 suum
630 695 940 751 referretur.
967 695 1080 751 Non
1103 711 1230 767 ergo
1251 696 1387 750 hanc
1410 695 1684 749 historiam
1711 711 2037 751 commemo-

442 799 657 845 rassent
681 832 695 853 ,
731 790 831 845 nisi
862 800 1080 859 propter
1105 790 1371 843 CIITIaIUIII
1398 831 1413 855 ,
1459 797 1515 843 et
1540 790 1637 843 nisi
1679 788 1917 844 Herodes
1955 788 2035 842 di-

441 885 615 936 xisset
654 882 912 937 Joannem
963 882 1341 938 resurrexisse.
1384 881 1591 937 Marcus
1638 880 1788 953 (Cap.
1834 882 1885 934 6.
1938 880 2033 951 9.0)

439 990 571 1029 vero
612 975 686 1029 ait
723 974 981 1029 Joannem
1013 990 1204 1045 magno
1246 975 1297 1029 in
1331 976 1530 1029 honore
1571 973 1733 1028 fuisse
1760 972 1896 1042 apud
1930 972 2031 1027 Ile-

439 1069 649 1134 rodem,
696 1068 903 1123 etiamsi
949 1069 1037 1124 hic
1079 1069 1148 1123 ab
1180 1068 1267 1122 illo
1296 1068 1717 1136 redargueretur.
1752 1066 1917 1120 Tanta
1947 1080 2034 1120 res

441 1170 524 1214 est
547 1160 731 1212 virtus.
760 1158 962 1213 Deinde
988 1174 1206 1214 narrare
1232 1158 1308 1212 sic
1338 1159 1509 1227 pergit
1534 1176 1553 1211 ε,
1575 1158 1630 1212 '5.
1661 1155 1882 1210 Herodes
1900 1156 2032 1209 enim

443 1266 561 1302 cum
589 1250 821 1303 tenuisset
856 1247 1110 1303 Joannem
1134 1290 1147 1311 ,
1178 1250 1350 1319 ligavit
1378 1266 1489 1302 eum
1510 1292 1523 1310 ,
1555 1257 1603 1301 et
1643 1248 1810 1316 posuit
1836 1248 1885 1299 in
1914 1262 2030 1299 car-

443 1358 606 1393 cerem
638 1350 845 1411 propter
868 1339 1214 1393 Herodiadem
1241 1356 1450 1394 uxorem
1479 1338 1709 1408 Philippi
1736 1338 1910 1408 fratris
1928 1337 2027 1390 sui.

440 1432 497 1486 4.
529 1431 737 1485 Dicebat
762 1433 895 1484 enim
941 1432 1019 1484 illi
1044 1430 1272 1485 Joannes
1295 1446 1314 1483 :
1341 1428 1461 1483 Non
1490 1426 1604 1483 licet
1631 1429 1719 1482 tibi
1750 1429 1931 1482 habere
1968 1428 2032 1481 il-

441 1524 564 1576 lam.
601 1524 652 1577 5.
689 1521 752 1574 Et
771 1523 941 1576 volens
968 1538 1080 1576 eum
1112 1522 1410 1589 inter/icere,
1441 1521 1608 1573 timuit
1639 1519 1889 1581 turbam',
1913 1520 2031 1590 quia

442 1616 568 1667 sicut
600 1614 898 1682 prophetam
928 1629 1041 1667 eum
1068 1612 1336 1667 habebant.
1368 1611 1479 1665 Cur
1507 1628 1612 1667 non
1646 1611 2026 1675 Ilerodiadcm,

440 1705 534 1761 sed
566 1706 711 1760 illum
738 1705 1060 1776 alloquitur?
1106 1705 1241 1773 Quia
1284 1706 1582 1775 prmcipuus
1611 1705 1700 1758 ille
1728 1712 1862 1759 erat.
1900 1703 2030 1760 Vide

437 1798 709 1866 quomodo
733 1797 1130 1853 accusationem
1162 1798 1337 1850 minus
1364 1811 1644 1851 onerosam
1675 1796 1850 1861 faciat,
1884 1796 1953 1849 ita
1974 1804 2029 1850 ut

438 1891 658 1945 historia
686 1890 860 1959 potius
884 1904 1043 1960 quam
1074 1889 1344 1944 accusatio
1378 1886 1623 1942 videatur
1652 1902 1793 1942 esse.
1824 1886 1876 1941 6.
1901 1886 2028 1941 Cum

436 1992 605 2034 autem
633 1980 866 2033 natalitia
899 1978 1121 2034 Herodis
1150 1989 1422 2049 agerentur
1440 2020 1455 2044 ,
1483 1977 1687 2033 saltavit
1714 1979 1824 2047 ﬁlia
1856 1976 2024 2032 Hero-

437 2074 606 2125 diadis
635 2072 687 2125 in
714 2072 879 2126 medio
904 2114 919 2138 ,
964 2080 1013 2125 et
1041 2072 1234 2141 placuit
1270 2070 1483 2124 Herodi.
1508 2069 1552 2125 Ο
1579 2071 1877 2125 convivium
1909 2070 2023 2125 dia-

439 2164 703 2218 bolicum!
733 2179 767 2218 o
796 2163 1063 2219 theatrum
1094 2164 1424 2218 satanicum!
1458 2178 1491 2216 ο
1524 2162 1755 2233 iniquam
1786 2163 2024 2216 saltatio-

433 2272 592 2321 nem,
642 2272 707 2313 ac
749 2256 1053 2313 mercedem
1097 2257 1395 2311 saltationis
1448 2254 1783 2325 iniquiorem.
1837 2253 2024 2310 Ciedes

430 2350 578 2404 enim
604 2348 844 2404 omnium
891 2348 1267 2404 scelestissima
1298 2346 1648 2417 peragebatur
1670 2386 1685 2412 ,
1716 2353 1772 2400 et
1808 2346 1894 2415 qui
1936 2362 2025 2400 co-

431 2441 612 2495 ronari
659 2450 715 2495 et
758 2441 1018 2496 celebrari
1058 2440 1394 2503 merebatur,
1442 2440 1492 2493 in
1540 2439 1715 2493 medio
1754 2438 2023 2508 jugulatus

431 2543 515 2587 cst
561 2550 577 2586 :
623 2532 925 2587 dmntonum
978 2541 1236 2601 tropzeum
1284 2531 1336 2585 in
1383 2544 1564 2585 mensa
1613 2538 1846 2585 erectum
1904 2530 2020 2583 fuit.

431 2623 682 2679 Victoriae
710 2624 900 2678 modus
924 2623 1137 2677 caneris
1164 2623 1329 2693 gestis
1355 2621 1547 2692 dignus
1578 2620 1693 2675 fuit.
1722 2620 1853 2674 Nam
1889 2618 2015 2674 Saf-

436 2720 580 2781 ειη-ιι,
612 2716 800 2786 inquit,
830 2713 940 2779 filia
963 2712 1275 2768 Herodiadis
1302 2714 1354 2766 in
1385 2713 1569 2775 medio,
1599 2722 1646 2765 et
1677 2710 1869 2779 placuit
1912 2708 2020 2763 He-

435 2808 567 2860 rodi.
618 2808 669 2861 7.
706 2805 852 2862 Unde
886 2806 1229 2877 jurejurando
1269 2805 1533 2875 adirmavit
1570 2794 1631 2857 se
1664 2802 1742 2856 illi
1784 2802 2021 2855 daturum

430 2900 779 2970 quodcumque
806 2900 1023 2969 petierit.
1055 2898 1108 2952 8.
1140 2896 1244 2951 Illa
1287 2914 1401 2951 vero
1431 2913 1461 2948 a
1494 2905 1654 2948 matre
1684 2894 1979 2963 prtemouita
2003 2935 2017 2957 ,

430 2992 514 3046 Da
536 2994 678 3056 mihi,
713 2994 804 3054 uit,
836 2993 918 3045 hic
946 2993 999 3045 in
1027 2992 1165 3045 disco
1192 3000 1344 3061 caput
1365 2987 1583 3042 Joannis
1621 2986 1886 3054 Baptistae.
1914 2986 2019 3039 Du-

428 3085 547 3153 plex
574 3086 795 3149 crimen,
821 3096 874 3139 et
899 3084 1038 3155 quod
1068 3084 1291 3145 saltarit,
1316 3092 1366 3135 et
1393 3082 1530 3151 quod
1561 3079 1836 3150 placuerit,
1864 3088 2020 3148 atque

429 3176 499 3229 ita
531 3177 809 3243 placuerit,
842 3187 893 3229 ut
928 3176 1100 3229 euulcs
1131 3176 1203 3227 illi
1234 3189 1331 3244 pro
1361 3174 1608 3227 mercede
1633 3182 1794 3226 esset.
1835 3168 2018 3225 Vidcu‘

426 3285 585 3324 quam
618 3268 875 3338 crudelis,
910 3282 1073 3337 quam
1101 3267 1431 3324 insensatus.
1458 3277 1619 3329 quam
1650 3278 1881 3319 vesanus
1905 3263 2017 3317 sit?

421 3359 743 3417 Jurameutu
766 3380 824 3417 se
849 3361 1140 3416 olmoxium
1168 3358 1341 3413 reddit
1364 3374 1378 3424 ;
1411 3358 1487 3412 illi
1520 3371 1647 3411 vero
1665 3358 1755 3412 dat
1774 3364 2013 3426 potesta-

430 3459 536 3505 tem
566 3450 778 3520 petendi
823 3466 942 3521 quae
980 3451 1130 3505 velit.
1161 3447 1293 3505 Cum
1332 3459 1509 3503 autem
1549 3447 1678 3501 vidit
1721 3447 1846 3515 quid
1890 3446 2014 3501 mali

429 3542 554 3597 hinc
583 3543 842 3605 evenerit,
873 3539 1209 3595 Contristatus
1247 3548 1339 3604 est,
1373 3538 1577 3608 inquit;
1607 3552 1926 3606 quamquam
1949 3539 2017 3592 ah

428 3633 581 3687 initio
608 3636 862 3702 ligavcrat
890 3635 1081 3702 ipsum.
1111 3631 1219 3686 Cur
1242 3645 1369 3701 ergo
1396 3629 1783 3684 contristatur?
1824 3630 2017 3699 Hujus-

428 3726 570 3779 ntodi
595 3733 679 3780 est
708 3725 910 3779 virtus;
940 3724 1099 3779 etiam
1129 3722 1267 3793 apud
1300 3721 1572 3791 improbos
1601 3721 1937 3775 admirationi
1964 3731 2016 3774 ct

429 3818 571 3872 laudi
602 3826 703 3872 est.
736 3816 865 3879 Sed,
893 3832 926 3870 ο
952 3816 1203 3869 foriosaut
1232 3814 1532 3877 mulierem,
1565 3828 1682 3881 qua:
1710 3828 1830 3865 cum
1858 3827 2017 3882 opor-

431 3917 567 3963 teret
591 3907 740 3960 illum
782 3904 1031 3959 admirari
1062 3919 1126 3958 ac
1155 3902 1399 3959 venerari
1426 3944 1441 3968 ,
1471 3900 1612 3972 quod
1644 3902 1810 3973 ipsam
1839 3901 1906 3956 ab
1937 3902 2017 3955 in-

427 4000 565 4070 juria
595 3998 914 4062 vindicaret,
941 3997 1123 4051 drama
1153 4006 1320 4050 totum
1353 3994 1587 4057 ordinat,
1618 3994 1866 4064 laqueum
1900 4002 2016 4047 ten-

428 4092 527 4155 dit,
558 4091 888 4162 gratiatnque
917 4091 1048 4160 petit
1077 4087 1391 4143 satanicam.
1420 4085 1476 4142 9.
1508 4084 1535 4139 Ι
1542 4102 1632 4156 pse
1653 4095 1820 4139 autem
1848 4085 2012 4138 timuit

429 4193 636 4251 prapter
651 4181 1040 4251 jusjurandum,
1071 4180 1261 4250 inquit,
1289 4188 1337 4233 et
1365 4178 1519 4233 simul
1546 4177 1901 4231 recumbentes.
1948 4175 2015 4230 Et

427 4287 525 4326 cur
551 4273 690 4343 quod
718 4273 929 4343 gravius
963 4280 1079 4326 erat
1102 4287 1208 4327 non
1236 4269 1504 4326 timuisti?
1534 4269 1666 4325 Nam
1694 4270 1737 4324 si
1763 4268 1903 4339 quod
1933 4276 2015 4323 te-

429 4373 541 4417 stes
573 4363 789 4433 perjurii
818 4363 1015 4417 habere
1046 4361 1398 4426 formidabas,
1430 4362 1597 4415 multo
1624 4361 1789 4431 magis
1812 4360 2013 4416 caedem

431 4455 721 4510 formidare
762 4455 1043 4525 oportebat
1072 4454 1142 4509 ita
1170 4453 1426 4524 iniquam,
1456 4467 1576 4509 cum
1609 4460 1686 4507 tot
1712 4460 1873 4507 testes
1900 4451 2015 4521 ejus

432 4544 680 4599 haberes.

503 4636 556 4690 3.
597 4635 732 4702 Quia
767 4650 897 4690 vero
915 4643 1043 4704 puto
1080 4636 1275 4691 multos
1309 4633 1663 4690 accusationis
1689 4648 1753 4689 ex
1782 4646 1885 4704 qua
1911 4645 2017 4688 ca:-

432 4727 529 4781 des
555 4735 672 4781 orta
701 4737 783 4783 est
814 4736 1185 4798 argumentum
1217 4728 1463 4798 ignorare
1482 4768 1497 4791 ,
1532 4726 1894 4781 necessarium
1932 4733 2016 4781 est

432 4819 537 4874 hoc
557 4820 718 4875 etiam
750 4820 949 4886 dicere,
982 4829 1039 4873 ut
1070 4820 1388 4891 legislatoris
1419 4819 1751 4889 prudentiam
1772 4818 2011 4873 discatis.

429 4909 687 4977 Quasnam
717 4924 848 4980 ergo
875 4920 1027 4965 vetus
1058 4911 1140 4965 lex
1180 4910 1266 4964 illa
1294 4918 1445 4975 erat,
1486 4922 1645 4979 quam
1680 4908 2013 4964 conculcavit

433 5001 705 5068 Herodes,
731 5010 785 5057 et
810 5001 1100 5058 vindicavit
1118 5002 1395 5058 Joannes?
1422 5000 1548 5071 Ejus
1569 5001 1655 5071 qui
1691 5001 1805 5057 sine
1831 5001 2015 5056 liberis

432 5102 733 5147 moreretur
752 5108 970 5148 uxorem
995 5092 1139 5147 fratri
1167 5092 1282 5146 dari
1308 5091 1587 5161 oportebat
1613 5089 1791 5158 (Deut.
1816 5090 1910 5147 '25.
1932 5090 2011 5160 5).

431 5182 565 5250 Quia
585 5184 727 5238 enim
745 5197 848 5238 non
867 5183 1193 5239 consolabile
1204 5181 1400 5237 malum
1420 5196 1563 5236 mors
1577 5189 1691 5236 erat
1706 5224 1720 5246 ,
1738 5190 1791 5235 et
1803 5196 1899 5251 pro
1910 5181 2016 5235 vita

430 5276 696 5330 servanda
726 5276 855 5331 nihil
885 5292 989 5331 non
1014 5276 1206 5346 agitur,
1236 5276 1405 5345 legem
1436 5274 1649 5337 statuit,
1685 5283 1743 5328 ut
1769 5274 1857 5343 qui
1890 5273 2019 5327 vivit

432 5382 657 5422 uxorem
691 5368 869 5424 fratris
901 5370 1136 5424 defuncti
1183 5368 1382 5433 ducat,
1426 5377 1479 5423 et
1523 5367 1690 5421 ﬁlium
1734 5367 1860 5422 hinc
1888 5383 2016 5437 pro-

431 5468 672 5513 creatum
704 5462 897 5514 mortui
921 5462 1136 5516 nomine
1162 5470 1334 5525 vocet,
1366 5461 1437 5515 ita
1465 5471 1520 5513 ut
1546 5459 1737 5513 domus
1764 5458 1880 5527 ejus
1910 5474 2014 5513 non

432 5551 666 5605 excidat.
692 5551 748 5607 Si
770 5554 913 5608 enim
938 5563 1181 5608 mortuus
1209 5553 1345 5608 ﬁlios
1372 5567 1481 5608 non
1511 5552 1873 5622 relinquebat,
1898 5565 2016 5621 quae

440 5745 452 5755 ο
500 5689 517 5719 ί
553 5689 747 5746 duuiani
772 5689 955 5757 habent
980 5703 993 5757 :_
1023 5694 1074 5738 Et
1095 5688 1252 5757 volens
1273 5702 1382 5740 eum
1414 5686 1709 5753 iiuerﬁcerc,
1731 5686 1885 5752 posuit
1907 5700 2017 5739 eum

432 5749 486 5797 in
508 5762 723 5812 carcere,
746 5749 903 5801 timuit
919 5750 1044 5802 enim
1068 5749 1272 5802 turbant.

1370 299 1432 355 IN
1476 299 1881 356 .\I.\TTIIA§U5I
1923 294 2152 353 IIOMIL.
2198 296 2420 354 XLVIII.
2462 302 2531 358 aI.
2576 302 2759 359 XLIX.

3624 309 3725 363 £20

2156 424 2327 473 tamen
2367 421 2591 475 maxima
2642 432 2724 478 est
2766 424 2954 479 mortis
2994 425 3290 481 consolatio
3314 465 3328 489 ,
3376 424 3728 482 intolerabilis

2144 507 2316 563 luctus
2358 511 2561 566 futurus
2586 522 2724 569 erat.
2763 514 2889 571 Ideo
2918 515 3189 586 Iegislator
3225 519 3362 571 hanc
3400 516 3725 572 consolatio-

2143 615 2263 654 nem
2304 603 2626 672 excogitavit
2672 604 2736 658 iis
2756 648 2771 670 ,
2794 606 2986 676 quibus
3018 616 3205 662 natura
3240 608 3377 664 ﬁlios
3405 618 3722 679 negaverat,

2140 702 2194 747 et
2224 694 2547 748 nasciturum
2579 697 2718 751 illius
2749 699 2963 754 nomine
2993 700 3170 755 vocari
3202 700 3477 772 praecepit.
3505 700 3559 757 Si
3596 717 3724 757 vero

2142 794 2381 839 mortuus
2403 784 2565 839 ﬁlium
2595 788 2938 858 relinqueret,
2958 797 3084 845 tunc
3110 805 3215 845 non
3242 791 3440 846 licitum
3460 800 3576 846 erat
3595 808 3724 846 con-

2142 876 2385 931 nubiutn.
2416 877 2483 932 Et
2520 894 2616 932 cur
2644 878 2670 934 ἲ
2700 881 2906 951 inquies
2936 898 2951 937 :
2994 898 3114 937 nam
3153 886 3197 938 si
3225 884 3379 939 alteri
3408 885 3601 941 licebat
3624 886 3723 940 dn-

2137 980 2291 1029 cere,
2326 967 2496 1024 multo
2539 972 2707 1039 magis
2756 972 2925 1027 fratri.
2974 972 3318 1044 Nequaquam
3361 990 3376 1028 :
3414 976 3527 1033 vult
3579 977 3720 1032 enim

2137 1058 2448 1115 afﬁnitatem
2477 1062 2725 1128 extendi,
2761 1073 2814 1117 et
2846 1065 3040 1119 multas
3071 1066 3250 1121 haberi
3278 1068 3588 1123 occasiones
3626 1084 3720 1123 co-

2136 1152 2399 1219 gnationis
2428 1153 2691 1209 ineundre.
2742 1155 2804 1209 Et
2846 1170 2941 1211 cur
2968 1157 3057 1212 illo
3081 1157 3195 1214 sine
3222 1159 3405 1215 liberis
3438 1160 3711 1228 defuncto,

2136 1257 2239 1296 non
2267 1243 2401 1298 alius
2424 1243 2619 1301 ducere
2649 1256 2859 1315 poterat
2880 1249 2903 1301 τ
2928 1247 3060 1318 Quia
3090 1251 3167 1305 sic
3196 1268 3301 1306 non
3333 1262 3544 1323 putatus
3582 1256 3717 1310 fuis-

2134 1342 2215 1387 set
2252 1348 2372 1389 cssc
2415 1336 2607 1390 mortui
2635 1338 2773 1393 ﬁlius
2813 1355 2828 1392 :
2874 1356 3015 1395 nunc
3040 1357 3167 1396 vero
3205 1344 3502 1399 scminante
3530 1344 3714 1410 fratre,

2136 1426 2421 1494 probabilis
2458 1438 2572 1483 erat
2599 1430 2839 1485 inventio
2868 1432 2978 1487 illa.
3003 1433 3250 1504 Alioquin
3281 1450 3407 1495 vero
3428 1445 3716 1492 extraneos

2136 1532 2238 1571 non
2280 1527 2516 1587 putasset
2543 1522 2968 1578 constituendam
3011 1539 3133 1581 esse
3177 1525 3411 1582 defuncti
3453 1527 3713 1584 domum:

2137 1607 2221 1662 hic
2245 1618 2422 1664 autem
2454 1614 2783 1681 cognationis
2816 1615 2905 1684 jus
2941 1616 3189 1671 habebat.
3230 1617 3362 1685 Quia
3392 1633 3520 1689 ergo
3547 1619 3717 1677 llero-

2131 1698 2228 1754 des
2257 1716 2475 1757 uxorem
2502 1705 2677 1757 fratris
2694 1706 2795 1771 sui,
2816 1721 2934 1775 quae
2958 1708 3159 1775 prolem
3187 1708 3434 1775 habebat,
3453 1711 3597 1766 duxit
3616 1710 3713 1785 (ιι),

2133 1792 2253 1847 ideo
2308 1804 2521 1849 accusat
2586 1796 2731 1851 illum
2794 1798 3057 1868 Joannes,
3119 1808 3172 1854 ct
3229 1802 3503 1858 moderate
3559 1805 3715 1861 simul

2131 1892 2290 1953 atque
2330 1884 2495 1940 libere
2536 1896 2768 1942 accusat.
2800 1887 2881 1943 Tu
2920 1903 3046 1945 vero
3089 1889 3216 1943 mihi
3248 1891 3547 1959 considera,
3578 1910 3714 1964 quo-

2130 1974 2290 2028 modo
2335 1976 2597 2030 theatrum
2645 1986 2811 2032 totum
2856 1980 3149 2035 satanicum
3180 1989 3235 2037 et
3271 1982 3591 2038 diabolicum
3621 1986 3712 2039 sit.

2130 2064 2310 2120 Primo
2337 2068 2477 2121 enim
2515 2069 2772 2124 ebrietate
2801 2079 2855 2125 et
2882 2070 3089 2127 deliciis
3117 2073 3425 2139 constabat,
3462 2076 3603 2130 unde
3629 2078 3712 2130 tti-

2130 2154 2205 2211 hil
2230 2172 2417 2212 sanum
2447 2160 2574 2214 oriri
2604 2170 2828 2229 poterat.
2870 2160 3137 2229 Secundo,
3158 2174 3489 2234 spectatores
3529 2182 3713 2222 Cul'l'll-

2130 2254 2249 2315 ptos
2267 2246 2513 2315 habebat,
2541 2259 2594 2303 et
2616 2249 2964 2320 excipientem
2986 2253 3220 2307 omnium
3243 2255 3492 2311 maxime.
3511 2256 3711 2323 Tertio,

2128 2336 2499 2396 delectationis
2539 2356 2707 2411 genus
2738 2342 2944 2399 ratione
2969 2357 3215 2398 vacuum.
3243 2344 3477 2414 Quarto,
3510 2350 3678 2418 puella
3697 2391 3710 2411 ,
3794 2392 3807 2403 κ

2130 2444 2346 2503 prepter
2378 2450 2535 2505 quam
2574 2436 2896 2491 connubium
2925 2445 3110 2493 centra
3150 2439 3332 2509 legem
3372 2448 3518 2508 erat,
3554 2459 3711 2511 quam

2127 2529 2381 2582 occultari
2425 2530 2734 2599 oportebat,
2792 2539 2977 2601 utpote
3031 2531 3223 2601 injuria
3263 2531 3454 2588 aﬁ‘ecta
3504 2544 3709 2600 matre,

2128 2617 2421 2689 ingreditur
2460 2634 2579 2674 sese
2614 2629 2889 2675 ostentans
2912 2662 2928 2687 ,
2970 2621 3118 2691 virgo
3160 2622 3473 2679 meretrices
3513 2637 3705 2679 omnes

2128 2709 2449 2779 impudentia
2498 2725 2777 2780 superans.
2805 2710 3041 2780 Tempus
3085 2714 3247 2767 etiam
3297 2729 3403 2768 non
3447 2715 3709 2770 modicam

2125 2802 2190 2857 ad
2213 2804 2635 2858 criminationem
2668 2804 2861 2874 iuiqum
2902 2804 2979 2859 rei
3006 2819 3191 2860 ansam
3235 2806 3455 2876 prmbet.
3488 2806 3712 2876 Quando

2125 2895 2265 2949 enim
2289 2895 2567 2963 oportebat
2591 2910 2712 2949 eum
2736 2895 2935 2966 gratias
2952 2894 3152 2951 referre
3176 2896 3304 2963 Deo,
3331 2896 3477 2967 quod
3502 2898 3593 2952 illo
3623 2899 3711 2953 die

2126 2985 2296 3054 ipsum
2339 2987 2388 3039 in
2414 2987 2583 3041 lucem
2614 2987 2969 3056 produxisset,
3004 2998 3130 3044 tunc
3173 2988 3355 3059 iniqua
3400 2989 3488 3043 illa
3518 3003 3708 3060 aggre-

2124 3077 2266 3132 ditur
2298 3096 2310 3132 :
2359 3077 2569 3148 quando
2599 3079 2830 3133 vinctum
2864 3078 3075 3134 solvere
3100 3079 3401 3149 oportebat,
3433 3089 3556 3134 tunc
3594 3079 3708 3135 vin-

2124 3169 2259 3222 culis
2300 3168 2501 3224 czedem
2544 3168 2747 3237 adjicit.
2778 3168 2975 3224 Audite
3016 3176 3281 3239 quotquot
3326 3170 3408 3223 vel
3456 3170 3707 3240 virgines,

2124 3261 2205 3316 vel
2232 3260 2391 3315 etiam
2422 3259 2656 3315 maxime
2691 3268 2893 3329 nuptae,
2941 3260 3146 3318 alienas
3172 3260 3381 3335 nuptias
3414 3260 3492 3321 sic
3516 3260 3705 3321 detur-

2124 3367 2250 3428 pare
2286 3351 2513 3420 audetis,
2555 3356 2831 3422 saltantes,
2863 3354 3235 3425 tripudiantes,
3279 3365 3334 3412 et
3362 3372 3700 3415 communem

2122 3460 2363 3504 naturam
2392 3448 2823 3503 dehonestantcs.
2852 3448 3044 3502 Audite
3065 3448 3246 3514 etiam,
3266 3449 3385 3516 viri,
3429 3452 3517 3521 qui
3556 3467 3706 3506 sum-

2124 3549 2308 3609 ptuosa
2335 3540 2598 3605 convivia,
2617 3540 2874 3595 ebrietate
2896 3539 3049 3608 plena
3070 3540 3346 3595 sectamini
3372 3556 3385 3594 :
3416 3549 3469 3594 ct
3489 3542 3708 3597 metuite

2120 3630 2317 3685 diaboli
2368 3630 2696 3685 barathrum.
2751 3630 2882 3685 Nam
2940 3630 3011 3684 ita
3055 3631 3401 3686 vehementer
3445 3633 3701 3687 miserunt

2124 3732 2249 3775 tunc
2293 3721 2437 3773 illum
2485 3721 2695 3785 invasit,
2726 3731 2783 3773 ut
2805 3721 3011 3789 juraret
3045 3735 3103 3776 se
3144 3722 3420 3776 dimidium
3452 3724 3597 3794 regni
3624 3724 3707 3778 sui

2120 3813 2364 3867 daturum
2394 3827 2533 3867 esse.
2567 3811 2698 3866 Illud
2748 3812 2891 3866 enim
2937 3812 3145 3867 Marcus
3173 3812 3341 3867 dicit:
3378 3814 3578 3869 Juravit
3604 3816 3702 3881 illi,

2126 3903 2484 3972 Quodcumque
2520 3901 2717 3973 petieris
2745 3918 2777 3954 a
2805 3917 2883 3955 me
2920 3902 3049 3955 dabo
3079 3902 3202 3968 tibi,
3250 3918 3404 3972 usque
3444 3906 3513 3956 ad
3548 3904 3705 3958 diuti-

2121 3995 2261 4047 dium
2299 3994 2440 4065 regni
2477 3994 2571 4047 mei
2602 3994 2621 4063 (
2654 3992 2818 4047 ﬂare.
2850 3992 2903 4048 6.
2935 3991 3007 4047 23
3029 3992 3068 4063 ).
3103 3991 3260 4048 Tanti
3302 3993 3506 4049 scilicet
3542 3995 3705 4051 ditio-

2122 4104 2243 4143 nem
2288 4102 2439 4141 suam
2470 4085 2737 4152 faciebat;
2768 4086 2837 4140 ita
2878 4085 3163 4155 voluptatis
3201 4086 3442 4156 captivus
3481 4097 3617 4153 erat,
3649 4097 3708 4143 ttt

2121 4180 2387 4237 saltationi
2424 4180 2536 4235 haec
2575 4178 2914 4235 concederet.
2954 4178 3160 4251 Ecquid
3210 4180 3452 4247 miraris,
3489 4180 3534 4235 si
3581 4190 3703 4237 tunc

2122 4273 2236 4328 haec
2261 4271 2398 4326 facta
2421 4279 2560 4334 sunt,
2584 4270 2795 4341 quando
2824 4286 2966 4325 nunc
2994 4271 3157 4326 etiam
3188 4279 3469 4342 postquam
3502 4281 3701 4328 tantam

2122 4364 2370 4420 inivitnus
2400 4361 2807 4431 philosophiam,
2853 4362 2924 4416 ob
2965 4362 3207 4416 mollium
3234 4362 3542 4432 huiusmodi
3576 4380 3704 4433 puo-

2121 4470 2300 4509 rorum
2333 4453 2671 4507 saltationem
2717 4451 2866 4505 multi
2910 4451 3117 4506 animas
3152 4466 3279 4507 suas
3322 4453 3702 4522 prodiderunt,

2120 4547 2245 4601 licet
2266 4545 2553 4615 juramcnti
2580 4542 2896 4599 necessitate
2910 4542 3153 4597 adstricti
3180 4557 3291 4597 non
3312 4544 3536 4599 essent?
3567 4545 3701 4600 Nam

2119 4655 2149 4693 a
2188 4638 2459 4709 voluptate
2507 4636 2701 4706 captivi
2748 4635 2963 4690 abducti
2990 4635 3141 4706 quasi
3188 4635 3419 4705 pecudes
3452 4645 3701 4707 aguntur,

2119 4746 2226 4801 quo
2270 4729 2425 4799 lupus
2462 4729 2581 4784 illos
2629 4728 2868 4783 traxerit.
2911 4726 3133 4799 ldquod
3166 4736 3291 4783 tunc
3334 4728 3424 4783 ille
3467 4728 3701 4787 fut-iustis

2122 4836 2309 4892 passus
2352 4831 2470 4886 est,
2501 4822 2608 4877 duo
2650 4822 2951 4891 turpissima
2994 4828 3329 4890 perpetrans,
3380 4830 3435 4877 et
3461 4822 3601 4892 quod
3637 4822 3702 4875 il.

2123 4915 2227 4969 lam
2267 4914 2538 4970 dominam
2568 4912 2755 4969 fecerit
2798 4913 2877 4968 sic
2906 4912 3158 4967 furiosam
3182 4952 3197 4976 ,
3242 4913 3442 4967 ebriam
3471 4922 3528 4969 et
3568 4912 3707 4969 nihil

2121 5006 2245 5062 mali
2281 5015 2616 5061 recusantem
2646 5021 2660 5070 ;
2688 5013 2745 5060 et
2776 5003 2917 5074 quod
2953 5003 3271 5058 necessitate
3301 5002 3594 5072 juramcnti
3631 5004 3700 5058 ita

2120 5111 2180 5153 se
2204 5097 2571 5153 obstrinxerit.
2604 5097 2672 5151 At
2713 5095 2837 5151 licet
2881 5094 2971 5149 ille
2999 5103 3105 5147 tam
3138 5094 3349 5163 iniquus
3387 5104 3562 5161 esset,
3598 5096 3706 5149 ini-

2120 5188 2278 5258 quior
2312 5197 2490 5242 tamen
2529 5196 2581 5241 et
2615 5194 2839 5258 tyranno
2879 5193 2935 5239 et
2972 5184 3149 5253 puella
3175 5193 3290 5238 erat
3333 5185 3545 5241 mulier.
3589 5186 3703 5255 Ipsa

2123 5282 2266 5335 enim
2299 5278 2413 5334 bzec
2438 5278 2575 5333 mala
2596 5278 2773 5331 omnia
2804 5286 2858 5331 et
2876 5284 3043 5329 totum
3065 5275 3252 5329 drama
3282 5274 3537 5331 fabricata
3566 5285 3700 5341 erat.

2122 5389 2243 5443 qua:
2286 5383 2459 5426 tamen
2498 5370 2720 5441 gratiam
2761 5367 3034 5439 prophetae
3062 5366 3261 5422 habere
3296 5367 3589 5423 debuisset.
3618 5367 3711 5422 Fi-

2123 5464 2189 5519 lia
2220 5464 2415 5533 quippe
2440 5463 2536 5531 ipsi
2570 5476 2770 5516 morem
2796 5475 2989 5531 gerens
3018 5472 3072 5515 et
3101 5462 3327 5530 turpiter
3351 5461 3481 5530 egit,
3516 5470 3571 5515 et
3598 5462 3705 5513 salo

2124 5554 2271 5618 tavit,
2318 5562 2375 5607 et
2409 5551 2610 5607 caedem
2661 5551 2852 5622 petiit,
2895 5549 3242 5621 Herodesque
3278 5549 3347 5605 ab
3397 5551 3511 5621 ipsa
3545 5551 3697 5623 quasi

2189 5683 2262 5795 Sa)
2298 5688 2438 5732 Juxta
2460 5680 2597 5738 alios.
2623 5681 2974 5755 ideouoaunes
3004 5682 3242 5731 accusavit
3274 5679 3699 5752 tterodem.quod,

2189 5764 2194 5793 ι
2215 5744 2345 5795 bono
2362 5746 2510 5795 fratre
2532 5744 2688 5795 adhuc
2710 5751 2924 5795 vivente.
2942 5744 3094 5795 ipsius
3115 5755 3319 5795 uxorem
3340 5742 3579 5792 duxisset.

2127 5742 2345 5809 Philippo
2362 5746 2510 5795 fratre
2532 5744 2688 5797 adhuc
2710 5745 2924 5806 vivente,
2942 5744 3094 5809 ipsius
3115 5755 3319 5795 uxorem
3340 5742 3579 5792 duxisset.
