4088 6224
398 275 495 331 ιοί
838 256 843 267 ‘
1098 271 1152 327 ε.
1191 272 1468 328 JOANNIS
1506 265 1977 326 cnnvsos'rout
2019 265 2331 326 ancmsr.
2372 275 2905 337 CONS'fAN'l‘l-NOI‘.

402 403 599 458 sagena
656 394 845 457 captus
895 393 997 440 est.
1040 385 1228 440 Viden‘
1255 400 1414 454 quam
1452 383 1694 454 apposite
1743 381 1988 437 Christus

401 480 598 535 dixerit
632 498 645 533 :
683 478 785 546 Qui
811 489 947 531 amat
982 487 1174 547 patrem
1201 488 1290 530 aut
1320 487 1530 529 matrem
1558 476 1672 545 plus
1705 492 1859 549 quam
1889 492 1986 540 me,
2016 525 2066 540 ﬂ

401 588 503 625 non
532 580 604 624 est
625 589 702 625 me
726 570 909 641 dignus
934 566 1157 639 (Matth.
1204 569 1290 624 10.
1324 569 1425 638 57)
1453 567 1627 621 iNam
1653 566 1696 620 si
1729 566 1817 620 illa
1852 565 1989 619 hanc

401 674 624 733 sequuta
676 670 821 717 esset
866 661 1037 731 legem
1063 702 1079 727 ,
1131 675 1234 714 non
1280 668 1356 714 tot
1399 660 1542 729 leges
1578 658 1848 721 violasset,
1881 673 1984 711 non

404 756 542 810 hanc
566 754 767 810 eadem
811 761 1187 825 perpetrasset.
1219 751 1350 807 Nam
1377 751 1503 820 quid
1533 752 1630 804 hac
1660 750 1988 804 immanitate

404 849 671 912 deterius,
704 847 906 903 caedem
950 854 1007 900 ut
1044 845 1264 914 gratiam
1295 844 1564 913 postulare
1589 882 1605 909 ,
1638 840 1837 896 caedem
1882 839 1986 894 ini-

401 957 580 1013 quam,
615 940 817 996 caedem
860 940 996 994 inter
1018 939 1224 1008 epulas,
1255 937 1455 991 cmdcm
1482 935 1690 1007 publice
1721 944 1773 989 et
1813 935 1986 1003 impu-

404 1036 595 1091 denter
628 1033 845 1104 petitam
877 1032 899 1086 ?
926 1030 1110 1101 Neque
1155 1030 1297 1085 enim
1336 1042 1578 1083 seorsum
1610 1026 1838 1081 accessit
1874 1025 1989 1080 haec

402 1127 627 1197 petitura
651 1166 667 1190 ,
698 1124 793 1179 sed
835 1122 1071 1194 publice,
1094 1128 1148 1175 et
1189 1119 1358 1189 posita
1398 1118 1564 1184 larva,
1598 1116 1741 1171 nudo
1777 1115 1983 1187 capite,

400 1217 595 1271 diaboli
648 1231 743 1269 usa
789 1212 1124 1284 patrocinio,
1157 1210 1273 1265 haec
1316 1209 1407 1263 illo
1437 1210 1595 1263 modo
1640 1207 1857 1278 loquuta
1883 1216 1985 1263 est.

401 1307 616 1363 Namid
661 1305 908 1362 diabolus
955 1303 1150 1369 eﬂ'ecit,
1182 1311 1239 1356 ut
1281 1302 1367 1355 illa
1409 1301 1609 1355 saltans
1635 1299 1889 1369 placeret,
1934 1306 1989 1353 et

405 1400 673 1457 llcrodem
726 1408 853 1453 tunc
902 1404 1137 1466 caperet.
1186 1394 1283 1451 Ubi
1326 1394 1468 1448 enim
1496 1392 1742 1457 saltatio,
1773 1391 1841 1445 ibi
1870 1390 1985 1445 dia-

403 1493 579 1546 bolus.
608 1490 792 1561 Neque
819 1489 961 1544 enim
990 1488 1110 1543 ideo
1140 1487 1304 1557 pedes
1348 1486 1501 1540 nobis
1528 1484 1675 1539 dedit
1717 1484 1885 1550 Deus,
1932 1492 1990 1537 ut

404 1584 469 1637 iis
500 1583 725 1652 turpiter
764 1589 975 1635 utamur
993 1619 1007 1643 ,
1035 1578 1128 1633 sed
1169 1586 1226 1632 ut
1252 1587 1397 1633 recte
1423 1575 1729 1647 gradiantur
1757 1591 1772 1640 ;
1803 1588 1907 1629 non
1931 1584 1990 1629 ut

405 1672 628 1743 perinde
658 1681 818 1742 atque
860 1670 1047 1725 cameli
1086 1670 1341 1724 saltemus
1382 1668 1401 1738 (
1432 1683 1550 1721 nam
1579 1678 1633 1722 et
1658 1667 1847 1721 cameli
1879 1666 1986 1721 sal-

411 1776 587 1821 tantes
624 1766 886 1836 ingratum
918 1763 1279 1833 spectaculum
1330 1761 1529 1829 edunt,
1562 1761 1834 1830 multoque
1875 1774 1989 1813 ma-

402 1858 482 1924 gis
512 1856 834 1925 mulieres),
879 1855 971 1910 sed
1018 1862 1075 1908 ut
1108 1869 1230 1909 cum
1261 1853 1464 1923 angelis
1493 1852 1718 1907 choreas
1744 1866 1988 1921 agamus.

401 1950 456 2004 Si
502 1950 641 2003 enim
693 1961 888 2016 corpus
939 1944 990 1999 id
1033 1959 1195 2014 agens
1241 1951 1393 2013 turpe
1442 1951 1550 2006 est,
1599 1942 1766 1995 multo
1821 1942 1988 2010 magis

401 2044 599 2097 anima.
643 2042 730 2097 Sic
759 2042 954 2095 saltant
983 2040 1256 2095 daemones
1309 2057 1323 2092 :
1370 2038 1446 2092 sic
1469 2036 1755 2092 adulantur
1787 2035 1987 2090 dartth-

403 2152 529 2190 num
560 2135 806 2189 ministri.

470 2227 524 2280 4.
556 2227 659 2281 Sed
694 2226 998 2294 petitionem
1042 2226 1208 2293 ipsam
1245 2223 1543 2278 considera.
1576 2221 1659 2274 Da
1690 2222 1845 2286 mihi,
1878 2223 1984 2287 ait,

403 2318 483 2371 hic
510 2318 565 2370 in
591 2317 728 2370 disco
759 2327 908 2387 caput
936 2316 1153 2369 Joannis
1184 2313 1443 2384 Baptistae.
1477 2312 1662 2368 Viden’
1703 2312 1983 2381 impuden-

406 2419 533 2474 tcm,
559 2423 677 2477 qua:
705 2418 865 2461 totam
890 2406 1099 2461 diabolo
1128 2420 1186 2461 se
1214 2405 1457 2460 dedidit?
1484 2404 1799 2473 Dignitatem
1826 2402 1988 2457 Joan-

404 2501 485 2553 nis
512 2510 791 2565 memorat,
822 2514 993 2569 neque
1019 2508 1193 2553 tamen
1219 2498 1295 2551 sic
1319 2496 1604 2562 erubescit,
1633 2494 1726 2550 sed
1755 2510 1818 2549 ac
1847 2495 1890 2549 si
1919 2496 1987 2550 de

400 2592 520 2645 «ibo
549 2592 796 2663 quopiam
830 2592 1155 2661 loqueretur,
1188 2590 1265 2644 sic
1295 2604 1505 2644 sacrum
1529 2598 1584 2645 et
1611 2588 1821 2642 beatum
1854 2586 1985 2641 illud

399 2694 558 2753 caput
598 2685 649 2738 in
688 2685 838 2739 disco
877 2683 1051 2738 eﬂ'erri
1100 2684 1251 2751 petit.
1290 2680 1496 2735 Nullam
1534 2680 1689 2733 afl'ert
1725 2694 1981 2733 causam:

402 2791 572 2846 neque
598 2777 740 2831 enim
773 2783 1017 2844 poterat;
1054 2773 1150 2829 sed
1190 2772 1502 2841 simpliciter
1531 2772 1721 2840 quaerit
1759 2771 1984 2824 aliorum

401 2867 789 2927 calamitatibus
810 2866 1081 2920 honorari.
1105 2864 1219 2919 Non
1239 2863 1393 2929 dixit,
1415 2863 1664 2918 Introduc
1692 2863 1836 2916 illum
1858 2862 1982 2927 huc,

401 2972 456 3017 et
486 2962 698 3019 immola
730 2979 743 3015 :
778 2975 948 3029 neque
977 2960 1117 3014 enim
1162 2958 1402 3012 morituri
1445 2956 1692 3026 loquendi
1739 2955 1983 3010 ﬁduciam

404 3052 635 3108 tulisset.
664 3050 797 3105 Nam
829 3051 1045 3104 timebat
1071 3049 1153 3104 vel
1184 3048 1397 3103 mactati
1438 3063 1625 3102 vocem
1661 3046 1843 3101 audire
1874 3056 1983 3101 ter-

402 3142 606 3197 ribilem
635 3161 646 3195 :
670 3157 841 3211 neque
862 3142 1002 3195 enim
1019 3141 1190 3211 capite
1212 3138 1548 3194 mulctandus
1572 3140 1836 3194 tacuisset.
1863 3138 1986 3194 Ideo

401 3233 507 3289 ait:
539 3231 621 3285 Da
642 3231 765 3285 mihi
793 3231 873 3284 hic
898 3233 947 3284 in
971 3232 1106 3285 disco
1133 3250 1146 3286 :
1177 3246 1298 3284 nam
1323 3230 1551 3299 linguam
1572 3229 1718 3285 illam
1739 3232 1983 3285 silentem

404 3324 581 3391 videre
614 3325 791 3394 cupio.
828 3323 1011 3393 Neque
1040 3323 1273 3393 effugere
1300 3322 1471 3377 solum
1510 3323 1651 3377 illius
1687 3322 1982 3392 reprehen-

399 3417 577 3470 siones
602 3415 832 3481 volcbat,
859 3415 951 3468 sed
976 3414 1229 3468 insultare
1247 3414 1441 3481 jacenti
1464 3424 1518 3468 et
1542 3413 1785 3468 deridere
1812 3415 1977 3469 illum.

400 3508 540 3561 Deus
567 3522 693 3560 vero
724 3506 774 3558 id
808 3505 1065 3574 permisit,
1101 3519 1201 3559 nec
1242 3504 1440 3559 fulmen
1470 3519 1701 3573 superne
1731 3505 1893 3571 misit,
1927 3515 1984 3559 ut

400 3596 761 3667 impudentem
802 3596 943 3650 illam
981 3595 1168 3651 faciem
1207 3596 1588 3651 combureret:
1623 3611 1793 3667 neque
1825 3596 1983 3666 jussit

400 3702 594 3744 terram
629 3688 774 3743 hiatu
811 3697 977 3745 totum
1010 3688 1137 3743 illud
1176 3688 1416 3757 iniquum
1459 3690 1762 3745 convivium
1792 3690 1980 3745 absor-

399 3782 526 3837 bere
552 3822 565 3843 ,
610 3791 667 3835 ut
705 3780 862 3836 simul
902 3782 1101 3850 justum
1134 3781 1330 3836 clarius
1358 3790 1637 3837 coronarct
1662 3824 1676 3847 ,
1709 3793 1763 3837 et
1797 3783 1860 3837 iis
1889 3784 1978 3853 qui

396 3873 573 3943 iniqua
621 3873 826 3943 passuri
874 3885 1055 3943 postea
1102 3883 1319 3939 essent,
1364 3889 1606 3944 magnam
1656 3874 1981 3943 relinqueret

395 3968 837 4023 consolationem.
872 3968 1161 4023 Audiamus
1203 3967 1361 4035 igitur
1400 3974 1662 4035 quotquot
1689 3966 1754 4020 ab
1785 3967 1979 4035 iniquis

397 4060 701 4114 hominibus
719 4060 899 4131 gravia
928 4059 1154 4127 patimur
1177 4057 1301 4111 dum
1329 4067 1473 4113 recte
1500 4058 1742 4110 vivimus.
1766 4056 1978 4112 Etenim

398 4162 523 4206 tunc
552 4152 689 4205 Deus
716 4166 906 4219 passus
935 4160 1017 4203 est
1040 4164 1159 4203 eum
1183 4189 1196 4211 ,
1224 4149 1310 4215 qui
1344 4149 1394 4201 in
1425 4147 1708 4201 solitudine
1734 4148 1975 4212 vixerat,

396 4244 485 4310 qui
517 4242 568 4296 in
596 4256 727 4298 zona
760 4241 1001 4309 pellicea,
1031 4240 1121 4310 qui
1164 4240 1215 4293 in
1258 4240 1452 4305 cilicio,
1484 4241 1816 4310 prophetam,
1850 4256 1976 4310 pro—

396 4333 574 4403 phetis
615 4333 871 4402 majorem
896 4374 912 4397 ,
950 4347 1054 4401 quo
1103 4332 1277 4386 nullus
1315 4332 1483 4401 major
1526 4348 1775 4401 umquam
1804 4332 1979 4388 fuerat

396 4426 539 4480 inter
564 4433 720 4480 natos
747 4424 1029 4481 mulierum
1073 4423 1290 4496 (Matth.
1324 4424 1409 4478 ll.
1453 4425 1513 4478 ll
1536 4427 1586 4492 l,
1615 4424 1842 4481 interfici
1882 4439 1977 4494 per

394 4519 625 4590 puellam
681 4518 1001 4588 impudicam
1051 4526 1107 4573 et
1158 4528 1459 4585 corruptam
1513 4518 1847 4572 meretricem
1882 4525 1977 4572 :et

393 4612 511 4669 haec
535 4612 661 4667 dum
691 4611 897 4666 divinas
926 4613 1068 4681 leges
1098 4620 1355 4665 tueretur.
1385 4609 1509 4663 ibeo
1536 4609 1714 4678 itaque
1740 4610 1978 4680 cogitan-

392 4716 505 4770 tes,
546 4704 778 4760 feramus
820 4718 1079 4773 generose
1117 4701 1293 4756 omnia
1330 4717 1678 4771 quaecumque
1722 4703 1971 4770 patimur.

392 4797 522 4851 Nam
553 4806 606 4852 et
637 4806 762 4851 tunc
790 4793 1123 4863 sanguinaria
1166 4792 1254 4845 illa
1296 4801 1349 4846 et
1388 4792 1563 4861 iniqua
1610 4800 1810 4845 tantum
1856 4805 1975 4847 sese

391 4890 458 4943 de
484 4905 568 4952 co,
596 4888 685 4959 qui
709 4889 809 4943 sibi
831 4886 1073 4942 dolorem
1098 4885 1367 4949 attulerat,
1391 4883 1697 4949 vindicavit,
1720 4894 1973 4953 quantum

390 4983 577 5047 voluit,
603 4983 733 5035 iram
759 4990 921 5035 totam
943 4978 1172 5041 satiavit,
1195 4988 1248 5032 et
1272 4977 1409 5033 Deus
1429 4976 1477 5030 id
1503 4974 1775 5046 permisit:
1798 4990 1975 5045 quam-

389 5090 548 5144 quam
576 5075 706 5129 nihil
727 5074 801 5128 illi
822 5074 1056 5129 Joannes
1076 5070 1304 5133 dixerat,
1329 5084 1427 5124 nec
1446 5069 1589 5123 illam
1610 5077 1970 5132 accusaverat,

389 5167 483 5220 sed
512 5166 681 5220 virum
709 5175 932 5221 tantum.
964 5163 1070 5220 Sed
1097 5163 1419 5218 conscientia
1448 5162 1670 5217 acerbus
1697 5171 1975 5217 accusator

390 5267 528 5313 erat.
559 5258 791 5327 Ideoque
811 5257 864 5310 in
892 5256 1096 5325 majora
1120 5254 1433 5323 erumpebat
1457 5253 1615 5320 mala,
1641 5252 1853 5317 dolens,
1881 5252 1973 5307 sti-

392 5353 548 5406 muiis
569 5352 795 5421 agitata;
826 5350 1088 5420 simulque
1115 5348 1458 5405 dedecoravit
1482 5361 1690 5414 omnes,
1717 5345 1967 5414 seipsam,

390 5443 869 5505 tiliam,dimissum
892 5443 1085 5508 virum,
1109 5442 1372 5496 viventem
1400 5443 1688 5505 mtechum,
1717 5450 1769 5494 et
1794 5439 1968 5508 priora

390 5551 641 5605 superam
663 5536 925 5593 certabat.
955 5535 1009 5591 Si
1035 5535 1208 5600 doles,
1238 5534 1429 5604 inquit,
1454 5532 1594 5603 quod
1623 5532 1712 5587 ille
1737 5533 1972 5588 mcecbe—

390 5640 475 5683 tur
494 5670 507 5691 ,
536 5644 635 5697 ego
677 5630 826 5685 illum
866 5628 1186 5687 homicidam
1216 5627 1401 5685 faciam
1428 5668 1443 5695 ,
1472 5636 1525 5682 et
1557 5626 1856 5682 accusantis
1887 5626 1966 5680 in-

324 5724 331 5729 ’
390 5720 747 5778 terfectorem.

3579 291 3681 347 ωε

2170 378 2573 453 Imprudentium
2592 391 2999 461 ⁸ἱιηίαηιεηιονιιηι
3028 405 3075 452 et
3103 399 3448 469 fornicationis
3470 413 3679 466 damna.

2093 503 2163 512 ——
2192 475 2384 532 Audite
2408 491 2666 552 quotquot
2691 485 2830 540 ultra
2855 504 3018 557 quam
3042 490 3119 546 fas
3154 502 3238 549 est
3274 497 3531 554 uxoribus
3570 502 3682 568 pla-

2093 581 2214 621 cere
2242 570 2484 627 studetis.
2517 575 2709 631 Audite
2732 590 2993 650 quotquot
3011 585 3153 639 circa
3176 602 3263 641 res
3289 587 3519 646 incertas
3538 566 3685 662 jura-

2095 671 2272 750 menta
2305 664 2571 730 prtebetis,
2602 668 2824 739 aliisque
2855 673 3107 740 perniciei
3138 688 3326 733 vestra:
3362 690 3680 750 potestatem

2096 749 2357 819 tribuitis,
2386 768 2449 808 ac
2484 756 2633 812 vobis
2673 758 2978 816 barathrum
3019 764 3273 823 eﬂ‘oditis.
3317 749 3408 825 Sic
3443 772 3681 830 Herodes

2093 840 2270 906 periit.
2302 841 2530 899 Putabat
2568 848 2709 902 enim
2755 851 2921 920 ipsam
2954 855 3225 927 quidpiam
3267 863 3516 917 convivio
3551 880 3682 919 con-

2092 942 2404 989 scntaneum
2434 938 2716 1005 petituram
2740 958 2880 1007 esse,
2908 946 3244 1017 puellamque
3265 951 3317 1004 in
3344 954 3681 1010 solemnitate

2092 1032 2145 1076 et
2184 1022 2323 1077 inter
2355 1028 2559 1094 epulas,
2594 1046 2703 1085 rem
2738 1036 3026 1103 gratiosam
3056 1047 3110 1092 et
3139 1039 3338 1108 betam,
3370 1060 3474 1099 non
3503 1056 3677 1102 autem

2092 1125 2250 1185 caput
2274 1118 2371 1171 viri
2406 1122 2786 1188 postulaturam
2814 1142 2972 1194 esse;
3009 1141 3062 1185 et
3084 1131 3345 1203 deceptus
3369 1146 3469 1191 est.
3526 1140 3677 1194 Atta.

2092 1221 2214 1260 men
2247 1208 2379 1263 nihil
2413 1211 2601 1266 horum
2634 1215 2807 1283 ipsum
2840 1221 3100 1289 purgahit.
3144 1223 3367 1280 Etiamsi
3408 1228 3551 1283 enim
3590 1231 3679 1287 illa

2091 1311 2211 1351 cum
2240 1299 2364 1354 feris
2393 1306 2735 1371 pugnantium
2769 1308 3000 1365 virorum
3033 1314 3265 1368 animum
3295 1316 3566 1384 habuerit,
3597 1332 3678 1377 at-

2094 1397 2269 1444 tamen
2300 1407 2403 1446 non
2433 1393 2609 1450 decuit
2638 1398 2781 1453 illum
2814 1416 2872 1456 se
2899 1406 2968 1457 ita
2999 1404 3371 1473 decipiendum
3401 1384 3639 1480 praebere
3658 1455 3674 1481 ,

2093 1497 2195 1573 nec
2225 1486 2502 1552 tyrannico
2526 1488 2744 1560 obsequi
2774 1493 3015 1565 imperio.
3041 1497 3218 1553 Primo
3242 1501 3406 1568 enim,
3429 1504 3547 1573 quis
3568 1522 3674 1561 non

2092 1570 2372 1627 exhorruit
2406 1590 2614 1631 sacrum
2653 1580 2781 1635 illud
2818 1594 2976 1653 caput
3003 1586 3187 1643 videns
3216 1570 3526 1661 sanguinem
3558 1596 3675 1649 stil-

2092 1661 2233 1727 lare,
2263 1672 2317 1717 et
2342 1664 2481 1719 inter
2504 1668 2689 1735 epulas
2718 1674 2950 1740 reponi?
2979 1677 3047 1729 At
3073 1692 3179 1731 non
3215 1677 3427 1749 iniquus
3455 1683 3542 1738 ille
3573 1683 3680 1740 lle.

2092 1752 2283 1819 rodes,
2331 1770 2438 1810 non
2483 1760 2858 1817 exsecrabilior
2899 1764 2989 1819 illo
3032 1767 3245 1823 mulier.
3287 1769 3443 1827 Tales
3482 1775 3679 1844 quippe

2091 1856 2214 1901 sunt
2240 1850 2549 1905 meretrices
2574 1870 2589 1906 :
2613 1854 2850 1910 omnium
2880 1859 3317 1927 petulantissimae
3341 1874 3392 1919 et
3419 1868 3678 1924 crudelis-

2090 1940 2259 1995 simae.
2290 1941 2420 1996 Nam
2446 1944 2490 1997 si
2513 1960 2612 1999 nos
2636 1946 2751 2003 haec
2769 1949 3048 2007 audientes
3070 1955 3543 2023 perhorrescimus,
3567 1976 3674 2031 quo

2088 2034 2268 2087 animo
2295 2032 2458 2091 fuisse
2495 2039 2788 2107 putandum
2827 2054 2910 2097 est
2945 2058 3040 2101 eos
3065 2047 3154 2116 qui
3196 2047 3310 2104 haec
3343 2049 3471 2120 ipsis
3507 2053 3678 2109 oculis

2089 2125 2414 2179 cernerent?
2437 2128 2565 2197 quid
2592 2130 2733 2199 passi
2761 2140 2886 2186 sunt
2911 2136 3149 2190 convivae
3176 2147 3333 2207 caput
3354 2156 3543 2196 recens
3562 2158 3677 2197 am-

2090 2224 2329 2284 putatum
2371 2226 2426 2271 et
2474 2221 2786 2289 sanguinem
2831 2222 3076 2279 videntes
3118 2226 3171 2279 in
3211 2228 3388 2283 medio
3429 2233 3676 2289 convivio

2090 2307 2382 2377 repositum
2408 2309 2431 2361 ?
2462 2310 2527 2362 At
2557 2325 2662 2363 non
2692 2313 3027 2380 sanguinaria
3061 2314 3144 2368 illa
3176 2325 3229 2369 et
3258 2318 3386 2388 ipsis
3417 2319 3564 2375 furiis
3590 2323 3673 2376 fe-

2089 2397 2266 2451 rocior
2295 2397 2386 2451 illo
2414 2411 2678 2467 commota
2712 2399 2808 2454 fuit
2834 2405 3141 2471 spectaculo
3160 2447 3174 2470 ,
3206 2407 3302 2462 sed
3325 2410 3624 2467 exsultabat
3652 2431 3669 2468 :

2088 2490 2256 2559 atqui,
2281 2490 2382 2545 etsi
2412 2507 2516 2545 non
2544 2492 2777 2557 aliunde,
2806 2510 2870 2549 ex
2900 2496 3015 2551 solo
3043 2506 3261 2567 aspectu
3291 2499 3478 2555 saltem
3517 2503 3669 2557 fasti-

2086 2581 2231 2635 dium
2271 2597 2627 2654 nauseamque
2667 2585 2963 2655 ingenerari
3003 2604 3099 2657 par
3140 2599 3273 2645 erat.
3305 2591 3499 2647 Verum
3537 2593 3669 2649 nihil

2088 2671 2387 2741 hujusmodi
2419 2688 2576 2744 passa
2606 2686 2688 2729 est
2718 2676 2803 2731 illa
2831 2678 3142 2748 sanguinem
3172 2682 3358 2738 sitiens
3395 2684 3669 2754 propheti-

2087 2777 2229 2815 cum.
2259 2761 2404 2817 Talis
2431 2772 2514 2818 est
2552 2764 2831 2821 fornicatio
2859 2786 2873 2820 :
2907 2783 3011 2823 non
3045 2770 3273 2826 lascivos
3306 2781 3509 2830 tantum
3534 2817 3550 2841 ,
3576 2776 3673 2832 sed

2088 2861 2141 2907 et
2170 2852 2462 2908 homicidas
2507 2855 2690 2911 efficit.
2734 2858 2866 2913 Nam
2906 2860 3148 2917 adulterii
3179 2864 3383 2935 cupida:
3422 2868 3674 2925 mulieres

2087 2943 2154 2997 ad
2183 2944 2381 2999 eadem
2412 2957 2535 3001 sunt
2562 2957 2761 3019 paratae
2789 2951 3021 3007 virorum
3043 2995 3058 3019 ,
3087 2956 3176 3024 qui
3205 2957 3396 3025 injuria
3424 2957 3671 3017 afﬁciun-

2089 3045 2207 3103 tur;
2232 3053 2331 3093 nec
2355 3054 2514 3094 unam
2539 3050 2741 3096 tantum
2770 3044 2850 3099 vel
2878 3044 3031 3113 duas,
3053 3047 3145 3102 sed
3167 3057 3221 3103 et
3242 3049 3545 3108 innumeras
3569 3070 3673 3111 ca:-

2086 3128 2183 3184 des
2209 3129 2325 3185 ﬁeri
2362 3128 2517 3188 facile
2541 3135 2864 3190 curaverint.
2896 3136 3157 3193 Similium
3189 3156 3348 3209 porro
3376 3142 3673 3202 facinorum

2087 3219 2241 3274 multi
2280 3229 2443 3276 testes
2479 3232 2623 3279 sunt.
2666 3224 2719 3280 ld
2764 3228 2921 3281 etiam
2969 3228 3058 3282 illa
3100 3238 3224 3286 tunc
3264 3231 3421 3301 fecit,
3453 3250 3674 3306 Sperans

2089 3319 2289 3365 tantum
2321 3312 2523 3369 facinus
2552 3315 2604 3369 in
2633 3315 2952 3373 oblivionem
2984 3320 3195 3376 tandem
3221 3338 3340 3379 esse
3368 3334 3666 3383 venturum.

2087 3400 2193 3456 Sed
2231 3404 2557 3459 contrarium
2598 3421 2819 3475 prorsus
2854 3412 3031 3465 evenit
3063 3428 3075 3465 :
3108 3427 3231 3467 nam
3273 3414 3426 3487 longe
3457 3417 3667 3474 clariori

2086 3506 2218 3547 voce
2248 3502 2428 3563 postea
2455 3494 2691 3554 Joannes
2717 3498 2987 3555 clamavit.

2156 3586 2209 3639 5.
2243 3585 2482 3655 Nequitia
2516 3590 2585 3642 ad
2622 3606 2841 3660 prtesens
2867 3602 3061 3663 tempus
3084 3596 3245 3650 solum
3283 3601 3507 3669 respicit.
3534 3601 3667 3656 Pec-

2084 3687 2250 3731 catum
2276 3696 2375 3733 non
2404 3682 2586 3751 tegitur
2611 3700 2700 3752 per
2726 3685 2868 3739 aliud
2896 3697 3173 3755 peccatum,
3199 3690 3288 3744 sed
3314 3709 3404 3761 per
3429 3696 3671 3763 petulca-

2084 3770 2227 3823 tiam.
2252 3770 2487 3826 Convivia
2512 3790 2574 3828 εκ
2597 3776 2788 3844 rapinis
2818 3788 2964 3845 parta
2985 3795 3135 3849 quam
3163 3782 3356 3836 odiosa.
3376 3814 3447 3824 —
3474 3783 3668 3841 Verum

2083 3863 2314 3931 nequitia
2340 3863 2405 3919 ad
2438 3880 2673 3934 praesens
2702 3877 2899 3923 tantum
2931 3879 3139 3939 tempus
3160 3873 3394 3943 respicit,
3423 3875 3562 3931 sicut
3587 3877 3665 3932 fec

2082 3953 2412 4025 bricitantes,
2445 3974 2565 4013 cum
2592 3975 2783 4030 aquam
2813 3961 3056 4030 frigidam
3088 3964 3455 4035 intempestive
3486 3978 3668 4039 postu-

2083 4045 2212 4098 lant.
2238 4047 2445 4101 Etenim
2471 4050 2569 4104 nisi
2591 4062 2954 4108 aceusatorem
2971 4055 3283 4125 jugulasset,
3313 4057 3517 4114 facinus
3539 4059 3667 4115 illud

2082 4151 2189 4191 non
2238 4137 2307 4191 ita
2351 4140 2652 4209 evulgatum
2698 4143 2903 4198 fuisset.
2955 4146 3206 4215 Discipuli
3250 4163 3480 4219 namque
3515 4150 3664 4220 ejus.

2081 4231 2294 4301 quando
2324 4233 2376 4287 in
2404 4248 2674 4293 carcerem
2714 4237 2985 4306 conjectus
3024 4238 3160 4303 fuit,
3193 4239 3323 4295 nihil
3364 4240 3666 4311 hujusmodi

2081 4323 2331 4380 dixerunt
2361 4344 2373 4379 :
2398 4342 2520 4383 cum
2547 4338 2721 4386 autem
2751 4331 3056 4387 interfectus
3084 4332 3201 4399 fuit,
3233 4343 3341 4388 tum
3372 4334 3518 4390 necis
3542 4350 3668 4389 can-

2080 4431 2193 4471 sam
2218 4418 2489 4487 publicare
2509 4422 2675 4475 coacti
2702 4431 2844 4476 sunt.
2877 4422 3181 4478 Adulteram
3206 4424 3457 4496 obtegere
3484 4427 3666 4497 cupie—

2082 4509 2243 4576 bant,
2273 4526 2372 4566 nec
2407 4512 2610 4567 alienas
2639 4514 2967 4569 calamitates
3005 4515 3306 4583 publicare;
3339 4531 3460 4570 cum
3487 4526 3662 4572 autem

2082 4604 2134 4659 in
2170 4605 2419 4660 narrandi
2462 4608 2835 4662 necessitatem
2875 4608 3084 4663 deducti
3118 4618 3273 4673 sunt,
3309 4620 3434 4664 tunc
3462 4610 3666 4665 facinus

2081 4711 2240 4751 omne
2269 4706 2570 4753 recensent.
2602 4698 2678 4753 Ne
2706 4698 2825 4769 quis
2853 4699 2993 4754 enim
3025 4714 3240 4753 causam
3269 4699 3431 4754 caedis
3469 4701 3662 4755 malam

2080 4802 2200 4842 esse
2229 4790 2606 4857 suspicaretur,
2642 4799 2698 4844 ut
2731 4790 2780 4843 in
2813 4790 3028 4844 Thcuda
3054 4798 3109 4845 et
3134 4789 3267 4845 Juda
3298 4792 3540 4864 contigit,
3574 4808 3665 4847 vc-

2082 4897 2194 4935 ram
2236 4880 2398 4936 credis
2438 4896 2650 4935 causam
2697 4881 2895 4936 referre
2933 4892 3210 4952 coguntur.
3255 4882 3437 4951 Itaque
3465 4893 3667 4953 quanto

2081 4974 2248 5044 magis
2288 4981 2559 5041 peccatum
2590 4972 2863 5028 occultare
2890 4972 2991 5028 hoe
3020 4973 3179 5028 modo
3206 4973 3445 5029 volueris
3466 5015 3483 5040 ,
3519 4983 3666 5034 tanto

2082 5066 2249 5136 magis
2266 5064 2395 5119 illud
2411 5063 2647 5133 evulgas.
2666 5064 2944 5119 Peccatum
2963 5067 3102 5119 enim
3124 5080 3226 5120 non
3246 5082 3341 5136 per
3356 5066 3665 5135 peccatiad-

2081 5158 2430 5212 ditamentum
2458 5158 2670 5226 tegitur,
2690 5156 2783 5211 sed
2810 5172 2904 5226 per
2921 5159 3285 5227 paenitentiam
3308 5169 3359 5214 et
3382 5158 3661 5213 confessio-

2082 5265 2223 5306 nem.
2253 5248 2531 5316 Perpende
2558 5258 2732 5303 autem
2759 5249 3025 5318 quomodo
3055 5248 3169 5303 haec
3194 5249 3516 5318 evangelista
3544 5264 3662 5302 πηο-

2080 5342 2264 5396 derate
2289 5347 2499 5405 narret,
2529 5349 2583 5393 et
2610 5348 2864 5409 quantum
2895 5340 3016 5395 licet
3046 5340 3246 5395 crimen
3279 5340 3501 5397 minuat.
3530 5338 3661 5393 Nam

2080 5432 2342 5489 Herodem
2370 5431 2421 5485 id
2453 5430 2642 5486 fecisse
2669 5430 2797 5484 dicit
2827 5442 3041 5501 propter
3066 5432 3423 5501 juramentnm
3453 5439 3510 5486 et
3531 5444 3660 5485 cou-

2080 5527 2225 5580 vivas
2247 5565 2261 5589 ,
2292 5525 2570 5595 ipsumque
2597 5522 2969 5578 contristatum
3000 5523 3161 5578 fuisse
3193 5539 3207 5575 :
3235 5520 3302 5576 de
3328 5520 3501 5591 puella
3536 5534 3663 5576 vero

2078 5618 2203 5671 dicit
2232 5618 2398 5685 ipsam
2429 5631 2458 5670 a
2488 5626 2658 5671 matre
2688 5615 3054 5685 praemonitam
3084 5613 3244 5667 fuisse
3266 5651 3281 5676 ,
3312 5619 3370 5667 et
3396 5619 3555 5680 caput
3578 5618 3660 5663 at-

2082 5714 2263 5767 tulisse
2292 5712 2461 5775 matri,
2497 5727 2557 5765 ae
2588 5711 2629 5765 si
2662 5710 2883 5775 diceret,
2917 5707 3057 5763 Illius
3078 5704 3226 5775 jussa
3252 5702 3659 5774 exsequebatur.
