4052 6228
299 317 415 371 «195

298 431 425 487 Non
456 430 594 485 enim
625 429 693 485 de
736 430 800 485 iis
837 430 926 501 qui
965 429 1103 485 mala
1148 430 1447 499 patiuntur,
1480 431 1574 487 sed
1608 432 1677 487 de
1714 432 1779 485 iis
1807 432 1896 500 qui

299 523 448 578 mala
476 521 727 586 inferunt,
756 520 940 576 dolere
968 521 1140 576 solent
1164 521 1286 591 justi
1317 537 1525 589 omnes,
1553 523 1673 593 quia
1706 521 1756 575 hi
1787 538 1899 575 ma-

295 616 453 668 xime
488 620 616 668 sunt
647 613 736 683 qui
775 613 912 667 male
955 613 1245 681 patiuntur.
1286 612 1467 684 Neque
1495 613 1636 669 enim
1666 613 1897 669 Joannes

295 705 465 758 kesus
492 703 623 765 fuit,
656 705 749 759 sed
794 704 826 758 ii
866 705 953 773 qui
994 704 1109 757 haec
1147 704 1431 759 machinati
1471 706 1615 760 sunt.
1654 706 1760 759 llos
1800 721 1896 759 nos

293 812 517 865 quoque
539 797 829 861 imitemur,
856 812 1029 867 nequc
1051 796 1365 851 insuitemus
1393 799 1621 865 peccatis
1646 796 1892 866 proximi,

292 893 390 941 sed
425 902 684 958 quantum
713 888 789 943 fas
815 900 896 943 est
919 890 1246 943 occultemus
1271 906 1354 943 ea.
1388 891 1630 945 Animum
1665 890 1899 960 philoso-

296 980 520 1048 pliicum
548 996 897 1035 assumamus.
932 981 1136 1035 Etenim
1168 982 1489 1052 evangelista
1520 984 1586 1037 de
1614 985 1895 1038 meretrice

292 1083 350 1127 et
392 1073 734 1143 sanguinaria
780 1072 1005 1127 muliere
1046 1073 1315 1128 moderate
1348 1085 1604 1143 quantum
1636 1075 1780 1128 licuit
1812 1074 1893 1128 lo-

291 1173 501 1234 qnutus
524 1175 619 1231 est.
650 1163 765 1219 Non
789 1166 929 1218 euitn
950 1164 1105 1229 dixit,
1135 1167 1174 1218 A
1203 1167 1537 1235 sanguinaria
1563 1176 1616 1220 et
1644 1168 1888 1232 scelesta,

294 1254 421 1317 sed,
450 1257 491 1307 Α
514 1264 669 1307 matre
690 1256 1007 1323 prmonita,
1034 1255 1424 1310 honestiorihus
1446 1273 1571 1309 usus
1600 1260 1887 1312 vocabulis.

293 1344 380 1399 Tu
412 1362 539 1400 vero
568 1347 867 1414 proximum
894 1346 1214 1401 contumelia
1239 1359 1293 1400 et
1318 1346 1559 1402 convicio
1579 1346 1766 1408 afficis.
1796 1350 1891 1402 nec

293 1439 368 1493 ita
397 1438 642 1494 modeste
670 1448 821 1506 potes
848 1437 914 1493 de
946 1438 1105 1493 fratre
1128 1438 1216 1508 qui
1250 1448 1300 1493 te
1331 1439 1520 1508 injuria
1552 1439 1787 1494 aﬂ'ecerit
1814 1440 1892 1495 lo-

291 1534 386 1602 qui
408 1575 426 1597 ,
460 1543 513 1586 ut
556 1534 645 1587 ille
680 1532 749 1587 de
794 1532 1075 1588 meretrice
1106 1532 1451 1602 loquebatur,
1484 1533 1574 1587 sed
1605 1535 1889 1588 admodum

294 1626 571 1691 ferociter,
600 1637 651 1680 et
677 1641 799 1681 cum
825 1625 1146 1694 opprobriis,
1174 1626 1459 1681 scelestum
1486 1642 1663 1691 vocas,
1693 1628 1893 1696 impro-

291 1718 423 1773 bum
451 1760 464 1780 ,
498 1719 704 1773 vafrum
728 1760 740 1781 .
785 1718 1002 1773 stultum
1024 1760 1039 1783 ,
1069 1728 1117 1773 et
1161 1718 1351 1773 similia
1392 1718 1615 1774 adhibes
1652 1720 1886 1774 nomina.

289 1809 426 1866 Nam
448 1809 737 1865 efferamur
762 1810 981 1864 omnino
1006 1820 1058 1864 et
1085 1810 1232 1879 quasi
1260 1809 1328 1865 de
1352 1811 1645 1881 alienigena
1677 1810 1890 1866 homine

291 1903 586 1971 loquimur,
618 1901 1021 1967 maledicentes,
1051 1900 1302 1955 conviciis
1328 1911 1380 1956 et
1404 1900 1741 1955 contumeliis
1769 1899 1889 1954 affi-

291 1996 522 2050 cientes.
546 1995 613 2049 At
636 2010 739 2048 non
763 1994 834 2048 ita
856 2004 1002 2048 certe
1026 1993 1193 2047 sancti
1218 2010 1232 2048 :
1260 1991 1354 2048 sed
1382 1993 1557 2063 potius
1582 2000 1890 2063 peccatores

295 2086 504 2155 lugent,
531 2099 685 2155 quam
717 2084 846 2153 ipsis
876 2082 1217 2140 maledicunt.
1246 2082 1357 2139 Hoc
1387 2092 1440 2138 et
1465 2097 1565 2139 nos
1593 2083 1844 2139 faciamus
1870 2101 1884 2139 :

295 2176 575 2246 lugeamus
616 2175 1004 2241 Herodiadem,
1038 2185 1093 2230 et
1127 2190 1221 2230 eos
1264 2175 1354 2246 qui
1402 2175 1546 2229 illam
1592 2174 1884 2230 imitantur.

292 2269 457 2325 Multa
495 2284 724 2339 namque
752 2267 911 2324 etiam
942 2282 1085 2321 nunc
1124 2266 1426 2336 huiusmodi
1459 2266 1705 2321 convivia
1734 2267 1885 2323 cele-

292 2360 543 2415 brantur.
569 2361 743 2430 Atque
766 2357 972 2413 etiamsi
1002 2356 1234 2414 Joannes
1260 2372 1367 2413 non
1395 2358 1757 2423 interﬁciatur,
1789 2358 1885 2414 sed

292 2450 495 2505 Christi
533 2450 773 2506 membra
802 2451 958 2521 longe
984 2452 1200 2520 gravius
1226 2450 1573 2520 impetuntur.
1598 2451 1714 2507 Non
1742 2454 1884 2508 enim

290 2553 451 2612 caput
481 2543 536 2598 in
563 2543 713 2599 disco
736 2551 924 2612 petunt
956 2542 989 2597 ii
1013 2543 1102 2613 qui
1129 2557 1270 2597 nunc
1296 2542 1618 2612 tripudiant,
1644 2545 1738 2601 sed
1765 2548 1885 2601 ani-

293 2654 414 2694 mas
439 2640 599 2694 simul
638 2640 1084 2695 recumbentium.
1108 2639 1240 2695 Cum
1270 2651 1445 2696 autem
1485 2641 1602 2696 illos
1632 2642 1684 2696 in
1714 2643 1884 2697 servi-

296 2743 471 2787 tutem
504 2733 834 2803 redegerint,
866 2742 919 2814 et
952 2734 1017 2787 ad
1051 2734 1259 2805 iniquos
1302 2734 1609 2789 induxerint
1636 2750 1881 2802 amores,

296 2825 717 2896 ineretriresque
766 2824 1145 2890 adhibuerint,
1188 2840 1293 2880 non
1336 2834 1493 2895 caput
1531 2826 1881 2893 abscindunt,

293 2916 387 2971 sed
410 2916 648 2971 animam
666 2917 926 2987 iugulant,
952 2917 1078 2972 dum
1104 2918 1226 2972 illos
1246 2916 1505 2980 moechos,
1528 2915 1882 2983 effeminatos,

292 3014 343 3062 et
367 3008 613 3061 exoletos
638 3006 885 3062 reddunt.
915 3007 1096 3075 Neque
1117 3006 1259 3062 enim
1286 3006 1415 3060 mihi
1442 3006 1660 3070 dixeris,
1686 3016 1735 3061 te
1762 3007 1885 3061 vino

291 3109 509 3169 captum
537 3108 591 3152 et
616 3098 823 3154 ebrium
858 3098 1136 3153 mulierem
1163 3099 1467 3163 saltantem,
1488 3112 1606 3166 qum
1633 3098 1883 3152 obscmua

291 3189 561 3260 loquitur,
595 3190 709 3244 sine
738 3190 844 3243 ullo
872 3190 1321 3258 concupiscentire
1360 3198 1504 3243 motu
1535 3189 1752 3254 videre,
1786 3204 1883 3242 ne-

290 3301 391 3356 que
428 3286 706 3356 voluptate
747 3287 939 3342 victum
977 3286 1043 3340 ad
1086 3286 1353 3339 lasciviam
1394 3283 1539 3339 ferri.
1575 3283 1708 3340 Illud
1738 3294 1883 3339 certe

291 3376 552 3434 horribile
582 3378 810 3447 pateris,
842 3388 898 3432 ut
939 3378 1177 3431 membra
1207 3374 1405 3431 Christi
1446 3373 1609 3429 facias
1644 3374 1882 3429 membra

290 3469 612 3525 meretricis.
639 3467 772 3523 Nam
809 3469 906 3523 etsi
948 3483 1055 3522 non
1091 3467 1229 3521 adsit
1269 3466 1371 3519 tilia
1411 3463 1756 3530 llerodiadis,
1788 3462 1882 3519 sed

290 3562 374 3631 qui
408 3577 510 3630 per
544 3561 689 3614 illam
726 3568 851 3613 tunc
890 3560 1108 3613 saltavit
1143 3556 1386 3612 diabolus
1411 3598 1425 3619 ,
1464 3571 1558 3625 per
1590 3556 1705 3610 illas
1744 3569 1885 3610 nunc

290 3652 519 3708 choreas
558 3651 704 3721 agit,
734 3651 949 3720 abitque
991 3647 1198 3703 animas
1236 3647 1679 3702 discumbentium
1720 3661 1883 3715 agens

290 3740 550 3815 captivas.
586 3743 735 3812 Quod
778 3745 822 3797 si
864 3758 957 3796 vos
998 3741 1221 3810 potestis
1249 3730 1562 3795 ebrietatem
1598 3738 1801 3801 vitare,
1830 3744 1885 3790 at

290 3828 515 3892 alterius
553 3836 752 3906 peccati
790 3834 1084 3906 gravissimi
1119 3832 1399 3902 participes
1438 3829 1566 3883 estis
1599 3847 1611 3882 :
1644 3828 1884 3898 plurimis

290 3948 526 4003 namque
556 3930 757 4001 rapinis
799 3928 1098 3998 hujusmodi
1129 3925 1368 3979 Convivia
1398 3930 1663 3978 constant.
1692 3920 1766 3975 Ne
1791 3936 1884 3989 ap-

290 4026 497 4093 positas
517 4036 707 4076 carnes
731 4020 1044 4089 respexeris,
1071 4032 1167 4071 nec
1188 4018 1485 4085 placentas;
1504 4014 1595 4068 sed
1620 4012 1881 4066 undeuam

290 4117 403 4171 haec
427 4116 659 4170 collecta
689 4115 796 4168 sint
823 4112 1015 4181 cogita,
1045 4121 1098 4164 et
1126 4109 1329 4163 videbis
1358 4109 1443 4162 illa
1473 4123 1536 4161 ex
1562 4106 1801 4170 avaritia,
1830 4114 1885 4159 et

290 4210 361 4268 vi.
395 4218 452 4263 et
490 4208 670 4275 rapina
705 4203 985 4274 proficisci.
1018 4202 1238 4265 Verum,
1271 4200 1497 4270 inquies,
1529 4198 1642 4252 hzcc
1677 4213 1780 4252 non
1813 4197 1881 4251 ita

290 4310 438 4368 parta
474 4306 637 4361 sunt;
666 4295 841 4349 absit!
891 4294 942 4349 id
983 4308 1080 4362 ego
1122 4292 1341 4346 minime
1382 4291 1555 4345 velim.
1602 4288 1797 4342 Verum
1836 4288 1882 4343 si
1935 4295 1941 4298 ’

292 4391 388 4449 hac
416 4394 477 4447 in
503 4399 654 4461 parte
682 4388 928 4444 convivia
957 4387 1064 4442 sint
1088 4399 1214 4454 pura
1237 4420 1250 4448 ,
1280 4399 1385 4437 non
1416 4390 1592 4436 tamen
1624 4380 1710 4435 illa
1733 4395 1882 4433 sum-

295 4497 486 4557 ptuosa
532 4483 772 4539 cenvivia
816 4495 1035 4550 prorsus
1078 4488 1205 4533 sunt
1249 4476 1473 4531 crimine
1515 4488 1699 4528 vacua.
1747 4471 1883 4526 Audi

295 4579 431 4633 enim
483 4573 754 4645 quomodo
795 4573 885 4627 illa
927 4570 1010 4624 vel
1056 4567 1372 4637 supradictis
1418 4580 1582 4619 vacua
1608 4561 1884 4634 propheta

295 4666 659 4739 reprehendat
686 4665 769 4720 bis
799 4663 978 4718 verbis
1007 4680 1021 4716 :
1060 4659 1148 4715 Va
1173 4661 1259 4731 qui
1286 4659 1448 4714 bibitis
1481 4658 1781 4728 defwcatum
1808 4655 1888 4708 oi-

295 4775 434 4820 ιιυη,
463 4768 511 4812 et
538 4756 804 4827 unguentis
828 4753 1003 4824 primis
1035 4749 1280 4821 ungimim'
1302 4748 1481 4815 (Amos
1522 4749 1575 4803 6.
1605 4745 1685 4817 6).
1723 4744 1886 4800 Vides

293 4851 528 4922 qualiter
548 4848 636 4905 hic
651 4846 869 4902 delicias
890 4841 1245 4914 reprehendat
1264 4841 1286 4895 ?
1304 4838 1489 4909 Neque
1504 4837 1645 4894 enim
1668 4836 1752 4891 his
1776 4850 1887 4892 vcr-

294 4939 377 4996 bis
402 4940 686 4996 avaritiam
715 4937 1002 4991 insectatur
1019 4974 1034 4999 ,
1061 4932 1156 4989 sed
1184 4931 1379 4987 eﬂ'usas
1404 4929 1625 4985 delicias
1656 4934 1880 4982 tantum.

365 5033 421 5088 6.
467 5031 546 5086 Tu
574 5030 814 5086 comedis
842 5028 978 5083 ultra
1023 5039 1325 5080 mensuram
1348 5063 1364 5085 ,
1392 5036 1512 5076 cum
1540 5019 1786 5075 Christus
1817 5033 1886 5073 ne

296 5123 515 5194 quidem
556 5120 857 5177 necessaria
887 5117 1108 5180 habeat;
1143 5125 1199 5168 tu
1228 5115 1499 5183 placentas
1532 5108 1769 5172 aifatim,
1797 5107 1886 5163 ille

299 5230 367 5271 ne
394 5229 588 5285 panem
623 5212 837 5282 quidem
882 5207 1128 5271 aridum;
1180 5213 1234 5259 tu
1275 5202 1527 5259 Thasium
1564 5200 1745 5253 vinum
1776 5198 1883 5264 (α),

299 5306 402 5376 ipsi
435 5320 568 5360 vero
609 5317 678 5359 ne
722 5301 943 5356 calicem
984 5298 1197 5368 quidem
1242 5309 1394 5365 aquae
1440 5290 1646 5363 frigida:
1687 5288 1893 5343 sitienti

299 5394 532 5459 dedisti;
562 5405 618 5449 tu
647 5394 700 5449 in
732 5393 873 5448 lecto
911 5389 1059 5445 molli
1110 5398 1166 5441 et
1203 5394 1394 5440 ornato
1418 5382 1561 5453 iaces
1582 5422 1603 5446 ,
1641 5380 1730 5436 ille
1758 5394 1888 5434 vero

300 5489 401 5544 sub
425 5488 617 5558 frigido
645 5500 772 5541 aere
792 5483 958 5554 alget.
990 5481 1197 5537 Idcirco
1211 5476 1421 5534 etiamsi
1463 5472 1686 5528 avaritia
1722 5486 1888 5527 vacua

366 5642 445 5705 (α)
478 5641 633 5705 Thasii
658 5640 754 5705 vini
778 5639 893 5689 olim
912 5634 1230 5705 celeberrimi
1236 5629 1447 5705 “mentio
1478 5624 1891 5705 frequgnihahe:

304 5687 883 5817 :Limﬁéabuiés,
918 5697 1133 5749 Plautum
1147 5733 1161 5757 ,
1205 5692 1404 5744 Plinium
1418 5725 1433 5753 ,
1479 5687 1761 5741 Athenaeum
1778 5719 1795 5749 ,
1838 5690 1892 5736 et

1268 315 1333 372 IN
1370 315 1777 374 ΜΑΤΤΙιᾸζυΜ
1818 314 2045 370 ΗΟΜΙῘ..
2092 316 2323 375 XLVIII.
2364 323 2434 376 aI.
2477 323 2664 382 XLIX.

3482 343 3584 401 λοι

2006 443 2183 487 essent
2213 436 2451 490 convivia
2479 447 2587 501 tua,
2612 448 2785 496 tamen
2815 442 2937 498 ideo
2960 444 3215 516 flagitiosa
3260 462 3417 521 sunt,
3444 459 3584 527 quod

2007 532 2060 578 tu
2100 540 2259 595 supra
2310 532 2681 586 necessitatem
2739 536 2916 591 omnia
2973 538 3169 610 facias,
3217 543 3289 598 illi
3342 561 3469 601 vero
3518 565 3585 604 ne

2004 615 2218 685 quidem
2245 621 2540 675 necessaria
2574 622 2833 692 prmbeas,
2862 641 2982 683 cum
3033 645 3096 685 ex
3145 632 3309 702 ipsius
3337 635 3489 693 bonis
3530 638 3583 694 in

2002 707 2211 764 deliciis
2238 712 2405 767 vivas.
2433 712 2595 769 Certe
2631 717 2675 769 si
2707 719 2858 787 pueri
2887 722 3181 793 cujuspia'm
3223 737 3368 785 tutor
3392 746 3541 789 esses
3564 775 3583 799 ,

2004 799 2240 870 etipsius
2270 802 2406 859 bona
2427 806 2824 870 administrans.
2853 813 3023 882 ipsum
3051 817 3103 870 in
3138 822 3398 877 extremis
3435 826 3583 892 posi-

2004 901 2114 947 tum
2160 895 2498 965 deSpici-res,
2548 915 2832 961 sexcentos
2878 908 3104 965 haberes
3129 925 3489 982 accusatores,
3522 934 3585 974 ac

2002 989 2294 1043 secundum
2346 990 2489 1061 leges
2536 1008 2721 1063 ptBnas
2764 997 2921 1054 dares
2954 1017 2967 1053 :
2999 1017 3121 1057 cum
3155 1016 3335 1061 autem
3362 1022 3424 1062 ea
3463 1024 3583 1079 qu:e

1983 1076 2197 1139 Christi
2230 1091 2351 1135 sunt
2372 1085 2667 1152 acceperis,
2698 1095 2751 1140 et
2785 1088 2862 1142 sic
2887 1090 3079 1146 frustra
3107 1094 3376 1164 insumus,
3402 1076 3579 1154 annon

2004 1184 2155 1240 putas
2184 1184 2236 1228 te
2266 1176 2529 1231 rationem
2565 1180 2895 1235 redditurum
2925 1186 3090 1240 esse?
3118 1187 3243 1243 Ilaec
3288 1206 3448 1259 porro
3473 1209 3579 1249 non

2000 1264 2067 1319 de
2117 1264 2217 1319 illis
2244 1266 2385 1333 dico,
2435 1269 2523 1339 qui
2563 1273 2875 1327 meretrices
2911 1275 2978 1328 ad
3034 1294 3270 1335 mensam
3321 1284 3581 1341 inducunt

2001 1356 2127 1427 (illis
2166 1358 2361 1429 quippe
2387 1375 2491 1413 non
2539 1363 2705 1433 magis
2740 1379 2897 1434 quam
2933 1369 3153 1423 canibus
3199 1372 3572 1447 loquendum),

2001 1464 2097 1501 nec
2127 1450 2194 1503 de
2224 1451 2523 1517 raptoribus
2545 1455 2633 1521 qui
2661 1456 2884 1521 aliorum
2926 1469 3140 1515 ventres
3166 1462 3387 1533 implent
3407 1467 3424 1533 (
3448 1467 3579 1523 nihil

1997 1541 2140 1593 enim
2172 1555 2456 1597 commune
2500 1559 2619 1598 cum
2663 1547 2768 1601 illis
2800 1546 2971 1604 habeo
2994 1592 3009 1616 ,
3037 1560 3093 1606 ut
3117 1568 3217 1609 nec
3252 1571 3373 1610 cum
3400 1560 3579 1628 porcis

1995 1630 2080 1685 vel
2100 1630 2293 1704 lupis),
2327 1632 2422 1687 sed
2451 1633 2518 1689 de
2538 1635 2641 1690 illis
2661 1638 2835 1708 agitur
2861 1641 2950 1709 qui
2976 1641 3131 1697 bonis
3155 1644 3403 1700 fruuntur
3424 1650 3532 1706 suis
3558 1691 3575 1715 ,

1996 1740 2095 1780 nec
2120 1725 2240 1781 aliis
2284 1726 2607 1797 largiuntur;
2650 1730 2719 1786 de
2743 1731 2809 1787 iis
2827 1733 2917 1803 qui
2946 1745 3165 1805 paterna
3203 1738 3342 1792 bona
3384 1742 3576 1799 frustra

1994 1826 2333 1872 consumunt.
2361 1818 2545 1890 Neque
2567 1821 2708 1877 enim
2737 1822 2789 1876 bi
2830 1825 3055 1882 crimine
3078 1829 3228 1883 vacui
3260 1841 3403 1887 sunt.
3442 1834 3575 1890 Nam

1994 1909 2284 1979 quomodo,
2317 1926 2524 1981 quiPSO,
2559 1916 2925 1972 accusationes
2962 1926 3020 1973 et
3065 1920 3277 1990 culpam
3327 1923 3570 1995 eﬂ’ugias,

1994 2003 2208 2073 quando
2254 2005 2517 2073 parasitus
2547 2016 2786 2062 ventrem
2830 2010 3032 2081 implet,
3076 2022 3135 2068 ut
3178 2026 3232 2069 et
3267 2017 3435 2083 canis,
3478 2019 3569 2087 q'ui

1992 2094 2198 2159 adstat;
2220 2095 2345 2150 dum
2372 2096 2615 2152 Christus
2644 2114 2711 2154 ne
2741 2100 2843 2156 hoc
2862 2102 3074 2171 quidem
3096 2104 3355 2161 beneﬁcio
3383 2107 3573 2180 dignus

1991 2190 2132 2260 apud
2163 2200 2213 2245 te
2236 2189 2460 2245 habetur
2479 2191 2503 2233 9
2528 2192 2739 2262 quando
2768 2194 2831 2259 is,
2856 2196 2944 2265 qui
2971 2198 3135 2252 risum
3165 2209 3343 2255 movet
3369 2242 3385 2267 ,
3429 2212 3572 2257 tanta

1990 2283 2213 2352 accipit;
2242 2282 2332 2338 ille
2349 2294 2550 2351 autem,
2576 2285 2667 2355 qui
2690 2300 2909 2356 regnum
2925 2289 3178 2345 cailorum
3195 2291 3247 2345 in
3272 2294 3571 2349 mercedem

1991 2375 2167 2441 oll’ert,
2194 2390 2263 2430 ne
2316 2376 2590 2432 minimam
2631 2378 2844 2447 quidem
2873 2379 3062 2435 horum
3115 2384 3359 2451 partem?
3397 2385 3486 2441 ille
3515 2395 3574 2441 ut

1992 2466 2161 2522 facete
2199 2467 2398 2538 aliquid
2439 2468 2601 2531 dicat,
2646 2470 2869 2525 satiatus
2907 2471 3045 2537 abit;
3078 2472 3164 2528 hic
3205 2489 3337 2531 vero
3380 2476 3468 2544 qui
3506 2492 3571 2531 ea

1991 2556 2167 2621 docet,
2198 2572 2316 2626 qua:
2346 2557 2451 2611 nisi
2480 2556 2859 2625 didicerimus,
2890 2560 3018 2615 nihil
3051 2577 3079 2613 a
3111 2564 3333 2617 canibus
3359 2564 3573 2621 dilfere-

1991 2664 2131 2705 mus.
2161 2664 2267 2704 non
2296 2648 2484 2703 eodem
2521 2665 2628 2717 quo
2656 2650 2745 2705 ille
2775 2650 3033 2707 beneficio
3060 2654 3338 2723 dignatur?
3369 2657 3569 2714 Horre-

1989 2743 2097 2797 scis
2122 2739 2236 2796 haec
2250 2739 2556 2797 audiendo?
2581 2741 2843 2798 Horresee
2861 2758 2990 2813 ergo
3017 2743 3083 2798 de
3111 2743 3283 2800 factis.
3308 2746 3452 2816 Ejice
3473 2764 3568 2818 pa-

1990 2834 2206 2899 rasitos,
2234 2844 2289 2888 et
2309 2832 2393 2888 fac
2418 2843 2591 2888 tecum
2615 2834 2935 2891 accumbere
2965 2836 3255 2893 Christum.
3294 2840 3353 2895 Si
3383 2843 3493 2897 sale
3517 2853 3571 2898 et

1989 2940 2174 2981 mensa
2204 2937 2376 2981 tecum
2404 2927 2901 2994 communicaverit,
2930 2940 3239 2985 mansuetus
3282 2932 3380 2986 tibi
3405 2932 3570 3002 judex

1989 3017 2093 3071 erit
2121 3035 2135 3071 :
2168 3017 2307 3073 solet
2329 3019 2561 3074 revereri
2608 3033 2869 3074 mensam.
2900 3019 2958 3075 Si
2998 3036 3227 3091 namque
3256 3023 3307 3077 id
3336 3025 3571 3081 latrones

1988 3108 2222 3171 faciant.
2255 3120 2454 3182 quanto
2481 3113 2650 3182 magis
2687 3112 2986 3167 Dominus?
3022 3113 3205 3185 Cogita
3245 3117 3385 3171 enim
3431 3134 3569 3187 quo-

1991 3202 2151 3258 modo
2167 3205 2502 3260 meretricem
2530 3205 2670 3259 illam
2691 3220 2720 3259 a
2739 3219 2920 3260 mensa
2944 3214 2999 3259 ut
3007 3204 3204 3275 justam
3223 3208 3514 3265 laudaverit
3529 3209 3566 3276 ',

1989 3308 2052 3349 ac
2072 3293 2274 3349 Simoni
2315 3294 2720 3364 exprobraverit
2764 3297 2951 3351 dicens
2987 3315 3001 3351 :
3035 3296 3283 3352 Osculum
3311 3301 3438 3355 mihi
3465 3317 3567 3355 non

1990 3386 2172 3440 dedisti
2198 3385 2218 3459 (
2250 3385 2373 3440 Luc.
2409 3387 2460 3440 7.
2488 3388 2559 3444 L5
2584 3388 2626 3457 ).
2648 3386 2799 3453 Quod
2827 3387 2871 3442 si
2901 3397 2953 3443 te
2979 3386 3095 3442 haec
3133 3404 3241 3443 non
3286 3388 3567 3445 facientem

1990 3479 2177 3541 nutrit,
2215 3480 2383 3532 multo
2414 3479 2581 3548 magis
2625 3478 2908 3533 facientem
2940 3478 3188 3534 mercede
3226 3480 3466 3535 donabit.
3493 3481 3572 3538 Ne

1990 3572 2202 3641 inopem
2221 3571 2507 3640 desiiicias,
2530 3570 2672 3641 quod
2696 3570 2943 3626 sordidus
2960 3581 3013 3626 et
3034 3572 3305 3641 squalidus
3319 3573 3570 3640 accedat;

1990 3663 2084 3718 sed
2112 3663 2309 3732 cogita,
2334 3662 2607 3717 Christum
2637 3678 2731 3731 per
2758 3662 2928 3732 ipsum
2956 3661 3173 3717 domum
3210 3671 3351 3717 tuam
3381 3664 3528 3718 adire
3550 3706 3570 3730 ,

1992 3772 2059 3810 ne
2089 3769 2277 3825 pergas
2304 3755 2447 3807 illum
2482 3754 2786 3808 inhumanis
2829 3756 3005 3807 verbis
3045 3755 3311 3809 incessere
3332 3796 3347 3821 ,
3378 3756 3571 3825 quibus

1989 3847 2305 3903 accedentes
2352 3845 2615 3900 lacessere
2671 3846 2850 3909 soles,
2900 3844 3233 3912 importunus
3288 3847 3569 3913 vocando,

1992 3942 2193 3995 otiosos
2217 3980 2230 4003 .
2259 3938 2703 4010 gravioribusque
2746 3938 2866 3992 aliis
2893 3938 3197 3992 nominibus
3228 3940 3569 4007 appellando.

1990 4032 2201 4102 Cogites
2231 4031 2388 4086 velim
2419 4030 2631 4101 quando
2654 4030 2771 4084 base
2798 4030 2951 4093 dicis,
2979 4044 3097 4099 qua:
3124 4030 3213 4083 tibi
3233 4046 3393 4099 opera
3423 4046 3575 4099 para-

1989 4128 2075 4181 siti
2101 4125 2314 4190 t‘aciant,
2345 4139 2410 4177 an
2439 4122 2491 4177 in
2531 4122 2709 4192 aliquo
2746 4121 2988 4175 familiari
3024 4121 3098 4176 rei
3133 4130 3234 4174 tum
3258 4122 3366 4175 sint
3394 4122 3569 4176 utiles.

1991 4217 2301 4280 Prandium,
2356 4215 2585 4284 inquies,
2631 4213 2847 4267 suavius
2894 4211 3140 4267 reddunt.
3191 4213 3258 4267 Et
3305 4213 3574 4283 quomodo

1990 4308 2223 4370 suavius,
2248 4306 2373 4361 dum
2396 4304 2564 4372 alapis
2586 4302 2864 4358 cteduntur
2878 4316 2941 4357 ac
2967 4303 3137 4370 turpia
3157 4303 3484 4373 loquuntur?
3510 4304 3576 4358 Et

1990 4400 2114 4467 quid
2147 4398 2243 4451 hac
2270 4412 2328 4451 re
2357 4395 2629 4449 insuavius
2657 4435 2670 4456 ,
2715 4392 2929 4463 quando
2969 4391 3013 4447 is
3050 4393 3138 4461 qui
3182 4394 3247 4447 ad
3289 4394 3572 4464 imaginem

1992 4491 2083 4546 Dei
2118 4490 2285 4543 factus
2314 4496 2397 4541 est
2416 4485 2656 4550 ett-ditur,
2681 4493 2737 4538 et
2751 4500 2814 4537 ex
2836 4484 2933 4537 hac
2949 4484 3270 4538 contumelia
3302 4486 3574 4554 voluptate

1992 4578 2242 4645 afliceris,
2272 4577 2417 4632 aedes
2434 4586 2552 4631 tuas
2571 4576 2622 4629 in
2654 4574 2915 4628 theatrum
2942 4582 3282 4638 convertens,
3306 4590 3367 4627 ac
3394 4576 3575 4627 mimis

1994 4668 2302 4723 convivium
2317 4666 2548 4734 replens.
2562 4664 2914 4733 scenicosque
2927 4676 3083 4716 rasos
3094 4660 3466 4723 imitaris,cuni
3483 4673 3573 4713 no-

1997 4757 2121 4812 bilis
2135 4756 2376 4825 liberque
2394 4754 2468 4808 sis
2480 4751 2643 4807 tNam
2664 4752 2735 4807 ibi
2754 4753 2898 4807 risus
2910 4752 3140 4822 etalapze
3153 4748 3575 4805 visunturJlieo-

1997 4849 2137 4912 eine,
2161 4861 2368 4917 quaso,
2396 4844 2722 4915 voluptatem
2755 4844 3013 4914 appellas,
3043 4859 3164 4913 qua:
3196 4841 3380 4897 multis
3409 4842 3571 4910 digna

1999 4948 2129 4995 sunt
2151 4938 2423 5009 lacrymis,
2439 4936 2653 4992 ﬂetibus
2667 4977 2680 5001 ,
2700 4936 3159 5006 gemitibusti-um
3182 4941 3457 5004 oporteret
3476 4946 3569 4988 eos

1992 5040 2059 5096 ad
2086 5039 2245 5093 vitam
2278 5033 2498 5106 probam
2529 5045 2802 5095 revocare,
2828 5027 2894 5083 ad
2920 5026 3152 5083 ofﬁcium
3183 5026 3404 5090 hortari,
3430 5036 3483 5078 tn
3506 5025 3573 5079 ad

1994 5134 2250 5206 periuria,
2282 5130 2553 5197 verbaque
2593 5124 2763 5193 turpia
2810 5134 3088 5192 provocas,
3117 5128 3173 5174 et
3202 5117 3305 5173 hoc
3330 5117 3577 5187 volupta-

1994 5237 2099 5281 tem
2125 5222 2400 5295 appellas?
2423 5218 2670 5290 quodque
2688 5214 2755 5268 ad
2781 5211 3079 5285 gehennam
3095 5209 3260 5276 ducit,
3292 5206 3579 5278 voluptatis

1992 5324 2364 5389 argumentum
2385 5327 2504 5366 esse
2532 5307 2722 5380 putas?
2741 5305 2871 5359 Cum
2889 5302 3032 5359 enim
3060 5301 3233 5358 facete
3251 5300 3377 5371 quid
3398 5300 3580 5355 dicere

1997 5406 2211 5479 parasiti
2256 5420 2360 5459 non
2394 5409 2647 5473 possunt,
2687 5393 3007 5466 iuramentis
3053 5407 3117 5449 ac
3161 5390 3411 5464 periuriis
3459 5403 3581 5445 sese

1997 5500 2120 5553 hinc
2143 5493 2451 5566 expediunt.
2495 5489 2739 5545 liaeccinc
2787 5485 2897 5540 risu
2943 5482 3144 5555 digna?
3184 5498 3362 5538 annon
3407 5479 3582 5551 potius

2066 5738 2079 5769 ι
2098 5742 2243 5787 Juxta
2259 5732 2399 5785 savii.
2422 5730 2683 5798 legendum
2708 5735 2864 5791 esset,
2881 5740 2914 5776 a
2929 5738 3093 5778 musa
3114 5731 3277 5777 matari
3295 5720 3548 5776 redditi".
