4088 6224
430 290 531 343 J95

430 401 679 474 lacrymis
703 411 755 455 et
774 398 1021 456 ﬂetibus?
1048 397 1113 452 Et
1143 397 1258 467 quis
1295 405 1476 451 mente
1512 394 1695 450 valens
1723 395 1802 451 sic
1828 392 2014 464 loqua-

430 497 553 549 tur?

503 588 555 640 7.
598 585 724 640 ilice
747 598 906 655 porro
951 583 1091 648 dico,
1136 597 1239 637 non
1263 595 1371 653 quo
1411 578 1718 650 prohibeam
1763 578 2013 634 alimenta

435 680 561 746 ipsis
584 676 933 747 suppeditari,
963 675 1056 730 sed
1083 689 1151 730 ne
1172 673 1271 727 hac
1298 673 1366 729 de
1386 688 1544 728 causa
1570 671 1973 742 suppeditentur
1997 687 2009 723 :

433 767 798 831 humanitatis,
818 782 923 821 non
952 764 1293 819 immanitatis
1313 778 1470 818 causa
1498 763 1830 828 nutriantur;
1856 762 2015 816 mise-

435 857 662 913 ricordia
693 858 851 924 adsit,
881 872 984 911 non
1014 856 1357 911 contumelia.
1392 854 1654 908 Alimenta
1686 854 1785 923 ipsi
1813 854 2010 922 praebe,

429 955 553 1023 quia
596 967 797 1022 pauper
829 960 910 1006 est
933 990 949 1017 ,
999 960 1056 1005 et
1083 951 1204 1019 quia
1244 949 1296 1003 in
1328 948 1419 1003 illo
1460 946 1729 1002 Christum
1754 946 1879 1012 alis,
1908 960 2013 1001 non

432 1056 608 1100 autem
648 1045 771 1114 quia
817 1044 1053 1098 satanica
1084 1041 1283 1096 inducit
1325 1041 1507 1105 verba,
1556 1056 1814 1111 suamque
1851 1041 2014 1095 vitam

430 1137 696 1204 deturpat.
724 1134 841 1190 Noli
866 1135 1180 1203 conspicere
1208 1131 1491 1196 ridentem,
1519 1132 1613 1187 sed
1634 1132 2012 1188 conscientiam

430 1228 547 1293 ejus
576 1226 815 1296 explora,
844 1233 899 1279 et
920 1233 1045 1278 tunc
1069 1222 1272 1278 videbis
1302 1223 1474 1293 ipsum
1505 1238 1624 1279 sese
1639 1223 1831 1279 millies
1852 1224 2015 1279 male-

430 1318 716 1380 dicentem,
746 1324 1047 1387 gementem
1068 1324 1225 1383 atque
1247 1315 1605 1385 plangentem.
1638 1316 1807 1382 Quam
1837 1331 1947 1371 rem
1970 1315 2017 1370 si

430 1409 680 1473 occultat,
706 1420 921 1478 propter
948 1418 997 1463 te
1014 1409 1262 1463 occultat.
1296 1405 1557 1463 Convivas
1592 1406 1845 1463 adhibeto
1873 1409 2017 1462 viros

438 1514 698 1567 pauperes
744 1499 1068 1570 liberosque,
1120 1514 1226 1553 non
1271 1498 1518 1569 periuros
1570 1500 1653 1554 vel
1702 1499 1916 1555 mimos.
1958 1500 2016 1555 Si

426 1589 568 1649 velis
589 1599 765 1645 autem
794 1600 850 1645 ut
873 1590 1105 1660 aliquam
1128 1590 1224 1645 tibi
1248 1592 1418 1645 vicem
1441 1590 1734 1661 rependant
1753 1632 1768 1655 ,
1787 1590 1937 1660 jube,
1970 1591 2017 1645 si

432 1683 560 1753 quid
585 1682 813 1738 viderint
840 1682 1172 1747 indecorum.
1214 1683 1511 1752 increpare,
1543 1697 1765 1739 monere
1788 1724 1801 1748 ,
1832 1697 2016 1739 curam

431 1775 626 1829 domus
646 1783 702 1829 et
728 1773 942 1828 familia:
963 1773 1180 1829 habere.
1220 1773 1385 1829 Filios
1427 1773 1634 1830 habes?
1673 1774 1791 1829 Sint
1841 1781 2015 1828 tecum

435 1880 613 1936 patres
644 1865 902 1935 ipsorum,
930 1872 988 1920 et
1008 1865 1266 1936 magistri,
1287 1866 1431 1921 lucra
1464 1865 1557 1920 tibi
1599 1873 1873 1938 reportent
1909 1866 2019 1921 Deo

435 1960 650 2030 placita.
696 1959 756 2015 in
805 1959 1215 2030 negotiationem
1246 1958 1575 2029 spiritualem
1618 1958 1739 2015 illos
1769 1959 2013 2015 immitte.

435 2050 493 2106 Si
524 2059 768 2117 egentem
818 2048 1116 2120 patrocinio
1146 2049 1363 2117 videris,
1410 2050 1612 2119 impera
1655 2060 1713 2104 ut
1763 2043 2017 2106 auxilium

435 2151 691 2213 praestent
725 2153 779 2198 et
804 2141 1230 2198 subministrent.
1261 2141 1462 2197 ﬂorum
1494 2141 1792 2196 ministerio
1822 2157 2020 2199 venare

438 2233 766 2303 peregrinos,
793 2234 965 2289 nudos
993 2233 1156 2288 indue
1179 2272 1197 2300 ,
1230 2233 1576 2289 incarcerem
1605 2234 1755 2287 mitte
1780 2274 1794 2299 ,
1818 2234 2020 2289 alienas

435 2325 585 2380 solve
614 2324 980 2380 necessitates.
1013 2323 1163 2380 lianc
1183 2323 1279 2379 tibi
1307 2324 1377 2380 ob
1406 2322 1797 2395 suppeditatam
1833 2324 2021 2380 alimo-

438 2416 579 2472 niam
611 2416 779 2472 vicem
810 2416 1126 2487 rependant,
1156 2431 1278 2487 qua:
1317 2425 1375 2471 et
1402 2415 1495 2471 tibi
1522 2424 1577 2470 et
1600 2415 1705 2471 illis
1733 2415 1937 2486 prosit,
1968 2424 2023 2472 et

436 2522 556 2578 quae
583 2508 871 2578 improbari
905 2522 1190 2577 numquam
1217 2515 1412 2578 potest.
1446 2506 1580 2563 Hinc
1603 2507 1869 2561 strictiore
1888 2507 2023 2561 ami-

436 2602 578 2656 cilia;
603 2602 813 2656 vinculo
835 2601 1152 2671 jungemini.
1175 2600 1326 2655 Nunc
1344 2600 1509 2666 enim,
1533 2600 1739 2654 etiamsi
1763 2608 1947 2668 putent
1964 2613 2022 2655 se

437 2692 629 2757 amari,
659 2701 892 2746 attamen
925 2690 1249 2746 erubescunt
1283 2690 1435 2759 quasi
1463 2690 1629 2759 gratis
1674 2689 1813 2759 apud
1862 2698 1915 2744 te
1944 2690 2023 2743 vi-

441 2793 665 2849 ventes;
696 2785 742 2839 si
768 2793 947 2837 autem
970 2783 1086 2837 haec
1113 2781 1458 2851 perfecerint,
1496 2780 1715 2836 liberius
1743 2792 1902 2851 agent
1924 2822 1940 2847 ,
1968 2794 2023 2837 et

440 2886 499 2951 tu
527 2876 780 2932 libentius
812 2890 1050 2929 mensam
1082 2875 1379 2945 praebebis,
1422 2882 1605 2945 utpote
1640 2874 1729 2944 qui
1779 2884 2023 2944 sumptus

439 2983 547 3023 non
586 2968 704 3022 sine
750 2966 924 3021 fructu
968 2965 1301 3035 profundas:
1332 2965 1409 3021 illi
1450 2980 1570 3021 cum
1602 2964 1791 3019 ﬁducia
1846 2975 2021 3020 tecum

440 3061 643 3124 vivent,
669 3066 869 3113 etcum
891 3058 1100 3114 decenti
1132 3058 1397 3123 libertate,
1423 3056 1720 3127 domusque
1748 3066 1834 3110 tua
1857 3099 1871 3124 ,
1904 3072 2023 3128 qua:

444 3149 709 3204 theatrum
739 3158 879 3215 erat,
901 3149 1130 3205 ecclesia
1152 3149 1374 3215 evadet,
1401 3148 1645 3204 diabolus
1670 3147 1905 3219 aufugiet
1928 3190 1941 3213 ,
1971 3150 2023 3204 itt

439 3257 556 3296 cam
578 3241 819 3297 Christus
847 3257 966 3296 cum
995 3241 1304 3311 angelorum
1329 3240 1495 3295 choro
1525 3240 1758 3296 intrabit.
1785 3240 1916 3295 Nam
1934 3240 2024 3296 ubi

440 3335 706 3401 Christus,
750 3335 819 3390 ibi
846 3335 1019 3404 angeli
1051 3335 1067 3366 ¹
1104 3352 1119 3390 :
1150 3335 1236 3389 ubi
1267 3349 1394 3389 vero
1428 3332 1670 3389 Christus
1720 3344 1776 3391 et
1813 3333 2021 3404 angeli,

441 3425 512 3480 ibi
540 3425 751 3488 caelum,
781 3424 851 3479 ibi
883 3425 971 3478 lux
998 3424 1158 3479 solari
1188 3424 1538 3494 splendidior.
1568 3424 1626 3479 Si
1652 3434 1828 3479 autem
1866 3426 2023 3479 aliam

441 3514 510 3568 ab
537 3514 602 3567 iis
630 3514 758 3583 ipsis
795 3513 1213 3569 consolationem
1253 3514 1333 3569 vis
1359 3514 1452 3569 tibi
1477 3529 1684 3584 parere,
1726 3530 1822 3584 per
1858 3516 2023 3570 otium

439 3603 567 3674 jube
593 3604 711 3659 illos
730 3604 964 3659 divinam
991 3603 1160 3675 legem
1190 3604 1243 3659 in
1273 3604 1410 3661 libro
1445 3605 1643 3677 legere.
1672 3605 1948 3662 Libentius
1970 3606 2025 3663 in

508 3801 524 3831 ¹
560 3807 687 3861 Haec,
724 3809 843 3865 Nam
880 3799 961 3851 ubi
996 3798 1227 3862 Christus,
1261 3799 1332 3865 ibi
1367 3800 1547 3865 angeli,
1582 3801 1761 3855 desunt
1792 3816 1841 3852 in
1880 3803 2021 3855 sarit.

439 3869 604 3925 atque,
630 3872 683 3913 ut
705 3863 914 3923 videtur,
937 3877 1025 3927 per
1048 3861 1481 3913 ltonttheleuton.

1173 280 1225 337 S.
1268 277 1544 336 JOANNIS
1577 271 2054 333 CllltYSOSTOMl
2091 277 2406 339 ARClllEP.
2446 285 2975 347 CONSTANTINOP.

3595 303 3695 357 406

2120 393 2204 449 his
2234 397 2326 452 tibi
2354 415 2557 457 morem
2578 415 2783 474 gerent,
2804 423 2961 477 quam
2993 408 3044 462 in
3073 409 3209 465 aliis.
3238 411 3363 468 Haec
3387 416 3529 470 enim
3573 428 3626 472 ct
3651 429 3699 474 te

2119 497 2172 542 et
2203 484 2320 545 illos
2359 490 2695 551 honestiores
2738 497 3006 569 efficiunt;
3048 500 3137 555 illa
3181 518 3328 570 vero,
3378 522 3497 577 qua:
3540 524 3699 578 supra

2120 579 2347 637 diximus
2368 623 2383 648 ,
2413 600 2599 641 omnes
2642 587 2800 643 simul
2840 588 3166 647 dedecorant
3197 613 3210 649 :
3245 601 3296 650 te
3328 604 3385 650 ut
3419 607 3699 655 contume-

2119 673 2310 730 liosum
2331 686 2385 732 et
2417 680 2780 748 temulentum,
2808 682 2928 740 illos
2959 693 3016 740 ut
3044 687 3267 743 miseros
3294 699 3350 745 et
3381 694 3547 747 ventri
3580 710 3697 749 scr-

2118 766 2343 823 vientes.
2372 768 2502 823 Nam
2547 773 2591 825 si
2641 772 2705 826 ad
2734 776 3107 832 contumeliam
3137 781 3338 835 nutrias
3360 824 3374 846 ,
3397 783 3447 837 id
3488 786 3701 854 gravius

2119 869 2219 925 est,
2251 876 2407 929 quam
2429 863 2475 917 si
2498 864 2803 932 occideres;
2860 868 2940 921 sin
2971 869 3037 923 ad
3086 872 3365 928 utilitatem
3394 883 3448 928 et
3472 874 3700 942 lucrum,

2120 948 2171 1004 id
2198 949 2518 1007 fructuosius
2544 962 2644 1019 est,
2677 971 2834 1025 quam
2852 957 2900 1012 si
2926 958 2991 1013 ad
3018 970 3245 1016 mortem
3274 963 3532 1019 abductos
3561 968 3698 1024 libe-

2120 1057 2286 1097 rares.
2316 1043 2466 1100 Nunc
2482 1054 2658 1100 autem
2687 1048 2807 1103 illos
2820 1050 2988 1119 magis
3008 1067 3164 1121 quam
3178 1069 3369 1110 servos
3387 1056 3699 1125 dedecoras,

2120 1143 2173 1188 et
2198 1135 2338 1189 servi
2367 1135 2553 1206 majori
2582 1138 2721 1207 apud
2751 1148 2806 1196 te
2831 1139 3023 1196 fiducia
3046 1158 3108 1198 ac
3144 1143 3389 1201 libertate
3427 1147 3697 1215 fruuntur;

2120 1226 2212 1282 illo
2236 1238 2413 1284 autem
2439 1230 2599 1284 modo
2627 1232 2745 1287 illos
2768 1234 2972 1303 angelis
2998 1250 3153 1306 pares
3181 1235 3337 1293 facis.
3369 1238 3437 1294 Et
3466 1250 3517 1295 te
3542 1242 3701 1312 igitur

2121 1326 2176 1373 et
2204 1318 2323 1374 illos
2350 1319 2515 1376 libera
2541 1363 2557 1387 ,
2600 1323 2951 1392 parasitorum
2983 1340 3176 1382 nomen
3226 1327 3295 1385 de
3334 1330 3513 1385 medio
3540 1332 3703 1399 tolle,

2120 1411 2377 1467 convivas
2407 1413 2635 1483 appella,
2661 1423 2716 1469 et
2743 1416 2894 1483 pulso
2922 1416 3256 1475 adulatorum
3285 1422 3532 1489 nomine,
3559 1424 3694 1480 ami-

2121 1519 2306 1560 corum
2336 1506 2494 1562 induc
2514 1508 2941 1578 appellationem.
2971 1510 3095 1567 ldeo
3109 1513 3369 1569 amicitias
3390 1515 3514 1572 fecit
3539 1517 3701 1585 Dens,

2123 1612 2229 1651 non
2273 1597 2325 1652 in
2359 1597 2611 1653 damnum
2664 1600 2977 1657 dilectorum
3021 1611 3076 1659 et.
3115 1604 3466 1676 diligentiam,
3496 1607 3595 1664 sed
3631 1608 3700 1666 ad

2122 1703 2307 1744 eorum
2337 1688 2534 1745 bonum
2558 1699 2717 1762 atque
2739 1693 3038 1749 utilitatem.
3085 1694 3195 1751 Illae
3239 1707 3415 1753 autem
3456 1700 3706 1757 amicitia

2126 1780 2400 1839 inimicitia
2435 1785 2581 1839 omni
2622 1794 2747 1840 sunt
2774 1787 3049 1857 graviores
3078 1802 3091 1839 :
3123 1803 3244 1844 nam
3282 1789 3352 1845 ab
3380 1791 3629 1859 inimicis,
3659 1794 3705 1849 si

2124 1874 2371 1941 velimus,
2392 1875 2589 1947 aliquid
2611 1877 2744 1932 lucri
2765 1877 2966 1933 referre
2982 1894 3295 1949 possumus;
3322 1880 3392 1937 ab
3417 1881 3502 1937 his
3528 1892 3705 1940 autem

2124 1967 2429 2023 necessario
2453 1968 2719 2024 laedimur.
2737 1968 2815 2025 Nc
2841 1970 3076 2028 retineas
3093 1970 3295 2027 amicos
3322 1972 3502 2029 damni
3533 1976 3702 2045 magi-

2125 2065 2296 2121 stros;
2324 2073 2394 2114 ne
2419 2059 2651 2115 retineas
2673 2060 2897 2128 amicos,
2927 2061 3017 2132 qui
3044 2077 3282 2118 mensam
3310 2064 3481 2136 magis
3512 2074 3704 2123 curant

2124 2163 2283 2218 quam
2310 2150 2617 2205 amicitiam.
2640 2151 2704 2207 111
2724 2152 2917 2222 quippe
2942 2166 3148 2220 omnes,
3180 2154 3224 2209 si
3250 2169 3451 2210 mensa:
3480 2156 3698 2213 delicias

2126 2242 2330 2308 solvas,
2353 2243 2641 2298 amicitiam
2676 2244 2912 2299 solvunt.
2944 2244 3044 2311 Qui
3079 2254 3255 2303 autem
3295 2249 3508 2306 virtutis
3548 2265 3706 2308 causa

2129 2344 2301 2391 tecum
2330 2344 2636 2403 versantur,
2662 2346 2879 2394 manent
2908 2347 3187 2407 perpetuo,
3236 2356 3452 2396 omnem
3479 2341 3711 2400 ferentes

2129 2428 2350 2483 fortuna:
2370 2429 2858 2499 intequabilitatem.
2888 2429 3257 2507 Parasitorum
3290 2448 3417 2488 vero
3449 2449 3619 2503 genus
3657 2444 3711 2491 te

2128 2536 2270 2592 szepe
2289 2522 2447 2576 etiam
2472 2522 2762 2587 ulciscitur,
2786 2532 2840 2578 et
2866 2524 3056 2578 malam
3082 2523 3151 2579 de
3178 2532 3230 2579 te
3264 2525 3711 2581 existimationem

2128 2614 2347 2684 spargit.
2376 2613 2507 2668 Novi
2537 2623 2683 2670 certe
2704 2614 2897 2669 multos
2924 2614 3183 2685 ingenuos
3207 2615 3370 2679 viros,
3400 2615 3489 2685 qui
3514 2615 3709 2671 malam

2130 2707 2254 2761 inde
2274 2706 2466 2760 famam
2495 2706 2594 2761 sibi
2640 2716 2981 2775 pepererunt,
3010 2714 3065 2761 et
3092 2704 3187 2760 alii
3202 2706 3270 2760 de
3297 2706 3554 2761 maleficis
3576 2707 3712 2761 arti-

2129 2799 2248 2861 bus,
2295 2798 2383 2851 alii
2417 2797 2484 2852 de
2530 2795 2815 2862 adulterio,
2841 2797 2930 2851 alii
2971 2797 3040 2852 de
3087 2811 3375 2866 puerorum.
3407 2798 3712 2866 corruptela

2129 2887 2358 2942 accusati
2388 2895 2530 2940 sunt.
2558 2885 2690 2941 Cum
2724 2885 2867 2940 enim
2909 2885 3038 2940 nihil
3076 2885 3255 2956 operis
3294 2884 3378 2940 vel
3414 2884 3575 2945 officii
3610 2885 3714 2942 ba-

2130 2979 2310 3047 beant,
2339 2978 2433 3033 sed
2460 2987 2518 3032 ut
2548 2994 2703 3033 casus
2732 2978 2833 3032 fert
2856 2978 3019 3033 vitam
3049 2988 3231 3048 agant,
3262 2979 3313 3033 in
3353 2978 3710 3048 suspicionem

2131 3073 2373 3137 veniunt,
2398 3070 2540 3141 quod
2584 3068 2722 3122 idem
2750 3081 2814 3122 ac
2837 3068 2991 3136 pueri
3018 3068 3385 3123 ministerium
3401 3067 3714 3126 exhibeant.

2128 3162 2312 3218 Talem
2343 3174 2470 3231 ergo
2492 3161 2682 3212 famam
2722 3166 2779 3213 ut
2825 3157 3223 3227 propulsemus,
3241 3156 3292 3211 in
3330 3154 3513 3226 primis
3535 3164 3592 3210 ut
3634 3157 3713 3210 fu-

2133 3261 2307 3307 turam
2354 3251 2650 3320 gehennam
2682 3249 2930 3312 vitemus,
2963 3255 3017 3302 et
3046 3248 3158 3303 Deo
3204 3247 3395 3317 placita
3432 3245 3713 3310 faciamus,

2133 3342 2271 3397 hanc
2300 3340 2613 3398 diabolicam
2654 3337 3097 3392 consuetudinem
3142 3337 3439 3402 solvamus;
3472 3344 3528 3390 ut
3560 3350 3714 3389 man-

2132 3435 2387 3491 ducantes
2409 3442 2464 3488 et
2490 3432 2733 3487 bibentes
2754 3429 2927 3485 omnia
2950 3429 3017 3485 ad
3046 3430 3267 3501 gloriam
3311 3430 3403 3484 Dei
3435 3428 3715 3495 faciamus,

2132 3537 2186 3583 et
2209 3527 2374 3596 ipsius
2397 3524 2581 3597 gloria:
2634 3524 2802 3579 simus
2836 3533 3112 3578 consortes
3155 3521 3252 3593 (2.
3285 3520 3402 3576 Cor.
3439 3520 3523 3575 10.
3550 3520 3611 3574 51
3646 3517 3665 3589 )
3698 3535 3713 3571 :

2132 3635 2289 3691 quam
2317 3634 2413 3674 nos
2437 3632 2623 3672 omnes
2651 3615 2860 3685 assequi
2889 3615 3176 3685 contingat,
3206 3612 3370 3683 gratia
3393 3621 3447 3667 et
3467 3609 3719 3679 benigni-

2136 3721 2242 3767 tate
2269 3710 2477 3767 Domini
2511 3708 2680 3764 nostri
2712 3708 2840 3763 Jesu
2885 3707 3116 3769 Christi,
3139 3705 3223 3760 cui
3250 3704 3421 3774 gloria
3458 3712 3513 3757 et
3541 3703 3721 3771 impe-

2133 3807 2267 3861 rium
2292 3822 2433 3861 nunc
2459 3815 2765 3874 etsemper,
2783 3811 2837 3858 et
2862 3802 2920 3856 in
2939 3799 3133 3856 saecula
3157 3796 3493 3854 szeculorum.
3513 3796 3721 3848 Amen.

1635 4072 1976 4136 HOMlLlA
2026 4075 2258 4136 XLIX.
2307 4073 2392 4134 al.
2447 4073 2519 4132 L.

443 4214 572 4270 (lar.
625 4217 705 4270 11.
752 4232 801 4268 v.
835 4216 923 4269 15.
969 4215 1033 4269 Et
1064 4231 1179 4268 cum
1218 4213 1439 4268 audisset
1465 4213 1634 4281 Iesus,
1677 4217 1876 4271 recessit
1912 4218 2033 4271 inde

519 4308 570 4358 in
596 4306 830 4358 navicula
854 4346 867 4367 ,
896 4306 949 4358 in
977 4304 1225 4358 desertum
1249 4304 1415 4358 locum
1434 4320 1656 4358 seorsum
1685 4320 1705 4358 :
1729 4316 1913 4360 etcum
1940 4324 2033 4359 au-

514 4398 700 4451 dissent
730 4396 917 4462 turbae,
947 4410 1167 4467 sequuta:
1214 4406 1330 4449 sunt
1371 4412 1486 4449 eum
1531 4397 1738 4466 pedibus
1771 4397 1833 4451 de
1861 4398 2034 4451 civita-

519 4490 669 4544 tibus.

520 4587 573 4638 1.
606 4584 740 4641 Vide
782 4584 930 4638 illum
970 4597 1115 4653 saepe
1161 4582 1496 4637 secedentem
1522 4620 1537 4648 ,
1565 4591 1618 4637 ct
1643 4597 1764 4637 cum
1809 4582 2035 4637 traditus

446 4688 527 4731 cst
547 4676 803 4742 Joannes,
827 4684 881 4729 et
907 4689 1028 4728 cum
1066 4673 1274 4727 occisus
1311 4680 1412 4737 est,
1434 4679 1489 4726 et
1510 4687 1634 4727 cum
1653 4672 1824 4727 Judaei
1852 4671 2039 4728 audie-J

449 4775 589 4832 runt,
620 4767 793 4836 ipsum
826 4764 1083 4836 plurimos
1114 4764 1288 4817 facere
1328 4763 1635 4832 discipulos.
1692 4763 1854 4818 Multa
1891 4779 2034 4819 enim

452 4859 667 4914 volebat
714 4859 949 4912 humano
976 4871 1127 4911 more
1173 4871 1445 4925 peragere,
1478 4871 1598 4910 cum
1630 4855 1863 4911 nondum
1896 4866 2034 4911 tem-

449 4968 545 5018 pus
577 4950 884 5006 advenisset
909 4965 1014 5018 quo
1054 4948 1306 5003 deitatem
1335 4962 1484 5001 suam
1512 4947 1705 5002 clarius
1749 4949 2032 5003 revelaret.

452 5043 575 5097 Ideo
604 5041 878 5112 discipulis
904 5040 1153 5104 dicebat,
1184 5038 1386 5093 nemini
1429 5046 1487 5091 ut
1524 5037 1781 5104 dicerent,
1812 5053 1871 5093 se
1916 5052 2037 5093 csse

449 5133 762 5187 Christum:
792 5148 913 5187 nam
953 5140 1070 5201 post
1098 5129 1543 5186 resurrectionem
1578 5144 1728 5183 suam
1771 5127 1823 5183 id
1852 5137 2034 5183 notum

455 5225 569 5279 fieri
596 5222 808 5278 volebat
838 5241 851 5276 :
885 5232 1207 5293 quapropter
1236 5236 1340 5276 non
1363 5235 1581 5276 severus
1611 5219 1705 5275 fuit
1740 5220 1793 5274 in
1821 5219 2035 5275 Judaeos

451 5316 543 5385 qui
572 5324 695 5371 ante
725 5315 851 5370 illud
875 5324 1082 5385 tempus
1112 5329 1216 5370 non
1237 5312 1534 5379 crederent,
1562 5313 1655 5369 sed
1685 5313 1734 5368 id
1756 5313 1862 5368 illis
1883 5312 2037 5368 facile

456 5406 811 5461 eondonabat.
834 5405 1101 5461 Secedens
1130 5419 1292 5474 porro
1316 5418 1422 5459 non
1451 5404 1501 5458 in
1528 5404 1796 5459 civitatem
1823 5417 1883 5457 se
1908 5417 2038 5458 con-

454 5497 573 5559 fert,
591 5497 684 5551 sed
704 5497 755 5551 in
772 5496 1065 5560 desertum,
1082 5505 1239 5563 atque
1254 5496 1308 5549 in
1327 5494 1563 5550 navicula
1579 5494 1790 5563 trajicit,
1806 5503 1864 5547 ut
1878 5507 2037 5548 nemo

454 5599 787 5657 smn-eretur.
809 5588 889 5644 Tu
918 5604 1045 5644 vero
1070 5588 1196 5642 mihi
1221 5588 1497 5643 considera
1526 5587 1793 5657 quomodo
1816 5587 2037 5644 Joannis

456 5676 703 5749 diiseipuli
730 5678 985 5750 deinceps
1013 5678 1138 5736 Jesu
1165 5680 1330 5750 magis
1361 5678 1633 5734 haeserint.
1680 5677 1781 5750 Ipsi
1808 5693 2037 5750 namque

2110 4218 2453 4295 ‘nuntiarunt
2499 4216 2572 4280 ei,
2612 4216 2738 4283 quid
2789 4214 2932 4271 circa
2972 4212 3234 4270 Joannem
3277 4220 3487 4284 gestum
3521 4222 3665 4269 esset
3701 4229 3718 4266 :

2139 4312 2493 4381 omnibusque
2537 4309 2739 4365 relictis
2763 4309 2832 4365 ad
2859 4311 3031 4380 ipsum
3071 4308 3247 4364 solum
3274 4308 3603 4378 c0nfugiunt.
3632 4308 3723 4364 Sic

2141 4420 2252 4460 rem
2274 4420 2378 4458 non
2399 4403 2658 4459 modicam
2679 4416 2794 4473 post
2811 4403 3163 4459 calamitatem
3182 4402 3346 4468 illam,
3368 4411 3421 4456 et
3442 4412 3721 4471 postquam

2139 4513 2203 4551 ex
2236 4497 2580 4567 responsione
2609 4512 2767 4566 supra
2797 4497 2953 4551 allata
2978 4505 3145 4551 totum
3171 4505 3315 4551 recte
3335 4494 3671 4565 disposuerat
3696 4536 3713 4558 ,

2140 4596 2391 4659 operatus
2419 4596 2519 4641 est.
2550 4586 2655 4642 Sed
2695 4601 2791 4641 cur
2816 4602 2921 4641 non
2953 4586 3174 4641 recessit
3212 4594 3494 4655 antequam
3542 4583 3594 4638 id
3643 4583 3721 4639 illi

2141 4677 2468 4743 nuntiarent,
2495 4678 2585 4747 qui
2624 4692 2736 4731 rem
2768 4675 3001 4731 nondum
3053 4675 3342 4729 nuntiatam
3387 4674 3551 4744 probe
3578 4674 3720 4730 scie-

2142 4767 2231 4823 bat
2254 4769 2278 4822 ?
2302 4767 2373 4824 Ut
2399 4783 2493 4837 per
2520 4768 2697 4821 omnia
2725 4766 3038 4821 oeconomiae
3070 4766 3347 4821 veritatem
3387 4765 3723 4820 demonstra-

2141 4868 2244 4914 ret.
2271 4858 2384 4913 Non
2412 4857 2553 4912 enim
2583 4873 2649 4912 ex
2678 4858 2792 4911 visu
2822 4866 3045 4921 tantum,
3077 4856 3169 4911 sed
3195 4856 3353 4910 etiam
3377 4873 3440 4911 ex
3471 4856 3723 4925 operibus

2142 4948 2193 5004 id
2224 4947 2527 5003 conﬁrmari
2558 4946 2791 5012 volebat,
2810 4947 2951 5015 quod
2980 4946 3175 5001 diaboli
3206 4946 3492 5002 versutiam
3517 4954 3718 5012 nosset,

2142 5040 2231 5111 qui
2255 5039 2383 5093 nihil
2411 5053 2514 5093 non
2536 5038 2723 5108 agebat
2750 5047 2807 5091 ut
2832 5038 2969 5093 hanc
3000 5038 3208 5093 tolleret
3233 5037 3556 5108 opinionem.
3599 5034 3728 5091 Ideo

2143 5129 2300 5198 igitur
2321 5130 2407 5184 ille
2427 5128 2669 5184 secessit.
2694 5128 2885 5183 Turba:
2913 5138 3090 5183 autem
3120 5142 3292 5198 neque
3312 5128 3388 5183 sic
3406 5126 3723 5191 abscedunt,

2142 5220 2238 5275 sed
2264 5230 2557 5290 sequuntur
2585 5219 2848 5274 haerentes
2874 5219 2994 5293 ipsi,
3029 5233 3199 5287 neque
3227 5217 3418 5273 terruit
3445 5232 3540 5272 eos
3562 5215 3725 5272 Joan-

2143 5311 2226 5365 nis
2256 5311 2522 5365 interitus.
2550 5310 2693 5365 Talis
2713 5320 2793 5364 cSt
2817 5308 3050 5374 dilectio,
3075 5308 3195 5363 talis
3218 5322 3391 5376 amor,
3413 5308 3503 5378 qui
3545 5308 3725 5362 omnia

2141 5401 2322 5472 gravia
2362 5410 2579 5472 superet
2609 5411 2664 5456 et
2704 5402 2967 5472 expulset.
3023 5400 3148 5455 ideo
3193 5400 3372 5455 statim
3424 5398 3726 5453 mercedem

2144 5506 2462 5562 acceperunt
2488 5510 2502 5546 :
2527 5492 2612 5547 14.
2637 5490 2762 5547 Cum
2783 5492 2923 5546 enim
2947 5493 3144 5556 exisset,
3168 5491 3260 5552 ait.
3288 5488 3457 5553 Jesus,
3484 5489 3605 5543 vidit
3627 5499 3727 5541 tur-

2144 5584 2259 5639 bam
2306 5583 2515 5638 multum
2541 5623 2557 5648 ,
2584 5591 2631 5638 et
2672 5584 2901 5636 misertus
2934 5592 3004 5637 est
3035 5582 3125 5646 eis,
3151 5590 3195 5635 et
3238 5583 3427 5635 curavit
3460 5580 3728 5651 lwtguidos

2144 5693 2335 5731 eorum.
2391 5676 2611 5731 Etiamsi
2658 5677 2801 5732 enim
2855 5688 3046 5746 magno
3089 5672 3164 5729 illi
3215 5673 3391 5729 studio
3437 5673 3727 5740 haerent,
