4052 6228
242 300 350 357 897

238 429 485 475 attamen
512 429 578 473 ea
604 428 764 487 qttam
791 427 821 467 a
850 410 1066 468 Christo
1090 409 1427 480 excipiebant
1454 423 1684 476 merces,
1728 416 1840 464 stu-

239 512 395 567 dium
436 523 625 565 eorum
658 504 815 577 longe
838 502 1141 574 superabat.
1176 499 1379 556 Idcirco
1409 500 1566 571 hujus
1611 499 1845 556 curatio-

240 605 325 659 nis
356 615 579 656 causam
610 598 759 669 ponit
783 639 799 658 ,
829 610 1023 664 nempe
1072 593 1472 649 miserationem
1499 633 1515 659 ,
1541 590 1842 646 miseratio-

238 710 389 758 nem,
422 694 643 762 inquam
670 732 685 755 ,
715 687 1085 744 vehementem
1134 706 1148 743 :
1191 698 1486 754 omnesque
1533 692 1703 738 curat.
1748 681 1845 736 llic

238 787 402 839 [idem
432 800 539 839 non
566 782 787 853 expetit.
818 779 945 833 Nam
964 775 1106 848 quod
1138 776 1415 838 accedant,
1438 772 1579 844 quod
1602 774 1844 827 civitates

237 878 569 947 relinquant,
598 872 741 945 quod
769 871 1048 941 diligenter
1071 869 1242 936 ipsum
1270 875 1531 936 quaerant,
1555 865 1694 936 quod
1722 880 1841 919 cum

234 970 333 1024 illo
364 975 637 1030 maneant,
672 963 951 1034 ingruente
975 959 1135 1024 fame,
1171 958 1328 1013 fidem
1354 959 1563 1011 illorum
1588 957 1840 1011 declarat.

234 1062 512 1117 Alimenta
546 1070 704 1127 porro
737 1056 840 1108 illis
883 1051 1317 1122 suppetlitaturus
1344 1059 1444 1103 est.
1478 1047 1534 1103 ld
1577 1063 1705 1101 vero
1734 1060 1841 1100 non

233 1172 267 1209 a
290 1154 478 1222 seipse
501 1149 642 1213 facit,
664 1145 759 1201 sed
788 1152 1062 1214 exspectat
1082 1141 1255 1197 donec
1283 1149 1521 1210 rogetur,
1554 1138 1683 1192 illud
1704 1152 1847 1192 sem-

234 1262 339 1315 per
370 1245 681 1303 observans,
721 1248 776 1292 ut
801 1237 910 1306 jam
940 1235 1071 1299 dixi,
1104 1248 1172 1287 ne
1194 1234 1340 1303 prior
1369 1232 1434 1285 ad
1466 1229 1721 1284 miracula
1750 1244 1843 1297 pa-

235 1336 442 1391 tranda
470 1348 528 1388 se
556 1332 814 1392 conferat,
844 1326 936 1382 sed
964 1336 1182 1396 rogatus
1208 1333 1432 1377 tantum.
1470 1323 1539 1376 At
1562 1337 1658 1376 cur
1690 1334 1845 1375 nemo

234 1443 308 1482 ex
346 1425 498 1480 turba
521 1421 783 1477 accedens
809 1417 1079 1473 Christum
1104 1431 1201 1486 pro
1226 1415 1355 1484 ipsis
1382 1415 1589 1484 rogavit
1610 1413 1634 1467 ?
1655 1412 1844 1467 Mirum

240 1519 297 1571 in
353 1515 569 1570 modum
598 1509 983 1567 reverebantur
1024 1508 1217 1577 ipsum,
1247 1517 1405 1573 atque
1434 1520 1497 1559 ex
1542 1504 1709 1572 ipsius
1753 1518 1847 1556 au-

233 1608 421 1664 diendi
445 1616 497 1661 et
516 1602 773 1675 sequendi
791 1600 1077 1663 desiderio,
1103 1614 1171 1652 ne
1190 1597 1381 1652 famem
1403 1596 1616 1666 quidem
1645 1596 1844 1649 sentie-

240 1706 394 1758 bant.
420 1699 607 1769 Neque
633 1695 879 1766 discipuli
909 1710 1003 1764 pro
1028 1680 1179 1747 turba
1204 1692 1405 1763 precati
1437 1701 1577 1753 sunt,
1605 1699 1661 1742 ut
1685 1690 1851 1743 aleret

236 1810 359 1857 eos,
387 1792 509 1863 quia
537 1790 715 1845 adhuc
750 1784 1170 1858 imperfecliores
1225 1792 1395 1837 erant.
1448 1781 1586 1849 Quid
1637 1780 1842 1849 igitur?

240 1888 333 1941 15.
379 1884 597 1954 Vespere
623 1891 790 1935 autem
818 1882 955 1949 facta
979 1918 995 1940 ,
1024 1876 1195 1947 inquit
1219 1916 1234 1940 ,
1263 1881 1577 1928 accesserunt
1608 1870 1845 1936 discipuli

234 1981 355 2049 ejus
382 1978 597 2030 dicentes
627 1990 645 2027 :
672 1972 909 2026 Desertus
938 1979 1010 2023 est
1039 1970 1199 2033 locus,
1238 1976 1284 2022 et
1324 1967 1450 2020 hora
1480 1967 1596 2037 jam
1627 1974 1841 2034 printer-

238 2071 301 2123 iit
337 2085 355 2122 :
382 2068 573 2120 dimitte
631 2063 825 2128 turbas,
856 2071 908 2115 ut
942 2072 1114 2115 euntes
1155 2067 1320 2113 emant
1365 2058 1465 2111 sibi
1502 2071 1659 2110 escas.
1717 2054 1847 2110 Natn

240 2166 289 2217 si
343 2170 462 2231 lmst
504 2158 697 2213 factum
754 2154 1067 2210 miraculum
1118 2152 1234 2222 ejus
1277 2149 1429 2205 obliti
1467 2157 1611 2212 sunt,
1642 2147 1686 2201 si
1734 2157 1851 2215 post

241 2267 457 2328 spartas
484 2255 599 2309 illas
649 2251 904 2322 putabant
954 2248 1103 2304 illum
1156 2246 1223 2300 de
1268 2243 1492 2315 panibus
1524 2240 1691 2311 loqui.
1725 2252 1848 2293 cum

245 2347 542 2401 doctrinam
569 2343 958 2397 Pharisazorum
983 2336 1304 2392 fermentum
1332 2332 1616 2404 appellavit
1636 2328 1847 2401 (Matth.

247 2439 339 2495 l6.
372 2440 425 2508 ti)
460 2453 475 2491 :
504 2436 671 2491 multo
718 2434 893 2487 minus
916 2473 931 2496 ,
962 2446 1084 2485 cum
1143 2427 1248 2482 tale
1297 2428 1506 2496 signum
1563 2435 1849 2491 numquam

243 2534 552 2595 vidissent,
602 2525 891 2597 quidquam
946 2521 1247 2593 hujusmodi
1299 2516 1619 2589 suspicaturi
1674 2520 1850 2568 erant.

246 2622 479 2680 Etiamsi
523 2621 667 2691 prius
713 2618 913 2687 multos
948 2622 1189 2670 curasset
1223 2611 1497 2674 infirmos,
1520 2622 1628 2661 non
1675 2616 1851 2658 tamen

246 2721 377 2775 ideo
406 2715 545 2786 quod
572 2714 636 2769 de
666 2712 887 2783 panibus
917 2711 1150 2763 futurum
1179 2712 1297 2761 erat
1325 2697 1746 2772 exspectabant:
1780 2696 1850 2749 ita

244 2816 408 2866 erant
430 2807 601 2862 adhuc
623 2801 939 2873 imperfecti.
956 2798 1035 2853 Tu
1058 2812 1185 2852 vero
1210 2794 1337 2850 tnihi
1370 2790 1612 2846 Doctoris
1638 2786 1851 2857 sapien-

248 2904 379 2959 tiam
423 2895 709 2970 perpende,
744 2890 1011 2964 quomodo
1039 2890 1183 2958 ipsos
1213 2887 1358 2942 clare
1385 2884 1450 2939 ad
1478 2882 1635 2937 fidem
1674 2886 1851 2933 vocet.

245 2993 435 3062 Neque
463 2990 605 3044 enim
632 2987 809 3041 statim
834 2983 989 3047 dixit,
1016 2982 1167 3036 Alam
1193 2993 1287 3034 eos
1316 2994 1329 3029 :
1356 2990 1532 3047 neque
1552 2973 1694 3029 enim
1726 2970 1854 3026 illud

248 3058 406 3140 facile
438 3078 695 3137 credituri
736 3086 909 3133 erant.
943 3071 1045 3127 Sed
1079 3069 1206 3139 quid
1239 3068 1409 3123 ιὶίκὶιῖ
1444 3063 1530 3117 16.
1563 3058 1717 3115 .lesus
1748 3073 1847 3110 au-

253 3164 862 3236 tem,inquit,diriteis:
890 3159 1012 3215 Non
1043 3156 1224 3212 habent
1256 3168 1453 3210 necesse
1481 3152 1569 3214 ire,
1602 3150 1717 3202 date
1754 3146 1856 3201 illis

251 3282 338 3319 ros
363 3262 695 3318 manducare.
737 3257 853 3313 Non
880 3255 1046 3319 dixit,
1080 3250 1229 3307 Dabo
1272 3248 1384 3312 eis;
1412 3244 1505 3301 sed
1527 3286 1541 3311 ,
1574 3242 1682 3297 Vos
1708 3240 1854 3297 date.

251 3358 385 3413 Nam
413 3356 566 3410 illum
603 3351 778 3406 adhuc
816 3358 873 3403 ut
898 3345 1171 3400 hominem
1201 3338 1487 3395 habebant.
1520 3333 1598 3389 illi
1630 3348 1759 3387 vero
1787 3345 1857 3385 ne

256 3462 381 3507 tunc
406 3445 623 3519 quidem
644 3442 711 3497 ad
731 3442 920 3496 altiora
946 3437 1242 3507 eriguntur,
1269 3429 1363 3486 sed
1384 3427 1558 3481 adhuc
1584 3420 1857 3478 utbomini

253 3539 593 3613 respondent
630 3554 643 3590 :
690 3536 776 3590 l7.
810 3531 931 3587 Non
959 3530 1200 3582 habemus
1226 3522 1324 3577 nisi
1349 3520 1566 3592 quinque
1590 3532 1745 3588 panes
1765 3554 1781 3580 ,
1811 3522 1859 3568 et

254 3607 386 3688 duos
418 3634 593 3701 pisces.
625 3627 746 3683 Ideo
772 3624 976 3680 Marcus
1002 3620 1150 3691 (Cap.
1170 3612 1329 3685 8.l7)
1352 3612 1445 3673 ait,
1476 3611 1621 3679 ipsos
1652 3623 1756 3662 non
1780 3607 1861 3659 itt-

258 3725 532 3781 tcllexisse
570 3721 622 3775 id
652 3717 792 3788 quod
844 3712 1151 3773 dicebatur,
1181 3715 1298 3761 erat
1345 3702 1486 3757 enim
1540 3714 1634 3754 cor
1672 3711 1859 3752 eorum

256 3824 609 3873 occmcatum.
665 3809 797 3878 Quia
846 3807 1005 3877 igitur
1048 3801 1221 3855 adhuc
1249 3796 1394 3851 lmmi
1440 3792 1712 3865 repebant,
1743 3803 1861 3859 qua:

259 3925 360 3964 sua
414 3916 569 3961 erant
600 3903 711 3973 jam
754 3896 956 3954 inducit
983 3904 1035 3949 et
1063 3895 1178 3946 ait:
1215 3889 1299 3944 18.
1347 3885 1537 3955 Aﬂ'erte
1575 3883 1691 3938 illos
1733 3880 1857 3934 mihi

262 4004 388 4056 huc.
413 3997 635 4055 Etiamsi
665 3993 807 4049 enim
833 3992 1077 4046 desertus
1103 3994 1185 4039 est
1208 3983 1379 4043 locus,
1410 3979 1503 4034 sed
1548 3978 1594 4031 is
1641 3976 1730 4046 qui
1774 3989 1863 4029 or-

264 4095 393 4149 bem
420 4091 511 4145 alit
541 4088 626 4142 hic
651 4085 840 4149 adest;
876 4081 976 4137 etsi
1030 4092 1157 4132 vero
1202 4075 1331 4129 hora
1381 4070 1624 4134 transiit,
1657 4066 1751 4123 sed
1783 4068 1860 4131 is,

266 4186 359 4254 qui
390 4184 535 4236 hor-.c
559 4177 830 4245 subjectus
858 4188 963 4227 non
987 4179 1089 4233 est,
1109 4167 1217 4237 jam
1244 4179 1339 4218 vos
1367 4162 1674 4231 alloquitur.
1694 4156 1863 4214 Joan-

274 4249 372 4332 nes
398 4276 418 4346 (
450 4272 579 4341 Cap.
610 4272 662 4325 6.
690 4269 762 4338 9)
819 4278 952 4319 vero
978 4262 1052 4316 ait
1096 4272 1260 4329 panes
1297 4252 1621 4308 hordeaceus
1667 4249 1866 4313 fuisse;

272 4332 448 4437 neqde
476 4332 594 4418 sine
614 4332 772 4414 causa
804 4354 1021 4423 adjicit,
1050 4350 1141 4406 sed
1173 4358 1229 4402 ut
1254 4361 1351 4402 nos
1379 4344 1618 4399 instituat
1654 4339 1720 4394 ad
1752 4339 1870 4392 lau-
1896 4332 1899 4335 ⁷

275 4471 384 4513 tam
412 4470 655 4512 mensam
687 4443 1127 4506 conculeandam.
1169 4440 1314 4495 Talis
1362 4450 1553 4505 nempe
1589 4438 1707 4491 erat
1748 4445 1870 4500 pro-

276 4552 560 4624 phetarum
610 4559 816 4601 mensa.
848 4541 933 4597 19.
991 4538 1118 4594 Cum
1143 4535 1296 4605 igitur
1340 4531 1612 4599 accepisset
1655 4527 1874 4598 quinque

278 4617 437 4715 panes
455 4684 470 4705 ,
503 4650 547 4694 et
577 4640 704 4691 duos
734 4636 895 4704 pisces
920 4673 936 4698 ,
967 4640 1013 4685 et
1051 4627 1285 4700 jussisset
1313 4623 1480 4677 turbas
1509 4620 1794 4674 recumbere
1821 4617 1875 4669 in

279 4710 439 4804 ferito.
468 4729 743 4799 respiciens
768 4728 822 4779 in
859 4725 1037 4779 cwlum
1069 4717 1315 4773 benedixit
1347 4730 1602 4783 :jumque
1627 4710 1875 4781 fregisset,

279 4803 419 4881 dedit
466 4822 730 4893 discipulis
769 4819 912 4880 suis,
944 4811 1182 4879 discipuli
1228 4819 1395 4862 autem
1438 4806 1594 4860 turbis
1635 4820 1653 4859 .-
1699 4803 1790 4858 20.
1832 4810 1879 4855 et

280 4917 710 4973 manducavcrunt
736 4924 928 4970 attines,
955 4916 998 4960 et
1023 4902 1238 4958 saturati
1263 4910 1377 4953 sunt
1410 4906 1492 4952 :et
1520 4895 1736 4950 tulerunt
1757 4893 1881 4947 reli-

280 5012 431 5077 quias
488 5010 885 5079 fragmentorum
937 4996 1202 5051 duodecim
1249 4991 1495 5060 cophinos
1551 4989 1744 5057 plenos.
1786 4983 1878 5038 21.

292 5075 711 5156 blanducantium
741 5103 908 5146 autem
952 5090 1046 5160 fuit
1072 5101 1305 5140 numerus
1329 5082 1485 5151 ferme
1510 5079 1726 5149 quinque
1760 5075 1877 5129 mil-

288 5198 358 5250 lia
388 5196 611 5246 virorum
635 5231 651 5253 ,
680 5184 897 5254 exceptis
944 5178 1236 5234 mulieribus
1261 5185 1307 5229 et
1338 5172 1527 5244 pueris.

358 5287 415 5342 Ξ.
440 5284 671 5339 Christus
698 5277 846 5331 modo
875 5290 986 5337 sua,
1017 5272 1167 5325 modo
1201 5267 1369 5321 Patris
1400 5265 1599 5319 nomine
1625 5276 1777 5333 agens
1798 5300 1811 5320 ,
1839 5269 1887 5312 et

287 5390 491 5436 natura
527 5385 573 5429 et
604 5370 854 5426 missionis
882 5366 1191 5420 divinitatem
1219 5358 1463 5431 probavit.
1497 5358 1624 5408 Ante
1665 5368 1885 5406 mensam

289 5472 475 5546 gratia
515 5464 745 5537 agenda.
777 5460 965 5516 Contra
1000 5455 1308 5510 Marciorum
1344 5461 1390 5505 et
1434 5448 1793 5503 Manichmum.
1818 5473 1889 5486 -

290 5541 404 5619 Cur
426 5557 664 5630 respexit
691 5557 740 5608 in
771 5552 959 5609 etclum
985 5558 1040 5604 et
1066 5544 1336 5600 benedixit
1360 5543 1383 5596 ?
1412 5541 1481 5597 Ut
1505 5541 1834 5601 crederetur,
1860 5552 1888 5588 a

290 5658 455 5715 Patre
504 5654 676 5721 ipsum
720 5647 979 5707 exivisse,
1022 5640 1227 5711 ipsique
1269 5633 1527 5706 :eqnalem
1565 5648 1705 5687 esse.
1746 5631 1892 5698 Qua-

293 5767 417 5807 rum
462 5762 640 5804 rerum
684 5741 1029 5815 probationes
1065 5746 1304 5806 pugnare
1346 5739 1531 5785 mutuo
1558 5726 1889 5783 videbantur.

1284 292 1349 349 IN
1386 291 1788 349 ΜΑΤΤΙΙᾸΞΠΜ
1832 293 2061 351 1101111..
2107 297 2289 354 XLIX.
2342 300 2410 354 al.
2452 298 2516 356 L.

3423 308 3527 362 408

1946 410 2320 483 IEqualitatem
2342 414 2762 483 demonstrabat,
2790 417 2933 489 quod
2952 419 3129 476 omnia
3153 432 3275 476 eum
3298 431 3524 492 potesta-

1948 515 2001 561 te
2027 504 2256 571 faceret;
2280 521 2312 563 a
2339 506 2496 564 Patre
2522 522 2649 564 vero
2680 509 2853 581 ipsum
2883 525 3037 580 esse,
3068 528 3178 569 non
3219 512 3329 570 alio
3370 515 3528 572 modo

1946 599 2318 668 credidissent,
2346 618 2504 673 quam
2531 604 2579 658 si
2603 619 2723 659 cum
2754 604 3053 662 humilitate
3075 605 3243 663 multa
3271 617 3327 664 et
3350 613 3530 665 onmia

1944 692 2011 746 ad
2043 692 2213 763 ipsum
2256 693 2495 750 referens
2528 707 2880 766 operaretur,
2912 707 2969 753 et
3014 708 3227 755 vocaret
3262 700 3330 756 ad
3367 716 3531 772 opera

1945 799 2064 853 quae
2082 784 2299 843 ﬁebant.
2325 786 2446 841 ideo
2466 801 2639 856 neque
2658 787 2779 854 hoc,
2808 803 2982 859 neque
3002 789 3133 845 illud
3155 798 3358 846 tantum
3383 791 3531 857 facit,

1946 886 2005 931 ut
2034 887 2315 948 utrumque
2354 879 2739 946 conlirrnetur;
2766 880 2862 935 sed
2899 881 3059 937 modo
3096 897 3218 938 eum
3248 893 3538 953 potestate,

1945 972 2106 1026 modo
2135 971 2345 1028 Patrem
2390 972 2664 1039 invocans,
2694 975 2942 1029 miracula
2972 974 3103 1032 edit.
3133 975 3334 1032 Deinde
3361 992 3428 1031 ne
3456 977 3540 1032 vi-

1945 1062 2161 1118 deretur
2183 1062 2352 1118 hacin
2376 1079 2433 1118 re
2454 1078 2627 1134 pugna
2655 1054 2896 1134 quaedam
2913 1080 3053 1132 esse,
3073 1066 3124 1120 in
3142 1066 3439 1121 minoribus
3468 1065 3536 1123 ad

1946 1156 2132 1209 cretum
2160 1154 2395 1224 respicit;
2409 1155 2461 1209 in
2480 1156 2768 1224 majoribus
2790 1170 2914 1210 vero
2934 1169 3053 1210 cum
3080 1166 3340 1225 potestate
3354 1155 3537 1212 omnia

1949 1247 2092 1308 facit,
2127 1257 2181 1303 ut
2205 1246 2381 1303 discas
2406 1248 2565 1302 etiam
2599 1248 2652 1301 in
2684 1248 2978 1303 minoribus
3007 1248 3157 1304 illum
3186 1266 3292 1304 non
3318 1249 3537 1304 aliunde

1950 1349 2263 1407 pmestatem
2290 1340 2553 1410 accipere,
2572 1339 2663 1395 sed
2688 1339 2954 1396 honorare
2971 1341 3180 1395 Patrem
3200 1356 3377 1397 suum.
3400 1340 3537 1396 Cum

1948 1432 2089 1486 enim
2124 1442 2337 1500 peccata
2365 1431 2586 1497 dimisit,
2612 1441 2667 1487 et
2696 1432 2996 1502 paradisum
3024 1433 3253 1502 aperuit,
3281 1443 3338 1487 ut
3364 1448 3428 1488 eo
3457 1433 3538 1487 la-

1951 1535 2155 1579 tronem
2182 1524 2563 1591 introduceret,
2595 1533 2651 1579 et
2675 1540 2796 1579 cum
2825 1524 2993 1594 legem
3021 1532 3256 1580 veterem
3284 1539 3404 1579 cum
3433 1526 3535 1579 im-

1950 1616 2097 1684 perio
2117 1614 2409 1683 abrogavit,
2429 1630 2656 1684 cumque
2674 1625 2962 1669 sexcentos
2981 1624 3221 1669 mortuos
3239 1615 3535 1681 suscitavit,

1950 1724 2097 1765 mare
2143 1708 2406 1774 frenavit,
2452 1717 2657 1762 secreta
2710 1707 2984 1762 hominum
3027 1707 3283 1778 aperuit,
3320 1708 3532 1761 oculum

1950 1800 2149 1855 ereavit
2169 1841 2183 1864 ,
2210 1816 2329 1869 qua:
2360 1798 2450 1854 Dei
2489 1798 2653 1853 solius
2682 1812 2844 1868 opera
2870 1805 2995 1853 sunt
3021 1836 3039 1863 ,
3064 1807 3120 1852 et
3145 1811 3251 1852 non
3275 1796 3494 1851 alterius
3516 1837 3533 1864 ,

1952 1906 2238 1958 numquam
2269 1904 2493 1959 pret-aus
2519 1888 2823 1944 inducitur:
2846 1902 2965 1943 cum
2994 1902 3120 1943 vero
3155 1901 3318 1957 panes
3346 1902 3536 1957 super-

1950 1980 2222 2035 abtmdare
2245 1979 2469 2044 curavit,
2497 1979 2638 2049 quod
2667 1978 2733 2033 iis
2755 1978 3005 2034 omnibus
3034 1978 3189 2049 longe
3214 1980 3392 2033 minus
3416 1986 3535 2048 est,

1953 2084 2077 2130 tunc
2106 2074 2156 2128 in
2183 2073 2372 2129 caelum
2406 2072 2655 2142 respicit:
2680 2071 2837 2126 simul
2867 2071 2981 2125 haec
2997 2085 3117 2141 quas
3141 2070 3248 2125 dixi
3280 2069 3536 2140 probans,

1951 2167 2215 2237 simulque
2244 2164 2497 2221 erudiens
2520 2179 2647 2230 nos,
2671 2178 2739 2219 ne
2762 2173 2887 2217 ante
2912 2176 3152 2217 mensam
3178 2163 3497 2231 attingamus
3516 2201 3535 2228 ,

1951 2272 2108 2328 quam
2130 2256 2331 2327 gratias
2357 2255 2625 2325 egerimus
2650 2254 2700 2307 ei
2726 2253 2817 2324 qui
2849 2252 3004 2308 nobis
3023 2266 3201 2307 escam
3228 2252 3449 2318 prtebet.
3472 2250 3540 2307 Et

1952 2365 2047 2405 cur
2077 2364 2239 2418 panes
2268 2362 2373 2403 non
2402 2347 2526 2402 fecit
2548 2361 2616 2401 ex
2635 2360 2740 2400 non
2768 2343 3142 2400 exstantibus?
3164 2342 3231 2399 Ut
3258 2342 3539 2400 Marcionis

1951 2453 2008 2497 et
2034 2440 2312 2497 Manichaei
2341 2454 2434 2494 ora
2455 2439 2776 2504 Obstrueret,
2798 2438 2888 2507 qui
2909 2451 3031 2491 eum
3052 2451 3159 2491 non
3183 2449 3303 2491 esse
3327 2443 3540 2490 creato-

1955 2546 2061 2591 tem
2088 2532 2499 2599 asseverabant,
2530 2540 2587 2586 et
2615 2544 2709 2598 per
2738 2529 2851 2599 ipsa
2880 2542 3044 2599 opera
3072 2526 3324 2592 doceret,
3352 2524 3539 2581 visibi-

1955 2627 2023 2682 lia
2050 2626 2225 2681 omnia
2253 2623 2368 2694 ejus
2396 2638 2516 2677 esse
2538 2630 2594 2676 et
2624 2634 2791 2691 opera
2826 2627 2881 2675 et
2912 2626 3188 2675 creaturas
3210 2620 3226 2649 ¹
3253 2659 3269 2683 ,
3292 2616 3543 2672 ostende-

1953 2727 2141 2786 retque
2171 2730 2230 2769 se
2259 2713 2463 2768 fructus
2480 2712 2630 2778 dare,
2653 2710 2743 2781 qui
2767 2709 2836 2765 ab
2862 2709 3014 2765 initio
3040 2707 3268 2764 dixerit:
3289 2705 3542 2761 Germinet

1954 2815 2097 2859 terra
2119 2803 2332 2858 herbam
2356 2802 2482 2872 [teni
2497 2817 2517 2865 ,'
2546 2808 2619 2861 et,
2648 2797 2892 2852 Educant
2912 2810 3064 2865 aqua:
3081 2794 3293 2863 reptilia
3316 2789 3529 2842 anima-

1956 2914 2075 2952 rum
2096 2895 2377 2951 viventium
2395 2895 2412 2924 ¹
2439 2890 2590 2957 (Gen.
2619 2892 2670 2945 l.
2692 2891 2752 2946 11
2775 2902 2824 2944 et
2847 2889 2963 2959 20).
2980 2887 3167 2956 Neque
3187 2884 3332 2938 enim
3350 2880 3533 2935 minus

1958 2989 2061 3044 hoc
2090 2998 2171 3043 est
2211 2987 2321 3041 illo.
2351 2982 2484 3040 Nam
2512 2981 2613 3037 etsi
2644 2980 2731 3034 illa
2770 2979 2877 3034 siut
2912 2992 2980 3034 ex
3020 2990 3128 3033 non
3169 2973 3499 3031 exstantibus
3520 3008 3542 3040 ,

1957 3092 2189 3135 attamen
2217 3094 2285 3133 ex
2310 3093 2447 3147 aqua
2471 3083 2633 3139 sunt;
2663 3087 2834 3143 neque
2877 3070 3054 3125 minus
3094 3076 3177 3124 est
3202 3083 3268 3122 ex
3307 3066 3543 3137 quinque

1958 3171 2185 3242 panibus
2209 3177 2287 3223 tot
2313 3181 2477 3238 panes
2507 3165 2821 3235 producere,
2844 3169 2898 3215 et
2921 3160 3095 3231 pisces
3120 3156 3302 3212 itidem
3327 3170 3543 3224 augere,

1958 3277 2118 3334 quam
2158 3277 2222 3316 ex
2250 3269 2390 3315 terra
2419 3255 2663 3329 proferre
2692 3253 2952 3320 fructum,
2981 3259 3035 3306 et
3060 3263 3128 3305 ex
3156 3249 3310 3318 aquis
3334 3244 3543 3317 reptilia

1957 3354 2221 3417 viventia;
2250 3350 2393 3423 quod
2436 3351 2644 3419 signum
2688 3355 2801 3402 erat
2830 3346 3001 3416 ipsum
3037 3350 3092 3397 et
3121 3351 3277 3396 terra:
3316 3348 3373 3395 et
3410 3335 3546 3393 mari

1961 3450 2241 3518 imperare.
2266 3444 2397 3514 Quia
2425 3443 2565 3499 enim
2593 3442 2647 3496 in
2678 3438 2902 3494 infirmis
2921 3449 3133 3507 semper
3159 3434 3306 3505 signa
3334 3430 3546 3499 edebat,

1960 3543 2166 3598 confert
2190 3550 2244 3596 et
2266 3537 2564 3594 universale
2592 3533 2926 3597 beneficium,
2951 3545 3020 3586 ne
3048 3528 3198 3585 multi
3224 3534 3551 3598 spectatores

1965 3642 2168 3689 tantum
2209 3638 2391 3686 essent
2414 3642 2600 3683 eorum
2640 3640 2759 3694 qua:
2787 3623 2903 3677 aliis
2932 3618 3348 3691 contingebant,
3376 3615 3469 3673 sed
3496 3623 3552 3670 ct

1964 3723 2065 3794 ipsi
2091 3722 2233 3777 dono
2256 3718 2577 3774 fruerentur.
2607 3714 2673 3768 Et
2696 3713 2839 3783 quod
2861 3710 3104 3766 mirabile
3127 3707 3326 3764 Judaeis
3346 3705 3553 3761 videba-

1966 3824 2052 3869 tur
2079 3813 2133 3867 in
2156 3810 2371 3866 deserto
2394 3847 2410 3873 ,
2437 3821 2558 3862 cum
2584 3803 2861 3860 dicerent:
2889 3798 3152 3869 Numquid
3174 3808 3221 3852 et
3248 3812 3432 3866 panem
3462 3812 3554 3865 pe-

1966 3907 2078 3961 terit
2106 3904 2249 3969 dare,
2276 3910 2362 3955 aut
2384 3915 2565 3970 parare
2585 3910 2808 3952 mensam
2833 3893 2884 3947 in
2910 3892 3105 3947 deserto
3123 3887 3294 3960 (Psal.
3313 3888 3400 3942 77.
3421 3884 3554 3956 20)?

1968 3999 2070 4053 hoc
2094 3998 2208 4066 ipse
2232 3993 2487 4064 operibus
2515 3987 2775 4045 exhibuit.
2802 3983 3030 4053 ideoque
3058 3982 3108 4035 in
3138 3979 3407 4035 desertum
3436 3976 3554 4030 illos

1968 4065 2229 4149 adduxit,
2259 4093 2313 4138 ut
2343 4083 2459 4137 sine
2498 4078 2603 4133 ulla
2649 4089 2866 4147 prorsus
2907 4070 3212 4141 suspicione
3242 4065 3554 4122 miraculum

1970 4179 2140 4243 ﬁeret,
2166 4188 2428 4244 nemoque
2454 4177 2681 4242 putaret,
2706 4163 2987 4237 quemdam
3014 4160 3244 4216 vicinum
3269 4159 3441 4213 vicum
3469 4169 3558 4225 pa-

1972 4285 2093 4326 nem
2120 4271 2172 4323 in
2213 4279 2453 4322 mensam
2495 4259 2754 4317 intulisse.
2787 4256 2989 4311 Idcirco
3015 4268 3119 4307 non
3162 4251 3335 4305 locum
3363 4245 3558 4316 modo,

1974 4362 2069 4418 sed
2114 4359 2274 4415 etiam
2322 4357 2506 4411 horam
2555 4358 2835 4407 memorat.
2865 4346 3025 4402 Aliud
3068 4345 3226 4400 etiam
3271 4341 3558 4406 discimus,

1976 4469 2167 4525 nempe
2195 4450 2573 4521 discipulorum
2598 4441 3012 4515 philosophiam,
3043 4452 3200 4509 quam
3222 4436 3304 4491 vel
3331 4436 3383 4489 in
3403 4434 3562 4489 rebus

1978 4545 2295 4606 neceSSariis
2320 4538 2642 4598 exhibebant
2666 4578 2681 4602 ,
2710 4545 2763 4592 et
2789 4540 3043 4605 quantum
3078 4529 3295 4585 delicias
3341 4540 3563 4597 sperne-

1976 4650 2117 4699 rent.
2146 4639 2278 4695 Nam
2303 4633 2580 4692 duodecim
2606 4646 2725 4686 cum
2755 4636 2957 4694 essent,
2988 4626 3221 4696 quinque
3250 4636 3414 4691 panes
3444 4628 3564 4673 tan-

1982 4745 2094 4790 tum
2122 4733 2360 4800 duosque
2390 4727 2562 4797 pisces
2604 4722 2898 4786 habebant;
2929 4733 3094 4788 usque
3137 4715 3272 4771 adeo
3307 4727 3562 4783 corporea

1981 4822 2379 4895 despiciebant,
2405 4816 2805 4887 spiritualiaquc
2832 4812 3005 4869 solum
3035 4808 3322 4873 curabant;
3350 4807 3456 4860 imo
3498 4820 3566 4860 ne

1982 4933 2148 4989 pauca
2177 4916 2262 4970 illa
2297 4928 2419 4984 qua:
2447 4909 2712 4964 habebant
2740 4906 3011 4962 retinuere
3030 4946 3045 4968 ,
3074 4901 3167 4958 sed
3198 4898 3363 4971 rogati
3402 4896 3569 4953 dede-

1984 5022 2129 5070 runt.
2161 5008 2291 5065 inde
2318 5007 2585 5061 discamus
2610 5044 2625 5068 ,
2652 5001 2751 5056 etsi
2782 5014 2946 5071 pauca
2979 4997 3131 5051 nobis
3151 4994 3293 5059 sint,
3323 4992 3408 5046 illa
3438 5005 3566 5061 ege-

1986 5107 2070 5162 nis
2107 5118 2228 5160 esse
2273 5097 2614 5172 proferenda.
2641 5093 2782 5150 Jussi
2822 5106 2950 5158 ergo
2997 5097 3199 5159 septem
3245 5086 3361 5139 illos
3409 5097 3572 5154 panes

1987 5196 2208 5260 efferre,
2237 5209 2343 5248 non
2373 5190 2555 5246 dicunt
2578 5205 2591 5240 :
2613 5185 2731 5253 Quo
2773 5183 2931 5253 igitur
2957 5180 3076 5235 cibo
3108 5186 3290 5247 postea
3318 5185 3527 5230 utemur
3546 5175 3571 5227 τ

1990 5290 2133 5346 unde
2161 5287 2353 5342 famem
2382 5282 2570 5337 sedare
2587 5274 2916 5348 poterimus?
2941 5272 3033 5327 sed
3061 5271 3236 5325 statim
3260 5274 3568 5339 paruerunt.

1990 5382 2193 5436 Pratter
2225 5391 2288 5431 ea
2328 5390 2447 5444 qua:
2482 5384 2641 5440 supra
2668 5366 2898 5422 diximus
2919 5404 2933 5430 ,
2957 5362 3077 5417 ideo
3102 5361 3306 5417 videtur
3331 5357 3576 5414 Christus

2058 5665 2079 5698 ι
2112 5660 2311 5722 Quidam
2334 5669 2444 5722 cum
2468 5653 2655 5713 Morel»
2676 5656 2722 5703 α
2745 5662 2893 5721 ονρνα
2912 5655 2959 5701 α
2979 5646 3399 5722 Ραξςὲδίοπσκξη

2058 5728 2081 5760 ι
2111 5712 2326 5784 ()tndam,
2348 5720 2555 5771 educant
2574 5712 2714 5782 aqua
2731 5712 2944 5763 animam
2964 5712 3207 5777 reptilth
3226 5712 3483 5758 virentium
