4052 6228
668 329 773 386 ⁴99

665 461 729 498 es
754 443 837 498 his
853 440 1079 514 panibus
1095 441 1300 512 signum
1324 440 1502 506 edere,
1521 449 1580 496 ut
1599 441 1742 511 ipsos
1760 439 1826 496 ad
1844 439 2000 496 fidem
2017 439 2249 496 deduce-

664 546 747 591 ret
770 554 784 591 :
806 533 978 590 adhuc
1001 534 1144 590 enim
1173 534 1491 589 infirmiores
1511 542 1682 588 erant.
1703 534 2039 605 Quapropter
2067 536 2119 590 iu
2145 551 2250 590 cac-

664 629 771 681 lum
797 627 1030 697 respicit.
1058 627 1295 681 Aliorum
1316 626 1510 696 quippe
1534 627 1805 697 signorum
1822 631 1986 684 multa
2003 630 2245 699 exempla

661 716 947 783 habebam;
970 717 1126 787 hujus
1152 725 1327 772 autem
1354 717 1578 772 nullum.
1607 720 1870 789 Acceptos
1895 721 2056 790 igitur
2082 737 2246 792 panes

659 807 847 877 fregit,
863 816 920 862 et
946 823 1042 878 per
1066 807 1356 877 discipulos
1379 807 1554 872 dedit,
1580 809 1681 864 hoc
1707 810 1900 865 collato
1925 813 2053 881 ipsis
2079 813 2244 868 hono-

661 913 748 960 re:
775 914 872 954 nec
898 898 1115 953 honoris
1150 906 1353 954 tantum
1387 914 1544 954 causa
1573 899 1724 963 fecit,
1754 901 1846 956 sed
1879 911 1954 968 ut,
1997 918 2115 958 cum
2142 904 2245 958 mi-

659 992 893 1046 raculum
919 1001 1218 1057 cernerent,
1243 1007 1416 1066 neque
1441 991 1599 1047 fidem
1628 1004 1902 1063 negarem,
1935 994 2018 1049 vcl
2060 1006 2240 1066 postea

658 1082 822 1150 ipsius
850 1081 1314 1146 obliviscerentur,
1345 1065 1466 1137 cum
1495 1082 1624 1153 ipsa:
1651 1099 1838 1140 manus
1863 1101 2048 1141 eorum
2081 1097 2242 1143 testes

654 1182 852 1227 essent.
897 1174 1231 1244 QuaprOpter
1273 1174 1418 1245 prius
1471 1174 1710 1242 permisit
1761 1184 1820 1230 ut
1871 1178 2038 1233 turba:
2087 1178 2240 1235 famis

653 1280 812 1320 sensu
836 1266 1164 1330 laborarent,
1195 1267 1624 1335 exspectavitque
1652 1277 1708 1322 ut
1738 1269 1812 1323 illi
1841 1270 2162 1326 accederent
2186 1281 2240 1327 et

655 1359 1064 1428 interrogarent.
1078 1358 1340 1427 Pcripsos
1360 1359 1484 1413 item
1501 1359 1661 1428 jussit
1680 1361 1883 1429 plebem
1902 1363 2231 1428 recumbere,

655 1464 753 1517 per
771 1449 918 1519 ipsos
943 1465 1153 1519 quoque
1179 1450 1477 1516 distribuit,
1509 1452 1747 1521 singulos
1772 1455 1983 1522 propria
2022 1456 2235 1510 confes-

651 1542 802 1596 sione
829 1551 885 1597 et
911 1542 1160 1610 operibus
1187 1544 1369 1597 volens
1393 1558 1786 1614 praeoccupare.
1816 1545 2017 1602 Idcirco
2043 1547 2235 1604 abillis

652 1649 815 1703 panes
843 1635 1050 1704 accipit,
1078 1644 1135 1690 ut
1153 1637 1317 1690 multa
1347 1639 1419 1690 rei
1449 1638 1744 1692 testimonia
1769 1647 1964 1704 essent,
1991 1656 2053 1696 ac
2076 1642 2234 1696 n-tira-

649 1727 754 1781 culi
801 1735 1142 1782 monumenta
1184 1727 1461 1783 haberent.
1484 1727 1618 1782 Nam
1646 1730 1688 1783 si
1721 1729 1804 1784 his
1843 1732 1913 1784 ita
1953 1732 2116 1801 gestis
2153 1733 2229 1786 rei

647 1816 798 1871 obliti
824 1827 967 1884 sunt,
996 1819 1121 1888 quid
1150 1819 1418 1884 fecissent,
1446 1821 1488 1874 si
1517 1835 1631 1875 rem
1657 1835 1762 1875 non
1791 1822 1861 1876 ita
1887 1822 2232 1878 adornasset?

645 1908 804 1964 .luhet
829 1911 990 1965 etiam
1020 1911 1140 1966 illos
1168 1911 1220 1966 in
1253 1913 1394 1968 [ωηο
1418 1911 1774 1980 discumbere,
1803 1914 1985 1969 turbas
2010 1915 2075 1968 ad
2107 1915 2228 1983 phi-

647 2001 1031 2072 losophandum
1059 2003 1134 2075 (η)
1157 2005 1459 2060 instituens.
1484 2005 1598 2060 Non
1620 2007 1760 2061 cnim
1792 2014 1993 2061 tantum
2020 2008 2230 2064 volebat

643 2092 712 2146 ali
742 2107 988 2162 corpora,
1020 2094 1112 2149 sed
1141 2096 1371 2150 animam
1400 2108 1607 2167 quoque
1639 2097 1860 2152 institui.

715 2185 769 2239 ‘5.
813 2185 888 2240 Ex
927 2186 1045 2242 loco
1095 2187 1289 2258 igitur,
1319 2204 1382 2244 cx
1428 2204 1493 2244 eo
1521 2190 1662 2260 quod
1707 2192 1916 2246 nonnisi
1964 2207 2128 2262 panes
2172 2204 2226 2250 et

644 2273 822 2343 pisces
859 2276 1050 2343 daret,
1078 2278 1324 2348 quodque
1366 2279 1551 2334 eadem
1597 2291 1651 2334 et
1701 2281 1752 2334 in
1797 2284 2066 2337 communi
2111 2283 2223 2339 dari

639 2367 874 2436 jusserit,
899 2385 998 2424 nec
1021 2371 1156 2424 alius
1179 2372 1296 2440 plus
1322 2386 1479 2442 quam
1505 2372 1642 2428 alius
1669 2373 1931 2440 habuerit,
1961 2375 2224 2433 humilita-

639 2470 769 2527 tem,
795 2464 1220 2532 temperantiam,
1247 2465 1630 2535 caritatemque
1651 2466 1850 2534 docuit,
1877 2469 2145 2539 voluitque
2165 2478 2223 2524 ut

639 2553 752 2620 pari
769 2562 954 2608 essent
968 2568 1156 2610 omnes
1175 2571 1298 2626 erga
1322 2557 1453 2610 alios
1473 2556 1686 2624 affectu,
1701 2567 1754 2613 et
1777 2561 1952 2615 omnia
1975 2561 2222 2618 omnibus

635 2647 936 2700 communia
981 2661 1104 2702 esse
1151 2655 1416 2716 putarent.
1448 2649 1513 2703 Et
1557 2649 1736 2705 fractis
1783 2652 2044 2720 panibus,
2074 2653 2229 2709 dedit

634 2749 730 2789 eos
767 2735 1073 2804 discipulis,
1103 2737 1347 2809 discipuli
1399 2755 1523 2794 vero
1564 2741 1722 2810 plebi.
1767 2742 2010 2814 Quinque
2055 2760 2221 2814 panes

635 2823 830 2880 fractos
855 2827 1023 2893 dedit,
1052 2839 1105 2882 et
1134 2829 1204 2883 illi
1229 2831 1462 2901 quinque
1493 2833 1543 2886 in
1573 2834 1817 2888 manibus
1838 2835 2216 2905 discipulorum

633 2918 686 2973 in
715 2918 874 2975 fontis
901 2935 1103 2976 morem
1133 2924 1510 2980 scaturiebam.
1539 2925 1721 2996 Neque
1748 2925 1832 2982 hic
1868 2930 2015 2984 stetit
2057 2930 2219 2984 mira-

630 3011 811 3066 culum
835 3028 849 3066 :
873 3011 967 3068 scd
1009 3013 1057 3068 id
1103 3014 1226 3070 fecit
1266 3025 1320 3069 ut
1351 3016 1508 3070 etiam
1541 3017 2072 3087 superabundarent,
2106 3035 2212 3076 non

632 3103 791 3158 modo
821 3119 1004 3176 panes,
1035 3105 1127 3160 Sed
1157 3116 1211 3161 et
1243 3105 1564 3177 fragmenta;
1599 3116 1656 3162 ut
1681 3109 1981 3165 ostenderet
2005 3112 2211 3166 illorum

629 3211 824 3268 panum
871 3198 967 3254 has
1002 3214 1122 3255 esse
1170 3199 1453 3271 reliquias,
1485 3210 1646 3272 utque
1686 3203 2164 3275 abscntcsquoquc
2193 3206 2208 3238 ⁸

629 3299 849 3362 possent
884 3290 934 3346 id
965 3291 1103 3362 quod
1135 3299 1340 3363 gestum
1370 3301 1485 3347 erat
1510 3293 1769 3348 ediscere.
1804 3294 2005 3350 Idcirco
2031 3296 2212 3351 turbas

626 3384 834 3438 esurire
880 3384 1159 3454 permisit,
1189 3400 1256 3439 ne
1284 3385 1402 3455 quis
1447 3394 1693 3455 putaret,
1719 3387 1769 3441 id
1815 3388 1954 3457 quod
1999 3398 2208 3459 gestum

624 3483 871 3529 eratcsse
884 3473 1232 3545 phantasiam.
1255 3475 1482 3543 Ideoque
1501 3476 1780 3532 duodecim
1811 3478 2066 3548 cophinos
2089 3481 2212 3536 red-

626 3566 828 3622 undare
858 3567 1128 3636 permisit,
1163 3575 1221 3621 ut
1262 3576 1316 3622 et
1357 3567 1521 3622 Judas
1559 3585 1714 3624 suum
1749 3581 1998 3640 portaret.
2031 3573 2210 3628 Potuit

623 3659 782 3711 etiam
812 3657 978 3726 ipsam
1003 3657 1194 3713 sedare
1221 3658 1414 3714 famem
1438 3701 1451 3725 ,
1484 3659 1577 3714 sed
1602 3662 1719 3730 ejus
1745 3664 2033 3732 potentiam
2071 3679 2206 3736 apo-

622 3751 745 3806 stoli
792 3765 898 3806 non
943 3751 1252 3806 novissent:
1285 3767 1407 3806 nam
1451 3763 1505 3807 et
1554 3753 1654 3809 sub
1699 3753 1810 3810 Elia
1860 3754 1962 3812 hoc
2007 3755 2203 3813 factum

624 3845 814 3902 fuerat.
839 3845 918 3902 De
945 3844 1042 3902 hac
1069 3847 1139 3902 ita
1161 3847 1442 3918 stupefacti
1473 3857 1597 3903 sunt
1624 3847 1792 3905 Judzci
1809 3891 1824 3914 ,
1855 3859 1914 3906 ut
1937 3851 2086 3907 illum
2117 3869 2204 3908 re-

618 3955 740 4013 gem
766 3941 1092 3997 constituere
1120 3941 1351 4006 vellent;
1380 3941 1471 4010 qui
1511 3952 1686 3998 tamen
1719 3944 1770 3998 in
1810 3943 1928 3999 aliis
1961 3945 2127 4015 signis
2152 3946 2203 4001 id

619 4049 906 4104 numquam
941 4043 1294 4089 tentaverant.
1324 4033 1450 4102 Quis
1481 4049 1610 4105 ergo
1651 4035 1827 4090 verbis
1853 4039 2198 4105 expresserit,

616 4139 724 4194 quo
762 4131 916 4192 pacto
942 4139 1107 4194 panes
1142 4124 1302 4177 fontis
1327 4139 1476 4178 more
1513 4125 1872 4180 scaturirent?
1896 4141 2003 4197 quo
2048 4139 2202 4197 pacto

618 4215 671 4270 in
710 4213 996 4269 solitudine
1033 4213 1292 4269 ﬂuerent?
1320 4214 1588 4284 quomodo
1632 4223 1710 4269 tot
1752 4215 2053 4272 hominibus
2081 4217 2198 4275 luco

615 4307 721 4362 rint
745 4306 876 4360 satis
896 4307 920 4360 ?
944 4307 1074 4361 Nam
1100 4306 1379 4378 quinquies
1408 4307 1551 4363 mille
1576 4318 1744 4374 erant,
1775 4325 1879 4366 non
1909 4314 2200 4368 numeratis

617 4398 928 4454 mulieribus
955 4406 1008 4454 et
1032 4399 1287 4470 parvulis,
1309 4414 1425 4470 qua:
1449 4398 1677 4455 maﬁma
1705 4401 1881 4470 pepuli
1901 4401 2036 4468 laus,
2055 4404 2198 4473 quod

612 4500 665 4545 et
681 4489 932 4546 mulieres
948 4500 1002 4546 et
1023 4490 1116 4551 viri
1139 4490 1350 4545 Christo
1368 4489 1653 4546 hmrcrent.
1668 4490 1943 4559 Quomodo
1962 4493 2197 4564 reliquiae

612 4583 802 4640 fuere?
827 4583 1040 4639 Etenim
1067 4583 1170 4639 hoc
1191 4585 1366 4654 priore
1388 4600 1494 4638 non
1519 4585 1694 4639 minus
1720 4595 1820 4639 est.
1853 4586 1920 4640 Et
1945 4596 2020 4642 tat
2047 4587 2196 4643 fuere

611 4673 904 4744 fragmenta
924 4717 940 4742 ,
973 4683 1032 4729 ut
1059 4673 1272 4744 cophini
1311 4673 1585 4743 discipulis
1627 4690 1779 4743 pares
1807 4690 2028 4730 numero
2051 4718 2066 4744 ,
2097 4693 2195 4733 nec

610 4767 812 4836 plures,
831 4782 930 4821 nec
945 4765 1223 4838 pauciores
1243 4775 1440 4821 essent.
1457 4767 1684 4836 Accepta
1704 4767 1861 4838 igitur
1877 4768 2191 4839 fragmenta,

608 4875 713 4912 non
743 4858 931 4926 turbis,
965 4859 1056 4914 sed
1086 4859 1357 4929 discipulis
1385 4859 1528 4915 dedit
1549 4877 1563 4915 :
1582 4861 1776 4916 ctenim
1812 4862 1977 4917 turba:
2005 4864 2196 4933 imper-

609 4951 854 5008 fectiores
880 4962 1033 5008 erant
1059 4951 1334 5022 discipulis

678 5045 865 5101 Christi
900 5048 950 5101 in
981 5046 1227 5101 miraculo
1256 5046 1688 5116 multiplicatiouis
1716 5063 1902 5116 panum
1930 5049 2190 5103 sinceritas

603 5149 650 5192 et
690 5139 952 5193 modestia.
984 5139 1262 5195 Ostentatto
1311 5139 1568 5212 fugienda.
1603 5140 1681 5193 Ad
1727 5157 1924 5196 sacram
1967 5159 2186 5197 mensam

601 5247 702 5300 quo
751 5240 898 5300 pacto
943 5232 1304 5286 accedendum.
1336 5262 1407 5272 —
1442 5231 1605 5304 Signo
1652 5242 1828 5287 autem
1884 5234 2060 5298 facto,
2091 5235 2181 5289 32.

605 5320 791 5375 Statim
820 5325 978 5394 coegit
1007 5323 1280 5393 discipulos
1305 5323 1496 5377 intrare
1523 5325 1574 5378 in
1603 5324 1856 5394 navigium
1880 5367 1895 5390 ,
1924 5335 1970 5377 et
1995 5342 2184 5393 prwce-

601 5417 717 5468 dare
757 5433 871 5470 eum
913 5415 982 5469 ad
1029 5417 1310 5472 ulteriorem
1359 5419 1521 5488 ripam
1551 5460 1566 5485 ,
1597 5418 1755 5471 donec
1784 5419 1891 5487 ipse
1917 5418 2185 5473 dimitteret

664 5602 680 5664 ε
711 5598 793 5649 Alii
818 5599 996 5660 ferunt,
1021 5614 1198 5659 omnes,
1225 5614 1328 5663 pro,
1351 5599 1563 5664 absentes
1585 5613 1801 5664 quoque;
1825 5601 1985 5664 minus
1998 5608 2159 5664 recte.

659 5661 732 5724 (α)
767 5675 995 5722 ASperum
1017 5663 1210 5713 vivendi
1229 5661 1420 5725 genus,
1451 5661 1607 5725 quale
1638 5661 1713 5713 est
1738 5664 1787 5712 in
1829 5663 1958 5714 Γωηο
1979 5663 2184 5712 discum-

598 5721 739 5782 bere,
764 5721 858 5788 cibi
879 5725 1101 5773 sumendi
1125 5721 1288 5785 causa,
1315 5721 1661 5788 philosophiam
1685 5726 1782 5780 hic.
1809 5731 1861 5774 ut
1888 5737 2023 5788 sape
2043 5725 2179 5786 alias,

600 5793 736 5838 vocat
756 5785 1135 5850 (‘Jnysostomm

1404 325 1459 382 S.
1487 322 1765 383 JOANNIS
1796 320 2273 380 CHRYSOSTOMI
2303 320 2618 378 ARCHII'IP.
2657 323 3190 386 CONSTANTINOP.

2359 438 2548 494 turbas.
2579 439 2711 496 Nam
2749 441 2793 498 si
2823 457 3058 512 praesens
3085 444 3354 500 videretur
3381 445 3430 500 id
3471 461 3570 516 per
3606 446 3907 516 phantasi

2355 528 2578 596 fecisse,
2607 545 2711 586 non
2756 535 3046 590 secundum
3086 536 3164 590 rei
3206 536 3524 623 ’veritatem,
3555 537 3785 592 absens
3831 555 3908 592 ce

2351 635 2456 675 non
2485 621 2634 676 item.
2667 623 2897 694 Ideoque
2932 634 3180 680 accurato
3206 621 3439 681 examini
3481 627 3693 682 factum
3733 643 3912 698 perm

2351 720 2501 778 tens,
2532 728 2656 779 eos,
2685 715 2776 784 qui
2807 728 3153 772 monumenta
3182 726 3236 771 et
3263 718 3635 787 probationem
3673 721 3912 790 signort

2347 813 2679 874 acceperant,
2706 805 2865 874 jussit
2895 807 2961 861 ab
2987 822 3044 862 se
3069 809 3324 878 separari.
3352 809 3602 880 Alioquin
3638 827 3814 879 vero,
3848 828 3911 866 cu.

2347 909 2535 964 magna
2580 909 2830 965 operatus
2879 899 3081 966 fuerat,
3117 901 3296 956 turbas
3335 910 3389 956 et
3429 902 3739 973 discipulos
3792 905 3874 957 ab

2347 987 2693 1054 removebat,
2738 999 2798 1042 ut
2847 989 3000 1045 nobis
3050 991 3295 1045 suaderet
3339 1008 3598 1062 nusquam
3651 995 3912 1049 humana

2345 1077 2567 1145 gloriam
2587 1089 2639 1133 et
2659 1095 2843 1134 auram
2875 1095 2993 1136 esse
3020 1083 3459 1152 persequendam,
3497 1100 3684 1155 neque
3715 1089 3912 1140 multit

2343 1168 2520 1224 dinem
2551 1173 2940 1228 attrahendum.
2958 1175 3090 1230 Cum
3114 1187 3288 1231 autem
3307 1177 3452 1244 dicit,
3478 1178 3683 1250 Coegit,
3705 1181 3912 1236 declar

2342 1262 2631 1333 discipulos
2668 1266 2783 1335 ejus
2814 1269 3107 1336 prteSentiJs
3135 1270 3354 1326 multum
3402 1269 3647 1327 laesisse.
3689 1273 3762 1328 Et
3805 1278 3912 1328 mis

2341 1368 2434 1407 eos
2458 1395 2473 1420 ,
2503 1355 2672 1410 turbae
2699 1366 2756 1411 ut
2783 1359 2994 1413 videtur
3021 1361 3246 1415 vitanda:
3284 1377 3438 1416 causa
3464 1405 3479 1429 ,
3509 1365 3625 1433 ipse
3658 1377 3856 1422 autem

2342 1456 2575 1502 montem
2593 1449 2802 1504 volebat
2817 1452 3123 1519 ascendere,
3145 1462 3200 1506 ut
3227 1468 3324 1507 nos
3339 1454 3576 1523 doceret,
3599 1459 3824 1513 turbam
3849 1478 3912 1515 nt

2338 1538 2549 1595 assidue
2566 1541 3018 1611 frequentandam,
3044 1559 3214 1613 neque
3231 1560 3443 1615 semper
3459 1545 3773 1616 fugiendam
3795 1567 3912 1605 cssr

2337 1631 2430 1684 sed
2461 1641 2742 1704 utrumque
2768 1635 2831 1689 ad
2857 1636 3130 1691 utilitatem
3163 1636 3477 1705 faciendum,
3510 1648 3564 1694 et
3591 1641 3905 1696 alternatin

2337 1733 2493 1791 prout
2521 1723 2705 1792 decet,
2729 1727 3010 1796 agendum.
3040 1728 3313 1783 Discamus
3340 1739 3393 1784 et
3418 1745 3513 1784 nos
3539 1746 3763 1802 quoque
3807 1734 3908 1788 Jes

2334 1815 2551 1871 Christo
2581 1817 2805 1885 haerere,
2834 1835 2938 1874 non
2973 1836 3066 1889 pro
3097 1821 3442 1890 impetrandis
3469 1823 3812 1879 sensibilium
3843 1843 3912 1882 re

2334 1925 2450 1964 rum
2493 1910 2648 1966 donis
2671 1954 2686 1978 ,
2719 1929 2786 1966 ne
2830 1913 2880 1967 id
2910 1913 3062 1968 nobis
3102 1913 3298 1983 probro
3335 1914 3490 1969 detur
3515 1916 3657 1970 sicut
3699 1916 3912 1973 Judtcis

2337 2000 2572 2065 Quaeritis
2597 2019 2676 2056 me
2698 2045 2713 2071 ,
2747 2003 2916 2075 inquit
2939 2046 2955 2072 ,
2988 2021 3088 2059 non
3114 2006 3232 2076 quia
3256 2005 3402 2076 signa
3426 2007 3621 2061 uidistis
3639 2049 3653 2072 ,
3688 2010 3784 2063 sed
3807 2012 3912 2080 qui.

2332 2110 2394 2146 ca:
2438 2094 2651 2163 panibus
2697 2093 2978 2150 comedistis
3023 2107 3067 2150 et
3111 2098 3324 2150 saturati
3352 2099 3468 2152 estis
3501 2097 3680 2168 (Joan.
3714 2101 3772 2155 6.
3805 2101 3911 2169 26)

2331 2183 2454 2240 ldeo
2478 2202 2581 2241 non
2608 2185 2913 2258 frequenter
2941 2191 3041 2244 hoc
3063 2190 3270 2259 signum
3299 2190 3439 2254 facit,
3465 2193 3556 2246 sed
3582 2193 3664 2247 his
3690 2205 3903 2248 tantum

2329 2286 2387 2330 ut
2424 2277 2689 2333 discerent
2722 2295 2825 2334 non
2854 2282 3024 2335 ventri
3055 2296 3175 2336 esse
3216 2282 3552 2336 serviendum
3574 2324 3590 2350 ,
3619 2285 3714 2338 scd
3755 2287 3912 2354 spiri-

2330 2367 2559 2423 tualibus
2597 2369 2809 2424 assidue
2847 2370 3176 2426 hmrendum.
3207 2372 3299 2426 llis
3326 2387 3424 2427 nos
3449 2389 3662 2444 quoque
3703 2375 3912 2430 haerea-

2327 2476 2445 2515 mus
2470 2502 2485 2528 ,
2511 2471 2566 2516 et
2611 2478 2912 2532 quzeramus
2960 2479 3148 2533 panem
3193 2465 3499 2534 cazlestem,
3545 2484 3651 2537 quo
3691 2483 3912 2540 acet-pte

2325 2570 2541 2610 omnem
2575 2557 2884 2611 saecularem
2930 2572 3113 2613 curam
3158 2557 3448 2628 ejiciamus.
3478 2559 3610 2616 Nam
3652 2562 3696 2616 si
3741 2563 3817 2617 illi
3861 2574 3912 2618 et

2325 2645 2511 2701 domos
2531 2658 2585 2702 et
2623 2647 2866 2703 civitates
2890 2657 2945 2703 et
2968 2657 3219 2718 cognatos
3260 2659 3312 2704 et
3348 2653 3525 2705 omnia
3554 2651 3874 2709 dimiserunt
3897 2697 3911 2718 ,

2323 2747 2482 2809 atque
2525 2740 2576 2792 in
2620 2739 2906 2795 solitudine
2951 2741 3332 2806 versabantur,
3380 2743 3718 2814 instanteque
3768 2743 3912 2800 fama

2323 2844 2427 2883 non
2455 2830 2772 2885 recedebant
2793 2849 2809 2888 :
2833 2831 2998 2885 multo
3019 2832 3185 2903 magis
3211 2847 3307 2886 nos
3332 2847 3450 2887 cum
3475 2832 3540 2886 ad
3570 2833 3724 2887 talem
3755 2851 3911 2888 men-

2320 2938 2435 2978 sam
2465 2923 2769 2979 accedinms
2794 2967 2808 2987 ,
2841 2925 3096 2995 majorem
3124 2925 3378 2981 exhibere
3415 2935 3626 2994 oportet
3667 2927 3908 2996 philoso-

2320 3013 2498 3085 phiam
2529 3022 2584 3070 et
2621 3015 2972 3086 spiritualium
3000 3031 3235 3072 amorem
3257 3057 3272 3080 ,
3306 3018 3679 3088 sensibiliaque
3718 3030 3900 3088 postca

2319 3121 2579 3178 quzerere.
2612 3107 2743 3162 Nam
2774 3117 2828 3162 ct
2855 3109 2928 3162 illi
2955 3108 3359 3174 accusabantur,
3393 3125 3498 3164 non
3524 3110 3659 3180 quod
3687 3111 3900 3179 quamc-

2317 3210 2437 3255 rent
2462 3200 2635 3270 ipsum
2665 3211 2880 3270 propter
2907 3216 3128 3270 panem;
3157 3200 3250 3256 sed
3278 3200 3416 3270 quod
3433 3212 3707 3271 propterea
3722 3205 3895 3258 solum

2316 3301 2634 3361 qmcrerent,
2662 3302 2716 3346 et
2745 3301 2960 3361 propter
2987 3291 3086 3346 hoc
3112 3291 3396 3362 prmcipuc.
3421 3291 3551 3346 Nam
3575 3293 3618 3346 si
3645 3294 3760 3362 quis
3782 3309 3892 3347 ma.

2314 3400 2416 3452 qua
2443 3383 2581 3439 dona
2611 3383 2887 3453 deSpiciat,
2912 3387 3088 3453 parvis
3113 3392 3288 3437 autem
3316 3382 3534 3448 Intereat,
3557 3399 3670 3453 quae
3691 3384 3889 3455 despici

2314 3479 2426 3532 vult
2451 3477 2496 3532 is
2525 3477 2612 3547 qui
2644 3477 2753 3542 dat,
2780 3476 2968 3532 abillis
2997 3476 3154 3531 etiam
3184 3475 3381 3530 excidit
3406 3493 3418 3528 :
3444 3482 3502 3530 ut
3527 3478 3772 3538 contra,si
3800 3477 3886 3531 illa

2312 3570 2697 3632 desideremus,
2727 3569 2838 3623 haec
2862 3569 3018 3622 etiam
3046 3567 3225 3637 adjicit
3245 3585 3257 3618 :
3277 3583 3398 3622 nam
3423 3568 3535 3623 huic
3558 3568 3608 3622 in
3633 3571 3887 3625 accessio-

2312 3677 2435 3718 nem
2463 3661 2690 3727 dantur;
2714 3661 2786 3716 ita
2816 3676 3008 3730 nempe
3031 3660 3155 3714 vilia
3193 3669 3356 3724 sunt,
3384 3661 3430 3713 si
3453 3673 3574 3714 cum
3605 3659 3702 3714 illis
3741 3677 3883 3715 com-

2311 3761 2603 3825 parentur,
2635 3752 2847 3808 etiamsi
2895 3766 3083 3822 magna
3129 3751 3428 3807 videantur.
3475 3751 3588 3809 Non
3631 3768 3754 3825 ergo
3801 3755 3879 3809 his

2309 3845 2640 3911 Studeamus,
2672 3855 2829 3915 atque
2857 3859 3044 3900 eorum
3073 3843 3183 3899 sive
3214 3844 3622 3913 possessionem,
3652 3849 3760 3902 sive
3786 3849 3880 3916 pri-

2309 3940 2575 3994 vationem
2625 3937 3015 3994 indiﬂ'erentcm
3065 3938 3872 4010 arbitremur:quemadmodum

2306 4039 2363 4085 et
2400 4031 2540 4096 Job,
2581 4030 2670 4100 qui
2715 4046 2814 4086 nec
2857 4029 3209 4101 praesentibus
3260 4028 3529 4097 haerebat,
3574 4045 3668 4087 nec
3711 4033 3871 4086 ablata

2306 4123 2600 4193 quaerebat.
2628 4121 2760 4178 Nam
2793 4134 3021 4193 χρήματα
3048 4137 3151 4176 non
3176 4121 3254 4176 sic
3279 4130 3552 4186 vocantur,
3582 4132 3634 4176 ut
3659 4137 3716 4178 ea
3741 4123 3872 4178 defo-

2304 4217 2513 4271 diamus
2539 4257 2554 4281 ,
2581 4215 2674 4270 sed
2705 4224 2761 4270 ut
2791 4215 2855 4268 iis
2896 4222 3150 4285 quantum
3191 4212 3347 4269 dccct
3377 4222 3605 4269 utamur.
3633 4215 3704 4270 Ac
3743 4215 3870 4270 sicut

2304 4308 2496 4362 artifex
2516 4307 2740 4377 quisque
2765 4322 2914 4362 suam
2939 4305 3093 4360 habet
3113 4314 3302 4370 artem,
3320 4305 3398 4359 sic
3414 4305 3582 4372 dives,
3605 4307 3686 4375 qui
3712 4309 3865 4362 nescit

2305 4399 2546 4454 :rrariam
2568 4409 2761 4461 artem,
2791 4413 2889 4452 nec
2919 4397 3092 4452 navim
3124 4395 3405 4460 fabricari,
3434 4411 3534 4451 nec
3562 4405 3747 4463 texere,
3774 4414 3862 4452 nec

2304 4493 2588 4559 aedificare,
2612 4508 2711 4549 nec
2739 4492 2878 4548 aliud
2911 4491 3086 4548 simile
3111 4491 3402 4562 quidpiam,
3425 4491 3592 4547 discat
3613 4493 3792 4548 divitiis
3813 4505 3861 4546 ut

2301 4588 2453 4643 decet
2473 4588 2567 4652 uti,
2597 4597 2652 4644 et
2677 4587 2859 4659 egenis
2880 4586 3078 4657 largiri,
3104 4587 3484 4657 melioremque
3510 4587 3613 4642 illis
3636 4589 3858 4643 omnibus

2300 4693 2470 4738 artem
2501 4681 2732 4736 callebit.

2357 4778 2410 4832 4.
2428 4775 2776 4830 Misericordia
2794 4775 2842 4827 in
2859 4790 3102 4845 pauperes
3121 4789 3204 4827 ars
3223 4772 3576 4841 pretiosissima
3591 4781 3672 4828 est.
3688 4771 3854 4829 Contra

2298 4867 2603 4937 voluptatem
2647 4865 2870 4919 ciborum
2913 4875 2957 4918 et
3000 4864 3198 4918 luxum.
3229 4863 3454 4918 —-Nam
3503 4865 3612 4918 haec
3649 4877 3720 4918 cst
3763 4865 3853 4918 illis

2297 4959 2544 5015 omnibus
2593 4959 2796 5012 artibus
2840 4957 3138 5012 sublimior.
3187 4957 3352 5025 Hujus
3394 4956 3602 5011 ofﬁcina
3650 4957 3694 5011 in
3734 4958 3853 5012 caelo

2296 5060 2496 5107 structa
2520 5057 2621 5104 est.
2651 5050 2776 5103 Haec
2811 5065 2916 5102 non
2947 5064 3012 5103 ex
3064 5048 3204 5102 ferro
3239 5047 3322 5102 vel
3367 5063 3476 5102 mre
3511 5047 3744 5102 adornata
3769 5064 3852 5102 or-

2295 5159 2428 5215 gana
2467 5143 2628 5197 habet
2651 5183 2666 5209 ,
2693 5141 2787 5196 sed
2829 5156 2894 5195 ex
2923 5141 3244 5211 benignitate
3269 5149 3322 5194 et
3349 5140 3617 5198 voluntate
3641 5140 3678 5194 ¹.
3701 5141 3847 5211 Hujus

2295 5236 2424 5291 artis
2447 5235 2692 5290 Christus
2721 5232 2908 5288 doctor
2927 5242 3028 5296 est,
3047 5246 3254 5286 necnon
3278 5232 3393 5299 ejus
3420 5233 3593 5286 Pater.
3622 5231 3737 5287 Nam
3761 5234 3842 5297 ait.

2297 5329 2469 5382 Estote
2495 5326 2840 5381 misericordes
2864 5327 2992 5379 sicut
3016 5335 3061 5377 et
3095 5322 3250 5377 Pater
3275 5335 3431 5378 vester
3452 5325 3538 5394 qui
3564 5333 3631 5378 est
3656 5324 3700 5377 in
3723 5327 3844 5378 cadis

2295 5417 2445 5490 (Luc.
2471 5416 2526 5472 6.
2557 5417 2671 5483 56).
2700 5415 2957 5486 Quodque
2983 5415 3224 5472 mirabile
3253 5423 3334 5471 est
3353 5457 3368 5476 ,
3397 5431 3517 5470 cum
3557 5415 3622 5469 ita
3648 5406 3842 5469 caeteras

2293 5511 2613 5576 antecellat,
2659 5527 2764 5564 non
2811 5510 2993 5566 labore
3037 5509 3119 5564 vel
3174 5519 3412 5577 tempore
3455 5523 3586 5578 opus
3621 5506 3759 5562 habet
3789 5517 3837 5560 ut

2294 5612 2606 5659 exerceatur
2629 5618 2642 5656 :
2665 5601 2861 5656 sufﬁcit
2897 5601 3040 5654 enim
3079 5598 3214 5656 velte
3236 5640 3250 5664 ,
3285 5608 3340 5655 et
3371 5609 3539 5655 totmn
3579 5598 3834 5670 perlectum

2361 5786 2379 5818 ι
2415 5783 2524 5834 Duo
2547 5791 2674 5845 Mss,
2697 5782 2785 5835 sed
2804 5795 2867 5833 ex
2890 5780 3012 5833 bona
3035 5777 3283 5832 voluntate.
