4052 6228
248 302 352 370 SOI

247 437 362 484 est.
397 423 683 481 Videamus
708 430 923 494 qucque
942 465 954 484 ,
986 424 1103 494 quis
1137 422 1255 478 finis
1282 422 1422 478 illius
1448 424 1537 478 sit.
1566 423 1696 492 Quis
1726 432 1845 478 tan.

247 520 381 575 dem
411 518 531 573 thus
560 517 704 572 illius
731 514 851 572 est?
876 516 1076 571 leum
1094 556 1113 584 ,
1142 526 1195 571 et
1223 516 1454 570 caalestia
1482 515 1617 570 bona
1644 515 1851 586 :gloria

250 610 345 665 illa
372 605 676 671 ineﬂabilis,
695 606 999 679 spirituales
1016 607 1253 671 thalami,
1273 605 1535 677 fulgentes
1551 605 1844 678 lampades,

248 701 516 755 habitatio
554 706 678 753 cum
714 714 945 767 sponso;
978 698 1079 752 alia
1110 712 1228 767 qutc
1258 697 1434 752 nullus
1462 712 1662 761 sermo,
1704 697 1847 751 nulla

248 806 411 845 mens
426 790 703 846 declarare
723 799 915 860 potest;
932 789 999 843 ita
1024 798 1083 843 ut
1105 789 1271 842 hacin
1292 797 1442 858 parte
1465 789 1621 859 longe
1636 788 1705 843 ab
1730 788 1849 843 aliis

243 881 630 937 diﬂ'crat.Nam
656 882 845 936 artium
873 880 1142 952 pleraeque
1161 881 1228 935 ad
1254 891 1490 951 praesens
1513 881 1686 937 solum
1710 889 1848 936 tem-

246 989 349 1043 pus
364 974 518 1028 utiles
532 982 657 1027 sunt
679 972 850 1035 nobis,
876 973 989 1027 haec
1010 986 1140 1027 vero
1155 973 1312 1027 etiam
1329 972 1393 1026 ad
1412 972 1641 1026 futuram
1662 973 1842 1027 vitam.

241 1066 304 1123 Si
336 1076 518 1121 autem
543 1065 613 1120 ita
647 1064 825 1120 differt
853 1064 921 1119 ab
951 1065 1015 1118 iis
1040 1065 1241 1119 artibus
1280 1079 1399 1134 qua:
1433 1063 1586 1119 nobis
1616 1064 1668 1119 io
1702 1080 1845 1132 pra:-

238 1158 391 1213 senti
420 1157 528 1212 vita
553 1165 678 1211 sunt
704 1154 1044 1221 necessaria),
1068 1164 1128 1209 ut
1152 1167 1184 1209 ιι
1210 1154 1488 1215 medicina.
1518 1155 1843 1210 architecto-

242 1249 369 1304 nica
397 1260 452 1304 et
485 1249 746 1304 similibus
770 1290 783 1309 .
810 1248 980 1303 multo
1019 1248 1187 1317 magis
1212 1247 1281 1304 ab
1305 1248 1423 1301 aliis
1443 1289 1459 1310 ,
1489 1263 1621 1317 quas
1651 1249 1693 1303 si
1722 1250 1842 1317 quis

238 1350 500 1397 accurate
544 1342 824 1411 exploret,
856 1352 1029 1410 neque
1070 1351 1213 1395 artes
1261 1354 1382 1394 esse
1424 1340 1636 1394 diserit.
1666 1341 1842 1408 Quare

237 1447 347 1503 ego
376 1432 511 1487 alias
539 1429 837 1501 superﬂuas
865 1446 972 1484 non
1017 1446 1111 1499 pro
1140 1431 1341 1485 artibus
1380 1431 1570 1485 habeo.
1600 1432 1679 1485 Ad
1710 1432 1836 1502 quid

234 1522 390 1577 enim
432 1521 740 1590 coquinaria
786 1529 840 1575 et
878 1520 1277 1575 salsamentaria
1323 1522 1475 1575 nobis
1522 1522 1719 1575 utiles?
1757 1523 1838 1576 Ad

239 1615 375 1671 nihil
400 1625 545 1670 certe
572 1632 585 1668 :
611 1614 720 1667 imo
748 1613 903 1668 valde
932 1612 1147 1668 inutiles
1176 1622 1231 1669 et
1256 1615 1430 1668 noxiae
1456 1623 1610 1677 sunt,
1637 1630 1756 1685 quae
1785 1626 1839 1671 et

233 1723 438 1776 corpus
466 1718 520 1761 et
543 1706 777 1762 animam
806 1706 1145 1774 labefactant,
1178 1707 1317 1778 quod
1346 1708 1653 1763 morborum
1683 1710 1837 1779 :egri-

236 1801 591 1871 tudinumt‘me
620 1800 855 1855 omnium
884 1808 1107 1854 matrem
1141 1799 1465 1869 voluptatem
1490 1817 1609 1853 cum
1643 1816 1835 1871 pompa

233 1906 433 1962 magna
460 1891 731 1945 inducant.
749 1887 861 1945 Imo
881 1905 981 1945 nec
1006 1890 1289 1959 picturam,
1306 1905 1407 1945 nec
1435 1890 1832 1961 phrygionicam

233 1992 388 2037 artes
432 1983 644 2052 proprie
682 1982 932 2036 dixerim.
978 1980 1111 2036 Nam
1162 1983 1215 2036 in
1256 1982 1556 2052 superﬂuos
1592 1992 1835 2053 sumptus

241 2092 348 2130 nos
392 2075 694 2145 conjiciunt.
726 2076 884 2130 Artes
922 2090 1052 2129 vero
1096 2075 1465 2138 necessarias,
1508 2090 1628 2145 qua!
1668 2077 1831 2131 vitam

240 2177 483 2223 nostram
502 2176 820 2231 sustentant,
842 2166 997 2223 nobis
1027 2168 1326 2221 necessaria
1356 2167 1627 2237 praebeant
1654 2179 1708 2224 et
1732 2185 1832 2240 ap-

235 2269 427 2328 parent
450 2267 678 2329 oportet.
712 2258 837 2313 ldeo
860 2272 1091 2328 namque
1115 2258 1426 2328 sapientiam
1461 2260 1648 2315 indidit
1676 2260 1832 2316 nobis

238 2349 398 2413 Deus,
423 2359 478 2403 ut
505 2350 834 2403 inveniamus
866 2348 1169 2414 methodos,
1198 2348 1351 2419 queis
1377 2351 1641 2419 possimus
1668 2352 1828 2407 vitam

231 2458 552 2499 conservare
573 2452 807 2498 nostram
834 2443 1188 2499 :animalcula
1210 2460 1338 2498 vero
1358 2456 1449 2499 aut
1469 2445 1519 2499 in
1541 2445 1829 2514 parietibus

229 2548 325 2593 aut
346 2538 402 2592 in
422 2538 661 2593 vestibus
688 2545 1071 2604 repraesentare
1086 2537 1152 2591 ad
1169 2536 1316 2608 quid,
1338 2553 1541 2606 quaeso,
1562 2538 1688 2592 utile
1708 2538 1829 2593 est?

229 2629 362 2684 Ideo
386 2644 450 2684 ex
482 2628 858 2683 calccariorum
901 2637 955 2682 et
1002 2643 1067 2683 ex
1114 2637 1379 2682 textorum
1420 2629 1622 2683 artibus
1662 2628 1825 2683 multa

229 2722 527 2779 resecanda
559 2731 774 2777 essent:
800 2736 922 2775 nam
951 2720 1017 2775 ad
1057 2722 1240 2775 luxum
1272 2720 1434 2775 tnulta
1464 2720 1821 2786 deduxerunt,

226 2825 285 2871 et
324 2814 466 2885 quod
497 2815 858 2869 necessarium
885 2824 1001 2869 erat
1040 2809 1430 2867 labefactarunt
1453 2855 1469 2877 ,
1494 2813 1595 2867 arti
1628 2813 1823 2867 malum

226 2907 511 2962 artiﬁcium
558 2906 949 2967 admiscentes;
999 2905 1141 2976 quod
1189 2906 1351 2961 etiam
1397 2906 1824 2962 architectonica:

225 2998 438 3053 accidit.
468 2997 573 3051 Sed
604 3007 663 3051 ut
690 2997 854 3059 hanc,
887 2996 1059 3051 donec
1084 2996 1248 3062 aedes,
1276 3012 1381 3053 non
1414 3006 1588 3052 autem
1616 2997 1821 3051 theatra

225 3097 615 3158 aedificaverit,
662 3111 724 3150 ac
781 3094 1122 3161 necessaria,
1172 3108 1277 3148 non
1327 3104 1503 3148 autem
1555 3094 1821 3162 superﬂua

224 3191 503 3255 struxerit,
536 3198 705 3243 artem
738 3188 942 3241 vncabo
966 3206 978 3241 :
1002 3186 1080 3242 sic
1107 3197 1160 3242 ct
1188 3189 1469 3242 textoriam
1489 3229 1502 3248 ,
1534 3187 1706 3242 donec
1731 3203 1821 3241 ve-

223 3282 475 3335 stimenta
520 3278 702 3335 fecerit
729 3290 782 3334 et
818 3288 1160 3341 assumenta,
1194 3294 1293 3333 nec
1321 3294 1546 3333 araneas
1579 3280 1776 3334 imitata
1800 3321 1817 3344 ,

224 3374 449 3426 multum
478 3372 644 3427 risum
670 3370 985 3426 excitaverit
1006 3386 1069 3425 ac
1094 3370 1371 3425 mollitiem
1402 3372 1671 3440 ingentem
1689 3414 1702 3434 ,
1727 3386 1816 3425 ar-

224 3474 333 3519 tem
372 3478 525 3518 voco.
554 3461 770 3519 Necnon
806 3462 1121 3517 calceariam
1160 3472 1328 3517 artem
1352 3502 1367 3524 ,
1396 3462 1568 3517 donec
1610 3463 1819 3517 calceos

222 3557 446 3619 fecerit,
470 3557 601 3612 artis
631 3556 848 3611 nomine
878 3571 982 3611 non
1028 3555 1277 3625 privabo;
1301 3570 1420 3610 cum
1452 3565 1629 3609 autem
1676 3555 1819 3611 viros

221 3648 275 3704 in
304 3651 584 3705 mulierum
617 3651 839 3705 formam
873 3647 1164 3703 traduxerit
1194 3689 1209 3710 ,
1241 3648 1428 3701 molles
1454 3657 1508 3702 et
1537 3647 1815 3702 effemina-

220 3751 308 3796 tos
332 3756 399 3796 ex
428 3742 729 3796 calceorum
758 3740 927 3795 forma
957 3739 1170 3802 fecerit,
1198 3752 1319 3793 cum
1349 3738 1523 3793 noxiis
1546 3746 1601 3792 et
1627 3752 1815 3807 super-

218 3833 345 3888 ﬂuis
370 3834 512 3887 illam
544 3833 855 3888 locabimus.
888 3832 1012 3889 Scio
1041 3847 1127 3887 me
1152 3832 1334 3887 multis
1364 3831 1529 3885 videri
1572 3831 1623 3884 in
1654 3830 1815 3884 mini-

217 3928 324 3983 mis
340 3928 560 3981 nimium
580 3928 849 3983 immorari
867 3946 879 3980 :
896 3942 1069 3998 neque
1083 3935 1257 3981 tamen
1272 3925 1545 3979 absistam.
1563 3923 1813 3979 Omnium

216 4020 420 4089 quippe
450 4019 712 4074 malorum
740 4034 899 4075 causa
947 4018 1062 4073 hzcc
1089 4026 1173 4073 est
1199 4059 1213 4082 ,
1240 4033 1307 4073 eo
1347 4015 1488 4087 quod
1535 4016 1679 4086 parvi
1727 4016 1813 4071 illa

220 4121 438 4178 peccata
466 4112 721 4166 momenti
754 4125 875 4166 esse
905 4110 1204 4172 videantur,
1228 4119 1280 4164 et
1306 4108 1426 4163 ideo
1458 4107 1810 4177 negligantur.

222 4202 293 4256 IIIt
319 4201 447 4271 quid
477 4201 581 4256 hoc
608 4202 811 4266 levius,
845 4200 1081 4270 inquies,
1111 4208 1386 4269 peccatum
1416 4214 1665 4269 umquam
1696 4197 1812 4253 fue-

217 4296 311 4354 rit.
343 4310 465 4349 cum
494 4294 614 4365 quis
640 4294 853 4350 calceos
878 4292 1039 4348 habet
1067 4302 1285 4349 ornatos
1311 4307 1373 4346 ac
1400 4289 1684 4361 fulgentes,
1715 4304 1811 4359 pe-

214 4386 378 4441 dibus
406 4394 634 4455 aptatos.
663 4387 707 4439 si
732 4395 908 4441 tamen
938 4384 1038 4440 hoc
1068 4393 1340 4455 peccatum
1365 4383 1660 4439 vocandum
1689 4381 1813 4437 est?

218 4478 396 4533 Vultis
442 4477 600 4547 igitur
639 4476 783 4531 illutn
829 4476 1145 4545 aggrediar,
1194 4475 1282 4545 qui
1326 4477 1405 4530 sic
1458 4475 1687 4545 loquitur
1714 4515 1729 4539 ,
1758 4482 1812 4528 et

215 4577 420 4639 quanta
451 4568 529 4623 rei
566 4568 693 4622 insit
732 4567 1008 4636 turpitudo
1035 4567 1358 4622 ostendam?
1398 4580 1574 4620 annon
1606 4566 1808 4620 irasce-

215 4658 349 4711 mini
373 4657 531 4713 ?Imo
557 4657 763 4712 etiamsi
806 4657 1107 4713 irascamini
1139 4699 1154 4720 ,
1189 4672 1293 4710 non
1323 4656 1545 4709 multum
1587 4654 1807 4710 curabo.

212 4747 351 4803 Nam
392 4762 486 4802 vos
526 4756 683 4801 tantm
714 4748 1030 4814 insipientize
1072 4762 1230 4801 causa
1268 4746 1398 4801 estis
1422 4788 1437 4808 ,
1467 4745 1555 4815 qui
1585 4760 1696 4800 rem
1742 4761 1811 4800 ne

214 4848 496 4908 peculium
531 4836 744 4907 quidem
788 4852 908 4892 esse
946 4839 1181 4907 putatis,
1213 4852 1417 4908 nosque
1460 4836 1580 4891 ideo
1619 4836 1810 4906 cogitis

215 4931 271 4984 in
299 4929 602 4997 bujusmodi
631 4928 813 4982 luxum
846 4930 1045 4984 invehi.

291 5020 345 5075 5.
389 5019 575 5073 Contra
600 5021 774 5074 luxum
802 5020 854 5073 in
883 5019 1086 5075 calceis.
1112 5050 1179 5061 —
1206 5022 1317 5090 Age
1348 5020 1506 5089 igitur
1538 5020 1589 5075 id
1619 5020 1803 5089 explo-

214 5126 398 5165 remus
419 5151 435 5171 ,
464 5110 849 5181 videamusque
876 5121 1131 5181 quantum
1158 5113 1225 5167 sit
1251 5112 1469 5166 malum.
1502 5112 1635 5167 Cum
1666 5113 1805 5164 enim

215 5202 393 5259 Serica
440 5199 524 5254 fila
551 5240 567 5264 ,
598 5216 716 5270 qua:
758 5217 823 5255 ne
862 5202 915 5255 in
956 5201 1289 5257 vestimentis
1318 5202 1530 5270 quidem
1572 5202 1808 5256 inserere

216 5294 505 5346 honestum
526 5301 629 5353 est,
656 5294 709 5346 in
735 5291 930 5346 calceis
958 5292 1224 5355 inseratis,
1249 5302 1441 5362 quanta
1464 5292 1805 5357 contumelia,

210 5393 419 5455 quanto
444 5385 552 5439 risu
576 5386 688 5439 hac
706 5386 863 5455 digna
884 5396 1008 5440 sunt
1022 5389 1047 5439 ἲ
1071 5385 1125 5440 Si
1150 5400 1275 5441 vero
1293 5386 1609 5441 sententiam
1633 5400 1806 5441 meam

209 5479 475 5550 despicis,
500 5478 621 5531 audi
650 5478 869 5533 Paulum
896 5493 1017 5532 cum
1041 5493 1230 5548 magna
1252 5478 1584 5533 vehementia
1607 5478 1657 5532 id
1683 5493 1808 5548 pro-

211 5570 491 5624 bibentem
518 5610 533 5631 ,
575 5579 625 5623 ct
672 5578 798 5624 tunc
839 5570 1114 5625 ridiculam
1162 5585 1272 5624 rem
1320 5585 1440 5625 esse
1484 5570 1800 5635 comperies.

208 5662 354 5730 Quid
385 5678 515 5732 ergo
549 5663 621 5716 ait
658 5662 790 5717 ille?
827 5660 944 5715 Non
979 5663 1033 5715 in
1062 5662 1206 5716 tortis
1232 5662 1454 5731 crinibus
1474 5705 1487 5723 .
1519 5672 1608 5715 aut
1638 5678 1762 5715 auro
1782 5704 1797 5725 ,

210 5763 307 5805 ut
330 5752 622 5823 metuitis
645 5795 659 5815 ,
693 5752 769 5804 vel
793 5761 921 5805 reste
945 5752 1163 5819 pretiosa
1184 5751 1205 5823 (
1227 5753 1277 5806 I.
1315 5750 1446 5806 Tim.
1474 5753 1527 5806 Ξ.
1562 5753 1657 5825 9).
1691 5751 1804 5821 Qua

581 5866 845 5923 Parant.
882 5864 999 5921 (in.
1049 5861 1261 5921 LVIII.

1260 297 1325 364 IN
1364 296 1771 365 MATTIIIEUM
1814 308 2040 367 IIOllII..
2085 309 2268 369 XLIX.
2314 314 2380 372 al.
2428 314 2486 371 I..

3449 326 3553 383 503

1966 427 2123 498 igitur
2150 429 2305 482 venia
2330 429 2520 500 dignus
2560 428 2724 484 fueris
2748 472 2763 493 ,
2804 431 3016 503 quando
3047 433 3239 491 Paulus
3265 438 3415 492 uxori
3448 447 3553 492 tu'e

1962 533 2066 574 non
2108 522 2363 590 permittit
2391 531 2539 577 veste
2568 523 2797 591 pretiosa
2829 524 2903 578 uti
2927 565 2943 587 ,
2982 526 3026 581 si
3058 536 3112 580 tu
3151 527 3330 583 luxum
3362 528 3550 599 hujus-

1958 614 2101 670 modi
2152 616 2203 670 in
2251 616 2460 671 calceos
2506 617 2765 683 inducas,
2814 619 3064 690 millequc
3108 621 3280 675 modis
3321 637 3550 692 appares

1956 721 2071 760 rem
2115 706 2186 761 ita
2224 708 2665 763 contumeliosam
2696 719 2752 764 et
2782 710 3105 767 ridiculam?
3142 712 3275 769 Nam
3308 714 3449 769 illam
3476 714 3548 769 ob

1954 814 2172 855 causam
2199 801 2351 855 navis
2375 802 2723 865 construitur,
2753 804 2981 873 remiges
3005 804 3393 871 conducuntur,
3423 824 3547 876 pro—

1954 907 2028 946 rre
2047 894 2238 947 ductor
2262 900 2318 948 et
2341 893 2665 963 gubernator
2685 894 3050 960 instituuntur,
3083 899 3260 954 velum
3286 899 3545 968 expandi-

1954 992 2059 1049 tur,
2084 985 2299 1054 pelagus
2323 985 2601 1055 trajicitur,
2628 986 2825 1041 relictis
2847 1002 3033 1052 uxore,
3059 989 3240 1044 liberis
3260 1000 3315 1045 et
3335 992 3504 1061 patria
3519 1034 3537 1054 .

1951 1087 2219 1131 mercator
2259 1077 2418 1131 vitam
2465 1077 2709 1131 ﬂuctibus
2741 1080 3061 1143 committit,
3096 1082 3253 1151 inque
3291 1083 3542 1136 barbaro-

1950 1185 2067 1224 rum
2100 1170 2368 1239 regionem
2400 1170 2751 1239 proficiscitur
2771 1210 2787 1234 ,
2816 1170 2963 1225 mille
2989 1171 3238 1239 periculis
3266 1174 3540 1243 expositus

1948 1262 2015 1316 ad
2063 1262 2177 1315 haec
2223 1262 2306 1315 tila
2344 1260 2699 1330 comparanda
2724 1302 2741 1325 ,
2774 1268 2833 1315 ut
2868 1271 2987 1329 post
3026 1263 3141 1317 haec
3164 1266 3342 1320 omnia
3389 1276 3442 1319 tu
3484 1267 3537 1321 in

1946 1353 2141 1408 calceis
2169 1352 2255 1407 illa
2284 1368 2467 1406 assuas
2485 1361 2542 1408 et
2563 1352 2766 1407 corium
2789 1367 2970 1408 ornes.
3000 1352 3200 1423 Ecquid
3225 1364 3369 1411 tanta
3396 1356 3538 1412 insa-

1947 1444 2031 1497 nia
2061 1443 2296 1497 deterius
2315 1445 2339 1494 ?
2365 1444 2431 1497 At
2467 1452 2705 1498 veterum
2730 1444 2896 1500 calcei
2936 1460 3041 1499 non
3080 1445 3213 1499 tales
3239 1454 3411 1511 erant,
3440 1447 3536 1501 sed

1943 1534 2130 1605 quales
2167 1533 2394 1590 decebat
2427 1535 2589 1589 viros.
2620 1536 2978 1602 Quamobrem
3006 1551 3214 1600 vereor,
3247 1552 3315 1592 ne
3343 1551 3535 1607 proce-

1942 1625 2105 1680 dente
2135 1633 2404 1695 temporc,
2431 1626 2798 1681 adolescentes
2825 1625 2964 1695 apud
2994 1640 3088 1680 vos
3118 1627 3399 1682 mulierum
3427 1629 3538 1683 cal-

1941 1719 2052 1774 ceis
2077 1729 2316 1783 utantur,
2341 1719 2499 1788 idque
2519 1718 2634 1773 sine
2662 1719 2881 1788 pudore.
2904 1719 3166 1791 Quodque
3190 1721 3405 1791 gravius
3428 1732 3533 1785 est,

1943 1810 2057 1865 hzec
2084 1810 2327 1866 videntes
2356 1820 2534 1881 patres
2563 1828 2668 1865 non
2700 1811 3063 1881 indignantur,
3095 1812 3189 1868 sed
3220 1829 3333 1869 rem
3359 1824 3415 1869 ut
3446 1815 3532 1870 iu-

1939 1902 2272 1958 diﬂ'erentcm
2317 1904 2530 1959 habent.
2580 1904 2819 1959 Vultisne
2851 1915 2911 1959 ut
2939 1905 3065 1975 quid
3109 1906 3269 1961 etiam
3314 1907 3531 1977 gravius

1937 1994 2189 2049 aﬂ'eram?
2214 1995 2338 2049 Haec
2364 1995 2433 2049 ita
2460 1994 2592 2049 limit
2609 1995 2735 2050 dum
2763 1996 2909 2049 multi
2932 2005 3168 2066 egestate
3188 2008 3523 2067 premuntur.

1937 2084 2109 2141 Vultis
2138 2087 2190 2141 in
2220 2086 2451 2141 medium
2477 2086 2735 2141 adducam
2755 2085 3028 2141 Christum
3056 2091 3401 2153 esurientem,
3429 2106 3530 2143 nn-

1936 2177 2084 2239 dum.
2116 2176 2347 2248 undique
2374 2190 2585 2247 captum
2607 2220 2622 2237 .
2657 2179 2935 2233 vinctum?
2965 2178 3032 2233 Et
3059 2190 3187 2249 quot
3217 2180 3529 2236 fulminibus

1935 2268 2079 2338 digni
2106 2281 2211 2322 non
2236 2268 2407 2333 eritis,
2430 2268 2553 2322 dum
2578 2268 2725 2322 illum
2751 2268 3012 2338 negligitis
3040 2271 3344 2325 necessario
3364 2287 3528 2341 egen-

1936 2371 2041 2417 tem
2071 2360 2194 2416 cibo
2217 2401 2233 2427 ,
2261 2370 2318 2415 et
2352 2360 2521 2431 pelles
2550 2376 2668 2414 cum
2702 2369 2849 2415 tanto
2876 2361 3052 2415 studio
3078 2364 3390 2418 exornatis?
3433 2364 3528 2419 Ille

1932 2453 2147 2522 quidem
2178 2467 2299 2507 cum
2328 2452 2601 2521 discipulis
2642 2452 2813 2522 legem
2844 2452 2994 2508 daret
3016 2491 3031 2517 ,
3064 2468 3131 2507 ne
3163 2455 3522 2510 calceamenta

1930 2543 2145 2613 quidem
2187 2543 2387 2598 habere
2416 2542 2659 2613 permisit
2700 2560 2713 2595 :
2757 2557 2855 2597 nos
2880 2558 3007 2598 vero
3033 2560 3137 2598 non
3180 2546 3338 2598 modo
3367 2546 3523 2601 nudis

1931 2636 2155 2707 pedibus
2181 2635 2428 2690 incedere
2450 2650 2554 2689 non
2576 2635 2924 2699 sustinemus,
2953 2636 3044 2690 sed
3074 2652 3247 2706 neque
3268 2638 3522 2692 calceatis

1931 2726 2022 2781 illo
2046 2742 2154 2796 quo
2176 2736 2446 2796 oporteret
2477 2725 2656 2780 modo.
2680 2726 2817 2794 Quid
2845 2725 2944 2781 hac
2968 2726 3296 2783 absurditate
3328 2729 3476 2798 pejus
3498 2732 3522 2781 ἲ

1927 2820 2052 2892 quid
2103 2820 2270 2890 magis
2314 2818 2636 2874 ridiculum?
2680 2818 2811 2873 Illud
2851 2828 2999 2875 certe
3037 2820 3199 2875 animi
3228 2821 3517 2877 etl‘eminati

1927 2922 2029 2975 est,
2064 2911 2360 2976 inhumani,
2393 2911 2551 2966 nimis
2578 2910 2774 2966 curiosi
2795 2952 2811 2972 .
2840 2913 3137 2967 vanissimi.
3168 2913 3520 2980 Quandonam

1928 3004 2121 3075 poterit
2152 3005 2465 3059 necessaria:
2492 3003 2569 3058 rei
2595 3004 2902 3059 incumbere
2922 3044 2937 3069 ,
2969 3005 3056 3073 qui
3088 3004 3167 3059 his
3194 3020 3515 3074 supervaca-

1927 3096 2044 3152 neis
2082 3095 2291 3150 deditus
2328 3095 2452 3150 est?
2499 3095 2712 3164 quando
2749 3095 2963 3162 juvenis
2992 3096 3294 3165 hujusmodi
3325 3100 3517 3154 anitum

1924 3200 2108 3241 curam
2133 3185 2368 3251 habebit,
2389 3185 2469 3241 vel
2492 3186 2743 3256 cogitabit
2764 3188 2923 3242 etiam
2946 3202 3006 3243 se
3026 3189 3257 3242 animam
3284 3190 3518 3246 habere?

1923 3280 2055 3334 Nam
2084 3281 2401 3335 vanissimus
2426 3284 2645 3334 omnino
2675 3281 2778 3336 erit
2803 3282 2889 3349 qui
2921 3282 3033 3335 haec
3061 3282 3241 3335 mirari
3272 3283 3513 3352 compel-

1927 3374 2099 3434 letur.
2133 3382 2189 3428 et
2232 3373 2646 3428 immanissimus
2671 3414 2687 3439 ,
2718 3374 2807 3443 qui
2855 3373 2937 3428 his
2981 3375 3214 3430 intentus
3254 3390 3516 3445 pauperes

1925 3466 2189 3536 negliget;
2219 3466 2412 3520 virtute
2437 3480 2654 3525 vacuus.
2687 3466 2777 3536 qui
2803 3475 2969 3521 totam
2998 3467 3158 3521 vitam
3188 3468 3237 3521 in
3272 3468 3372 3522 hoc
3396 3476 3515 3522 stn—

1921 3559 2012 3613 dio
2040 3558 2317 3628 impendit.
2349 3557 2478 3612 Nam
2506 3559 2595 3628 qui
2625 3558 2834 3613 ﬁlorum
2864 3561 3246 3628 praestantiam,
3271 3560 3513 3615 colorum

1922 3650 2107 3704 ﬂorem
2133 3688 2149 3715 ,
2196 3648 2514 3718 hederthue
2553 3649 2785 3718 speciem
2828 3665 2859 3704 a
2900 3651 2990 3705 tali
3023 3660 3233 3708 textura
3261 3652 3514 3707 emissam

1920 3743 2132 3795 curiose
2159 3739 2437 3809 perquirit,
2466 3738 2804 3809 quandonam
2836 3742 3035 3809 poterit
3062 3744 3249 3795 calum
3279 3743 3513 3812 respice-

1920 3833 2016 3889 re?
2044 3832 2255 3902 quando
2282 3845 2569 3902 supernam
2596 3830 2737 3885 illam
2762 3830 3212 3901 pulchritudinem
3234 3833 3514 3887 mirabitur

1920 3928 1999 3990 is,
2050 3927 2137 3995 qui
2194 3940 2393 3994 pronus
2447 3923 2498 3977 in
2550 3932 2744 3979 terram
2796 3921 3010 3993 pellium
3065 3922 3511 3992 pulchritudinem

1919 4017 2182 4073 miratur?
2210 4017 2349 4071 Deus
2374 4015 2590 4087 quidem
2620 4014 2861 4071 extendit
2889 4015 3100 4080 czelum,
3126 4015 3293 4069 solum
3319 4030 3511 4071 accen-

1917 4110 1995 4165 dit
2015 4152 2029 4173 ,
2062 4110 2348 4178 oculosque
2377 4118 2495 4164 llltts
2525 4123 2734 4162 sursum
2769 4106 2963 4174 trahit,
3006 4114 3063 4163 tu
3096 4122 3222 4163 vero
3251 4116 3303 4163 te
3335 4108 3509 4178 ipsum

1917 4199 2065 4273 cogis
2105 4216 2291 4256 versus
2332 4209 2530 4255 terram
2566 4212 2847 4269 porcorum
2887 4198 3056 4254 instar
3080 4199 3367 4269 respicere,
3397 4198 3513 4253 dia-

1918 4293 2146 4363 boloque
2196 4308 2397 4345 morem
2442 4291 2607 4361 geris.
2655 4290 2785 4345 Nam
2832 4291 2947 4359 ipse
2989 4288 3253 4361 malignus
3299 4291 3509 4347 dromon

1918 4383 2054 4438 hanc
2081 4381 2458 4451 turpitudinem
2484 4380 2833 4451 excogitavit,
2859 4386 2916 4435 ut
2956 4384 3007 4435 te
3042 4381 3111 4436 ab
3150 4382 3237 4436 illa
3274 4380 3512 4451 pulchri-

1918 4474 2098 4529 tudine
2123 4482 2419 4539 averteret;
2463 4473 2582 4527 ideo
2613 4482 2664 4526 te
2701 4473 2835 4527 istuc
2862 4474 3080 4527 attraxit
3100 4514 3114 4534 .
3145 4475 3510 4543 postponitur-

1914 4581 2017 4636 que
2038 4566 2197 4631 Deus,
2215 4566 2401 4619 ca’lum
2420 4563 2729 4629 ostendens,
2744 4563 2827 4617 dia
2837 4563 2957 4617 bolo
2974 4564 3139 4633 pelles
3156 4568 3505 4630 monstranti;

1916 4656 2027 4711 imo
2053 4670 2157 4710 non
2187 4654 2376 4724 pelles,
2408 4653 2491 4708 has
2513 4655 2710 4725 quippe
2736 4662 2862 4709 sunt
2890 4654 2982 4709 Dei
3009 4669 3178 4725 opus;
3210 4655 3305 4710 sed
3334 4655 3510 4710 molli-

1916 4748 2042 4802 tiem
2062 4747 2344 4819 quamdam
2366 4755 2421 4801 et
2443 4748 2732 4816 pessimum
2753 4745 3058 4801 artificium.
3083 4746 3174 4803 Sic
3194 4747 3507 4801 adolescens

1915 4853 2114 4908 pronus
2139 4853 2324 4893 versus
2353 4846 2548 4892 terram
2577 4838 2819 4893 circumit
2843 4877 2859 4903 ,
2884 4838 2974 4907 qui
3000 4838 3230 4892 czelestia
3263 4838 3504 4907 philoso-

1917 4930 2065 5001 phari
2093 4930 2273 4999 jussus
2302 4938 2421 4992 est,
2456 4929 2729 4998 magisque
2754 4928 2821 4982 de
2854 4928 2937 4983 his
2959 4929 3212 4999 gloriatur
3230 4970 3245 4992 ,
3273 4944 3431 4999 quam
3459 4930 3505 4982 sl

1914 5020 2041 5088 quid
2080 5035 2327 5090 magnum
2358 5030 2610 5088 operatus
2645 5028 2825 5084 esset,
2855 5021 3036 5089 sicque
3067 5020 3297 5073 molliter
3325 5032 3379 5073 et
3408 5020 3504 5073 de-

1916 5114 2071 5167 licate
2098 5128 2193 5183 per
2219 5112 2387 5167 forum
2426 5112 2661 5173 incedit,
2690 5127 2976 5167 mmrorem
3019 5110 3116 5165 sibi
3152 5112 3503 5183 doloremque

1913 5207 2239 5269 concilians,
2282 5221 2348 5261 ne
2392 5205 2567 5259 hieme
2607 5205 2816 5259 calceos
2862 5204 2973 5258 luto
3013 5206 3400 5267 commaculet,
3434 5220 3504 5258 ne

1913 5307 2096 5355 testate
2120 5299 2336 5369 pulvere
2360 5298 2585 5367 operiat.
2613 5296 2747 5362 Quid
2775 5296 2928 5361 dicis,
2955 5311 2988 5350 ο
3016 5296 3215 5351 homo?
3242 5297 3503 5352 animam-

1915 5410 1982 5449 ne
2014 5402 2178 5448 totam
2220 5394 2271 5447 in
2310 5392 2477 5447 lutum
2509 5389 2785 5455 conjecisti
2819 5405 2912 5460 per
2943 5390 3246 5460 hujusmodi
3278 5390 3457 5447 luxum
3483 5434 3500 5457 ,

1914 5499 2039 5539 num
2083 5485 2225 5538 illam
2271 5484 2414 5537 humi
2458 5483 2759 5537 devolutatu
2802 5483 3067 5555 negligis,
3109 5495 3165 5539 et
3203 5485 3270 5540 de
3307 5488 3504 5540 calceis

1914 5587 2021 5631 tam
2052 5576 2208 5631 anxie
2235 5575 2479 5646 cogitas?
2524 5575 2679 5631 Disce
2717 5591 2871 5631 usum
2907 5584 3093 5633 eorum
3117 5619 3132 5641 ,
3161 5586 3218 5631 et
3242 5577 3505 5633 erubesco

1914 5667 2055 5737 quod
2088 5668 2215 5723 tanti
2244 5667 2329 5723 illa
2360 5665 2541 5722 facias.
2586 5665 2717 5722 Nam
2745 5667 2910 5723 calcei
2954 5667 3074 5723 ideo
3111 5668 3309 5724 inventi
3336 5678 3459 5722 sunt
3484 5706 3500 5723 .

1919 5760 1975 5806 ut
2005 5751 2169 5807 lutum
2199 5760 2252 5806 et
2280 5765 2490 5807 omnum
2518 5752 2719 5807 calcent
2749 5794 2763 5817 ,
2796 5766 2895 5807 nec
2927 5768 3030 5808 non
3058 5752 3289 5808 maculas
3312 5762 3501 5805 omnes
