4088 6224
559 311 664 366 505

558 439 674 493 qum
722 422 773 476 in
800 420 1124 491 ‘pavimento
1168 418 1425 470 visuntur.
1472 415 1530 469 Si
1569 424 1748 470 autem
1786 413 1837 467 id
1869 411 2010 467 ferre
2040 427 2145 466 non

562 524 712 582 potes
736 554 750 577 ,
782 513 931 567 solve
958 509 1081 565 illos
1108 521 1162 564 et
1189 525 1218 561 a
1247 510 1384 563 collo
1408 506 1676 577 suspende
1701 534 1721 574 ,λ
1744 506 1826 561 vel
1852 505 2010 576 capiti
2040 504 2148 563 cir-

557 614 842 673 cttmpone.

625 697 679 752 6.
725 695 832 751 Vos
857 695 1070 766 quidem
1100 694 1284 749 ridetis
1316 692 1431 747 bmc
1459 692 1769 757 audientes;
1817 706 1915 760 ego
1942 706 2067 745 vero
2093 706 2147 745 ιιι

555 788 820 859 lacrymas
843 801 1069 859 erumpe
1095 787 1279 841 videns
1314 786 1529 840 illorum
1560 784 1856 850 insaniam,
1886 793 1940 838 et
1967 782 2148 853 hujus-

559 880 704 935 modi
731 895 935 937 curam.
960 879 1091 935 Nam
1118 879 1370 935 libentius
1396 879 1694 946 illi'corpus
1714 877 1827 932 luto
1846 891 2149 931 commacu-

558 975 728 1031 lareut
753 1016 767 1039 ,
796 990 953 1045 quam
982 973 1285 1044 hujusmodi
1316 973 1546 1027 calceos.
1595 971 1730 1025 Hinc
1760 968 1836 1025 illi
1867 970 2151 1027 levissimis

555 1068 718 1122 dediti
763 1067 931 1133 ﬁunt,
964 1076 1125 1138 atque
1162 1066 1262 1119 alia
1295 1065 1501 1119 ratione
1534 1064 1773 1133 pecuniae
1810 1063 1972 1118 avidi.
2017 1062 2149 1117 Nam

552 1160 643 1230 qui
676 1161 729 1215 in
759 1161 876 1215 haec
909 1162 1099 1214 insano
1124 1158 1301 1213 studio
1328 1157 1454 1212 ferri
1484 1158 1678 1212 assueti
1705 1166 1831 1212 sunt
1854 1198 1868 1219 ,
1902 1156 1956 1211 in
1984 1156 2149 1211 vesti-

552 1252 656 1305 bus
681 1251 734 1305 in
761 1251 987 1320 aliisque
1007 1249 1253 1305 omnibus
1276 1248 1440 1303 multa
1466 1249 1737 1303 insutnant
1762 1259 1817 1302 et
1842 1248 2151 1317 impendant

558 1351 790 1413 Oportet.
835 1342 937 1410 Qui
982 1342 1026 1396 si
1070 1341 1407 1397 ambitiosum
1437 1348 1640 1409 patrem
1670 1338 1864 1394 habeat
1886 1380 1900 1402 ,
1927 1347 2151 1408 augetur

557 1434 673 1503 ejus
700 1435 929 1490 absurda
958 1435 1252 1504 cupiditas;
1286 1436 1330 1489 si
1357 1448 1598 1500 avarum,
1627 1434 1835 1504 cogitur
1857 1435 1958 1488 alia
1986 1435 2152 1504 turpi-

561 1535 644 1579 ter
689 1526 937 1595 aggredi,
973 1535 1029 1581 ut
1070 1543 1256 1581 aurum
1298 1528 1362 1581 ad
1412 1527 1550 1581 hunc
1587 1537 1853 1596 sumptum
1884 1528 2148 1583 corradat.

557 1617 692 1673 Hinc
722 1620 872 1673 ιιιιιιιὶ
898 1619 1142 1687 juvenes,
1177 1628 1229 1674 et
1256 1620 1476 1673 fortnam
1508 1634 1658 1673 suam
1686 1620 2069 1685 vendiderunt,
2097 1632 2152 1676 et

558 1710 773 1778 parasiti
802 1710 1021 1765 divitmu
1065 1711 1239 1765 ell'ecti
1272 1721 1431 1775 sunt,
1463 1713 1670 1781 aliaque
1701 1714 1913 1767 servilia
1940 1713 2153 1768 subiere

558 1803 891 1867 ministeria,
940 1814 996 1858 ut
1040 1804 1125 1859 his
1172 1805 1476 1859 facultatem
1526 1805 1803 1875 explendm
1848 1805 2152 1875 cupiditatis

557 1904 818 1950 emerent.
859 1897 1010 1962 Quod
1043 1897 1205 1966 igitur
1237 1898 1323 1952 hic
1362 1898 1600 1967 pecunia:
1628 1914 1811 1954 amans
1852 1900 2057 1956 futurus
2083 1903 2152 1955 sit

558 1996 612 2041 et
657 1987 957 2044 levissimus
999 2001 1158 2060 atque
1202 1990 1266 2044 ad
1318 1992 1615 2046 necessaria
1666 1993 1885 2047 omnino
1926 2009 2148 2058 socors;

560 2080 790 2151 hincque
822 2082 1052 2137 futurum
1090 2085 1161 2137 sit
1198 2092 1257 2137 ut
1293 2084 1395 2138 alia
1437 2086 1717 2142 admittere
1749 2097 1959 2156 peccata
1996 2104 2151 2158 coga-

554 2180 665 2236 tur,
696 2187 761 2227 ex
792 2172 950 2228 dictis
980 2174 1316 2231 manifestum
1347 2186 1427 2231 est
1460 2195 1473 2230 :
1502 2179 1643 2247 quod
1675 2179 1799 2234 item
1831 2180 2151 2235 inhumanus

561 2264 631 2317 sit
657 2265 862 2319 futurus
888 2276 941 2320 ct
966 2282 1115 2321 vauze
1137 2270 1319 2337 gloria:
1346 2270 1567 2338 cupidus
1584 2314 1597 2335 ,
1628 2286 1786 2326 nemo
1813 2272 2018 2327 inficias
2044 2284 2148 2329 eat.

562 2355 886 2412 inhumanus
931 2376 1087 2424 cum,
1130 2361 1244 2415 viso
1287 2376 1552 2431 paupere,
1594 2378 1776 2419 amore
1812 2374 2032 2420 ornatus
2071 2369 2149 2421 sui

561 2448 764 2514 ductus,
794 2466 860 2505 ne
886 2452 1153 2521 reSpicere
1178 2452 1392 2521 quidem
1421 2453 1745 2524 dignabitur,
1777 2455 1872 2511 sed
1894 2456 2018 2510 dum
2046 2459 2153 2511 cal-

561 2557 686 2598 eeos
715 2558 846 2599 auro
874 2555 1096 2600 exornat
1124 2588 1136 2609 ,
1182 2546 1326 2601 illum
1359 2546 1499 2602 fame
1530 2559 1842 2618 pereuntem
1872 2551 2149 2622 despiciet.

561 2632 724 2688 Vana:
773 2636 957 2704 gloria:
1001 2637 1262 2705 cupidus,
1313 2638 1439 2692 dum
1485 2639 1537 2692 in
1582 2640 1817 2695 minimis
1860 2642 2152 2697 videntium

561 2726 1006 2783 existimationem
1040 2731 1216 2784 venari
1260 2730 1449 2786 doctus
1482 2732 1929 2803 deprehendetur.
1973 2737 2152 2807 Neque

563 2818 703 2871 enim
738 2829 863 2887 puto
891 2819 1082 2874 ducem
1114 2821 1183 2875 de
1221 2823 1542 2877 exercitibus
1583 2832 1636 2878 et
1682 2827 1896 2894 trepaeis
1933 2830 2043 2881 suis
2082 2830 2151 2883 ita

562 2908 817 2975 gloriari,
856 2919 913 2964 ut
948 2911 1198 2980 juvenem
1243 2913 1391 2968 illum
1443 2915 1705 2985 perditum
1744 2917 1813 2972 de
1851 2920 2151 2975 calceorum

563 3007 779 3067 ornatu,
809 3000 875 3056 de
905 3003 1233 3059 vestimentis
1259 3005 1635 3074 deﬂuentibus,
1660 3010 1728 3065 de
1753 3024 1903 3065 coma
1929 3012 2151 3081 capitis:

563 3107 881 3164 quamquam
922 3095 1035 3149 haec
1062 3098 1238 3152 omnia
1278 3100 1537 3155 artiticum
1567 3103 1791 3158 aliorum
1819 3119 1981 3175 opera
2008 3118 2149 3163 sunt.

562 3174 712 3248 Quod
740 3186 782 3239 si
807 3186 873 3240 de
898 3187 1087 3243 alienis
1109 3204 1212 3243 non
1243 3188 1493 3246 desinunt
1518 3208 1651 3249 vane
1676 3174 1914 3265 gloriari,
1940 3202 2153 3269 quando

563 3278 629 3330 de
658 3280 768 3332 suis
795 3279 1086 3334 desinent?
1111 3282 1227 3335 Alia
1259 3299 1470 3354 quoque
1498 3285 1729 3341 dicerem
1762 3288 1841 3343 bis
1865 3292 2108 3359 graviora
2138 3312 2150 3346 :

563 3377 616 3421 at
642 3369 757 3422 haec
786 3372 935 3425 vobis
963 3373 1092 3427 satis
1126 3384 1267 3426 sunt.
1303 3374 1397 3429 llic
1426 3392 1553 3445 ergo
1578 3378 1736 3432 tinem
1763 3382 1946 3434 orandi
1975 3381 2154 3438 facere

563 3468 817 3526 oportet:
849 3460 963 3515 hiec
1001 3462 1198 3531 quippe
1242 3463 1351 3518 dixi
1391 3477 1573 3521 contra
1621 3472 2018 3538 contentiosos,
2062 3479 2150 3544 qui

566 3564 676 3602 rem
717 3549 849 3605 nihil
891 3552 1108 3607 absurdi
1155 3555 1350 3610 habere
1388 3556 1654 3613 dicebant.
1698 3561 1761 3615 Et
1797 3562 1908 3618 scio
1936 3565 2148 3633 quidem

566 3644 759 3699 multos
790 3659 856 3700 ex
893 3646 1184 3716 juvenibus
1210 3664 1276 3703 ne
1304 3649 1461 3706 dictis
1488 3652 1699 3721 quidem
1731 3656 2007 3712 attendere
2032 3700 2044 3724 ,
2081 3661 2148 3714 ita

563 3746 687 3790 sunt
725 3737 896 3805 ebrii,
929 3747 984 3793 et
1025 3739 1159 3795 huic-
1184 3742 1373 3797 morbo
1402 3744 1596 3800 addicti
1623 3762 1637 3811 ;
1668 3762 1838 3818 neque
1868 3759 2041 3805 tamen
2074 3754 2141 3806 si-

563 3829 775 3883 lendum
813 3839 945 3885 erat.
984 3830 1113 3886 Nam
1151 3844 1326 3902 patres
1356 3847 1533 3891 mente
1559 3840 1672 3893 sani
1700 3881 1714 3903 ,
1765 3840 1908 3910 ipsos
1937 3843 2001 3896 ad
2033 3859 2147 3898 mo-

561 3923 782 3977 dcstiam
834 3925 1087 3981 inducere
1131 3937 1401 3994 poterunt.
1464 3928 1541 3984 Ne
1585 3931 1730 3984 dicas
1773 3933 1965 4001 igitur,
2010 3935 2149 3988 Nihil

564 4014 703 4079 hinc,
738 4015 867 4069 nihil
896 4016 1017 4070 inde
1044 4016 1121 4087 (a)
1148 4036 1159 4069 :
1186 4018 1286 4072 hoc
1312 4021 1539 4089 quippe,
1571 4021 1670 4076 hoc
1698 4024 1871 4077 omnia
1902 4039 2145 4093 pessum-

622 4146 694 4204 (n)
734 4146 917 4220 Dictum
940 4148 1001 4194 ab
1031 4147 1425 4220 adolescentibus
1462 4150 1583 4220 illis,
1607 4166 1731 4220 quos
1770 4156 2148 4220 ca_rpit_Chryso-

559 4212 761 4262 stemus,
790 4209 872 4267 qui
891 4206 1058 4255 luxum
1083 4221 1310 4270 maguum
1339 4213 1385 4259 in
1404 4206 1582 4263 calceis
1605 4206 1721 4276 ipsis
1744 4206 2062 4269 exhibebant".

1274 307 1331 358 ὃ.
1362 302 1640 360 JOANNIS
1678 298 2148 359 CllllYSOS'l‘OMl
2192 294 2513 358 AllClllEP.
2556 296 3086 359 CONSTA'N'l'lNOP.

3757 315 3858 369 501

2254 412 2418 467 dedit.
2451 415 2741 484 Oportebat
2769 418 2912 471 enim
2942 418 3061 473 illos
3092 418 3404 481 instituere.
3430 433 3482 476 et
3511 423 3563 477 iu
3592 426 3664 479 iis
3687 466 3705 491 ,
3739 444 3860 498 qum

2255 504 2473 557 minima
2501 505 2814 561 videbantur
2840 523 2961 561 esse
2985 549 3000 573 ,
3036 508 3289 564 honestos
3326 510 3557 568 reddere
3580 556 3595 579 ,
3633 532 3857 586 magna-

2255 594 2429 649 nimos
2453 638 2468 663 ,
2501 607 2935 653 ornamentorum
2964 608 3399 670 contemptores;
3443 605 3523 659 sic
3551 608 3704 661 enim
3738 610 3856 663 illos

2254 689 2307 742 in
2349 689 2554 757 magnis
2590 693 2748 744 etiam
2782 691 3071 760 prmclaros
3112 709 3499 751 inveniremus.
3531 696 3674 765 Quid
3709 701 3854 755 enim

2253 780 2642 835 elementorum
2668 780 2944 850 disciplina
2970 782 3169 837 vilius?
3197 785 3446 841 Attamen
3479 802 3545 842 ex
3574 804 3636 843 ea
3671 790 3856 846 rheto-

2253 886 2360 937 res,
2382 871 2655 941 sophistae,
2680 882 2734 928 et
2758 872 3058 945 philosophi
3078 875 3330 931 evadunt.
3354 877 3412 934 Si
3437 878 3551 934 haec
3575 880 3849 951 ignorent,

2254 960 2339 1014 illa
2368 976 2655 1031 numquam
2687 964 2875 1018 scient.
2910 964 3034 1018 llaec
3058 974 3235 1021 autem
3267 966 3500 1023 diximus
3530 986 3634 1025 non
3669 974 3850 1040 pueris

2255 1061 2457 1107 tantum
2480 1092 2494 1119 ,
2526 1054 2619 1109 sed
2646 1055 2808 1109 etiam
2834 1056 3143 1112 mulieribus
3169 1066 3222 1112 et
3252 1060 3466 1128 puellis.
3514 1060 3620 1116 Illae
3650 1065 3848 1134 quippe

2253 1155 2378 1200 sunt
2423 1146 2609 1201 iisdem
2659 1146 2904 1203 obnoxia:
2946 1151 3217 1219 peccatis;
3280 1154 3388 1207 imo
3436 1162 3582 1208 tanto
3633 1159 3841 1226 magis,

2254 1248 2452 1307 quanto
2482 1240 2859 1295 modestiorem
2888 1241 3041 1296 decet
3069 1257 3187 1297 esse
3216 1244 3494 1313 virginem.
3527 1247 3659 1313 Qua:
3689 1249 3843 1319 igitur

2253 1331 2359 1389 illis
2393 1334 2531 1389 dicta
2566 1346 2717 1402 sunt,
2750 1338 2898 1392 vobis
2928 1339 3086 1392 etiam
3124 1337 3261 1393 dicta
3300 1350 3513 1409 putate,
3550 1356 3619 1396 ne
3652 1344 3835 1398 eadem

2254 1435 2576 1495 repetamus.
2621 1429 2754 1483 Nam
2798 1440 3005 1499 tempus
3041 1441 3124 1484 est
3164 1442 3221 1487 ut
3256 1448 3559 1490 sermonem
3594 1437 3838 1506 precibus

2258 1514 2713 1570 claudamus.Vos
2724 1531 2854 1583 ergo
2869 1517 3153 1570 nobiscum
3174 1520 3334 1570 simul
3350 1529 3521 1583 orate,
3539 1530 3597 1571 ut
3610 1524 3831 1586 juvenes

2259 1607 2352 1677 qui
2377 1608 2441 1661 ad
2470 1606 2772 1662 Ecclesiam
2800 1608 3093 1677 pertinent,
3131 1609 3378 1663 modeste
3401 1609 3582 1664 vivere
3602 1613 3826 1665 maxime

2262 1699 2494 1768 possint,
2534 1708 2589 1753 et
2618 1700 2685 1754 ad
2729 1709 3069 1755 senectutem
3113 1698 3501 1756 condecentem
3536 1704 3819 1772 pervenire.

2256 1789 2384 1845 Nam
2411 1791 2490 1845 eis
2513 1793 2600 1861 qui
2645 1808 2751 1848 non
2785 1803 3141 1863 temperanter
3165 1796 3349 1851 vivunt
3374 1840 3387 1861 ,
3417 1814 3522 1853 non
3550 1800 3825 1868 optandum

2255 1892 2308 1937 ut
2349 1892 2679 1938 senectutem
2709 1897 3062 1955 assequamur
3081 1930 3095 1953 ,
3138 1889 3258 1943 illos
3289 1905 3420 1945 vero
3450 1890 3539 1960 qui
3573 1892 3625 1945 in
3651 1892 3832 1961 juven-

2256 1981 2368 2029 tute
2393 1988 2549 2028 senes
2576 1976 2848 2031 imitantur
2870 2021 2885 2044 ,
2918 1993 3111 2047 precor
3134 1990 3428 2036 extremam
3458 1982 3719 2052 attingere
3746 1996 3835 2036 ca-

2256 2066 2459 2133 nitiem,
2480 2077 2535 2123 et
2555 2069 2842 2137 prmclaros
2864 2070 2998 2125 lilios
3019 2072 3256 2141 gignere,
3278 2074 3369 2143 qui
3394 2075 3629 2143 patribus
3648 2075 3839 2145 gaudio

2254 2165 2365 2217 sint
2390 2203 2404 2226 ,
2451 2164 2505 2217 in
2543 2163 2835 2233 primisque
2877 2164 2988 2219 Deo
3026 2166 3263 2220 omnium
3303 2167 3606 2233 conditori,
3652 2183 3841 2238 precor

2257 2254 2383 2309 item
2425 2263 2484 2309 ut
2524 2254 2768 2309 morbum
2811 2256 2971 2310 animi
3017 2271 3233 2313 omnem
3270 2258 3485 2327 abigat,
3528 2274 3633 2312 non
3676 2260 3838 2315 modo

2256 2361 2379 2401 eum
2409 2346 2499 2415 qui
2528 2346 2582 2401 in
2608 2347 2801 2401 calceis
2826 2356 2880 2402 et
2908 2349 3233 2405 veSIimentis
3260 2349 3673 2418 deprehenditur
3692 2393 3708 2413 ,
3737 2352 3836 2407 sed

2256 2447 2312 2493 ct
2352 2438 2512 2493 alium
2560 2454 2968 2510 quemcumque.
3020 2440 3149 2495 Nam
3190 2442 3544 2495 adolescentia
3592 2442 3831 2513 neglecta

2256 2530 2445 2586 similis
2472 2538 2554 2585 est
2580 2530 2793 2587 incultae
2825 2540 2999 2597 terrai,
3029 2547 3142 2602 qua:
3173 2532 3365 2586 multas
3395 2534 3626 2604 undique
3651 2535 3834 2604 spinas

2254 2627 2439 2694 gignit.
2492 2625 2843 2680 lmmittamus
2882 2642 3006 2695 ergo
3046 2627 3212 2682 sancti
3252 2627 3480 2696 Spiritus
3525 2629 3700 2698 ignem
3728 2672 3744 2694 ,
3783 2640 3837 2687 et

2258 2718 2425 2771 malas
2470 2716 2629 2773 hasce
2669 2719 2983 2788 cupiditates
3015 2734 3260 2783 uramus;
3302 2719 3495 2774 inculta
3524 2737 3647 2776 arva
3678 2738 3840 2777 cxco~

2259 2812 2449 2876 lamus,
2471 2821 2527 2864 ut
2545 2827 2727 2866 semen
2753 2813 2957 2881 possint
2976 2813 3278 2881 suscipere;
3301 2824 3355 2869 et
3367 2814 3610 2883 juniorcs
3632 2826 3839 2871 nostros

2257 2902 2446 2956 alienis
2472 2902 2689 2957 senibus
2727 2903 3077 2973 sapientiores
3106 2903 3474 2960 exbibeamus.
3519 2906 3651 2960 Nam
3680 2907 3840 2961 mira-

2258 2993 2366 3048 bile
2399 2993 2553 3062 plaue
2582 2994 2706 3048 illud
2738 3005 2854 3061 est,
2886 3010 3006 3049 cum
3036 2995 3089 3050 in
3120 2995 3399 3064 juventute
3428 2997 3676 3067 splendet
3707 3006 3839 3053 tem-

2261 3088 2498 3157 perantia
2519 3129 2534 3154 ,
2562 3103 2681 3142 cum
2712 3100 2896 3143 contra
2929 3089 2973 3141 is
2994 3130 3008 3154 ,
3037 3089 3124 3158 qui
3157 3091 3210 3145 in
3242 3100 3515 3145 senectute
3541 3099 3840 3161 temperans

2257 3190 2340 3235 est
2362 3222 2377 3246 ,
2420 3197 2524 3235 non
2567 3181 2639 3235 ita
2679 3197 2922 3252 magnam
2954 3182 3150 3238 referat
3179 3183 3482 3239 mercedem
3504 3225 3519 3249 ,
3554 3184 3644 3252 qui
3673 3184 3841 3238 aetatis

2258 3271 2550 3326 subsidium
2574 3270 2784 3326 habeat.
2815 3272 2944 3325 Illud
2973 3282 3148 3327 autem
3176 3274 3367 3327 mirum
3389 3282 3491 3338 est,
3522 3274 3573 3327 in
3596 3273 3841 3328 ﬂuetibus

2259 3366 2637 3435 tranquillitate
2662 3364 2762 3418 frui
2789 3406 2801 3429 ,
2840 3374 2893 3418 et
2925 3366 2977 3418 iu
3005 3364 3221 3420 fornace
3247 3380 3351 3420 non
3379 3365 3656 3431 comburi,
3684 3376 3843 3435 atque

2259 3458 2309 3512 in
2332 3458 2609 3527 juventute
2631 3473 2739 3512 non
2770 3457 3030 3511 lascivire.
3055 3457 3179 3513 Haae
3204 3456 3380 3528 itaque
3404 3459 3582 3512 animo
3604 3458 3843 3512 recolen-

2260 3559 2377 3613 tes,
2418 3550 2687 3604 imitemur
2726 3551 2935 3604 beatum
2983 3551 3130 3605 illum
3169 3550 3455 3620 Josephum
3484 3590 3499 3615 ,
3538 3550 3625 3620 qui
3667 3549 3721 3603 in
3760 3548 3842 3603 his

2257 3642 2503 3698 omnibus
2532 3643 2847 3713 consmcuus
2873 3642 2991 3707 fuit,
3023 3653 3079 3698 ut
3107 3643 3321 3699 easdem
3348 3656 3480 3712 quas
3505 3642 3591 3696 ille
3616 3656 3841 3696 coronas

2257 3752 2602 3807 assequamur
2630 3754 2644 3790 :
2676 3737 2866 3805 quibus
2896 3738 3092 3791 utinam
3123 3750 3310 3791 omnes
3346 3736 3608 3804 potiemur
3627 3776 3642 3801 ,
3672 3733 3842 3803 gratia

2255 3838 2310 3884 et
2354 3830 2678 3899 benignitate
2724 3830 2929 3883 Domini
2973 3829 3141 3883 nostri
3179 3828 3303 3883 Jesu
3345 3827 3581 3892 Christi,
3626 3827 3840 3897 quicum

2258 3922 2400 3976 Patri
2425 3923 2590 3993 gloria
2618 3930 2675 3977 et
2698 3922 2855 3976 simul
2883 3921 3102 3991 Spiritui
3128 3931 3331 3987 sancto,
3361 3936 3499 3975 nunc
3526 3930 3581 3975 et
3605 3935 3839 3990 semper,

2256 4024 2309 4068 ct
2344 4015 2395 4068 in
2425 4015 2617 4069 saecula
2648 4015 2981 4069 saeculorum.
3013 4016 3197 4068 Amen.

563 4349 3828 4380 Ἦ

1790 4491 2132 4555 HOMILIA
2182 4495 2252 4555 L.
2287 4494 2371 4554 al.
2406 4493 2504 4552 LI.

559 4650 685 4704 CAP.
729 4651 814 4705 H.
864 4666 915 4703 v.
958 4652 1047 4707 23.
1085 4651 1155 4705 Et
1193 4654 1401 4709 dimissa
1442 4656 1606 4721 turba,
1640 4660 1863 4712 ascendit
1900 4662 1954 4713 in
2003 4677 2146 4716 mon-

630 4754 724 4794 tem
755 4743 891 4795 solus
920 4759 1084 4797 orare.
1119 4743 1336 4815 Vespere
1364 4756 1531 4801 autent
1561 4751 1717 4819 facta,
1749 4751 1887 4806 solus
1920 4762 2028 4806 erat
2052 4752 2143 4808 ibi.

625 4832 715 4887 ει.
752 4831 1008 4887 Navicala
1036 4845 1204 4890 autem
1242 4837 1357 4905 jam
1396 4838 1450 4891 in
1492 4840 1658 4893 medio
1686 4842 1817 4894 mari
1854 4842 2146 4912 jactabntur

627 4925 864 4991 ﬂuctibus
893 4942 913 4979 :
941 4936 1049 4979 erat
1080 4928 1210 4981 enim
1232 4930 1515 4984 contrarius
1543 4940 1734 4985 ventus.

630 5019 678 5069 1.
714 5017 951 5072 Solitudo
979 5020 1357 5089 tranquillitatis
1398 5032 1574 5077 mater.
1606 5054 1674 5065 ——
1694 5024 1803 5079 Cur
1828 5028 1879 5081 in
1907 5038 2142 5084 montem

559 5110 830 5163 ascendit?
872 5111 941 5167 Ut
968 5128 1064 5167 nos
1091 5112 1301 5179 doceat,
1337 5114 1675 5169 commodum
1703 5131 1823 5172 esse
1848 5117 2139 5185 desertum,

559 5198 891 5253 commodam
920 5201 1283 5267 solitudinem,
1315 5217 1434 5257 cum
1464 5204 1572 5258 Deo
1599 5207 2001 5276 supplicandum
2040 5220 2140 5265 est.

559 5288 681 5343 ideo
705 5305 848 5359 saepe
876 5290 1086 5346 deserta
1133 5295 1281 5361 petit,
1330 5294 1504 5365 ibique
1545 5307 1818 5364 peruoctat
1860 5313 2039 5367 orans,
2089 5315 2143 5357 ut

559 5396 655 5435 nos
680 5391 918 5444 mOneat,
950 5391 1005 5437 et
1044 5392 1252 5453 tempus
1290 5394 1343 5439 et
1381 5386 1550 5440 locum
1592 5388 1658 5442 ad
1700 5391 1979 5458 tranquille
2021 5409 2142 5461 pre-

556 5472 782 5529 candum
804 5487 1159 5545 opportunum
1187 5492 1305 5532 esse
1333 5479 1700 5548 quaerendum.
1732 5481 1975 5538 Solitudo
1999 5485 2142 5539 enim

555 5567 949 5637 tranquillitatis
990 5578 1161 5624 mater
1190 5580 1293 5636 e8t,
1325 5572 1626 5640 quietisque
1662 5582 1862 5641 portus,
1893 5575 1961 5628 ab
1996 5576 2141 5631 omni

557 5672 652 5712 nos
683 5658 910 5712 tumultu
934 5659 1184 5717 liberans.
1218 5660 1307 5714 Ille
1337 5661 1549 5731 quidem
1596 5661 1676 5714 his
1709 5662 1776 5716 de
1815 5668 1989 5719 causis
2019 5664 2143 5720 illuc

556 5755 793 5806 ascendit
824 5770 837 5803 :
868 5751 1109 5822 discipuli
1156 5768 1282 5809 vero
1323 5768 1533 5809 rursum
1571 5754 1816 5810 ﬂuctibus
1852 5757 2135 5828 agitantur,

884 5966 907 5999 ι

2250 4669 2306 4715 et
2332 4669 2645 4726 tempestate
2685 4668 2742 4712 ut
2771 4667 2895 4713 ante
2933 4659 3221 4728 jactentur.
3269 4659 3373 4715 Sed
3421 4671 3546 4715 tunc
3590 4662 3742 4717 illum
3785 4662 3838 4716 iu

2248 4754 2489 4808 navicula
2524 4753 2778 4809 habentes
2806 4753 2919 4808 haec
2950 4754 3315 4823 patiebantur;
3358 4770 3498 4809 nunc
3523 4766 3700 4811 autem
3740 4760 3837 4813 soli

2249 4856 2374 4898 sunt
2400 4854 2453 4897 et
2477 4844 2700 4898 seorsim
2729 4844 2906 4914 positi.
2955 4844 3162 4899 Etenim
3197 4844 3315 4899 illos
3356 4844 3609 4914 paulatim
3649 4855 3703 4902 et
3744 4863 3840 4918 per

2247 4939 2441 5007 gradus
2492 4938 2557 4991 ad
2599 4937 2797 5007 majora
2843 4937 3059 5000 inducit,
3090 4945 3147 4990 ut
3175 4938 3353 4991 omnia
3396 4937 3603 4993 fortiter
3642 4940 3836 4995 ferant.

2248 5031 2469 5093 ldeirco,
2500 5045 2618 5083 cum
2664 5030 3006 5099 periclitaturi
3037 5030 3266 5098 primum
3304 5041 3477 5095 erant,
3506 5030 3690 5085 aderat
3716 5034 3837 5102 qui~

2246 5121 2391 5187 dem,
2421 5121 2514 5175 sed
2536 5120 2853 5186 dormiebat,
2887 5130 2943 5174 ut
2964 5130 3157 5190 prmsto
3179 5132 3319 5176 esset
3338 5121 3402 5176 ad
3423 5122 3676 5177 auxilium
3702 5138 3839 5193 pra:-

2247 5210 2493 5267 standum
2532 5230 2543 5265 :
2576 5228 2715 5265 nunc
2745 5227 2871 5265 vero
2900 5220 2957 5265 ut
3000 5212 3187 5280 majori
3230 5212 3349 5266 illos
3390 5213 3645 5282 patientia
3675 5228 3838 5270 exer-

2246 5314 2383 5369 ceat,
2437 5318 2541 5357 non
2591 5302 2641 5357 id
2696 5302 2853 5369 facit,
2904 5303 2996 5358 sed
3043 5303 3227 5367 abest,
3289 5314 3341 5358 ct
3381 5304 3432 5356 iu
3483 5303 3659 5359 medio
3698 5306 3835 5361 mari

2247 5394 2505 5461 permittit
2530 5402 2897 5463 tempestatem
2931 5395 3172 5461 excitari,
3204 5403 3260 5450 ut
3281 5394 3422 5448 nulla
3458 5394 3566 5449 fere
3596 5410 3720 5464 spes
3743 5412 3837 5450 sa-

2247 5484 2371 5540 lutis
2396 5496 2722 5554 superesset,
2755 5493 2811 5540 et
2836 5495 2941 5539 tota
2970 5497 3129 5541 nocte
3160 5486 3284 5541 sinit
3322 5501 3415 5541 eos
3448 5484 3696 5540 ﬂuctibus
3724 5489 3838 5555 agis

2247 5577 2367 5641 tari,
2403 5585 2461 5630 ut
2487 5591 2693 5641 eorum,
2725 5586 2872 5645 puto,
2904 5586 3227 5632 excmcatum
3268 5591 3361 5631 cor
3398 5576 3661 5631 incitaret.
3689 5575 3838 5631 Talis

2245 5668 2439 5736 quippe
2463 5682 2549 5722 res
2569 5675 2650 5723 est
2682 5669 2860 5734 timor,
2888 5683 3048 5737 quem
3076 5677 3129 5723 et
3155 5677 3442 5736 tempestas
3470 5675 3524 5723 et
3564 5682 3666 5721 nox
3698 5667 3839 5723 inte-

2245 5757 2609 5814 rebant.Cum
2650 5760 3054 5830 compunctione
3090 5770 3264 5812 autem
3310 5759 3393 5813 illa
3440 5759 3519 5813 sui
3564 5754 3841 5812 desiderio
