4052 6228
508 386 612 445 805

506 502 721 573 πρῶτον
754 496 1086 554 κινδυνεύειν
1127 495 1374 567 ἔμελλον,
1419 495 1604 566 παρῆν
1638 494 1759 565 μὲν,
1813 492 2069 549 ἐκάθευδε
2101 492 2180 558 δὲ,

504 591 645 644 ὥστε
668 588 727 654 ἐξ
758 587 975 656 ἑτοίμου
1009 583 1193 638 δοῦναι
1220 584 1318 654 τὴν
1346 582 1704 653 παραμυθίαν
1725 582 1910 645 αὐτοῖς
1931 597 1944 612 ο
1986 581 2104 635 νυνὶ
2126 581 2183 633 δὲ

503 676 597 729 ἐπὶ
643 674 864 746 μείζονα
902 673 1053 743 ἀγων
1095 672 1291 734 06106;
1317 668 1615 741 ὑπομονὴν,
1662 668 1783 723 οὐδέ
1826 668 1983 723 τοῦτο
2015 671 2182 733 ποιεῖ,

501 764 618 819 ἀλλ’
658 766 866 825 ἄπεισι,
910 762 1006 816 καὶ
1034 761 1091 813 ἐν
1140 758 1282 831 μέσῃ
1337 756 1581 828 θαλάσσῃ
1628 759 1902 827 συγχωρεί
1943 757 2036 810 τὸν
2072 773 2187 827 χει-

506 852 660 924 91660
695 848 1063 920 διεγερθῆναι,
1103 847 1179 910 ὡς
1220 845 1357 917 μηδὲ
1394 844 1761 917 προσδοκῆσαί
1801 845 1965 898 ποθεν
1996 844 2186 898 ἐλπίδα

507 940 804 1011 σωτηρίας,
838 938 932 991 καί
959 936 1086 1007 ὃλην
1111 935 1213 1003 τὴν
1240 933 1412 986 νύκτα
1437 931 1671 1002 ἀφίησιν
1697 931 1896 996 αὐτοὺς
1924 932 2153 986 κλυδωνί

506 1026 714 1089 ζεσθαι,
745 1014 1027 1094 διεγείρων
1051 1018 1426 1091 [51έ]αύτῶν,
1449 1016 1529 1080 ὼς
1557 1012 1734 1086 οἶμαι,
1768 1015 2185 1090 πεπωρωμένην

504 1110 600 1180 τὴν
647 1107 898 1178 καρδίαν.
941 1104 1052 1156 Καὶ
1085 1102 1195 1173 γὰρ
1231 1100 1469 1153 τοιοῦτον
1514 1098 1545 1150 6
1579 1098 1763 1169 φόϐος,
1810 1098 1870 1151 ὃν
1915 1098 2053 1169 μετά
2090 1097 2185 1151 τοῦ

505 1190 769 1262 χειμῶνος
806 1188 899 1242 καὶ
932 1190 960 1241 6
993 1183 1183 1257 καιρὸς
1216 1184 1379 1261 ποιεῖ.
1425 1183 1578 1235 Μετά
1618 1182 1675 1236 δὲ
1706 1183 1805 1251 τῆς
1845 1180 2187 1245 κατανύξεως

503 1276 599 1328 καὶ
643 1276 724 1337 είς
772 1270 1064 1341 ἐπιθυμίαν
1111 1264 1337 1338 μείζονα
1371 1265 1567 1329 06106;
1599 1263 1819 1317 ἐνέϐαλε
1862 1265 1960 1336 τὴν
1998 1263 2185 1327 αὑτοῦ,

506 1358 601 1410 καὶ
669 1356 749 1418 είς
812 1354 1033 1424 μνήμην
1074 1350 1319 1421 διηνεκῆ.
1375 1347 1475 1401 Διά
1525 1347 1589 1419 δὴ
1640 1346 1794 1400 τοῦτο
1830 1347 1929 1400 οὐκ
1988 1345 2189 1409 εὐθέως

506 1440 690 1501 αὐτοῖς
741 1436 979 1505 ἐπέστη·
1045 1429 1296 1499 Τετάρτῃ
1348 1429 1458 1499 γὰρ
1520 1426 1789 1499 φυλακῇ,
1858 1429 2014 1499 φησὶ,
2078 1426 2189 1496 τῆς

504 1519 727 1585 νυκτὸς
757 1514 904 1589 ἦλθε
928 1515 1079 1585 πρὸς
1097 1513 1319 1579 αὐτοὺς
1348 1511 1690 1578 περιπατῶν
1709 1511 1808 1564 ἐπὶ
1831 1507 1941 1579 τῆς
1962 1508 2190 1567 θαλάσ-

506 1622 625 1673 σης
646 1622 660 1635 ο
702 1601 973 1657 παιδεύων
1002 1599 1198 1664 06106;
1228 1599 1304 1671 μὴ
1343 1599 1552 1668 ταχέως
1599 1595 1751 1650 λύσιν
1771 1595 2057 1667 ’ἐπιζητεῖν
2081 1596 2188 1649 τῶν

510 1686 842 1759 συνεχόντων
874 1684 1083 1747 δεινῶν,
1123 1682 1259 1736 ἀλλὰ
1300 1680 1487 1753 φέρειν
1537 1679 1607 1733 τὰ
1644 1680 2034 1750 συμπίπτοντα
2073 1696 2186 1748 γεν-

509 1771 696 1835 ναίως.
727 1769 858 1823 Ὅτε
905 1767 1036 1837 γοῦν
1076 1764 1483 1838 προσεδόκησαν
1523 1762 2034 1834 ἀπαλλαγήσεσθαι,
2067 1763 2188 1815 τότε

508 1854 747 1923 ἐπετάθη
776 1852 939 1906 πάλιν
965 1852 993 1904 6
1027 1850 1209 1919 φόϐος.
1262 1847 1510 1914 Ἰδόντες
1533 1846 1642 1918 γὰρ
1677 1847 1885 1908 αὺτῢν,
1914 1846 2191 1917 φησὶν,οί

502 1937 758 2009 μαθηταὶ
776 1932 1220 2003 περιπατοῦντα
1240 1931 1339 1985 ἐπὶ
1364 1930 1475 1997 τῆς
1496 1928 1838 1996 θαλάσσης,
1869 1925 2193 1997 ἐταράχθη-

507 2008 649 2084 σαν,
686 2019 969 2089 λέγοντες
999 2015 1324 2086 φάντασμα
1351 2009 1529 2075 εἶναι,
1570 2012 1671 2065 καὶ
1717 2011 1836 2064 ἀπὸ
1868 2010 1973 2064 τοῦ
2002 2008 2191 2079 φόϐου

507 2104 792 2172 ἔκραξαν.
850 2102 959 2154 Καὶ
1007 2098 1118 2171 γὰρ
1147 2099 1236 2152 05‘1
1261 2096 1420 2151 10610
1458 2096 1637 2149 ποιεῖ’
1683 2096 1811 2147 6106
1853 2092 2021 2167 μέλλῃ
2042 2093 2192 2148 λύειν

508 2190 577 2242 τὰ
603 2186 774 2249 δεινά,
806 2185 973 2255 ἕτερα
993 2181 1352 2255 χαλεπώτερα
1385 2180 1585 2248 ἐπάγει
1624 2179 1719 2233 καὶ
1746 2177 2129 2249 φοϐερώτερω
2164 2178 2193 2232 δ

509 2273 573 2344 δὴ
606 2272 700 2326 καὶ
725 2269 847 2323 τότε
877 2266 1099 2337 συνέϐη.
1133 2265 1290 2320 Μετά
1316 2264 1427 2335 γὰρ
1453 2262 1546 2317 τοῦ
1578 2261 1848 2344 χειμῶνος
1882 2263 1974 2315 καὶ
2012 2262 2045 2331 ἡ
2071 2260 2194 2344 ὅψις

511 2340 709 2419 06106;
750 2352 1051 2424 ἐθορύϐησε
1084 2349 1178 2403 τοῦ
1225 2348 1493 2420 χειμῶνος
1527 2347 1627 2417 οὐχ
1666 2340 1849 2416 ἦττον.
1899 2344 1996 2397 Διά
2036 2343 2194 2396 τοῦτο

509 2440 630 2494 οὐδὲ
672 2438 733 2492 τὺ
781 2437 970 2499 σκότος
1035 2434 1243 2499 ἔλυσεν,
1301 2431 1421 2485 οὐδὲ
1465 2429 1696 2500 φανερὸν
1744 2426 1936 2482 ἐαυτὸν
1990 2425 2194 2491 εὐθέως

510 2523 789 2595 ἐποίησεν,
825 2519 1063 2587 ἀλείφων
1088 2518 1306 2581 αὐτοὺς,
1350 2516 1486 2586 ὅπερ
1526 2511 1701 2595 εἷπον,
1739 2515 1796 2567 ἐν
1828 2515 1897 2584 τῇ
1944 2510 2196 2595 συνεχείᾳ

511 2607 619 2663 τῶν
658 2593 840 2674 φόϐων
879 2600 1108 2663 τούτων,
1160 2599 1253 2653 καὶ
1304 2596 1575 2653 παιδεύων
1625 2593 1765 2650 εἶναι
1811 2593 2191 2667 καρτερικούς.

511 2689 682 2743 Τοῦτο
714 2687 809 2741 καὶ
834 2686 929 2738 ἐπὶ
969 2683 1063 2736 106
1099 2682 1220 2736 Ἰὼϐ
1249 2681 1527 2752 ἐποίησεν·
1567 2682 1655 2735 ὅτε
1684 2678 1793 2751 γὰρ
1824 2678 2015 2749 ἔμελλε
2048 2677 2194 2730 λύειν

515 2771 627 2843 [τὸν
667 2770 830 2840 φόϐον
873 2765 1049 2837 καὶυ]
1089 2766 1180 2818 166
1224 2765 1552 2834 πειρασμὸν,
1592 2762 1713 2816 τότε
1743 2763 1804 2815 16
1839 2761 1993 2825 τέλος
2039 2759 2196 2830 χαλε-

514 2852 759 2922 πώτερον
781 2851 932 2904 εἴασε
956 2846 1209 2917 γενέσθαι
1237 2864 1249 2878 ·
1282 2847 1343 2899 06
1366 2846 1456 2899 610
1474 2846 1566 2898 166
1591 2844 1700 2897 τῶν
1730 2843 1938 2898 παίδων
1962 2843 2193 2896 θάνατον

512 2921 678 3003 λέγω,
704 2932 799 2986 καὶ
821 2931 888 2983 τὰ
922 2930 1144 3000 ῥήματα
1170 2927 1272 2995 τῆς
1303 2926 1583 2995 γυναικὸς,
1616 2924 1753 2979 ἀλλὰ
1787 2923 1878 2977 διὰ
1909 2922 1980 2975 10
2013 2921 2193 2988 ὀνείδη

514 3018 580 3070 τὰ
622 3014 728 3068 τῶν
773 3013 1033 3074 οἰκετῶν,
1073 3014 1141 3064 10
1176 3010 1286 3064 τῶν
1339 3010 1526 3079 φίλων.
1574 3008 1684 3062 Καὶ
1726 3008 1813 3060 ὅτε
1855 3004 1947 3059 τὸν
1996 3004 2190 3059 Ἰακὼϐ

513 3098 840 3172 ἐξαρπάζειν
875 3094 1065 3167 ἔμελλε
1096 3095 1197 3165 τῆς
1241 3096 1298 3147 ἐν
1331 3096 1396 3165 τῇ
1443 3092 1566 3164 ξένη
1596 3092 1987 3162 ταλαιπωρίας.
2010 3091 2190 3161 ἀφῆκε

514 3181 860 3253 διεγερθῆναι
886 3180 979 3234 καὶ
1005 3178 1227 3248 μείζονα
1250 3175 1505 3245 γενέσθαι
1531 3176 1621 3229 τὸν
1652 3174 1900 3246 θόρυϐον.
1952 3175 2059 3227 Καὶ
2082 3174 2191 3245 709

514 3267 542 3318 6
567 3252 832 3337 κηδεστὴς
863 3258 1188 3316 καταλαϐὼν
1208 3258 1450 3312 ’θάνατον
1488 3256 1723 3326 ἠπείλει,
1762 3258 1857 3310 καὶ
1894 3259 2012 3327 μετ’
2046 3252 2192 3309 ἐκεῖ-

515 3364 603 3402 νον
624 3348 670 3380 “
696 3348 725 3401 6
756 3345 983 3414 ἀδελφὸς
998 3340 1343 3413 διαδέχεσθαι
1369 3340 1599 3412 μέλλων,
1629 3340 1719 3393 τὸν
1754 3338 2007 3411 περὶτῶν
2034 3340 2195 3409 ἐσχάο

513 3449 621 3486 των
654 3430 1006 3501 ἐπεκρέμασε
1034 3427 1299 3479 κίνδυνον.
1344 3422 1564 3494 Ἐπειδὴ
1602 3422 1713 3495 γὰρ
1758 3423 1859 3475 οὒκ
1887 3422 1965 3475 ἐνι
2005 3423 2100 3475 καὶ
2134 3424 2192 3476 ἐν

518 3512 714 3586 μακρῷ
742 3513 921 3584 χρόνῳ
950 3509 1041 3564 καὶ
1074 3506 1319 3579 σφοδρῶς
1346 3506 1727 3577 πειράζεσθαι,
1759 3506 1888 3559 ὅταν
1923 3505 2190 3577 μέλλωσιν

516 3601 788 3655 ἐκϐαίνειν
832 3600 957 3662 τοὺς
1007 3595 1225 3665 ἀγῶνας
1274 3595 1326 3646 οί
1369 3592 1589 3657 δίκαιοι,
1625 3592 1947 3663 βουλόμενος
1997 3594 2193 3658 06106;

516 3684 681 3737 πλέον
723 3681 1048 3752 κερδαίνειν,
1098 3677 1359 3732 ἐπιτείνει
1407 3676 1477 3729 τά
1513 3677 1810 3747 γυμνάσια.
1867 3679 1931 3730 Ὃ
1972 3678 2067 3729 καὶ
2100 3677 2194 3729 ἐπὶ

513 3767 611 3822 τοῦ
649 3764 902 3837 Ἀϐραὰμ
928 3762 1174 3833 ἐποίησε,
1209 3761 1299 3815 166
1326 3760 1370 3792 ⁸⁸
1398 3760 1625 3831 ἔσχατον
1656 3757 1817 3814 ἆθλον
1842 3760 1932 3813 τὸν
1957 3758 2050 3813 τοῦ
2078 3779 2196 3815 παι-

516 3854 606 3919 δδς
659 3852 793 3917 θείς.
854 3850 1011 3905 οὕτω
1046 3849 1156 3921 709
1185 3849 1278 3903 καὶ
1320 3847 1530 3919 φορητά
1581 3846 1735 3900 ἔσται
1790 3845 1858 3900 τά
1923 3846 2193 3916 ἀφόρητα,

517 3944 647 3997 ὅταν
678 3941 772 3996 ἐπὶ
826 3939 1018 4011 θύραις
1062 3938 1336 4008 ἐπάγηται
1390 3936 1559 4004 ἐγγὺς
1616 3934 1806 4004 ἔχοντα
1853 3933 1951 4005 τὴν
2012 3934 2192 3987 ’ἀπαλ-

519 4027 709 4096 λαγήν.
759 4023 930 4077 Τοῦτο
978 4022 1051 4090 δὴ
1102 4020 1195 4072 καὶ
1228 4018 1349 4071 τότε
1397 4017 1640 4088 ἐποίησε,
1690 4017 1783 4070 καὶ
1816 4016 1877 4068 o6
1931 4016 2195 4087 πρότερον

519 4106 870 4175 ἀπεκάλυψεν
930 4102 1121 4157 ἐαυτὸν
1181 4103 1211 4154 6
1274 4101 1541 4172 X91016;,
1597 4099 1703 4163 ἕως
1768 4099 1857 4152 ὅτε
1933 4099 2193 4170 ἔκραξαν.

522 4191 675 4261 Ὀσῳ
703 4189 813 4258 γάρ
856 4185 1167 4240 ἐπετείνετο
1196 4182 1266 4237 τὰ
1306 4183 1407 4253 τῆς
1434 4182 1696 4248 ἀγωνίας,
1724 4180 1964 4261 τοσούτῳ
1996 4182 2195 4252 μᾶλλον

522 4272 814 4344 ἠσμένιζον
864 4270 977 4312 ⁸⁸ο⁹¹
1031 4266 1197 4322 06106
1245 4268 1343 4339 τὴν
1390 4265 1711 4337 παρουσίαν.
1772 4260 1946 4329 Εἶτα,
2006 4264 2195 4336 ἐπειδὴ

522 4356 778 4428 ἐϐόησαν,
828 4353 1012 4424 φησὶν,
1072 4349 1309 4417 Εὐθέως
1382 4348 1690 4418 ἐλάλησεν
1738 4348 1945 4413 αὐτοῖς
2003 4350 2037 4403 ό
2091 4349 2197 4417 Ἰη-

522 4440 674 4504 σοῦς
733 4436 926 4506 λέγων
953 4449 968 4465 '
1028 4433 1331 4504 Θαρσεῖτε,
1383 4432 1498 4504 ἐγώ
1541 4434 1658 4502 ειμι
1684 4449 1698 4462 ⁸
1745 4431 1832 4502 μὴ
1891 4431 2192 4501 φοϐεῖσθε.

521 4518 692 4579 Τοῦτο
722 4519 784 4573 16
821 4519 975 4591 ῥῆμα
1024 4518 1114 4572 τὸν
1148 4516 1313 4587 φόϐον
1363 4516 1541 4580 ἐλυσε,
1592 4517 1688 4569 καὶ
1742 4515 2015 4587 θαρρῆσαι
2054 4532 2197 4588 παρ-

521 4605 836 4661 εσκεύασεν.
880 4602 1096 4673 Ἐπειδὴ
1119 4602 1227 4672 709
1256 4601 1365 4655 ἀπὸ
1392 4600 1493 4671 τῆς
1532 4599 1709 4669 ὅψεως
1757 4599 1917 4653 06166
1942 4601 2041 4653 οὐκ
2085 4600 2197 4668 ἐγί-

522 4705 750 4752 νωσκον,
798 4685 891 4741 καὶ
943 4685 1031 4738 610
1082 4684 1144 4738 16
1184 4684 1487 4756 παράδοξον
1527 4685 1626 4752 τῆς
1672 4683 1932 4752 βαδίσεως
1966 4684 2060 4735 καὶ
2101 4684 2196 4737 διὰ

1322 382 1379 439 S.
1421 374 2228 437 JOANNIS‘CIHKYSOSTOMI
2270 373 2592 430 ARCIIIEP.
2631 368 3178 431 CONS‘TANTINOP.

2286 507 2414 546 056'
2483 492 2582 546 οὐκ
2640 491 2893 562 ἠνέσχετο
2955 488 3094 559 μετά
3145 485 3253 539 τῶν
3323 480 3518 538 ἄλλων
3588 478 3812 546 ἐλθεῖν,
3869 487 3898 538 ἀ

2284 576 2686 647 προεπήδησεν.
2726 574 2803 627 Οὐ
2835 572 2933 644 τὴν
2965 572 3186 640 ἀγάπην
3226 566 3290 620 δὲ
3329 566 3531 637 μόνον,
3576 565 3723 618 ἀλλά
3769 572 3864 620 καὶ

2285 660 2467 713 πίστιν
2485 658 2875 711 ἐπιδείκνυται.
2930 655 3003 708 O6
3053 653 3165 722 709
3188 652 3361 720 μόνον
3401 647 3771 713 ἐπίστευσεν,
3807 650 3887 703 ὅτι

2284 743 2373 807 16;
2431 741 2648 796 δύναται
2689 739 3010 811 περιπατεῖν
3041 735 3135 789 ἐπὶ
3164 734 3261 802 τ’ἧς
3294 731 3628 801 θαλάσσης,
3659 732 3777 785 ἀλλ’
3800 735 3881 786 611

2286 827 2505 896 ἐτέρους
2529 825 2742 892 ἐνάγειν
2811 822 2906 875 καὶ
2938 818 3196 887 ἐπιθυμεῖ
3217 814 3457 896 ταχέως
3490 811 3674 896 ἐγγὺς
3712 813 3881 867 06106

2285 893 2491 961 νέσθαι.
2530 908 2594 959 '0
2621 905 2690 958 δὲ
2737 900 2927 965 εἶπεν,
2978 898 3171 955 Ἐλθέ.
3232 895 3351 951 Καὶ
3412 893 3701 960 καταϐὰς
3742 896 3860 949 ἀπὸ

2285 990 2503 1044 πλοίου
2530 992 2563 1043 d
2593 987 2834 1056 Πέτρος,
2871 981 3311 1053 περιεπάτησεν
3362 977 3477 1031 ἐπὶ
3511 978 3595 1030 τὰ
3643 977 3857 1039 ὕδατα,

2284 1069 2435 1141 ἦλθε
2493 1070 2644 1141 πρὸς
2700 1071 2809 1124 τὸν
2859 1065 3115 1136 Ἰησοῦν.
3165 1062 3440 1118 Βλέπων
3494 1059 3573 1114 δὲ
3617 1059 3731 1115 τὸν
3790 1062 3895 1115 ἆγε

2289 1156 2565 1226 ἰσχυρὸν,
2596 1152 2883 1224 ἐφοϐήθη,
2907 1151 3005 1205 καὶ
3037 1147 3388 1218 ἀρξάμενος
3430 1143 3898 1205 καταποντίζὲω

2286 1238 2502 1308 ἐκραξε
2520 1238 2733 1307 λέγων*
2766 1236 2965 1304 Κύριε,
2994 1231 3200 1286 σῶσόν
3232 1246 3338 1300 με.
3390 1226 3657 1293 Εὐθέως
3715 1227 3787 1280 δὲ
3828 1230 3861 1282 ό

2287 1323 2441 1387 σοῦς
2476 1321 2749 1386 ἐκτείνας
2775 1315 2890 1386 τὴν
2932 1316 3101 1386 χεῖρα
3130 1314 3479 1369 ἐπελάϐετο
3517 1312 3747 1376 αὐτοῦ,
3794 1312 3889 1366 καί

2287 1425 2376 1477 γει
2415 1403 2605 1470 αὐτῷ’
2665 1404 3065 1471 Ὀλιγόπιστε,
3119 1401 3206 1465 εἰς
3276 1398 3339 1451 τί
3392 1396 3796 1461 ἐδίστασας;
3843 1394 3898 1447 Te

2289 1488 2382 1542 τοῦ
2442 1486 2709 1560 προτέρου
2766 1480 3215 1556 παραδοξότερον.
3282 1482 3393 1533 Διά
3450 1477 3627 1531 τοῦτο
3684 1479 3805 1547 μετ’
3838 1478 3897 1529 ἐκ

2287 1571 2447 1627 τοῦτο
2479 1572 2709 1640 γίνεται.
2734 1567 2865 1623 Ὅτε
2885 1567 2994 1638 γὰρ
3016 1566 3235 1633 ἔδειξεν,
3275 1566 3367 1618 ὅτι
3418 1564 3635 1635 κρατεῖ
3666 1560 3772 1632 τῆς
3809 1560 3898 1614 θαλ

2291 1672 2427 1728 σης,
2471 1654 2592 1709 τότε
2647 1651 2740 1708 καὶ
2797 1653 2890 1707 ἐπὶ
2945 1652 3007 1704 16
3057 1648 3525 1721 θαυμαστότερον
3578 1645 3775 1714 ἐξάγει
3816 1645 3874 1697 16

2296 1740 2463 1810 μεῖον.
2492 1736 2626 1790 Τότε
2678 1735 2777 1805 μὲν
2828 1734 2937 1806 γάρ
2992 1736 3104 1798 τοῖς
3142 1732 3377 1804 ἀνέμοις
3432 1729 3763 1798 ἐπετίμησε
3811 1727 3898 1797 μόι

2291 1822 2411 1875 νυνὶ
2434 1822 2491 1875 δὲ
2525 1821 2617 1874 καὶ
2642 1819 2803 1883 0616;
2835 1817 3064 1889 βαδίζει,
3098 1817 3195 1870 καὶ
3228 1815 3413 1886 ἑτέρῳ
3470 1814 3817 1884 παραχωρεῖ
3852 1828 3898 1863 τι

2293 1907 2503 1959 ποιεῖν’
2532 1904 2668 1974 ὅπερ
2708 1903 2758 1955 εί
2810 1901 2962 1972 παρά
3010 1902 3113 1971 τὴν
3158 1898 3337 1970 ἀρχὴν
3402 1894 3680 1972 γενέσθαι
3732 1893 3898 1947 ἐκέλει

2292 1991 2394 2044 οὐκ
2416 1989 2484 2043 ἂν
2518 1989 2717 2059 ὁμοίως
2746 1985 3071 2051 κατεδέξατο
3090 1986 3119 2037 6
3151 1978 3388 2052 Πέτρος,
3430 1978 3531 2034 διὰ
3565 1978 3633 2033 16
3671 1977 3895 2050 μηδέπω

2300 2071 2506 2138 σαύτην
2567 2069 2869 2140 κεκτῆσθαι
2894 2067 3094 2120 πίστιν.

2366 2173 2430 2244 β’.
2462 2166 2739 2235 ΤίνοςοίΝ
2758 2170 2946 2223 ἐνεκεν
2985 2169 3033 2201 ⁸³
3057 2170 3087 2221 6
3115 2165 3350 2238 X91016;
3380 2161 3710 2235 ἐπέτρεψε;
3746 2160 3854 2215 Καὶ
3892 2175 3898 2187 '

2294 2259 2343 2312 εί
2373 2252 2545 2320 εἶπεν,
2565 2256 2655 2309 ’ού
2674 2254 2921 2319 δύνασαι,
2948 2252 3115 2307 ¹πάλιν
3136 2249 3342 2322 θερμὸς
3374 2248 3462 2303 ὢν
3483 2248 3753 2301 ἀντεῖπεν
3789 2246 3870 2300 ἀν.

2293 2340 2451 2394 10610
2505 2338 2613 2393 0116
2662 2338 2771 2392 τῶν
2814 2337 3161 2410 πραγμάτων
3215 2333 3384 2387 06166
3438 2332 3659 2395 πείθει,
3693 2331 3785 2383 ἵνα
3827 2331 3898 2391 είς

2298 2421 2490 2492 μέλλον
2517 2419 2883 2492 σωφρονισθῇ.
2927 2418 3069 2471 Ἀλλ’
3096 2415 3217 2470 οὐδὲ
3248 2415 3433 2478 οὕτως
3485 2414 3775 2484 ἀνέχεται.
3811 2412 3898 2464 Καί

2296 2504 2396 2568 ϐὰς
2423 2503 2601 2556 τοίνυν
2640 2501 3053 2566 κλυδωνίζεται’
3098 2496 3344 2569 ἐφοϐήθη
3398 2497 3543 2569 709.
3594 2495 3713 2549 Καὶ
3748 2492 3898 2546 τοῦτο

2296 2586 2583 2641 κλυδώνιον
2641 2585 2865 2655 ἐποίησε
2887 2601 2901 2615 ’
2943 2583 3033 2637 τὸν
3061 2583 3120 2636 δέ
3154 2581 3319 2650 φόϐον
3349 2583 3379 2634 6
3418 2580 3639 2650 ἄνεμος
3684 2576 3898 2648 είργάσα

2306 2671 2366 2723 Ὁ
2387 2670 2443 2724 δὲ
2492 2668 2744 2740 Ἰωάννης
2792 2668 2976 2737 φησὶν,
3024 2667 3106 2719 611
3142 2666 3413 2721 Ἠθελον
3445 2662 3669 2717 λαϐεῖν
3696 2658 3879 2715 αὑτὸν

2297 2754 2362 2809 τὸ
2396 2753 2631 2817 πλοῖον,
2675 2752 2772 2807 καὶ
2816 2751 3033 2817 εὐθέως
3077 2749 3144 2803 τὸ
3189 2747 3416 2802 πλοῖον
3463 2747 3718 2817 ἐγένετο
3762 2744 3846 2806 είς
3880 2757 3898 2791 ι

2298 2838 2442 2910 γῆν,
2501 2840 2584 2904 εἰς
2643 2834 2724 2905 ἦν
2784 2834 3054 2904 ὑπῆγον-ο
3104 2832 3164 2885 τὸ
3229 2831 3363 2885 0616
3429 2830 3497 2903 δὴ
3573 2828 3736 2885 τοῦτο
3797 2823 3898 2910 δηλι

2299 2924 2462 2976 Ὥστε
2513 2921 2812 2993 μελλόντων
2854 2917 3033 2973 αὐτῶν
3080 2916 3216 2989 πρὸς
3257 2917 3324 2986 τῇ
3370 2918 3453 2987 γῇ
3505 2912 3779 2983 γίνεσθαι,
3816 2909 3898 2993 ἐπι

2297 3005 2392 3059 τοῦ
2413 2992 2620 3058 πλοίου.
2661 3001 2921 3064 Καταϐἀς
2972 3000 3151 3053 τοίνυν
3190 2998 3299 3054 ἀπὸ
3331 2998 3433 3052 τοῦ
3484 2996 3701 3057 πλοίου,
3736 2992 3898 3063 πρὸς‹

2306 3092 2396 3145 τὸν
2435 3089 2521 3161 ᾔει
2548 3089 2617 3153 ’³,
2670 3089 2768 3157 οὐχ
2809 3085 2951 3140 οὕτω
2996 3084 3073 3155 τῷ
3108 3084 3445 3155 περιπατεῖν
3464 3082 3572 3135 ἐπὶ
3615 3079 3724 3133 τῶν
3763 3074 3898 3128 ὑδάτι

2298 3173 2372 3236 ὡς
2399 3158 2478 3242 τῷ
2507 3171 2645 3243 πρὸς
2691 3169 2853 3224 06166
2901 3166 3156 3239 ἐρχεσθαι
3202 3165 3437 3236 χαίρων.
3476 3165 3593 3219 Καὶ
3622 3160 3717 3216 τοῦ
3748 3158 3898 3231 μείζσ

2304 3254 2745 3327 περιγενόμενος,
2773 3249 2881 3306 ἀπὸ
2919 3250 3013 3304 τοῦ
3044 3250 3322 3313 ἐλάττονος
3351 3249 3557 3321 ἔμελλε
3614 3247 3838 3316 πάσχειν
3882 3259 3898 3293 1

2302 3326 2433 3405 κῶς,
2474 3338 2575 3407 τῆς
2607 3336 2700 3390 τοῦ
2737 3336 2939 3408 ἀνέμου
2978 3333 3122 3402 λέγω
3170 3332 3371 3406 ῥύμης,
3416 3334 3485 3386 06
3544 3332 3647 3401 τῆς
3700 3326 3898 3408 θαλάτὴ

2303 3406 2552 3474 Τοιοῦτον
2574 3420 2683 3491 γάρ
2718 3421 2752 3491 ἡ
2792 3406 3104 3488 ἀνθρωπίνη
3148 3415 3342 3485 φύσιςο
3380 3414 3656 3477 πολλάκις
3678 3412 3747 3465 τά
3776 3406 3898 3481 μεγὰ

2300 3502 2663 3575 κατορθοῦσα,
2698 3503 2756 3556 ἐν
2796 3502 2907 3565 τοῖς
2941 3500 3217 3553 ἐλάττοσιν
3248 3498 3568 3570 ἐλέγχεται.

2371 3602 2494 3662 Οἷον
2527 3609 2555 3662 6
2611 3606 2797 3668 Ἠλίας
2849 3604 2943 3657 ἐπὶ
3001 3604 3101 3675 τῆς
3173 3601 3409 3667 Ἰεζάϐελ
3482 3603 3725 3657 ἔπαθεν·
3783 3592 3885 3652 οἷον

2301 3692 2540 3763 ὶίωῡσῆς
2562 3690 2656 3744 ἐπὶ
2680 3688 2774 3745 τοῦ
2805 3687 3101 3757 Αἰγυπτίου
3126 3704 3141 3719 δ
3170 3683 3280 3741 οἷον
3312 3688 3341 3739 6
3375 3688 3547 3742 Δαυῖδ
3592 3687 3686 3741 ἐπὶ
3710 3684 3808 3753 τῆς
3838 3681 3898 3750 Βη

2305 3775 2485 3829 σαϐεέ.
2516 3772 2673 3829 Οῦτω
2690 3772 2755 3843 δὴ
2786 3772 2881 3827 καὶ
2910 3764 3064 3834 οὗτος
3082 3787 3096 3801 ·
3130 3770 3209 3823 ἐτι
3240 3769 3333 3822 τοῦ
3361 3770 3535 3839 φόϐου
3587 3766 3898 3837 ἐνακμάζονι

2303 3860 2558 3931 ἐπιϐῆναι
2583 3858 2694 3911 τῶν
2726 3855 2933 3912 ὑδάτων
2964 3854 3263 3926 ἐθάρρησε,
3322 3853 3465 3925 1196;
3504 3854 3561 3908 δὲ
3607 3854 3705 3923 τὴν
3732 3848 3821 3903 τοῦ
3849 3848 3898 3900 0‘.

2306 3961 2407 4014 906
2448 3941 2685 4013 ἐμϐολὴν
2716 3939 2899 3995 οὐκέτι
2928 3938 3168 4009 ἠδυνήθη
3220 3939 3430 4007 στῆναι,
3471 3939 3570 3991 καὶ
3612 3935 3781 4014 ταῦτα
3814 3932 3898 3997 ἐγγ

2301 4011 2377 4079 ὧν
2402 4011 2495 4077 τοῦ
2527 4011 2787 4096 Χριστοῦ.
2821 4020 3011 4085 Οὕτως
3052 4020 3202 4075 ούδέν
3250 4019 3453 4088 ὠφελεῖ
3499 4021 3669 4089 ἐγγὺς
3718 4011 3898 4096 εἷναιτ

2304 4105 2564 4178 Χριστοῦ,
2602 4106 2675 4177 μὴ
2710 4105 2891 4158 πίστει
2943 4104 3071 4157 ὄντα
3099 4102 3283 4172 ἐγγύς.
3313 4102 3487 4157 Τοῦτο
3512 4104 3571 4157 δέ
3603 4101 3698 4156 καὶ
3732 4099 3788 4151 τὸ
3814 4095 3898 4167 μέι

2302 4190 2510 4244 ἐδείκνυ
2540 4188 2589 4221 ’δ
2624 4188 2719 4241 τοῦ
2767 4187 3095 4241 Διδασκάλου
3126 4188 3220 4240 καὶ
3260 4184 3352 4239 τοῦ
3390 4185 3658 4259 μαθητοῦ,
3708 4182 3796 4235 καὶ
3845 4193 3898 4228 το

2302 4277 2491 4340 01106;
2520 4276 2906 4348 παρεμυθεῖτο.
2941 4277 3003 4328 Εἰ
3026 4275 3135 4346 γάρ
3171 4273 3395 4328 ἐπὶτῶν
3420 4273 3517 4327 δύο
3548 4269 3788 4341 ἀδελφῶν
3833 4266 3897 4348 ῘΓ(

2302 4344 2615 4430 νάκτησαν,
2668 4344 2849 4429 πολλῷ
2908 4344 3113 4429 μᾶλλον.
3157 4356 3391 4412 ἐνταῦθα
3414 4372 3427 4385 ·
3479 4355 3635 4410 οῦπω
3684 4352 3789 4422 709
3833 4344 3897 4414 ἦσ

2305 4443 2622 4514 Πνεύματος
2671 4441 2985 4512 ἠξιωμένοι.
3037 4441 3190 4497 Μετὰ
3241 4440 3298 4494 δὲ
3378 4440 3554 4494 ταῦτα
3606 4438 3666 4491 06
3719 4430 3898 4514 τοιοῦτι

2304 4512 2586 4598 Πανταχοῦ
2641 4525 2771 4594 γοῦν
2812 4525 2923 4579 τῶν
2977 4526 3258 4596 πρωτείων
3314 4522 3705 4595 παραχωροῦσι
3740 4516 3815 4586 τῷ
3861 4512 3897 4565 Π

2304 4628 2439 4682 τρῳ,
2499 4609 2594 4663 καὶ
2646 4611 2705 4663 ἐν
2762 4611 2881 4672 ταῖς
2923 4608 3289 4680 δημηγορίαις
3342 4608 3505 4662 06166
3560 4601 3898 4676 προϐάλλοντα

2305 4695 2454 4768 [516]
2489 4694 2732 4762 καίτοιγε
2757 4694 3141 4765 ἀγροικότερον
3164 4694 3271 4747 τῶν
3293 4692 3467 4748 ἄλλων
3488 4682 3893 4768 διακείμενονλί

521 4774 612 4828 τὸν
645 4772 859 4844 καιρὸν,
903 4769 1013 4824 ἀπὸ
1042 4768 1145 4838 τῆς
1176 4768 1360 4838 φωνῆς
1391 4766 1547 4839 δῆλον
1589 4767 1780 4821 ἑαυτὸν
1811 4768 1972 4821 ποιεῖ·
2005 4765 2070 4819 Τί
2107 4762 2202 4821 οὖν
2298 4762 2560 4833 διατί-οὐκ
2595 4762 2976 4842 ἐπέταξε-τοῖς
3020 4762 3241 4847 ἀνέμοις
3276 4777 3610 4837 παύσασθαι,
3665 4771 3775 4827 ἀλλ’
3804 4766 3898 4821 αὐτη

522 4859 552 4911 6
579 4856 803 4928 Πέτρος,
851 4856 880 4908 6
929 4851 1206 4924 πανταχοῦ
1249 4850 1450 4921 θερμὸς
1486 4848 1581 4903 καὶ
1608 4851 1698 4903 ἀεὶ
1722 4850 1831 4904 τῶν
1852 4849 2028 4903 ἄλλων
2068 4866 2195 4921 προ-

2301 4861 2547 4925 ἐκτείνας
2571 4860 2670 4931 τὴν
2713 4865 2868 4932 χεῖρα
2893 4860 3191 4914 ἐπελάϐετο
3220 4861 3422 4928 06106;
3469 4862 3593 4916 Ὅτι
3621 4858 3721 4927 τῆς
3756 4849 3898 4907 ἐκεῖνα

524 4940 744 5011 πτίδῶνὲ
774 4938 973 5006 Κύριεν
998 4937 1052 4989 εἷ
1069 4935 1152 4990 σὺ
1184 4929 1259 4998 εῖν
1295 4933 1455 5015 φησὶν
1499 4932 1799 5015 κέλευσόν
1829 4949 1905 5003 με
1944 4931 2096 5001 πρὸς
2125 4932 2201 4985 σὲ
2301 4946 2537 5007 πίστεως
2568 4929 2694 4997 ἔδει.
2715 4929 2894 4996 ’Ὅταν
2933 4942 3043 5012 γὰρ
3077 4943 3144 4996 10
3170 4944 3299 5015 παρ’
3324 4943 3481 5014 ἡμῶν
3521 4938 3832 5011 ἐλλιμπάνῃ.
3862 4946 3898 4981 κ⁴

520 5023 719 5081 ἐλθεῖν
740 5020 838 5076 ἐπὶ
857 5020 931 5075 τὰ
949 5018 1158 5074 ὕδατα.
1185 5018 1299 5072 Οὐκ
1319 5012 1665 5081 είπεν,Εὖξαι
1685 5015 1780 5069 καὶ
1800 5015 2200 5087 παρακάλεσον,

522 5106 678 5173 ἀλλά,
717 5103 1049 5160 Κέλευσον.
1090 5097 1246 5165 Εἶδες
1287 5100 1428 5172 πόση
1472 5102 1505 5171 ἠ
1549 5099 1856 5171 θερμότης;
1882 5099 2020 5172 πόση
2050 5101 2085 5170 ή
2111 5099 2201 5152 πί-

524 5205 669 5255 011;;
716 5188 974 5256 Καίτοιγε
1006 5188 1071 5241 ἐκ
1110 5183 1301 5239 τούτου
1345 5183 1611 5254 πολλαχοῦ
1657 5182 1978 5247 κινδυνεύει,
2009 5185 2074 5237 ἐκ
2100 5182 2193 5236 τοῦ

522 5270 664 5344 πέρα
693 5270 788 5325 τοῦ
839 5271 1039 5342 μέτρου
1080 5267 1284 5338 ζητεῖν.
1321 5268 1431 5321 Καὶ
1472 5267 1581 5338 γὰρ
1629 5266 1725 5321 καὶ
1770 5265 2005 5320 ἐνταῦθα
2058 5266 2193 5319 πολὺ

526 5355 668 5426 μέγα
680 5355 935 5426 ἐζήτησε,
953 5353 1020 5405 δι’
1034 5353 1254 5423 ἀγάπην
1274 5350 1453 5422 μόνον,
1474 5351 1535 5403 06
1554 5350 1618 5403 δι’
1635 5348 1912 5415 ἐπίδειξιν.
1935 5350 2070 5405 Ούδέ
2089 5350 2157 5419 γά
2165 5368 2196 5421 ρ

524 5434 665 5503 είπε,
695 5436 968 5491 Κέλευσόν
999 5452 1064 5506 με
1098 5434 1312 5504 βαδίσαι
1340 5435 1431 5487 ἐπὶ
1448 5434 1518 5487 10
1555 5432 1725 5487 ὕδατα
1747 5451 1760 5465 ·
1790 5431 2080 5506 ἀλλάἷὸίὸ]
2108 5435 2196 5497 τίς

526 5518 835 5574 Κέλευσόν
870 5536 948 5588 με
974 5517 1172 5573 ἐλθεῖν
1195 5517 1346 5586 πρὸς
1374 5517 1466 5572 σέ.
1512 5517 1701 5581 υὺδεῖς
1732 5516 1841 5588 γὰρ
1878 5516 2051 5580 οὕτως
2082 5518 2199 5587 ἐφί-

524 5603 604 5656 λει
625 5603 715 5657 166
752 5604 982 5674 Ἰησοῦν.
1040 5601 1212 5657 Τοῦτο
1242 5603 1333 5658 καὶ
1374 5600 1513 5672 μετά
1560 5600 1659 5672 τὴν
1688 5600 1984 5655 ἀνάστασιν
2013 5600 2202 5671 ἐποίη-

2298 5028 2370 5082 τά
2392 5026 2545 5099 παρὰ
2570 5026 2664 5081 τοῦ
2700 5025 2836 5079 Θεοῦ
2859 5027 3091 5080 ἵσταται.
3118 5028 3343 5089 Δεικνὺς
3374 5026 3550 5080 τοίνυν
3578 5028 3658 5080 ὅτι
3685 5022 3777 5090 οὐχ
3806 5017 3835 5085 ἡ
3858 5027 3898 5064 τι

2300 5108 2501 5178 ἀνέμου
2524 5105 2750 5177 ἐμϐολὴ,
2775 5104 2889 5159 ἀλλ’
2920 5106 2954 5175 ἡ
2983 5103 3193 5159 ἐκείνου
3235 5106 3576 5175 όλιγοπιστία
3594 5104 3689 5174 τὴν
3714 5109 3898 5167 περιτρ·

2306 5192 2413 5263 πὴν
2437 5190 2751 5261 εἰργάσατο,
2777 5189 2940 5260 φησίν
2958 5206 2971 5219 ·
3003 5191 3107 5256 Είς
3125 5190 3185 5243 τι
3205 5190 3557 5257 ἐδίστασας,
3588 5184 3898 5263 ὀλιγόπιστξ

2293 5257 2454 5328 Ὥστε
2486 5257 2533 5327 εί
2560 5274 2633 5343 μὴ
2661 5275 2694 5343 ή
2726 5257 2911 5336 πίστις
2945 5273 3238 5345 ἠσθένησε,
3263 5276 3360 5328 καὶ
3392 5275 3530 5347 πρὸς
3557 5274 3643 5327 τὸν
3673 5269 3855 5335 ἄνεμον

2293 5358 2423 5429 ἔστη
2458 5339 2801 5429 ῥᾳδίως-Διά
2823 5374 2903 5410 τοι
2932 5339 3091 5411 τοῦτο
3113 5339 3208 5411 καὶ
3234 5339 3619 5430 ἐπιλαϐόμενος
3645 5339 3898 5430 αὐτοῦηςεί

2294 5423 2588 5511 ἄνεμον-ἐᾷ
2625 5442 2798 5502 πνεῖν,
2850 5439 3025 5508 δηλῶν
3057 5440 3103 5472 ’⁸
3135 5441 3216 5495 611
3250 5441 3400 5494 οὐδὲν
3445 5423 3647 5502 ἐκεῖνος
3684 5423 3898 5511 παραδλίξ

2297 5503 2440 5582 πτεί.
2468 5503 2596 5576 6106
2628 5524 2660 5594 ἡ
2692 5503 2930 5598 πίστιςῇ
2962 5527 3262 5593 πεπηγυῖα.
3318 5525 3427 5577 Καὶ
3468 5522 3709 5589 καθάπερ
3748 5503 3898 5566 νεοττὶ

2298 5606 2405 5677 ’περὺ
2430 5606 2623 5678 καιροῦ
2649 5607 2747 5677 τῆς
2777 5606 2971 5670 καλιᾶς
3005 5606 3290 5674 ἐξελθόντα
3320 5609 3367 5641 ’⁸
3394 5608 3487 5662 καὶ
3520 5605 3765 5680 μέλλοντα
3785 5602 3898 5647 κατα

596 5784 641 5815 ⁸⁸
670 5783 802 5856 Quae
858 5784 1214 5849 inclusimus,
1254 5800 1365 5856 πότι
1418 5784 1722 5856 usumin
1771 5783 1938 5856 Κῷ.
1982 5781 2051 5856 Μ.
2088 5798 2190 5856 nec
2229 5784 2284 5838 in
2322 5784 2433 5856 suis
2494 5784 2741 5852 legerunt
2779 5785 3131 5856 Interpretes.
3207 5787 3327 5829 ⁸⁸-⁹¹
3351 5788 3438 5844 Sic
3471 5787 3538 5843 Η.
3589 5785 3644 5840 L.
3672 5779 3772 5856 Ep;
3790 5768 3897 5856 γυιε

524 5854 898 5925 ὴσμενίζοντο.
973 5856 1017 5886 ⁹¹
1045 5853 1336 5925 ἐπέτρεψε]
1364 5855 1486 5909 add.
1505 5855 1592 5908 610
1612 5854 1711 5925 τὴν
1740 5853 2004 5976 πολλὲςοηπ
2072 5870 2097 5915 ς
2117 5854 2277 5907 06166
2300 5855 2409 5923 070
2490 5872 2518 5906 ν
2541 5856 2607 5911 G.

529 5942 618 5978 ται
647 5922 710 5979 G.
751 5923 814 5979 Κ.
860 5924 927 5978 Μ.
996 5938 1047 5993 p.
1085 5938 1140 5992 p.
1171 5923 1573 5993 παραμυθεῖται
1602 5924 1665 5979 G.
1758 5925 1803 5956 ’⁸
1833 5923 1897 5992 δη
1932 5854 2270 5993 ωνῗὸδεικνὺς
2299 5872 2565 5982 Εᾱὰἶπίίίε
2587 5942 2607 5980 ί

2092 5941 2270 5990 εικνυς
2301 5941 2433 5982 nua.

529 5922 618 5978 ται
647 5922 710 5979 G.
751 5923 814 5979 Κ.
860 5924 927 5978 Μ.
996 5938 1047 5993 p.
1085 5938 1140 5992 p.
1171 5922 1573 5993 παρα-μυθεῖται
1602 5922 1680 5979 (3.⁷
1758 5925 1803 5956 ’⁸
1833 5922 2008 5992 δηλῶν

531 5994 706 6053 Inedia
737 6011 790 6066 p.
817 5994 937 6048 518.
999 5991 1053 6026 ⁵⁸
1081 5991 1403 6063 προελθόντα
1436 5991 1569 6048 Edd.

2708 5856 2753 5936 ’ξ
2770 5858 2855 5936 εζη
2968 5856 3037 5910 Μ.
3061 5841 3309 5936 (ἶφι-τεῇς
3335 5841 3549 5936 ξξοπῑεί.
3639 5854 3678 5885 ’⁸

2490 5925 2565 5982 iic
2587 5926 2697 5980 duo
2727 5921 2854 5981 τι)Ιὶιὶ
2886 5926 3085 5982 desum
3117 5929 3171 5983 in
3203 5929 3323 5983 cod.
3349 5929 3416 5982 Μ.
3445 5921 3534 5999 ιιιίί
3571 5934 3742 5984 rursus
3763 5921 3898 5978 incl!"
