4088 6224
345 318 454 376 ωδ

347 434 516 503 magis
545 429 665 485 illos
690 423 1056 491 inflammavit,
1089 431 1153 479 ut»
1177 421 1255 477 sui
1281 430 1590 490 perpetuam
1606 413 1925 470 memoriam

346 525 659 580 retinerent.
689 520 812 575 Ideo
836 533 942 573 non
975 518 1152 571 statim
1183 516 1285 568 illis
1312 511 1479 566 adfuit
1506 528 1519 563 :
1554 524 1676 563 nam
1703 507 1777 561 ait
1800 524 1814 560 :
1835 503 1927 559 25‘.

353 615 548 682 Quarta
593 611 824 667 custodia
864 610 1023 663 noctis
1064 607 1195 661 uenit
1236 606 1303 658 ad
1339 620 1423 658 eos
1465 601 1731 655 ambulans
1775 611 1932 667 supra

349 723 525 773 utare,-
554 714 613 758 ut
638 702 855 757 doceret
878 701 996 755 illos
1026 713 1091 752 ne
1112 697 1368 751 malorum
1400 696 1558 748 linem
1592 692 1931 758 citoqmere-

357 806 496 864 rent,
537 795 630 851 sed
670 809 789 864 quae
829 791 1139 848 accidebant
1188 787 1395 842 fortiter
1442 786 1659 840 ferrent.
1710 779 1935 849 Quando

356 892 515 961 igitur
539 883 921 955 exspectabant
955 898 1016 938 se
1062 880 1365 937 liberandos
1404 892 1543 942 esse,
1576 887 1686 930 tum
1723 884 1933 928 auctum

266 1028 269 1031 λ
358 990 442 1036 ost
469 978 759 1050 periculum
783 985 838 1032 et
870 976 1027 1030 timor
1051 974 1259 1042 major:
1290 987 1414 1026 nam
1444 969 1612 1039 inquit
1641 968 1765 1023 εἰσ.
1811 965 1937 1019 Cum

357 1073 583 1143 uiderent
608 1086 721 1123 eum
744 1066 978 1139 discipuli
1002 1065 1344 1120 ambulantem
1384 1078 1540 1131 supra
1570 1076 1726 1121 mare,
1754 1056 1938 1111 turbati

358 1172 497 1227 sunt,
529 1161 746 1214 dicentes
771 1161 1069 1227 phantasma
1106 1170 1233 1220 esse,
1265 1162 1311 1207 et
1336 1167 1443 1223 pra:
1479 1151 1657 1204 timore
1692 1149 1940 1202 clamave-

361 1264 502 1308 runt.
532 1254 753 1321 Semper
776 1251 918 1306 enim
955 1248 1057 1304 hoc
1096 1248 1221 1302 facit
1250 1264 1264 1300 :
1293 1260 1413 1301 cum
1436 1256 1703 1299 aerumnas
1739 1240 1942 1297 solutu-

364 1362 458 1402 rus
485 1355 586 1411 est,
618 1345 748 1399 alias
774 1342 1049 1415 graviores
1090 1340 1251 1396 infert
1292 1351 1346 1395 et
1384 1337 1731 1394 terribiliores
1757 1352 1771 1389 :
1800 1333 1941 1405 quod

365 1438 526 1493 etiam
558 1447 683 1492 tunc
721 1434 964 1505 contigit.
1005 1432 1136 1488 Nam
1175 1441 1231 1487 et
1274 1438 1582 1499 tempestas,
1628 1442 1727 1483 nec
1768 1427 1945 1481 minus

366 1530 540 1583 visum
569 1527 714 1590 illud,
747 1526 892 1595 ipsos
919 1523 1169 1589 turbavit,
1202 1522 1325 1577 ideo
1362 1535 1536 1591 neque
1562 1520 1808 1574 tenebras
1835 1515 1945 1571 sol-

367 1623 461 1688 vit,
494 1637 666 1690 neque
690 1620 924 1689 seipsnm
963 1619 1140 1671 statim
1162 1614 1413 1681 ostendit,
1440 1627 1699 1668 exercens
1724 1609 1864 1669 illos,
1891 1615 1949 1661 ut

365 1714 496 1778 dixi,
525 1728 619 1784 per
644 1720 908 1767 terrorum
943 1708 1330 1773 assiduitatem,
1353 1715 1409 1761 et
1435 1706 1635 1760 docens
1659 1711 1715 1757 ut
1746 1701 1951 1771 patient.

368 1816 450 1860 tes
471 1809 673 1858 essent.
696 1801 807 1856 Hoc
827 1809 883 1855 et
911 1800 963 1854 in
990 1799 1126 1855 Jobo
1158 1798 1317 1860 fecit;
1343 1811 1465 1851 cum
1501 1795 1642 1850 enim
1674 1803 1872 1859 metum
1898 1802 1953 1847 et

369 1895 720 1951 teutationem
751 1892 1019 1947 soluturus
1043 1897 1177 1955 erat,
1215 1898 1340 1943 tunc
1388 1887 1545 1941 linem
1573 1884 1809 1953 permisit
1834 1898 1954 1936 esse

372 1983 672 2053 graviorem
697 1997 713 2045 ;
752 1997 858 2035 non
901 1996 967 2035 ex
993 1988 1166 2034 morte
1192 1978 1444 2041 ﬁliorum,
1474 1990 1645 2045 neque
1674 1990 1739 2029 ex
1775 1974 1957 2029 uxoris

376 2072 553 2135 dictis,
596 2069 691 2126 sed
719 2084 786 2125 ex
811 2069 1112 2140 opprobriis
1149 2082 1428 2125 servorum
1468 2076 1524 2123 et
1554 2067 1866 2122 amicorum.
1891 2064 1959 2119 Et

377 2177 500 2216 cum
527 2160 783 2217 Iacobum
814 2160 865 2215 in
902 2160 1177 2230 peregrina
1202 2166 1348 2216 terra
1375 2174 1405 2213 a
1441 2157 1654 2213 miseria
1680 2165 1959 2225 erepturus

377 2262 514 2320 erat,
546 2255 801 2325 exagitari
832 2255 979 2309 illum
1010 2264 1065 2308 et
1090 2253 1345 2321 majorem
1370 2252 1572 2321 perpeti
1604 2250 1728 2305 sivit
1755 2256 1961 2318 pertur-

379 2346 667 2403 bationem.
714 2345 848 2400 Nam
901 2359 1056 2399 socer
1113 2343 1228 2413 ejus
1276 2341 1667 2412 apprehensum
1718 2340 1962 2395 occidere

382 2436 702 2502 minabatur,
728 2446 784 2491 et
826 2446 944 2506 post
983 2435 1128 2490 illum
1176 2435 1342 2489 frater
1369 2435 1661 2503 excipiens,
1691 2432 1743 2487 in
1780 2441 1960 2486 extre-

381 2543 528 2582 mum
555 2527 849 2597 periculum
871 2526 1116 2596 conjecit.
1141 2524 1273 2593 Quia
1295 2525 1437 2580 enim
1465 2540 1571 2579 non
1601 2522 1964 2594 possuntjusti

382 2619 635 2673 diuturno
661 2628 901 2689 tempore
925 2620 1273 2673 vehementer
1302 2617 1518 2685 tentari,
1545 2632 1664 2672 cum
1695 2633 1758 2671 ex
1798 2625 1969 2671 certa-

386 2712 532 2766 mine
559 2711 768 2765 evasuri
794 2719 939 2777 sunt,
977 2721 1034 2765 ut
1061 2710 1231 2780 majus
1260 2709 1466 2764 lucrum
1498 2717 1791 2777 reportent,
1819 2723 1972 2762 exer-

384 2804 671 2860 citationes
692 2811 870 2874 auget.
919 2802 974 2858 Id
1017 2804 1178 2858 etiam
1210 2803 1262 2857 in
1290 2801 1595 2857 Abrahamo
1638 2801 1780 2867 fecit,
1821 2801 1973 2869 cujus

390 2906 717 2965 postremum
754 2902 1028 2949 certamen
1080 2892 1435 2947 immolandus
1484 2892 1625 2946 filius
1669 2900 1785 2947 erat
1818 2889 1970 2960 (Gen.

390 2988 477 3046 2i.
506 2987 584 3057 l).
608 2986 759 3041 Tune
784 2986 925 3041 enim
953 2984 1304 3040 intolerabilia
1326 2983 1541 3039 tolerari
1565 2991 1831 3053 poterunt,
1851 2997 1971 3037 cum

393 3081 447 3135 in
469 3079 668 3150 januis,
707 3090 765 3133 ut
810 3080 879 3133 ita
909 3077 1107 3144 dicam,
1138 3078 1457 3141 inferuntur,
1502 3085 1556 3131 et
1591 3077 1696 3144 jam
1727 3076 1973 3144 proxima

393 3182 477 3228 est
504 3171 769 3226 liberatio.
801 3170 911 3225 Hoc
933 3178 989 3225 et
1016 3178 1141 3225 tunc
1165 3169 1309 3236 fecit,
1341 3183 1441 3223 nec
1465 3168 1613 3239 prius
1642 3166 1886 3222 Christus
1916 3182 1975 3222 se

395 3265 525 3333 ipsis
562 3263 988 3335 cognoscendum
1041 3262 1305 3333 praebuit,
1363 3260 1537 3317 donec
1590 3261 1973 3316 clamaverunt.

394 3358 603 3424 Quanto
622 3356 766 3411 enim
799 3355 969 3424 major
996 3364 1110 3409 erat
1140 3354 1441 3423 trepidatio,
1468 3363 1615 3408 tanto
1642 3353 1843 3423 gratior
1862 3352 1979 3421 ejus

395 3449 682 3519 praesentia
729 3446 1009 3501 videbatur
1054 3447 1203 3517 ipsis.
1252 3448 1383 3501 Cum
1436 3446 1579 3501 enim
1627 3446 1978 3510 clamassent,

396 3543 472 3596 ait
501 3558 516 3595 :
543 3542 632 3596 27.
658 3540 841 3596 Statim
869 3540 1102 3612 loquutus
1135 3549 1206 3594 est
1234 3540 1336 3594 illis
1371 3540 1523 3594 Jesus
1565 3539 1734 3594 dicens
1759 3556 1778 3594 :
1805 3540 1981 3608 Con/i-

399 3636 522 3703 dite,
551 3651 642 3706 ego
669 3650 803 3700 sum,
832 3633 987 3688 nolite
1014 3634 1205 3688 timere.
1236 3633 1348 3687 Hoc
1375 3632 1572 3688 dictum
1610 3634 1853 3688 timorem
1892 3648 1986 3686 ex-

400 3726 588 3790 cussit,
621 3733 674 3778 et
700 3723 946 3779 ﬁduciam
979 3723 1183 3778 indidit.
1214 3723 1347 3789 Quia
1382 3724 1524 3778 enim
1566 3723 1736 3791 ipsum
1772 3732 1897 3777 tunc
1918 3721 1986 3777 de

403 3818 532 3873 facie
559 3833 663 3871 non
690 3822 968 3880 noverant,
1002 3826 1055 3870 et
1077 3815 1148 3870 ob
1169 3814 1458 3869 inauditum
1474 3814 1780 3869 ambulandi
1798 3829 1985 3883 genus,

400 3918 457 3964 et
485 3907 556 3962 ob
582 3908 753 3962 noctis
785 3916 1009 3976 tempus,
1058 3922 1089 3960 a
1133 3921 1277 3960 voce.
1300 3919 1360 3960 se
1398 3905 1726 3961 noscendum
1763 3905 1985 3974 praebet.

401 3997 540 4065 Quid
580 3998 738 4067 igitur
779 3997 984 4059 Petrus,
1039 4011 1253 4065 semper
1303 3995 1569 4061 fervidus,
1613 4010 1827 4065 semper
1863 4006 1989 4052 ante

402 4091 536 4144 alios
564 4088 901 4160 praesiliens?
929 4088 1019 4143 28.
1048 4086 1286 4155 Domine,
1332 4088 1377 4142 si
1420 4097 1475 4141 tu
1519 4105 1592 4151 es,
1636 4088 1824 4158 inquit,
1864 4088 1992 4160 jube

404 4198 485 4235 me
511 4182 678 4235 uenire
718 4181 788 4233 ad
810 4188 859 4234 te
895 4195 1047 4249 super
1074 4196 1251 4244 aquas.
1291 4178 1406 4233 Non
1445 4178 1619 4234 dixit:
1650 4180 1754 4235 Ora
1782 4188 1835 4234 et
1873 4194 1995 4251 pre—

406 4286 552 4337 care,
581 4270 677 4327 sed
704 4269 856 4324 lube.
884 4269 1071 4325 Viden’
1083 4280 1326 4341 'quantus
1355 4270 1566 4327 fervor?
1592 4281 1795 4342 quanta
1822 4271 1993 4328 fides?

405 4366 737 4433 Quamquam
776 4361 901 4417 hinc
940 4377 1083 4432 smpe
1120 4363 1525 4434 periclitaretur,
1568 4363 1708 4435 quod
1740 4365 1887 4420 ultra:
1919 4367 1997 4418 vi-

408 4455 547 4510 tium
580 4468 881 4508 mensuram
909 4463 1190 4523 quwreret.
1231 4455 1361 4510 Nam
1412 4455 1507 4510 hie
1541 4471 1653 4512 rem
1708 4458 1993 4511 maximam

410 4547 733 4618 postulabat,
771 4547 840 4601 ob
881 4547 1155 4603 caritatem
1195 4548 1389 4616 solum,
1436 4564 1541 4603 non
1585 4550 1650 4604 ad
1681 4550 1992 4605 ostentatio-

410 4653 555 4693 nem.
578 4638 691 4693 Non
719 4638 859 4694 enim
882 4636 1033 4701 dixit,
1064 4637 1306 4694 lube-me
1320 4639 1592 4694 ambulare.
1616 4654 1779 4709 super
1795 4656 1994 4711 aquas;

410 4732 506 4788 sed
529 4731 695 4802 quid?
718 4730 851 4785 Juba
891 4747 970 4785 me
999 4732 1166 4785 uenire
1187 4732 1256 4785 ad
1293 4741 1358 4786 te.
1390 4732 1560 4788 Nemo
1587 4733 1784 4805 quippe
1813 4735 1883 4788 ita
1911 4733 2001 4789 Je-

412 4838 530 4879 sum
560 4823 790 4878 amabat.
828 4822 956 4877 Illud
986 4823 1145 4878 etiam
1197 4833 1317 4895 post
1362 4825 1808 4881 resurrectionem
1848 4825 1992 4881 fecit.

411 4916 595 4988 Neque
637 4917 779 4971 enim
810 4917 1063 4972 sustinuit
1101 4934 1223 4973 cum
1266 4918 1387 4974 aliis
1416 4920 1619 4987 venire,
1665 4921 1759 4976 sed
1797 4936 2002 4992 prmon-

412 5008 604 5064 eurrit.
635 5007 743 5063 Nec
765 5009 926 5062 modo
962 5010 1181 5076 amoris,
1212 5011 1306 5066 sed
1335 5012 1496 5067 etiam
1528 5013 1651 5069 fidei
1692 5030 1805 5069 sua:
1842 5031 2000 5085 argu-

413 5111 591 5155 menta
633 5099 856 5169 praebet.
898 5100 1079 5171 Neque
1123 5102 1297 5157 solum
1348 5104 1573 5160 credidit
1622 5120 1779 5176 posse
1828 5106 1999 5175 ipsum

1418 303 1487 361 IN
1530 288 1937 358 MA'ITHEUM
1978 285 2210 346 HOMIL.
2254 289 2313 346 l..
2355 293 2424 348 al.
2467 291 2569 349 ιη

2037 407 2367 475 apprehendit
2385 423 2529 472 cum,
2555 416 2602 462 et
2630 406 2751 461 dicit
2778 406 2825 461 ei
2845 424 2864 462 :
2894 407 3112 461 Modica:
3148 408 3288 476 ﬁdei,
3329 424 3483 476 quare
3509 409 3620 467 due.

2038 500 2205 554 bitasti
2224 500 2255 553 .’
2279 500 2390 554 Hoc
2415 499 2596 569 priore
2617 499 2914 556 mirabilius
2930 508 3030 557 est.
3061 499 3182 555 Ideo
3221 510 3339 570 post
3374 500 3502 555 illud
3516 492 3620 556 ’ξιο-

2040 593 2185 647 cidit.
2215 593 2345 648 Cum
2384 595 2527 648 enim
2557 584 2878 649 ostendisset
2919 609 2978 650 se
3018 595 3150 649 mari
3182 596 3465 665 imperare,
3498 606 3623 651 tunc

2040 687 2246 759 signum
2274 687 2566 743 mirabilius
2594 687 2788 743 effecit.
2811 687 2964 743 Tunc
2984 690 3125 743 enim
3152 689 3324 743 ventis
3348 689 3627 757 imperavit

2046 789 2284 846 tantum;
2315 796 2456 835 nunc
2498 792 2675 837 autem
2704 781 2898 850 et-ipse
2932 781 3184 844 ambulat,
3216 790 3268 836 et
3312 782 3471 835 alium
3504 797 3625 852 per-

2044 874 2205 928 mittit
2228 874 2548 928 ambulare:
2578 872 2719 941 quod
2747 874 2790 927 si
2815 874 2961 927 initio
2982 873 3247 942 jnssisset,
3278 890 3383 927 non
3408 874 3487 929 sic
3509 890 3625 928 eam

2046 981 2156 1019 rem
2185 965 2508 1034 suscepisset
2534 963 2743 1028 Petrus,
2775 963 2896 1032 quia
2925 963 3158 1017 nondum
3204 973 3345 1017 tanta
3376 963 3626 1033 prteditus

2045 1066 2160 1110 crat
2186 1056 2319 1109 fide.

2117 1152 2172 1206 2.
2200 1152 2309 1206 Cur
2334 1165 2463 1220 ergo
2490 1150 2733 1205 Christus
2761 1149 2812 1204 id
2843 1149 3121 1217 permisit?
3159 1148 3289 1217 Quia
3317 1150 3361 1204 si
3388 1148 3629 1206 dixisset.

2048 1243 2164 1299 Non
2192 1252 2365 1313 potes,
2399 1242 2507 1310 ille,
2533 1242 2622 1312 qui
2652 1241 2861 1296 fervens
2878 1249 3012 1306 erat,
3034 1241 3460 1295 contradixisset.
3487 1239 3634 1294 ideo-

2051 1351 2155 1407 que
2179 1351 2246 1390 ex
2274 1335 2387 1405 ipsa
2416 1350 2476 1390 re
2517 1334 2666 1389 illum
2697 1333 2748 1389 id
2788 1347 3097 1403 persuasum
3138 1332 3339 1388 habere
3364 1333 3550 1397 voluit,
3578 1342 3638 1387 ut

2052 1429 2107 1482 in
2147 1425 2327 1480 futuro
2365 1424 2658 1481 modestior
2682 1432 2841 1478 esset.
2882 1422 2988 1479 Sed
3031 1438 3204 1493 neque
3248 1422 3328 1477 sic
3373 1438 3432 1478 se
3462 1431 3639 1492 potest

2053 1521 2348 1576 continere.
2378 1518 2511 1575 Cum
2554 1518 2916 1574 descendisset
2956 1518 3133 1587 igitur,
3176 1516 3419 1571 ﬂuctibus
3459 1515 3639 1586 exagi-

2056 1613 2264 1667 tabatur
2292 1630 2306 1665 :
2336 1611 2557 1666 timebat
2579 1611 2742 1665 enim.
2784 1608 2853 1665 Ut
2891 1610 3265 1679 exagitaretur.
3300 1608 3489 1663 ﬂuctus
3513 1608 3640 1663 effc-

2056 1704 2155 1768 cit;
2187 1712 2245 1757 ut
2271 1703 2501 1767 timeret,
2545 1711 2755 1755 ventus.
2793 1700 3026 1755 Joannes
3069 1698 3217 1772 (Cap.
3246 1700 3299 1754 6.
3322 1699 3415 1769 21)
3464 1706 3640 1753 autem

2058 1799 2151 1860 ait,
2175 1795 2404 1849 voluisse
2424 1809 2516 1849 eos
2537 1795 2707 1865 ipsum
2736 1793 2787 1847 in
2822 1792 3118 1847 naviculam
3143 1792 3403 1862 accipere,
3433 1800 3487 1846 et
3513 1805 3645 1845 con-

2061 1887 2234 1942 festim
2272 1885 2568 1941 naviculam
2599 1885 2808 1941 venisse
2834 1884 2898 1939 ad
2932 1894 3149 1949 terram,
3176 1884 3240 1939 ad
3270 1899 3437 1959 quam
3463 1882 3646 1943 tentia-

2064 1979 2225 2043 bant;
2276 1979 2502 2048 idipsum
2551 1978 2878 2048 significans,
2912 1979 2980 2031 ita
3016 1987 3072 2031 ut
3097 1993 3219 2037 cum
3244 1978 3309 2030 ad
3340 1986 3535 2032 terram
3556 1992 3649 2045 ap-

2064 2068 2266 2139 pulsuri
2300 2078 2500 2134 essent,
2534 2069 2585 2123 in
2626 2069 2890 2139 navigium
2913 2068 3243 2125 ascenderet.
3268 2066 3399 2125 Cum
3429 2066 3652 2121 descen-

2064 2161 2269 2217 dis-sent
2295 2176 2422 2232 ergo
2447 2161 2514 2216 de
2540 2161 2691 2229 navi,
2716 2161 2784 2215 ad
2810 2162 2982 2229 ipsum
3010 2160 3137 2223 ibat,
3168 2176 3275 2213 non
3304 2160 3373 2213 ita
3414 2160 3653 2229 gaudens

2066 2253 2216 2323 quod
2256 2268 2416 2323 supra
2456 2269 2623 2323 aquas
2665 2253 2981 2317 ambularet,
3009 2267 3169 2322 quam
3196 2252 3431 2321 quodad
3481 2252 3652 2321 ipsum

2066 2347 2271 2400 veniret
2307 2362 2321 2399 :
2350 2354 2546 2400 etcum
2578 2343 2628 2399 id
2658 2344 2799 2414 quod
2828 2343 3000 2414 majus
3020 2352 3136 2398 erat
3161 2354 3558 2414 assequerctur,
3588 2360 3652 2397 ex

2068 2438 2262 2495 minori
2294 2437 2699 2508 periclitaturus
2727 2446 2865 2501 erat,
2902 2452 2933 2490 a
2966 2436 3119 2492 venti
3146 2435 3267 2490 dico
3297 2435 3519 2503 impetu,
3550 2453 3654 2488 non

2070 2545 2102 2586 a
2133 2531 2284 2585 mari.
2315 2529 2456 2583 Talis
2483 2530 2679 2599 quippe
2708 2536 2792 2583 est
2828 2527 3055 2583 humana
3093 2538 3279 2582 natura
3310 2543 3322 2580 :
3357 2542 3500 2597 saepe
3536 2542 3656 2581 cum

2075 2638 2264 2693 magna
2292 2622 2577 2692 superavit,
2605 2637 2634 2675 a
2659 2622 2952 2674 minoribus
2982 2620 3228 2673 vincitur.

2154 2714 2332 2769 Petrus
2358 2732 2458 2768 non
2489 2714 2585 2767 nisi
2611 2713 2869 2781 deficiente
2908 2713 3008 2777 [ide
3039 2729 3187 2780 super
3214 2728 3370 2780 aquas
3401 2711 3651 2764 titubavit.

2079 2807 2307 2862 Christus
2352 2806 2629 2859 divinitatis
2674 2820 2779 2858 sure
2824 2806 2976 2874 [idem
3017 2805 3307 2857 adstruebat
3354 2802 3539 2857 nedum
3577 2805 3660 2856 de-

2078 2906 2310 2952 strueret.
2356 2895 2421 2949 In
2448 2895 2771 2948 Eucharistia
2796 2894 2960 2966 ipsum
3005 2894 3193 2949 Christi
3219 2911 3401 2963 corpus
3440 2893 3661 2947 comedi-

2079 2998 2178 3044 tur.
2196 2989 2432 3058 —Qnod
2452 2991 2610 3043 etiam
2632 2989 2775 3043 Elias
2791 2989 2890 3043 sub
2911 2988 3155 3043 Jezabele
3180 3003 3370 3058 passus
3392 2996 3492 3048 est,
3522 2984 3662 3056 quod

2081 3083 2290 3156 Moyses
2310 3084 2375 3137 ah
2396 3083 2669 3154 Egyptio,
2695 3083 2861 3137 David
2886 3098 2916 3136 a
2941 3082 3225 3136 Bersabee.
3252 3081 3324 3135 Ita
3346 3089 3401 3135 et
3432 3078 3620 3133 Petrus
3649 3095 3664 3131 :

2083 3176 2311 3231 instante
2345 3176 2520 3231 adhuc
2560 3186 2764 3231 terrore
2801 3191 2964 3245 super
2990 3189 3158 3246 aquas
3193 3173 3472 3228 ambulare
3508 3187 3667 3228 ausus

2084 3281 2186 3336 est,
2217 3271 2309 3325 sed
2348 3280 2533 3325 contra
2576 3274 2719 3326 venti
2760 3272 3017 3339 impetum
3060 3281 3203 3326 stare
3244 3284 3350 3325 non
3395 3269 3585 3341 potuit,
3619 3278 3670 3323 et

2087 3363 2187 3418 hoc
2231 3379 2351 3417 cum
2388 3377 2553 3433 prope
2592 3362 2864 3417 Christum
2903 3372 3064 3419 esset.
3108 3363 3181 3417 Ita
3223 3362 3353 3417 nihil
3379 3361 3530 3431 juvat
3555 3375 3672 3416 esse

2086 3471 2252 3526 prope
2276 3456 2568 3522 Christum,
2594 3456 2695 3511 nisi
2729 3456 2833 3512 fide
2862 3472 3025 3527 prope
3050 3458 3144 3512 sis.
3174 3456 3287 3512 Hoc
3314 3471 3476 3528 porro
3496 3470 3668 3526 qUan-

2090 3557 2200 3602 tum
2221 3558 2363 3602 esset
2390 3548 2528 3602 inter
2554 3548 2865 3618 Magistrum
2900 3556 2956 3602 et
2979 3548 3297 3618 discipulum
3336 3547 3675 3603 intervallum

2088 3640 2340 3704 ostendit,
2368 3640 2589 3708 aliisque
2616 3639 3112 3699 consolatiouifuit.
3146 3639 3273 3694 Nam
3304 3639 3347 3693 si
3375 3638 3443 3693 de
3471 3638 3675 3695 duobus

2094 3732 2348 3793 fratribus
2386 3733 2506 3789 irati
2537 3741 2681 3797 sunt,
2722 3734 2890 3791 multo
2926 3733 3092 3803 magis
3128 3731 3214 3791 hic
3249 3732 3501 3802 indignati
3546 3732 3676 3786 fuisv

2093 3831 2258 3882 sent;:
2295 3822 2531 3882 nondum
2574 3822 2715 3876 enim
2755 3822 3009 3892 Spiritum
3047 3831 3311 3883 sanctum
3342 3834 3678 3894 acceperant.

2096 3913 2199 3969 Sed
2228 3922 2552 3984 posteanon
2584 3913 2722 3969 tales
2767 3914 2999 3968 fuerunt.
3045 3913 3261 3984 Ubique.
3296 3913 3437 3973 enim
3484 3918 3681 3983 primas

2097 4004 2586 4069 Petroconcedunt,
2614 4015 2668 4061 et
2696 4005 2761 4060 ad
2792 4007 3077 4062 conciones
3106 4002 3343 4075 publicas
3370 4004 3682 4076 illumprm-

2097 4098 2560 4169 ferunt,,quamvis
2583 4098 2791 4153 czeteris
2811 4098 2994 4153 rndior
3019 4097 3304 4153 videretur.
3331 4098 3434 4154 Sed
3462 4114 3567 4157 cur,
3581 4114 3683 4153 non

2099 4190 2378 4259 imperavit
2406 4189 2577 4245 ventis
2623 4198 2681 4244 nt
2717 4191 3071 4261 quiescerent,
3119 4190 3212 4246 sed
3260 4204 3477 4247 extensa
3527 4207 3685 4247 manu

2098 4280 2450 4351 apprehendit
2498 4281 2661 4337 eum?
2688 4282 2822 4351 Quia
2860 4281 2963 4338 fide
3006 4283 3172 4353 ipsius
3212 4300 3347 4355 opus
3378 4294 3509 4342 erat.
3552 4285 3684 4339 Cum

2100 4374 2244 4430 enim
2271 4382 2448 4428 nostra
2482 4373 2751 4441 desinunt,
2775 4390 2890 4445 quae
2922 4374 3014 4430 Dei
3047 4384 3171 4429 sunt
3208 4376 3365 4431 etiam
3408 4378 3683 4431 sistuntur.

2101 4464 2401 4521 Ostendens
2435 4466 2613 4535 igitur,
2646 4480 2751 4519 non
2791 4465 2931 4520 venti
2968 4467 3243 4534 impetum,
3290 4466 3382 4521 sed
3426 4466 3686 4521 modicam

2102 4559 2220 4627 ejus
2246 4557 2403 4613 fidem
2445 4557 2618 4628 ipsum
2651 4557 2930 4623 evertisse,
2969 4557 3082 4611 ait:
3110 4554 3328 4615 Modica:
3356 4556 3493 4626 ﬁdei,
3534 4573 3690 4628 quare

2104 4652 2386 4706 dubitasti?
2411 4650 2590 4722 Itaque
2616 4650 2715 4705 nisi
2742 4650 2874 4706 ﬁdes
2894 4649 3102 4705 infirma
3137 4648 3343 4715 fuisset,
3375 4649 3533 4704 etiam
3555 4665 3689 4704 con-

2107 4756 2187 4802 tra
2229 4754 2447 4801 ventum
2490 4744 2645 4800 facile
2696 4745 2950 4801 stetisset.
2994 4745 3327 4820 Quapropter
3372 4744 3462 4796 illo
3503 4758 3692 4813 appre-

2106 4837 2295 4902 henso,
2322 4848 2539 4919 ventum
2580 4836 2707 4893 flare
2753 4837 2980 4899 sinebat,
3012 4834 3301 4891 ostendens
3343 4833 3473 4889 nihil
3516 4833 3690 4905 ipsum

2107 4930 2324 4995 laedere,
2356 4931 2401 4985 si
2439 4930 2571 4985 fides
2613 4931 2763 4984 firma
2806 4940 2971 4985 esset.
3018 4928 3088 4989 Et
3132 4928 3270 4983 sicut
3308 4927 3530 4996 pullum,
3570 4935 3693 4983 ante

2107 5031 2316 5093 tempus
2364 5038 2395 5077 e
2449 5022 2573 5076 nido
2619 5036 2918 5093 egressum,
2969 5030 3024 5075 et
3061 5018 3279 5089 jamjam
3332 5020 3689 5088 delapsurnm,

2109 5126 2279 5172 mater
2305 5117 2405 5171 alis
2437 5124 2742 5170 sustentans
2779 5115 2829 5168 iu
2870 5111 3306 5178 nidumreducit,
3338 5111 3416 5166 sic
3453 5120 3506 5167 et
3543 5111 3700 5167 Chri-

412 5192 687 5247 ambulare
714 5206 871 5261 supra
905 5208 1070 5255 mare,
1102 5193 1194 5248 sed
1225 5196 1382 5250 etiam
1413 5198 1531 5252 aliis
1568 5212 1751 5267 parem
1782 5199 2003 5255 faculta-
2024 5208 2082 5254 δ”
2109 5218 2223 5262 stus
2261 5207 2403 5263 fecit.
2450 5205 2539 5262 δί,
2573 5204 2775 5259 Etcum
2800 5204 3137 5263 ascendissent
3163 5203 3217 5257 in
3243 5203 3543 5264 nauiculam,
3580 5213 3697 5256 tunc

414 5290 523 5338 tem
575 5282 706 5338 dare
749 5302 763 5336 :
804 5284 1176 5356 desideratqne
1216 5288 1322 5342 cito
1358 5289 1423 5342 ad
1473 5290 1646 5359 ipsum
1699 5296 2000 5361 pervenire.

413 5375 508 5435 20.
541 5374 660 5443 Ipse
702 5385 868 5429 autem
913 5377 1087 5430 dixit:
1122 5377 1267 5433 Veni.
1315 5378 1379 5433 Et
1408 5396 1523 5433 cum
1576 5382 1907 5438 descendisset
1944 5386 2006 5441 de

415 5466 652 5520 navicula
696 5466 902 5535 Petrus,
945 5468 1234 5524 ambulabat
1263 5488 1415 5541 super
1454 5490 1631 5543 aquas,
1681 5485 1735 5529 et
1769 5478 1900 5531 venit
1938 5479 2005 5531 ad

414 5557 615 5612 Iesum.
652 5559 740 5614 50.
771 5559 871 5615 Ubi
909 5562 1031 5615 uidit
1073 5572 1241 5616 autem
1278 5574 1475 5617 ventum
1516 5566 1758 5632 validum,
1796 5570 1959 5623 timuit
1987 5590 2005 5625 .-

417 5662 601 5708 etcum
628 5654 853 5721 cepisset
884 5657 1059 5724 mergi,
1105 5655 1340 5711 clamavit
1386 5659 1573 5724 dicens,
1627 5661 1857 5729 Domine,
1899 5666 2006 5718 sal-

417 5759 534 5801 utnt
562 5761 638 5804 me
660 5750 760 5809 fac.
795 5748 883 5804 3i.
918 5747 1103 5803 Statim
1146 5764 1260 5804 vero
1293 5748 1443 5805 Iesus
1486 5755 1754 5810 extendens
1801 5773 2004 5812 manum

2108 5301 2316 5353 cessavit
2366 5310 2559 5353 ventus.
2600 5297 2756 5355 Prius
2796 5296 3006 5365 quidem
3054 5295 3302 5352 dicebant
3339 5314 3352 5350 :
3398 5295 3575 5361 Qualis
3621 5307 3695 5350 cst

2112 5390 2191 5442 hic
2216 5390 2386 5454 homo,
2420 5389 2537 5458 quia
2557 5401 2686 5442 venit
2707 5397 2753 5442 et
2768 5404 2905 5440 mare
2925 5387 3160 5442 obediunt
3180 5389 3226 5442 ei
3248 5387 3458 5451 (Matth.
3487 5388 3538 5443 8.
3564 5388 3696 5457 27)?

2111 5482 2260 5539 Nunc
2281 5492 2455 5536 autem
2493 5497 2603 5542 non~
2625 5483 2721 5537 sic.
2753 5480 2842 5535 53.
2880 5480 3013 5534 Nam
3053 5479 3152 5545 Qui
3179 5480 3233 5534 in
3272 5479 3502 5535 navicula
3533 5489 3694 5546 erant,

2112 5576 2301 5644 inquit,
2342 5576 2589 5629 uenientes
2618 5573 2953 5627 adoraverunt
2999 5589 3113 5627 eum
3143 5573 3361 5628 dicentes
3391 5589 3409 5626 :
3447 5570 3571 5625 Vere
3602 5570 3695 5625 Fi-

2112 5668 2210 5722 lius
2233 5667 2329 5726 Dei
2359 5684 2430 5722 es.
2476 5667 2659 5721 Viden’
2694 5666 2960 5736 quomodo
2996 5666 3260 5736 pattlatitn“
3280 5666 3344 5720 ad
3384 5666 3697 5727 sublimiora

2114 5775 2300 5814 omnes
2326 5759 2521 5813 ducat?
2560 5758 2689 5814 Nam
2731 5761 2854 5823 quia
2894 5759 2945 5814 in
2988 5760 3116 5815 mari
3144 5760 3453 5823 ambulavit,
3488 5768 3538 5814 ct
3573 5758 3693 5825 quia
