4052 6228
544 254 644 310 507

542 366 703 419 alium
727 364 886 436 jussit
914 364 966 419 id
994 363 1189 430 facere,
1220 378 1283 419 ac
1306 364 1691 433 periclitantem
1723 363 1976 424 servavit,
2000 360 2124 415 hinc

546 458 678 513 ﬁdes
717 473 902 513 eorum
947 456 1237 511 admodum
1270 466 1421 509 aucta
1470 464 1572 510 est.
1609 453 1759 508 Tune
1797 454 1941 507 enim
1977 468 2127 507 mare

544 552 856 621 increpavit,
890 567 1028 605 nunc
1068 564 1174 604 non
1215 550 1471 618 increpat,
1508 547 1613 601 alio
1640 545 1934 617 maiorique
1966 545 2125 599 modo

543 644 831 712 potentiam
857 658 1007 697 suam
1036 640 1342 697 ostendens.
1382 638 1505 694 Ideo
1547 638 1836 693 dicebant:
1874 636 2000 691 Vere
2027 635 2123 689 Fi-

543 738 642 791 lius
673 735 770 791 Dei
797 754 866 791 es.
908 736 1041 805 Quid
1073 735 1273 804 igitur?
1312 751 1378 786 an
1422 732 1710 802 increpavit
1746 746 1841 786 eos
1884 731 1973 798 qui
2027 732 2125 783 hoc

542 828 817 883 dicerent?
848 828 957 881 Imo
987 837 1169 880 contra
1196 825 1414 881 omnino
1444 840 1457 876 :
1489 822 1591 877 hoc
1616 822 1816 877 dictum
1842 822 2001 875 etiam
2030 820 2123 874 ﬁr-

542 921 725 985 tnavit,
757 935 875 973 cum
918 917 1105 988 majori
1137 925 1397 985 potestate
1436 929 1630 969 curans
1660 927 1753 968 eos
1779 912 1869 981 qui
1899 910 2122 965 accede-

542 1020 698 1075 rent,
728 1020 780 1063 et
832 1024 937 1062 non
980 1019 1033 1061 ut
1084 1016 1259 1060 antea.
1296 1007 1386 1061 5i.
1441 1004 1504 1057 Et
1546 1020 1659 1056 cum
1698 1006 2118 1071 transfretassent,

543 1102 732 1170 inquit,
763 1110 1001 1154 venerunt
1034 1101 1086 1152 in
1115 1110 1301 1152 terram
1336 1097 1625 1152 Genesaret.
1662 1096 1751 1151 55.
1799 1094 1864 1148 Et
1892 1112 2006 1149 cum
2033 1113 2122 1148 co-

538 1196 824 1266 gnovissent
852 1210 965 1246 eum
1004 1194 1093 1245 viri
1125 1193 1223 1245 loci
1250 1192 1406 1255 illius,
1442 1190 1677 1242 miserunt
1708 1190 1760 1242 in
1788 1206 1982 1241 omnem
2024 1189 2125 1241 cir-

538 1304 654 1341 cum
688 1288 939 1357 regionem
966 1285 1128 1349 illaut,
1160 1294 1206 1336 et
1236 1282 1517 1335 obtulerunt
1556 1284 1600 1333 ei
1644 1298 1815 1334 omnes
1854 1281 1983 1333 male
2025 1280 2122 1332 Ita-

539 1381 726 1439 bentcs.
760 1380 846 1433 56.
878 1389 925 1433 et
946 1377 1187 1448 rogabant
1208 1385 1259 1428 ut
1283 1382 1539 1443 tangerent
1568 1373 1818 1443 fimbriam
1850 1372 2123 1425 vestimenti

540 1474 668 1541 ejus,
697 1480 742 1523 e:
771 1480 1009 1541 quotquot
1049 1470 1332 1539 tetigerunt,
1361 1466 1487 1520 salvi
1521 1467 1642 1537 facti
1674 1477 1807 1518 sunt.
1840 1464 1955 1518 Non
1979 1464 2120 1519 enim

540 1572 597 1617 ut
623 1563 768 1631 prius
792 1563 961 1631 ipsum
991 1561 1057 1614 ad
1083 1561 1270 1615 domos
1300 1573 1425 1613 suas
1451 1557 1748 1621 trahebant,
1784 1571 1881 1611 nec
1913 1570 2121 1623 quaere-

539 1656 666 1707 bant
696 1663 751 1708 ut
772 1671 930 1708 manu
954 1664 1207 1724 tangeret,
1233 1668 1295 1707 ac
1310 1652 1484 1706 verbis
1515 1652 1800 1721 imperaret
1825 1668 1838 1703 :
1866 1649 1959 1704 sed
1992 1648 2121 1703 sub-

540 1746 716 1803 limius
743 1744 1158 1815 sapietttiusque,
1201 1760 1263 1799 ae
1299 1760 1419 1799 cum
1448 1742 1631 1814 majori
1660 1742 1762 1797 ﬁde
1792 1743 2119 1796 curationem

541 1838 912 1908 impetrabant.
936 1836 1066 1890 Nam
1096 1852 1156 1891 ea
1195 1852 1312 1906 qua:
1356 1836 1554 1889 ﬂuxum
1585 1834 1854 1903 sanguinis
1889 1834 2124 1902 patieba-

540 1944 643 1996 tur,
690 1930 938 1985 omnibus
980 1928 1326 1999 pltilOSOpbia:
1376 1928 1532 1998 hujus
1582 1928 1831 1996 magistra
1878 1925 1995 1979 fuit.
2053 1924 2123 1981 Ut

540 2023 783 2077 ostendat
824 2031 1001 2076 autem
1052 2020 1393 2089 evangelista,
1447 2018 1556 2089 jam
1602 2033 1632 2071 a
1675 2018 1845 2071 multo
1883 2027 2123 2085 tempore

540 2114 711 2183 ipsum
744 2114 795 2169 in
846 2116 941 2167 has
991 2123 1167 2182 partes
1209 2111 1440 2173 venisse,
1482 2112 1597 2163 ait:
1628 2108 1753 2163 Cum
1782 2110 2123 2179 cognovissent

541 2206 630 2258 viri
653 2205 749 2258 loci
777 2207 935 2269 illius,
968 2204 1208 2257 miserunt
1230 2205 1295 2255 ad
1320 2219 1514 2255 onmem
1551 2203 1741 2254 circum
1770 2201 2043 2271 regionem,
2075 2209 2123 2254 et

539 2308 753 2367 ingratos
783 2295 1055 2362 o/Ierebant
1077 2297 1143 2350 ei.
1171 2299 1419 2349 Attamen
1451 2304 1657 2362 tempus
1685 2309 1788 2346 non
1819 2292 1977 2346 modo
2016 2309 2121 2347 non

538 2390 697 2445 solvit
727 2391 904 2453 tidem,
928 2389 1020 2443 sed
1048 2398 1099 2442 et
1129 2387 1383 2457 majorem
1413 2385 1607 2449 eil'ecit,
1640 2394 1694 2439 et
1718 2385 1982 2455 vigentem
2011 2400 2124 2439 ser-

538 2482 699 2535 vavit.
740 2480 1038 2551 Tangamus
1080 2494 1207 2547 ergo
1251 2492 1346 2532 nos
1389 2492 1601 2547 quoque
1650 2475 1908 2529 ﬁmbriatn
1957 2477 2123 2529 vesti-

539 2573 703 2627 menti
733 2572 881 2642 ejus;
910 2572 1039 2637 imo,
1072 2570 1118 2624 si
1156 2570 1397 2635 velimus,
1436 2578 1601 2623 totmn
1631 2568 1802 2637 ipsum
1842 2567 2119 2621 habemus.

537 2664 669 2720 Nam
693 2679 887 2733 corpus
926 2678 1066 2717 nunc
1112 2662 1264 2714 nobis
1296 2661 1621 2731 propositum
1660 2669 1775 2723 est;
1819 2675 1925 2713 non
1957 2659 2122 2714 vesti-

539 2768 776 2815 mentum
804 2768 1024 2819 tamum,
1054 2754 1147 2809 sed
1168 2769 1391 2823 corpus;
1415 2769 1518 2807 non
1548 2762 1605 2806 ut
1629 2763 1905 2821 tangamus
1926 2752 2121 2817 solum,

538 2850 632 2904 sed
673 2849 830 2903 etiam
864 2858 921 2901 ut
964 2846 1328 2909 eomedamus,
1377 2854 1431 2899 et
1473 2844 1748 2898 satiemur.
1791 2843 2123 2898 Accedamus

539 2945 715 3014 itaque
741 2958 861 2998 cum
895 2942 1017 3004 ﬁde,
1047 2940 1236 3008 singuli
1272 2947 1612 3009 aegrotantes.
1640 2936 1772 2991 Nam
1802 2938 1843 2991 si
1876 2938 1910 2991 ii
1941 2937 2029 3007 qui
2070 2938 2121 2991 in

542 3034 804 3090 ﬁmbriam
843 3032 1141 3086 vestimenti
1181 3030 1295 3101 ejus
1332 3030 1635 3100 tangebam.
1676 3038 1874 3082 tantam
1910 3029 2008 3083 sibi
2039 3038 2123 3082 at-

540 3140 749 3182 traxere
792 3127 1063 3190 virtutem,
1112 3134 1308 3195 quanto
1343 3125 1512 3194 magis
1550 3124 1586 3177 ii
1635 3124 1724 3193 qui
1756 3132 1920 3177 totum
1953 3123 2121 3193 ipsum

539 3221 757 3276 tenent?
806 3219 1078 3276 Accedere
1116 3229 1293 3271 autem
1343 3232 1465 3271 cum
1514 3214 1620 3271 ﬁde
1650 3232 1755 3269 non
1799 3224 1881 3269 est
1921 3224 2122 3268 tantum

535 3316 869 3385 propositum
923 3326 1116 3382 corpus
1159 3311 1434 3380 accipere,
1480 3307 1573 3363 sed
1616 3324 1735 3363 cum
1787 3322 1917 3377 puro
1965 3305 2126 3362 corde

543 3416 776 3474 tangere,
810 3413 969 3472 atque
996 3405 1063 3456 ita
1093 3401 1339 3454 allectum
1368 3415 1503 3463 esse,
1536 3414 1598 3451 ae
1618 3399 1659 3451 si
1683 3397 1749 3453 ad
1775 3399 1943 3466 ipsum
1975 3396 2128 3451 Chri-

543 3507 681 3550 stum
707 3495 949 3550 accedas.
973 3493 1108 3561 Quid
1136 3494 1299 3557 enim,
1346 3492 1389 3547 si
1430 3506 1613 3545 vocem
1653 3491 1768 3559 ejus
1806 3506 1909 3543 non
1935 3488 2126 3543 audis?

542 3591 610 3642 At
633 3588 779 3641 vides
802 3586 943 3639 illum
964 3585 1248 3654 jacentem,
1281 3584 1387 3637 imo
1420 3597 1547 3637 vero
1581 3596 1766 3636 vocem
1794 3580 1910 3651 ejus
1950 3579 2123 3647 audis,

544 3680 810 3748 loquentis
835 3694 924 3746 per
949 3677 1320 3745 evangelistas.

614 3772 665 3825 5.
697 3769 908 3824 Credite
943 3768 1119 3838 igitur,
1151 3782 1291 3821 mmc
1326 3767 1469 3821 illam
1504 3780 1711 3821 caenam
1752 3765 2033 3830 celebrari,
2074 3766 2126 3819 in

543 3880 644 3935 qua
676 3864 788 3933 ipse
811 3861 1170 3917 recumbebat.
1205 3858 1344 3913 Nihil
1366 3860 1560 3929 quippe
1587 3858 1701 3914 lucc
1724 3859 1791 3913 ab
1814 3859 1899 3913 illa
1930 3858 2124 3913 diﬁ‘ert.

542 3955 726 4025 Neque
763 3955 903 4008 enim
948 3953 1085 4007 hanc
1128 3952 1287 4005 homo
1329 3951 1513 4015 efﬁcit,
1550 3952 1692 4003 illam
1735 3951 1995 4015 Christus,
2034 3952 2125 4005 sed

547 4050 631 4105 hic
675 4050 788 4118 ipse
838 4057 1135 4115 utramque.
1186 4044 1408 4111 Quando
1458 4044 1616 4113 igitur
1659 4042 1989 4096 sacerdotem
2037 4042 2126 4096 tibi

547 4141 871 4208 prazbentem
912 4135 1079 4200 vides,
1118 4151 1185 4188 ne
1222 4143 1372 4204 putes
1408 4132 1739 4187 sacerdotem
1786 4132 1888 4188 hoc
1921 4134 2125 4199 facere;

544 4231 639 4286 sed
665 4228 857 4284 Christi
891 4242 1102 4280 manum
1144 4240 1264 4279 esse
1303 4241 1420 4293 quzn
1450 4224 1770 4278 extenditur.
1802 4225 1952 4279 Sicut
1988 4226 2127 4279 extim

546 4338 666 4375 cum
705 4318 954 4373 sacerdos
985 4316 1234 4387 baptizat,
1265 4332 1368 4370 non
1399 4316 1509 4385 ipse
1551 4316 1801 4386 baptizat,
1841 4316 1935 4371 sed
1971 4317 2127 4383 Deus,

547 4414 633 4482 qui
661 4423 820 4483 caput
849 4423 993 4466 tuum
1025 4410 1274 4465 invisibili
1316 4410 1509 4464 virtute
1548 4419 1709 4475 leuet,
1741 4427 1803 4465 ac
1838 4426 2013 4481 neque
2038 4429 2133 4466 att-

545 4506 716 4575 gelus,
742 4518 913 4574 neque
949 4503 1316 4572 archangelus,
1364 4516 1462 4557 nec
1508 4502 1641 4557 alius
1668 4503 1928 4573 quispiam
1971 4502 2133 4558 audet

546 4598 803 4652 accedere
837 4606 890 4652 et
917 4606 969 4651 te
998 4607 1212 4665 tangere
1241 4614 1253 4648 :
1286 4595 1362 4649 sic
1398 4605 1451 4650 et
1477 4611 1637 4650 nunc.
1674 4595 1804 4650 Nam
1839 4611 1959 4651 cum
1993 4597 2132 4651 Deus

546 4690 693 4745 solus
720 4698 1019 4759 regenerat,
1049 4688 1100 4741 id
1151 4688 1240 4742 Dei
1276 4687 1440 4741 solius
1478 4688 1675 4741 donum
1705 4697 1806 4741 est.
1838 4686 2023 4742 Nonne
2053 4688 2133 4743 vi-

548 4784 643 4838 des
669 4796 763 4838 eos
798 4780 888 4850 qui
920 4779 1005 4835 hic
1044 4780 1098 4835 in
1143 4779 1279 4835 ﬁlios
1324 4778 1662 4848 ad0ptantur,
1715 4778 1985 4847 quomodo
2024 4795 2130 4834 non

550 4892 662 4931 rem
707 4874 878 4928 servis
921 4872 1274 4937 committant,
1324 4870 1416 4925 sed
1449 4870 1548 4940 ipsi
1588 4870 1653 4924 ad
1683 4869 2132 4940 l’orumjudiciale

546 4967 762 5022 adsint?
794 4964 883 5022 Sic
914 4965 1050 5020 Deus
1082 4980 1186 5017 non
1213 4963 1414 5032 angelis
1454 4963 1555 5018 hoc
1597 4979 1790 5017 munus
1816 4964 2083 5018 commisit
2116 4982 2129 5019 :

548 5058 642 5112 sed
665 5059 777 5127 ipse
798 5058 950 5113 adest
970 5057 1163 5126 jubens
1194 5064 1248 5109 et
1275 5055 1459 5109 dicens
1492 5072 1505 5109 :
1539 5054 1713 5109 Nolite
1738 5071 1915 5109 vocare
1940 5067 2133 5127 patrem

546 5168 699 5221 super
722 5160 906 5204 terram
929 5149 1139 5222 (Matth.
1167 5148 1257 5203 9.5.
1285 5147 1373 5219 9);
1405 5163 1510 5201 non
1538 5155 1597 5201 ut.
1622 5158 1869 5217 parentes
1896 5156 2134 5201 contem-

549 5253 670 5309 nat;
698 5242 791 5298 sed
819 5249 877 5296 ut
919 5241 1022 5295 illis
1060 5240 1307 5295 omnibus
1339 5238 1596 5293 factorem
1628 5248 1774 5293 tuum
1815 5247 2129 5309 anteponas.

550 5337 638 5407 qui
671 5347 722 5391 te
761 5335 900 5391 inter
928 5334 1068 5388 ﬁlios
1095 5349 1221 5389 suos
1250 5332 1549 5403 adscripsit.
1588 5331 1719 5387 Nam
1748 5332 1837 5403 qui
1888 5331 1941 5386 id
1990 5333 2131 5402 quod

551 5431 720 5499 majus
742 5438 857 5485 erat
882 5428 1047 5489 dedit,
1080 5428 1179 5482 hoc
1208 5437 1307 5493 est,
1343 5427 1597 5497 seipsum.
1639 5427 1805 5480 multo
1843 5425 2011 5496 magis
2050 5424 2133 5478 di.

546 5522 794 5592 gnabitur
820 5536 972 5576 suum
1002 5518 1091 5574 tibi
1121 5518 1333 5573 tradere
1374 5532 1587 5588 corpus.
1617 5517 1909 5572 Audiamus
1953 5517 2130 5585 igitur,

547 5624 601 5668 et
638 5612 963 5675 sacerdotes,
995 5622 1048 5667 et
1075 5610 1268 5665 subditi
1310 5610 1409 5675 eis,
1457 5617 1654 5678 quanto
1691 5622 1908 5661 munere
1937 5607 2133 5677 dignati

548 5705 742 5770 simus;
782 5702 1075 5769 audiamus,
1122 5711 1175 5758 et
1218 5702 1705 5771 perhorrescamus.
1746 5698 1935 5755 Sacras
1983 5698 2134 5756 nobis

1198 252 1256 308 S.
1294 250 1571 307 JOANNIS
1606 248 2099 305 CHRYSOSTOMI’
2125 248 2441 306 ARCHIEP.
2482 250 3014 309 CONSTANTINOP.

3742 259 3875 314 508

2232 376 2421 417 carnes
2448 378 2577 418 suas
2594 366 2954 421 ευιιιριιθιιάυε
2982 365 3148 430 dedit,
3176 365 3409 436 seipsum
3437 369 3708 437 apposuit
3742 371 3869 423 im-

2231 453 2508 507 molatum.
2536 454 2665 520 Quae
2694 456 2852 525 igitur
2892 457 3046 511 nobis
3087 459 3361 513 excusatio
3404 458 3527 523 erit,
3566 476 3711 513 eum
3755 461 3869 514 tali

2230 546 2366 614 pasti
2393 546 2531 612 cibo,
2569 548 2743 601 taliter
2769 550 3090 615 peccemus?
3130 564 3251 604 cum
3286 565 3479 620 agnum
3521 551 3863 605 comeden-

2230 637 2469 708 tes,.lupi
2518 636 2816 694 efﬁcimur?
2852 656 2974 695 cum
3002 656 3156 696 ovem
3200 642 3605 709 manducantes,
3660 644 3868 698 instar

2231 727 2442 783 leonum
2470 730 2745 799 rapimus?
2786 731 2899 785 lloc
2935 733 3130 802 quippe
3158 736 3470 805 mysterium
3506 752 3614 790 non
3647 738 3858 792 solum

2228 834 2259 872 a
2304 822 2529 891 rapina,
2566 823 2660 876 sed
2686 824 2846 879 etiam
2874 840 2904 879 a
2940 826 3042 880 levi
3090 827 3363 882 inimicitia
3394 844 3556 898 puros
3600 846 3860 902 semper

2229 927 2349 967 esse
2372 914 2544 983 jubet.
2586 915 2718 970 Nam
2771 917 2872 971 hoc
2922 919 3254 988 mysterium,
3308 920 3452 989 pacis
3498 932 3582 975 est
3612 936 3853 993 myste-

2228 1004 2366 1058 rium
2398 1021 2412 1055 :
2447 1020 2546 1060 nec
2569 1006 2697 1061 sinit
2722 1006 2919 1062 divitiis
2958 1025 3078 1065 esse
3123 1010 3383 1065 addictos.
3434 1011 3567 1066 Nam
3618 1015 3670 1067 si
3716 1016 3852 1083 ipse

2231 1107 2447 1167 pr0pter
2476 1113 2575 1153 nos
2618 1100 2717 1154 sibi
2763 1101 2863 1170 ipsi
2903 1117 3011 1157 non
3061 1104 3315 1172 pepercit,
3353 1119 3461 1174 quo
3505 1107 3725 1161 erimus
3755 1110 3848 1162 di-

2227 1188 2315 1256 gni
2359 1190 2620 1259 supplicio
2647 1192 2695 1245 si
2731 1192 2930 1247 divitiis
2974 1210 3273 1264 parcamus,
3326 1198 3676 1269 animamque
3733 1216 3846 1255 ne-

2227 1281 2530 1350 gligamus,
2570 1299 2679 1353 pro
2724 1300 2830 1355 qua
2888 1286 3004 1356 ipse
3052 1288 3151 1342 sibi
3207 1288 3306 1358 ipsi
3358 1306 3463 1344 non
3525 1294 3844 1359 pepercit?

2228 1375 2427 1431 Judteis
2453 1378 2672 1447 quidem
2724 1382 3007 1449 quotannis
3052 1382 3103 1435 in
3152 1384 3463 1437 memoriam
3514 1385 3836 1440 beneﬁcio-

2229 1482 2345 1520 rum
2388 1482 2607 1523 suorum
2638 1470 3000 1525 solemnitates
3052 1471 3193 1527 Deus
3237 1473 3500 1539 instituit;
3546 1476 3645 1529 tibi
3694 1493 3839 1531 vero

2227 1558 2448 1626 singulis
2493 1575 2630 1630 pene
2671 1560 2858 1615 diebus
2906 1579 3001 1631 per
3052 1562 3168 1618 hac
3206 1578 3357 1618 sacra
3412 1566 3696 1635 mysteria.
3748 1567 3837 1621 Ne

2228 1648 2386 1717 igitur
2423 1665 2634 1706 crucem
2680 1653 2965 1709 erubescas
2997 1672 3011 1708 :
3043 1654 3158 1709 lucc
3208 1657 3404 1725 quippe
3451 1667 3580 1711 sunt
3617 1658 3832 1713 decora

2228 1751 2430 1807 nostra,
2464 1743 2578 1800 lucc
2615 1756 2794 1799 nostra
2821 1748 3093 1815 mysteria,
3145 1748 3245 1801 hoc
3286 1764 3540 1803 ornantur
3567 1765 3828 1818 munere,

2228 1833 2331 1888 hoe
2353 1837 2660 1905 gloriamur.
2693 1838 2749 1893 Si
2779 1840 2984 1906 dixero,
3012 1840 3212 1895 Cadunt
3240 1851 3293 1895 et
3322 1852 3516 1897 terram
3546 1844 3828 1911 extendit,

2227 1942 2374 1982 mare
2416 1927 2620 1993 effudit,
2651 1930 2937 1999 prophetas
2975 1940 3030 1985 et
3066 1933 3283 2002 angelos
3328 1934 3493 2000 misit,
3525 1936 3661 1989 nihil
3696 1937 3828 1992 huic

2227 2016 2303 2070 rei
2331 2032 2427 2088 par
2468 2018 2675 2074 dixero.
2732 2022 2842 2075 lloc
2865 2022 3059 2091 quippe
3099 2032 3365 2092 caputest
3392 2024 3654 2079 bonorum
3696 2043 3825 2080 om-

2228 2110 2373 2164 nium
2404 2152 2418 2176 ,
2456 2112 2594 2180 quod
2628 2112 2764 2166 Filio
2802 2128 2901 2166 suo
2928 2127 3033 2167 non
3066 2117 3382 2184 pepercerit,
3424 2126 3481 2170 ut
3507 2131 3697 2172 servos
3726 2118 3827 2172 ab-

2227 2203 2484 2260 alienatos
2509 2214 2768 2260 servaret.
2794 2205 2979 2261 Nullus
2991 2222 3119 2277 ergo
3137 2208 3300 2263 Judas
3321 2208 3457 2263 hane
3480 2209 3640 2265 adeat
3664 2226 3820 2265 men-

2226 2312 2375 2361 sam;
2432 2298 2609 2352 nullus
2655 2298 2839 2353 Simon
2888 2318 2900 2352 :
2951 2300 3112 2354 ambo
3171 2300 3313 2356 enim
3383 2316 3478 2371 per
3530 2303 3819 2356 avaritiam

2226 2390 2518 2461 perierunt.
2561 2391 2847 2462 Fugiamus
2895 2392 3071 2462 itaque
3118 2393 3220 2448 hoc
3262 2393 3592 2459 barathrum,
3640 2412 3821 2465 neque

2228 2493 2474 2551 putemus
2495 2482 2646 2537 nobis
2671 2484 2801 2537 satis
2828 2498 2947 2538 esse
2967 2483 3034 2538 ad
3066 2485 3311 2552 salutem,
3344 2485 3388 2539 si
3419 2496 3700 2555 postquam
3732 2488 3817 2540 vi-

2226 2574 2359 2628 duas
2389 2584 2446 2629 et
2469 2575 2697 2645 pupillos
2733 2575 3172 2644 exspoliavimus,
3213 2577 3461 2646 poculum
3502 2593 3727 2632 aureum
3762 2588 3819 2630 et

2226 2666 2451 2736 gemmis
2491 2675 2735 2721 ornatum
2766 2682 2965 2721 mensa:
3008 2666 3312 2721 offeramus.
3343 2666 3474 2721 Nam
3518 2667 3561 2720 si
3591 2668 3671 2722 vis
3714 2666 3817 2722 hoc

2226 2748 2543 2811 sacriﬁcium
2574 2756 2859 2822 honorare,
2905 2758 3134 2811 animam
3180 2758 3333 2824 olTer,
3362 2758 3433 2812 ob
3477 2774 3636 2827 quam
3660 2757 3817 2813 Chri-

2227 2859 2341 2901 stus
2367 2848 2669 2901 immolatus
2695 2856 2777 2902 cst
2804 2865 2819 2900 :
2850 2848 2985 2901 hanc
3007 2847 3165 2901 facito
3191 2863 3405 2902 auream
3438 2866 3452 2900 :
3482 2849 3527 2902 si
3549 2863 3679 2903 vero
3700 2849 3814 2917 ipsa

2228 2941 2297 2996 sit
2324 2940 2539 3009 plumbo
2567 2949 2622 2995 et
2650 2949 2782 2994 testa
2807 2939 3059 3005 deterior,
3104 2954 3197 2993 vas
3239 2948 3418 2994 autem
3460 2954 3681 2994 aureum
3719 2942 3812 3005 sit,

2228 3032 2354 3100 quid
2377 3031 2499 3086 inde
2528 3031 2658 3086 lucri
2684 3032 2706 3085 ?
2730 3030 2807 3085 Ne
2838 3031 2997 3101 igitur
3027 3032 3127 3087 hoc
3150 3046 3398 3086 curemus
3426 3032 3597 3086 solum
3629 3041 3684 3084 ut
3710 3047 3809 3085 au-

2230 3140 2319 3179 rea
2351 3139 2474 3178 vasa
2513 3123 2821 3185 oﬁ'eramus,
2866 3124 2958 3179 sed
2987 3134 3043 3178 ut
3067 3140 3133 3178 ex
3170 3123 3329 3193 justis
3356 3122 3640 3177 laboribus.
3688 3123 3812 3177 Ιιιυε

2229 3215 2428 3285 quippe
2457 3224 2581 3270 sunt
2606 3230 2741 3269 auro
2762 3215 3100 3285 pretiosiora,
3131 3229 3251 3283 qua:
3291 3228 3397 3268 non
3424 3230 3489 3268 ex
3516 3214 3729 3267 avaritia
3752 3223 3812 3267 et

2232 3308 2419 3377 rapina
2460 3316 2606 3376 parta
2656 3318 2799 3362 sunt.
2843 3306 3024 3377 Neque
3049 3308 3191 3361 enim
3217 3307 3332 3360 auri
3358 3307 3438 3361 vel
3465 3306 3667 3376 argenti
3693 3306 3811 3360 olli-

2230 3403 2347 3455 cina
2374 3410 2458 3455 est
2496 3402 2744 3467 ecclesia,
2786 3401 2880 3456 sed
2930 3401 3239 3471 angelorum
3287 3401 3570 3457 celebritas
3599 3414 3617 3457 :
3644 3417 3805 3469 quare

2230 3495 2510 3549 animabus
2533 3495 2685 3549 nobis
2710 3504 2792 3549 est
2815 3509 2950 3563 Opus
2978 3512 2993 3550 :
3018 3510 3137 3547 nam
3162 3494 3276 3548 hmo
3299 3509 3421 3549 vasa
3451 3505 3664 3565 prepter
3690 3497 3805 3550 ani.

2233 3601 2347 3640 mas
2383 3587 2615 3641 admittit
2662 3586 2821 3641 Deus.
2863 3585 2978 3640 Non
3032 3597 3146 3641 erat
3183 3595 3433 3656 argentea
3471 3601 3651 3641 mensa
3698 3586 3803 3652 illa,

2233 3693 2333 3733 nec
2373 3694 2566 3733 aureus
2608 3678 2741 3733 calix
2775 3678 2829 3732 in
2877 3690 2985 3747 quo
3010 3677 3322 3746 sanguinem
3362 3691 3517 3731 suum
3543 3676 3806 3746 discipulis

2232 3769 2475 3825 Christus
2496 3769 2641 3824 dedit
2673 3789 2686 3824 :
2718 3769 2812 3825 sed
2848 3778 3023 3823 tamen
3064 3769 3243 3823 omnia
3280 3768 3369 3823 illa
3396 3769 3622 3838 pretiosa
3658 3781 3803 3822 erant

2233 3871 2287 3917 et
2309 3861 2600 3928 tremenda,
2643 3861 2765 3930 quia
2807 3862 2983 3914 omnia
3047 3860 3245 3929 Spiritu
3281 3861 3483 3930 repleta
3524 3871 3686 3914 erant.
3718 3859 3805 3913 Vis

2233 3968 2427 4022 corpus
2458 3952 2653 4007 Christi
2699 3950 3003 4007 honorare?
3047 3950 3162 4005 Non
3201 3951 3464 4021 despicias
3503 3953 3668 4022 ipsum
3708 3967 3801 4005 nu-

2233 4043 2362 4098 dum
2394 4060 2407 4095 :
2438 4058 2607 4111 neque
2636 4042 2723 4097 hic
2751 4042 2936 4097 sericis
2963 4042 3197 4097 vestibus
3225 4041 3476 4105 honores,
3502 4044 3624 4097 loris
3636 4054 3802 4097 autem

2236 4135 2431 4205 frigore
2475 4150 2537 4189 ae
2585 4133 2822 4188 nuditate
2866 4132 3123 4187 afﬂictum
3170 4135 3423 4205 negligas.
3478 4134 3607 4189 Nam
3638 4136 3678 4188 is
3717 4135 3801 4203 qui

2235 4228 2389 4293 dixit,
2414 4225 2526 4280 Hoc
2554 4236 2626 4281 est
2659 4243 2842 4295 corpus
2870 4244 3037 4281 meum
3063 4227 3279 4297 (Matth.
3310 4227 3401 4282 26.
3430 4227 3547 4297 26),
3575 4238 3626 4283 et
3652 4229 3803 4283 verbo

2235 4336 2351 4375 rem
2380 4320 2628 4382 ﬁrmavit,
2659 4318 2797 4373 idem
2848 4320 2960 4388 ipse
2997 4318 3173 4373 dixit:
3206 4318 3523 4373 Esurientem
3564 4335 3639 4373 me
3677 4320 3800 4374 vidi-

2236 4411 2347 4476 stis,
2378 4419 2421 4464 et
2448 4427 2547 4463 non
2574 4411 2849 4463 nutriuistis
2871 4427 2891 4475 ,'
2916 4418 2990 4476 et,
3021 4408 3086 4464 In
3117 4421 3359 4480 quantum
3388 4427 3489 4464 non
3518 4413 3691 4481 fecistis
3718 4413 3798 4467 uni

2238 4504 2417 4555 horum
2455 4501 2797 4566 minimarum,
2845 4517 2933 4554 nec
2962 4501 3085 4553 milti
3122 4501 3315 4570 fecistis
3360 4499 3568 4572 (Matth.
3598 4501 3679 4556 25.
3712 4502 3794 4556 42.

2236 4596 2352 4665 45).
2392 4594 2507 4650 Hoc
2558 4606 2706 4649 certe
2752 4608 2859 4649 non
2891 4608 3025 4663 opus
3076 4595 3233 4647 habet
3279 4594 3498 4659 amictu,
3551 4593 3638 4649 sed
3679 4609 3797 4663 puro

2238 4686 2449 4751 animo;
2476 4685 2603 4740 illud
2624 4695 2798 4741 autem
2821 4700 3008 4755 magna
3034 4700 3168 4754 opus
3188 4685 3348 4739 habet
3374 4700 3521 4740 cura.
3548 4686 3798 4741 Discamus

2240 4779 2416 4850 itaque
2458 4778 2841 4849 phiIOSOpltari,
2892 4788 2944 4832 et
2987 4777 3255 4833 Christum
3297 4778 3564 4834 honorare
3610 4789 3659 4833 ut
3695 4780 3795 4849 ipse

2239 4871 2353 4926 vult
2383 4887 2399 4925 :
2431 4886 2553 4925 nam
2580 4870 2650 4936 ei,
2678 4870 2768 4939 qui
2796 4868 3104 4935 honoratur,
3139 4869 3311 4923 honor
3337 4870 3426 4925 ille
3455 4872 3791 4935 suavissimus,

2238 4977 2399 5031 quem
2433 4961 2545 5030 ipse
2573 4970 2741 5029 optat,
2782 4976 2888 5013 non
2918 4976 3075 5030 quem
3107 4974 3206 5014 nos
3245 4971 3513 5030 putamus.
3553 4960 3792 5030 Siquidem

2240 5054 2430 5109 Petrus
2460 5069 2517 5108 se
2546 5054 2693 5107 illum
2728 5054 2989 5107 honorare
3025 5054 3260 5122 putabat,
3288 5068 3407 5107 cum
3446 5053 3699 5109 cohiberet
3734 5070 3792 5109 ne

2243 5145 2406 5215 pedes
2432 5160 2559 5201 suos
2594 5145 2793 5199 lavaret
2834 5142 3012 5213 (Joan.
3042 5145 3129 5199 15.
3161 5146 3253 5211 8);
3286 5144 3380 5200 sed
3417 5146 3468 5199 id
3508 5149 3636 5214 quod
3660 5148 3789 5201 vole-

2242 5239 2331 5292 bat
2358 5255 2461 5293 non
2493 5249 2607 5294 erat
2630 5238 2822 5304 honor,
2846 5238 2939 5292 sed
2962 5253 3115 5291 secus
3142 5239 3379 5291 omnino.
3406 5238 3497 5292 Sic
3522 5247 3572 5291 et
3598 5248 3642 5291 tu
3663 5238 3787 5291 illum

2241 5332 2340 5401 ipsi
2385 5330 2577 5386 exhibe
2624 5330 2881 5386 honorem
2925 5346 3081 5400 quem
3128 5331 3245 5401 lege
3292 5332 3562 5402 prmcepit,
3610 5331 3788 5385 divitias

2244 5432 2361 5477 tuas
2391 5422 2710 5493 pauperibus
2753 5438 3000 5492 erogans.
3050 5421 3231 5492 Neque
3280 5423 3422 5477 enim
3471 5424 3603 5477 vasis
3638 5423 3788 5478 aureis

2242 5530 2375 5584 Opus
2402 5514 2563 5569 habet
2589 5516 2747 5580 Deus,
2778 5516 2871 5569 sed
2898 5516 3173 5570 animabus
3202 5517 3398 5570 aureis.

2311 5607 2365 5660 4.
2406 5604 2741 5677 Elcemosyna
2769 5606 2928 5676 magis
2962 5605 3069 5660 Deo
3099 5607 3260 5674 placet
3300 5621 3451 5675 quam
3486 5622 3671 5659 munera
3705 5607 3785 5673 ipsi

2248 5699 2355 5757 sine
2399 5699 2614 5753 utilitate
2649 5698 2865 5768 proximi
2910 5708 3220 5755 consecrata.
3258 5698 3456 5757 --lloc
3487 5714 3636 5770 porro
3666 5698 3781 5765 dico,
