4052 6228
300 346 409 405 509

297 479 407 518 nou
432 459 572 532 quod
600 456 910 529 prohibeam
938 469 1006 509 nc
1033 452 1154 507 talia
1178 467 1394 505 munem
1420 458 1763 519 apparentur,
1790 448 1885 503 sed

296 553 593 625 postulans,
636 560 692 604 ut
721 564 844 604 cum
874 547 955 601 his
982 557 1037 601 et
1066 553 1189 599 ante
1229 543 1342 598 bare
1376 541 1714 609 eleemosyna
1760 555 1885 595 ero-

289 657 468 717 getur.
500 643 631 699 Nam
654 641 772 696 haec
798 639 1010 711 quidem
1034 638 1244 706 accipit,
1272 638 1364 690 sed
1388 634 1552 689 multo
1578 634 1745 703 magis
1772 633 1885 688 illa.

292 736 350 789 In
381 734 467 790 bis
494 733 638 789 enim
680 731 728 787 is
772 730 863 800 qui
901 729 1057 784 oll'ert
1091 728 1237 782 solus
1280 726 1560 781 utilitatem
1597 724 1784 789 habet,
1817 723 1886 778 ibi

290 840 426 880 vero
469 824 631 879 ctiam
680 822 727 876 is
764 822 854 892 qui
892 820 1106 889 accipit.
1157 819 1251 873 llic
1296 818 1506 873 videtur
1533 817 1730 870 donum
1770 831 1889 869 esse

290 914 676 973 ostentationis
715 914 962 975 occasio;
996 912 1065 965 ibi
1104 914 1446 981 eleemosyna
1490 918 1545 962 et
1586 907 1889 977 benignitas

289 1016 501 1061 tantum
550 1014 653 1059 est.
698 1002 827 1071 Qua:
869 1001 1011 1056 enim
1043 1000 1245 1056 utilitas
1273 1000 1318 1053 si
1365 1014 1546 1053 mensa
1578 998 1771 1053 Christi
1816 1002 1888 1051 sit

285 1098 474 1152 aureis
498 1094 706 1166 poculis
734 1102 950 1156 onusta,
983 1091 1099 1162 ipse
1128 1104 1255 1146 vero
1293 1089 1432 1144 fame
1463 1090 1681 1159 pereat?
1710 1088 1890 1142 Primo

286 1187 624 1242 esurientem
651 1184 833 1253 imple,
860 1192 917 1237 et
938 1193 1062 1237 tunc
1084 1197 1154 1237 ex
1178 1179 1625 1250 superabundanti
1649 1194 1887 1234 mensam

288 1278 415 1347 ejus
439 1291 661 1333 exorna.
700 1276 938 1330 Aureum
965 1273 1186 1329 calicem
1216 1271 1368 1338 lacis,
1400 1278 1457 1326 et
1485 1271 1703 1325 calicem
1739 1286 1889 1340 aqua:

289 1384 406 1424 nou
452 1367 587 1422 das?
621 1366 693 1421 Et
728 1365 857 1436 quid
900 1379 1037 1436 Opus
1080 1373 1163 1419 est
1203 1378 1336 1417 auro
1382 1365 1581 1418 intexta
1627 1362 1888 1416 velamina

288 1474 500 1514 mensas
525 1471 807 1528 apparare,
855 1456 954 1526 ipsi
997 1470 1127 1510 vero
1168 1470 1236 1509 ue
1276 1454 1490 1524 quidem
1531 1454 1887 1508 necessarium

291 1560 665 1621 tegumentum
691 1548 964 1620 praebere?
981 1548 1107 1618 quid
1128 1547 1252 1603 inde
1272 1548 1401 1602 lucri
1417 1548 1443 1599 ἲ
1464 1546 1595 1602 Nam
1618 1547 1703 1601 dic
1723 1546 1886 1602 mihi:

288 1641 337 1695 si
364 1655 530 1711 quem
559 1640 768 1695 videres
792 1639 1098 1694 necessario
1121 1647 1368 1709 egentem
1396 1637 1539 1700 cibo.
1576 1646 1633 1692 et
1669 1638 1785 1707 ipso
1811 1638 1890 1692 sic

290 1730 510 1797 relicto,
557 1744 798 1785 mensam
843 1744 977 1784 auro
1015 1727 1378 1784 circumdares
1419 1736 1645 1794 tantum,
1685 1745 1752 1782 au
1794 1728 1887 1784 tibi

290 1822 497 1892 gratias
512 1820 756 1887 haberet,
778 1836 954 1877 annon
974 1821 1148 1891 potius
1167 1820 1527 1892 indignaretur
1542 1822 1566 1875 ?
1580 1820 1715 1889 Quid
1739 1837 1886 1887 vero,

289 1915 337 1969 si
367 1914 524 1969 illum
554 1913 766 1969 videres
786 1913 995 1968 detritis
1021 1913 1209 1982 pannis
1236 1912 1476 1967 indutum
1505 1922 1560 1968 et
1584 1913 1779 1982 frigore
1812 1914 1888 1968 ri-

290 2013 536 2076 gentem,
568 2014 623 2060 et
650 2004 829 2059 missis
856 2004 1111 2068 vestibus,
1142 2017 1333 2057 aureas
1363 2003 1461 2072 ipsi
1491 2004 1767 2058 columnas
1785 2002 1891 2057 eri-

290 2110 475 2166 geres,
505 2095 693 2151 dicens
720 2096 773 2150 id
801 2104 853 2151 te
875 2096 927 2148 in
954 2095 1071 2165 ejus
1091 2095 1349 2149 honorem
1376 2093 1591 2150 facere“!
1619 2097 1808 2149 Annon
1830 2110 1889 2150 se

290 2188 533 2245 derideri
580 2198 812 2261 putaret,
861 2198 1021 2256 atque
1065 2197 1306 2244 extrema
1344 2188 1663 2243 contumelia
1710 2186 1889 2243 allici?

295 2281 407 2337 Iloc
433 2282 600 2337 etiam
626 2282 769 2336 circa
793 2278 1070 2336 Christum
1101 2288 1309 2349 reputa,
1336 2294 1458 2334 cum
1485 2278 1819 2334 errabundus
1837 2288 1892 2334 et

291 2373 611 2444 peregrinus
637 2373 902 2438 circumit,
931 2379 1074 2426 tecto
1108 2370 1380 2441 indigens;
1414 2378 1468 2424 tu
1511 2379 1687 2425 autem
1717 2370 1807 2425 illo
1836 2370 1889 2424 in

294 2464 564 2535 bespitem
602 2480 709 2519 non
751 2464 1007 2529 admisso,
1041 2463 1401 2534 pavimentum
1443 2476 1672 2517 exornas
1699 2472 1752 2517 et
1794 2477 1890 2532 pa-

292 2557 459 2611 rietes
486 2556 963 2625 columnarumque
991 2554 1256 2624 capitella,
1285 2562 1342 2609 et
1364 2564 1649 2623 argenteas
1672 2563 1890 2608 catenas

295 2648 632 2718 lampadibus
654 2648 860 2717 alligas,
892 2648 1065 2717 ipsum
1097 2661 1223 2700 vero
1254 2646 1306 2699 in
1334 2658 1553 2699 carcere
1582 2644 1799 2714 ligatum
1824 2661 1892 2701 ne

302 2740 489 2795 videre
516 2741 728 2811 quidem
772 2742 1027 2796 sustines.
1067 2738 1193 2794 Haec
1230 2754 1389 2808 porro
1418 2738 1539 2792 dico
1566 2754 1673 2792 non
1705 2737 1889 2807 probi-

302 2830 439 2886 bens
487 2842 543 2887 ut
585 2831 703 2887 ιιωο
744 2841 1059 2887 ornamenta
1101 2829 1489 2894 adhibeantur;
1538 2828 1633 2884 sed
1677 2841 1734 2883 ut
1777 2829 1891 2886 bace

296 2925 460 2981 etiam
491 2941 610 2981 cum
648 2926 769 2981 aliis
810 2936 1102 2990 curentur;
1130 2924 1237 2979 imo
1278 2923 1465 2978 hortor
1500 2933 1556 2977 ut
1585 2922 1699 2978 haec
1741 2924 1891 2993 prius

294 3031 459 3089 quam
502 3016 606 3071 alia
645 3017 794 3071 liant.
824 3016 995 3072 Nemo
1019 3016 1185 3082 enim,
1216 3014 1359 3085 quod
1398 3013 1583 3069 isthzec
1609 3029 1714 3069 non
1745 3014 1890 3070 face-

295 3115 396 3171 ret,
430 3116 719 3162 accusatus
763 3123 1013 3177 umquam
1044 3106 1172 3171 fuit;
1220 3105 1308 3160 illa
1352 3119 1480 3160 vero
1504 3105 1891 3176 negligentibus

291 3199 541 3270 geheuna
572 3198 867 3253 deStinatur
903 3209 959 3254 et
1003 3200 1137 3270 ignis
1167 3198 1629 3268 iuexstinguibilis,
1669 3209 1721 3254 et
1760 3214 1886 3269 sup-

294 3292 521 3362 plicium
551 3307 671 3347 cum
700 3292 1031 3347 dainionibus
1051 3292 1439 3347 sustinendum.
1468 3291 1545 3347 Ne
1565 3294 1742 3363 itaque
1763 3292 1888 3347 dum

291 3384 516 3439 domum
545 3399 796 3450 exornas,
840 3385 1097 3439 amictum
1146 3384 1366 3439 fratrem
1398 3384 1663 3453 despicias
1707 3402 1720 3438 :
1766 3400 1888 3438 nam

295 3485 395 3537 hoc
422 3481 686 3550 templum
717 3481 809 3534 illo
838 3479 1140 3550 pretiosius.
1174 3479 1298 3533 llzec
1324 3480 1520 3549 quippe
1548 3480 1756 3533 cimelia
1789 3495 1887 3549 po-

294 3582 499 3639 terunt,
530 3572 613 3628 vel
638 3588 791 3644 reges
820 3572 1079 3637 inﬁdeles,
1113 3572 1196 3627 vel
1225 3572 1454 3644 tyranni,
1488 3572 1573 3627 vel
1606 3571 1750 3627 fures
1787 3586 1885 3626 au-

1458 3845 1797 3910 HOMILIA
1846 3843 1949 3906 LI.

289 4023 419 4081 Car.
461 4023 553 4078 15.
581 4038 635 4077 v.
666 4022 717 4076 l.
757 4020 897 4075 Tunc
924 4029 1238 4075 accesserunt
1271 4016 1339 4070 ad
1366 4015 1542 4071 Jesum
1567 4031 1598 4069 a
1622 4012 1887 4084 Jerosoly-

482 4116 575 4169 mis
595 4116 774 4169 scriba:
797 4123 842 4167 et
864 4111 1113 4167 Pltaristvi
1134 4112 1372 4175 dicentes,
1408 4110 1596 4176 Quare,
1620 4117 1725 4162 etc.

362 4210 416 4263 1.
463 4207 614 4261 Tunc
640 4203 1052 4277 :quandonam?
1076 4202 1207 4257 Cum
1236 4202 1381 4256 mille
1402 4201 1551 4272 signa
1577 4199 1731 4261 fecit;
1764 4211 1884 4252 cum

291 4299 543 4353 infirmos
570 4313 635 4351 ex
664 4305 805 4350 tactu
831 4294 1053 4348 ﬁmbriae
1080 4292 1303 4348 curavit.
1340 4290 1461 4345 Ideo
1487 4289 1629 4344 enim
1660 4302 1891 4358 evange-

291 4391 410 4448 lista
447 4400 659 4458 tempus
688 4388 904 4454 indit-at,
934 4397 991 4440 ut
1022 4372 1257 4455 ipsorum
1304 4384 1569 4453 ingentem
1597 4380 1885 4451 nequitiam

291 4480 545 4537 ostendat
575 4480 704 4533 nulli
734 4479 1013 4533 cedentem
1063 4475 1200 4544 Quid
1242 4475 1339 4529 sibi
1368 4474 1481 4528 vult
1509 4472 1664 4538 illud,
1697 4470 1769 4525 Ab
1794 4469 1883 4523 Je-

292 4573 570 4644 rosolymis
611 4571 789 4626 scriba:
817 4579 863 4624 et
895 4568 1187 4622 Pharisaei?
1226 4568 1357 4635 Quia
1400 4567 1451 4621 in
1496 4565 1743 4619 omnibus
1788 4563 1886 4617 tri-

291 4666 471 4721 bubus
498 4662 725 4734 dispersi
761 4672 934 4723 erant.
970 4670 1024 4716 et
1052 4660 1103 4714 iu
1144 4658 1422 4713 duodecim
1464 4668 1641 4729 partes
1670 4654 1824 4711 divisi
1866 4669 1884 4708 :

290 4758 385 4811 sed
428 4752 863 4827 Jerosolymitani
906 4753 1116 4807 ueteris
1158 4750 1440 4821 nequiores
1483 4759 1655 4811 erant,
1698 4756 1756 4801 ut
1793 4747 1884 4816 qui

291 4848 486 4917 majori
520 4846 825 4901 fruerentur
851 4844 1071 4902 honore.
1102 4853 1155 4898 et
1190 4843 1477 4915 plurimum
1519 4840 1620 4896 sibi
1661 4855 1882 4910 arroga-

291 4952 432 4996 rent.
463 4937 740 5009 Perpende
765 4950 939 4991 autem
971 4937 1238 5006 quomodo
1267 4952 1330 4990 ex
1360 4936 1471 5005 ipsa
1517 4951 1610 4988 sua
1652 4934 1884 4990 interro-

290 5034 514 5101 gatione
544 5031 841 5098 capiantur.
874 5028 1054 5097 Neque
1081 5030 1223 5081 enim
1250 5027 1452 5090 dicunt,
1479 5023 1585 5080 Cur
1614 5038 1882 5097 transgre-

290 5121 515 5174 diuntur
558 5121 727 5190 legem
761 5117 998 5189 Moysis?
1041 5117 1157 5183 sed,
1206 5115 1549 5170 Troditiouem
1587 5116 1886 5170 seniorum!

292 5212 449 5271 Unde
481 5212 656 5284 palam
684 5222 787 5277 est,
820 5212 982 5265 multa
1006 5210 1314 5265 sacerdotes
1337 5210 1638 5271 iun0vasse.
1672 5211 1880 5265 etiamsi

292 5305 504 5378 Moyses
543 5320 734 5374 magno
758 5314 980 5369 terrore,
1015 5304 1300 5372 multisque
1327 5302 1483 5355 minis
1516 5302 1766 5356 adhibitis
1793 5318 1885 5357 ve-

298 5403 489 5452 tuisset
516 5413 582 5451 ne
610 5396 737 5466 quid
763 5396 1042 5460 adderent,
1077 5396 1159 5449 vel
1197 5394 1491 5449 demerent.
1526 5392 1644 5447 Non
1669 5394 1882 5463 adjicie-

293 5492 356 5544 tis
382 5493 449 5543 ad
478 5489 702 5553 verbum,
730 5487 865 5557 quod
891 5504 980 5557 ego
1013 5488 1249 5556 praecipio
1276 5486 1411 5541 vobis
1446 5486 1616 5553 hodie,
1662 5502 1750 5541 nec
1784 5502 1881 5539 au-

291 5582 462 5651 feretis
487 5580 551 5634 ab
576 5598 632 5633 eo
663 5578 841 5649 (Deut.
863 5580 916 5634 ι.
944 5579 1025 5649 2).
1054 5579 1331 5649 Nilumque
1357 5579 1533 5633 minus
1559 5595 1691 5633 nova
1724 5580 1880 5632 indu-

292 5672 521 5737 cebant;
556 5683 615 5725 ut
643 5672 742 5726 hoc
771 5681 906 5738 erat,
951 5688 1017 5725 ne
1048 5671 1207 5725 illotis
1240 5671 1482 5725 manibus
1511 5670 1877 5735 comederent,

296 5772 352 5819 at
381 5765 566 5828 pocula
589 5773 644 5819 et
661 5780 784 5819 vasa
806 5778 953 5819 (enea
980 5763 1278 5831 abluerent,
1308 5773 1364 5817 ut
1389 5778 1507 5819 sese
1529 5762 1878 5834 baptizareut.

1364 335 1428 394 IN
1466 334 1871 393 MATTIL‘EUM
1901 334 2128 391 HOMIL.
2172 337 2258 392 LI.
2300 338 2371 392 al.
2414 336 2518 393 LII.

3470 339 3578 397 5&0

1999 449 2172 516 l'erre;
2219 466 2567 519 qumcumque
2620 465 2745 505 vero
2789 450 3017 522 benigne
3057 450 3109 505 in
3150 450 3368 506 fratrem
3410 449 3576 508 iacies

1992 541 2336 603 esurientem,
2370 541 2730 611 peregrinum,
2760 541 2979 606 nudum,
3005 556 3071 597 ne
3091 541 3333 596 diabolus
3361 542 3573 611 quidem

1994 633 2188 701 poterit
2209 632 2438 697 auferre,
2466 632 2561 687 sed
2588 632 2639 686 in
2668 632 2919 688 thesauro
2940 633 3176 688 manebit
3196 634 3412 688 intacto.
3437 635 3573 703 Quid

1995 723 2152 791 igitur
2178 724 2252 778 ait
2294 723 2415 777 ille?
2444 723 2703 794 Pauperes
2730 725 2981 780 vobiscum
3010 742 3206 794 semper
3238 725 3449 791 habetis,
3497 742 3577 779 me

1992 824 2158 866 autem
2184 830 2379 884 semper
2402 830 2503 868 non
2532 816 2720 869 habetis
2753 815 2963 886 (Matth.
2993 816 3083 872 26.
3115 816 3227 891 11).
3273 817 3395 872 Ideo
3431 818 3574 872 enim

1994 907 2224 960 maxime
2249 906 2614 961 misericordia
2643 909 2841 962 moveri
2867 917 3097 978 oportet,
3142 911 3263 979 quia
3295 926 3399 963 non
3429 925 3573 965 sem-

1996 1012 2090 1067 per
2114 996 2371 1053 babemus
2396 999 2543 1053 illum
2572 1001 2915 1065 esurientem,
2943 1002 3037 1058 sed
3072 1003 3125 1057 in
3166 1004 3411 1072 praesenti
3454 1014 3574 1059 tau-

1997 1098 2106 1144 tum
2135 1090 2262 1145 vita.
2293 1090 2446 1158 Quod
2485 1092 2531 1146 si
2563 1094 2695 1147 velis
2738 1103 2903 1148 totam
2932 1094 3056 1149 dicti
3099 1095 3216 1166 ejus
3256 1096 3575 1152 sententiam

1994 1180 2257 1247 ediscere,
2304 1182 2448 1236 audi.
2482 1183 2597 1240 Hoc
2633 1182 2698 1238 ad
2728 1184 3017 1254 discipulos
3054 1185 3254 1241 dictum
3300 1201 3403 1241 non
3450 1187 3574 1253 fuit,

1994 1275 2202 1328 etiamsi
2233 1274 2303 1328 ita
2344 1274 2587 1330 videatur
2611 1317 2627 1341 ,
2677 1275 2770 1330 sed
2809 1277 3156 1332 imbecillitati
3195 1278 3429 1334 mulieris
3471 1279 3571 1332 ad-

1994 1376 2232 1435 optatum
2262 1376 2362 1420 est.
2405 1366 2536 1434 Quia
2562 1367 2703 1421 enim
2733 1368 2908 1421 adhuc
2936 1369 3295 1438 imperfectior
3322 1380 3457 1436 erat,
3500 1373 3578 1429 illi

1993 1472 2123 1511 vero
2150 1457 2247 1531 ipsi
2276 1457 2487 1512 molesti
2530 1468 2701 1523 erant,
2744 1468 2803 1514 ut
2833 1459 2972 1513 illam
3001 1460 3263 1514 solaretur
3292 1460 3407 1516 lucc
3432 1461 3566 1517 dice-

1994 1550 2102 1605 bat.
2133 1549 2188 1605 ld
2215 1566 2342 1605 vero
2367 1561 2510 1621 patet
2536 1566 2604 1606 ex
2638 1551 2702 1606 iis
2729 1567 2846 1620 qua:
2873 1550 3006 1607 dixit
3034 1570 3047 1606 :
3079 1552 3215 1620 Quid
3239 1554 3434 1607 molesti
3460 1555 3578 1610 estis

1993 1640 2111 1693 huic
2132 1641 2332 1694 mulieri
2361 1639 2522 1706 (Ibid.
2550 1658 2597 1695 υ.
2630 1641 2761 1711 10)Ὶ
2784 1642 2934 1709 Quod
2964 1652 3141 1699 autem
3168 1645 3339 1714 ipsum
3365 1658 3585 1715 semper

1994 1731 2268 1786 uobiscum
2295 1732 2585 1787 habeamus
2612 1734 2690 1787 sic
2718 1734 2808 1789 ille
2834 1734 2971 1788 dixit
3003 1751 3015 1786 :
3048 1733 3181 1789 Ecce
3205 1751 3297 1807 ego
3323 1736 3581 1790 vobiscum

1991 1839 2105 1876 sum
2133 1823 2363 1877 omnibus
2389 1824 2562 1878 diebus
2602 1840 2757 1895 usque
2787 1826 2856 1878 ad
2888 1827 3363 1882 consummationem
3404 1827 3581 1882 saeculi

1994 1912 2211 1984 (Matth.
2244 1914 2335 1969 εδ.
2374 1915 2492 1987 20).
2528 1915 2605 1971 Ex
2645 1917 2840 1986 quibus
2880 1918 3125 1973 omnibus
3170 1920 3356 1989 liquet,
3402 1922 3575 1989 ipsum

1994 2020 2101 2060 non
2130 2006 2235 2060 alia
2260 2006 2330 2061 de
2355 2022 2514 2061 causa
2542 2008 2659 2063 haec
2684 2008 2901 2074 dixisse,
2933 2010 3030 2063 nisi
3055 2018 3112 2064 ut
3132 2010 3370 2064 mulieris
3391 2010 3573 2076 ﬁdem,

1992 2111 2113 2166 qua:
2158 2106 2284 2151 tunc
2334 2097 2650 2166 pullulabat,
2703 2098 3086 2169 discipulorum
3132 2101 3425 2170 increpatio
3468 2117 3577 2157 non

1994 2190 2233 2246 lmderet.
2276 2190 2355 2246 Ne
2384 2191 2546 2261 igitur
2576 2192 2689 2246 bam
2724 2195 2778 2247 in
2817 2191 3050 2248 medium
3091 2208 3232 2248 nunc
3268 2193 3577 2261 aderamus,

1992 2299 2112 2355 quae
2129 2299 2223 2355 per
2250 2283 2601 2340 (economiam
2629 2283 2770 2340 dicta
2799 2294 2942 2348 sunt,
2969 2285 3063 2340 sed
3086 2284 3229 2356 leges
3249 2300 3437 2341 omnes
3458 2301 3579 2357 qua

1993 2376 2049 2432 in
2076 2391 2233 2441 nova,
2269 2390 2387 2446 quat
2413 2376 2464 2430 iu
2493 2376 2657 2431 veteri
2690 2377 2805 2447 lege
2832 2386 2954 2430 sunt
2985 2377 3243 2447 legentes,
3273 2378 3493 2432 multam
3514 2393 3574 2432 ea

1994 2470 2047 2525 in
2088 2486 2149 2526 re
2184 2485 2366 2525 curam
2396 2469 2785 2540 impendamus.
2816 2470 2927 2524 Hoc
2953 2471 3096 2525 enim
3126 2486 3154 2523 a
3189 2479 3406 2541 peccato
3448 2486 3576 2541 pur-

1992 2573 2081 2633 gat
2127 2580 2142 2617 :
2188 2579 2311 2617 nam
2360 2564 2433 2616 ait
2474 2581 2487 2617 :
2528 2561 2659 2615 Date
2700 2564 3093 2632 eleemosynam,
3145 2572 3193 2615 et
3235 2564 3406 2616 omnia
3444 2562 3582 2617 vobis

1994 2655 2184 2707 munda
2210 2664 2357 2707 erunt
2389 2653 2538 2723 (Luc.
2569 2655 2656 2708 ll.
2689 2654 2804 2725 41).
2848 2654 2971 2708 llaec
2996 2651 3257 2708 sacriﬁcio
3283 2654 3452 2722 major
3477 2662 3578 2719 est,

1996 2746 2401 2803 Misericordiam
2427 2747 2622 2818 quippe
2645 2751 2779 2810 volo,
2812 2757 2860 2801 et
2887 2763 2987 2801 non
3016 2747 3317 2814 sacriﬁcium
3340 2746 3497 2818 (Osce
3521 2746 3576 2801 6.

1994 2838 2075 2909 6).
2105 2839 2217 2893 Hoc
2241 2838 2403 2893 caalos
2443 2838 2610 2908 aperit
2644 2858 2658 2893 :
2692 2837 2979 2905 Orationes,
3023 2839 3210 2908 inquit,
3256 2847 3356 2892 tua:
3382 2848 3429 2892 et
3453 2838 3583 2892 elec-

1994 2945 2219 3000 mosynte
2242 2939 2343 2983 tua:
2366 2930 2694 2984 ascenderunt
2718 2931 2772 2983 in
2802 2931 3093 2984 meritoriam
3119 2930 3170 2983 in
3195 2940 3462 2999 conspectu
3485 2928 3579 2983 Dei

1994 3022 2134 3091 (Act.
2163 3022 2248 3078 10.
2277 3023 2353 3091 4).
2380 3021 2492 3075 Hoc
2518 3023 2686 3093 magis
2712 3022 3072 3079 necessarium
3112 3030 3195 3075 est
3231 3036 3389 3090 quam
3419 3022 3583 3090 virgi-

1994 3116 2167 3181 nitas;
2200 3130 2321 3168 uam
2350 3114 2695 3187 eleemosyna
2724 3117 2964 3186 neglecta
2986 3114 3090 3168 illa:
3113 3113 3349 3183 expulsae
3376 3130 3440 3168 ex
3468 3116 3583 3168 tha-

1995 3205 2135 3260 lamo
2160 3204 2411 3270 fuerunt;
2440 3206 2557 3259 aliae
2578 3220 2706 3261 vero
2727 3207 2978 3277 ingressa:
3022 3213 3165 3259 sunt.
3220 3207 3350 3271 Quae
3400 3206 3579 3259 omnia

1994 3313 2115 3351 cum
2141 3297 2393 3361 sciamus,
2414 3296 2740 3352 semiueums
2767 3298 2998 3367 largiter,
3032 3306 3089 3351 ut
3120 3313 3240 3351 cum
3273 3297 3457 3367 majori
3485 3312 3579 3351 co-

1994 3389 2077 3456 pia
2105 3397 2385 3451 metamus,
2419 3398 2472 3441 et
2514 3386 2685 3440 futura
2714 3402 3102 3457 consequamur
3128 3386 3259 3441 bona
3284 3429 3299 3453 ,
3331 3387 3498 3457 gratia
3525 3399 3582 3442 et

1996 3480 2318 3549 benignitate
2344 3480 2553 3534 Domini
2581 3482 2746 3535 nostri
2790 3479 2915 3535 Jesu
2954 3478 3172 3547 Chrisu,
3214 3481 3299 3534 cui
3327 3480 3493 3550 gloria
3524 3480 3577 3534 iu

1992 3572 2207 3627 sarcula.
2235 3572 2428 3626 Amen.

1997 3845 2083 3907 al.
2140 3844 2273 3907 LII.

1994 4012 2112 4081 Quo
2154 4022 2394 4084 tempore
2436 4024 2617 4070 autem
2664 4013 2947 4085 oportebat
2993 4015 3117 4071 illos
3159 4015 3227 4071 ab
3272 4016 3576 4086 huiusmodi

1992 4107 2455 4163 observationibus
2481 4124 2605 4164 sese
2631 4107 2906 4179 expedire,
2937 4118 3064 4164 tunc
3092 4124 3151 4165 se
3177 4110 3251 4165 illi
3283 4111 3450 4179 magis
3480 4111 3574 4165 iis—

1992 4210 2113 4254 dem
2140 4200 2462 4270 obligarunt,
2495 4208 2793 4256 metuentes
2836 4216 2904 4255 ne
2935 4201 3055 4271 quis
3092 4200 3192 4255 sibi
3226 4201 3575 4271 principatum

1992 4294 2292 4364 abriperet;
2324 4305 2377 4348 et
2405 4293 2851 4349 l'urmidabiliores
2881 4293 3065 4348 haberi
3095 4294 3365 4359 volebant,
3396 4304 3579 4364 utpote

1993 4384 2343 4454 legislatores.
2375 4384 2428 4437 In
2458 4392 2655 4437 tantam
2677 4399 2805 4454 ergo
2827 4384 3156 4453 iniquitatem
3186 4401 3273 4440 res
3294 4386 3576 4455 processit,

1992 4475 2048 4531 ut
2077 4486 2343 4547 prazcepta
2368 4475 2582 4545 quidem
2611 4490 2705 4531 sua
2734 4486 3097 4542 servarentur,
3134 4477 3226 4532 Dei
3270 4494 3397 4532 vero
3427 4494 3578 4532 man-

1988 4568 2116 4625 data
2158 4570 2523 4626 violarentur:
2586 4581 2637 4626 et
2673 4581 2882 4625 tantum
2923 4570 2995 4623 illi
3048 4568 3473 4639 praivaluerant,
3508 4576 3568 4621 ut

1987 4660 2101 4732 jam
2153 4663 2359 4717 crimen
2406 4675 2556 4719 esset
2611 4678 2801 4717 eorum
2857 4670 3126 4732 praecepta
3174 4659 3412 4723 violare;
3457 4673 3566 4728 qua

1995 4754 2051 4810 iu
2085 4769 2146 4811 re
2197 4755 2394 4826 duplex
2448 4757 2608 4825 culpa
2659 4764 2797 4820 erat,
2831 4764 2884 4809 et
2928 4754 3075 4822 quod
3106 4753 3465 4815 innovareut,
3515 4757 3573 4803 et

1988 4844 2131 4915 quod
2160 4844 2237 4897 sic
2261 4858 2355 4897 sua
2382 4844 2732 4905 vmdicareut,
2765 4841 2854 4897 Dei
2888 4840 3085 4895 nullam
3118 4838 3376 4895 habentes
3401 4839 3568 4894 ratio.

1990 4953 2132 4992 nem.
2164 4935 2545 4991 Pmtermissis
2569 4950 2696 4989 vero
2723 4934 2862 4999 aliis,
2903 4932 3148 4988 sextariis
3178 4947 3367 5000 nempe
3392 4942 3446 4986 et
3475 4948 3570 4986 va-

1987 5027 2061 5083 sis
2083 5028 2269 5091 :eneis,
2294 5042 2413 5096 qua:
2444 5025 2663 5081 ridicula
2696 5032 2869 5088 erant,
2898 5022 3039 5093 quod
3071 5021 3393 5092 praecipuum
3423 5021 3573 5078 vide-

1989 5122 2141 5176 batur
2168 5120 2219 5174 iu
2251 5119 2482 5174 medium
2513 5116 2810 5187 proferunt,
2840 5130 2947 5185 quo
2977 5115 3147 5178 illum,
3186 5121 3243 5165 ut
3280 5113 3410 5168 mihi
3447 5115 3581 5183 qui-

1986 5214 2106 5270 dem
2139 5214 2367 5276 videtur,
2400 5212 2453 5265 in
2485 5213 2615 5265 iram
2636 5209 2984 5264 concitarent.
3006 5206 3365 5275 Quamobrem
3391 5206 3569 5262 senio-

1986 5325 2103 5363 rum
2139 5309 2516 5369 memiuerunt,
2546 5312 2602 5359 ut
2629 5302 2780 5373 quasi
2812 5302 2931 5355 illos
2959 5300 3277 5367 deSpiceret,
3312 5298 3437 5352 hinc
3465 5314 3566 5352 an-

1984 5418 2099 5457 sam
2129 5398 2416 5455 accusandi
2459 5396 2740 5467 pra:beret.
2770 5391 3193 5448 Examinandum
3242 5391 3417 5460 primo
3462 5398 3567 5457 est,

1984 5508 2080 5548 cur
2122 5490 2365 5561 discipuli
2408 5488 2570 5543 illotis
2618 5486 2861 5541 manibus
2899 5483 3299 5539 manducarent.
3342 5478 3459 5535 Non
3501 5480 3571 5537 de

1985 5583 2239 5641 industria
2272 5581 2323 5637 id
2349 5580 2577 5652 agebant
2597 5579 2637 5645 ⁸,
2665 5576 2761 5634 sed
2785 5577 2923 5646 quod
2947 5575 3035 5629 illa
3053 5572 3322 5645 superﬂua
3350 5588 3571 5640 respue-

2054 5778 2070 5810 ⁸
2108 5777 2181 5829 Ex
2208 5777 2376 5829 Graeco
2403 5780 2670 5843 legendum
2705 5783 2860 5841 esset,
2899 5792 2986 5830 cur
3029 5773 3266 5843 discipuli
3295 5772 3442 5827 illatis
3464 5787 3570 5827 ma-
