4052 6228
587 329 686 386 Si"

588 449 728 505 rent.
757 439 885 496 dum
916 438 1234 495 necessariis
1256 437 1593 492 attenderem
1622 452 1638 488 :
1671 449 1769 490 nec
1799 449 1894 504 pro
1924 434 2041 502 lege
2071 431 2169 486 ha-

589 535 787 590 bebant
813 533 936 587 lotis
959 541 1053 587 aut
1074 531 1240 586 illotis
1259 529 1503 585 manibus
1527 527 1832 589 comedere,
1858 523 1952 580 sed
1975 533 2180 578 utrum-

587 639 691 693 que
723 633 778 677 ιιι
805 639 925 678 sese
951 623 1165 678 occasio
1192 622 1352 677 dabat
1374 620 1623 689 agebant.
1655 619 1786 673 Nam
1815 621 1904 688 qui
1931 630 2178 671 necessa-

588 717 726 770 rium
767 732 980 786 quoque
1017 717 1193 770 cibum
1225 713 1610 782 despiciebant,
1636 710 1906 781 quomodo
1934 708 2049 763 inec
2085 722 2175 762 ac-

586 817 770 862 curate
791 806 1133 862 servassent?
1153 807 1285 871 Quia
1318 805 1475 873 igitur
1502 804 1817 872 plerumque
1837 798 2180 869 contingebat

588 907 648 950 ιιι
685 898 736 951 in
769 908 1038 965 promptu,
1068 907 1121 950 et
1147 896 1297 964 quasi
1327 895 1545 947 fortuito
1579 893 1630 946 id
1678 893 1932 954 facerent,
1964 901 2021 944 ut
2055 905 2175 944 cum

589 990 642 1041 in
688 989 900 1042 deserto
940 987 1314 1052 comedebant,
1351 996 1404 1041 et
1428 1000 1550 1040 cum
1579 983 1754 1052 spicas
1794 981 2081 1046 vellebant,
2124 979 2174 1034 id

585 1080 738 1148 quasi
765 1080 966 1134 crimen
997 1078 1293 1149 proferunt,
1333 1078 1422 1147 qui
1453 1075 1654 1145 majora
1694 1090 1907 1143 semper
1945 1073 2176 1143 neglzge-

595 1173 739 1236 bant,
783 1182 838 1227 et
881 1172 1148 1239 superﬂua
1190 1170 1476 1225 admodum
1521 1168 1796 1223 curabant.
1837 1165 1973 1234 Quid
2018 1165 2178 1235 igitur

586 1267 867 1322 Christus?
911 1267 1026 1322 Non
1072 1266 1200 1321 illud
1249 1264 1498 1325 attendit.
1537 1278 1710 1332 neque
1751 1261 2174 1316 criminationem

583 1359 813 1427 depulit,
843 1358 936 1412 sed
961 1357 1140 1410 statim
1169 1356 1542 1411 recriminatus
1570 1363 1674 1418 est,
1708 1361 1764 1407 ut
1801 1351 2075 1406 audaciam
2108 1351 2174 1405 il-

591 1451 762 1504 lorum
804 1450 1141 1517 reprimeret,
1183 1447 1616 1514 ostenderetque,
1644 1461 1764 1498 eum
1792 1442 1883 1513 qui
1923 1442 1976 1496 in
2006 1441 2177 1511 majo-

589 1539 738 1594 ribus
768 1549 971 1607 peccat,
1014 1537 1220 1591 minora
1252 1537 1304 1592 in
1331 1536 1453 1589 aliis
1485 1549 1588 1588 non
1633 1543 1776 1588 tanta
1820 1548 1948 1588 cura
1993 1532 2176 1600 esplo-

588 1647 709 1685 rsre
734 1629 954 1684 debere.
984 1627 1093 1682 Vos
1118 1627 1354 1682 accusari
1385 1625 1682 1695 oportebat,
1710 1633 1764 1678 et
1784 1622 2074 1678 accusatis.
2098 1621 2140 1676 Τ
2143 1637 2176 1676 ιι

587 1738 718 1777 vero
747 1723 1003 1776 observes
1029 1719 1208 1785 velim,
1246 1718 1515 1789 quomodo
1543 1732 1665 1772 cum
1695 1715 1896 1784 aliquid
1927 1731 1994 1770 cx
2025 1714 2172 1783 lega-

585 1816 726 1870 libus
769 1814 981 1869 solvere
1007 1813 1137 1878 vult,
1171 1813 1321 1882 quasi
1358 1827 1486 1872 sese
1528 1810 1832 1866 excusando
1879 1809 1932 1864 id
1981 1809 2173 1873 faciat;

583 1906 729 1977 quod
757 1917 808 1960 et
839 1919 967 1959 tunc
995 1904 1139 1960 fecit.
1169 1904 1281 1958 Non
1310 1905 1451 1958 enim
1490 1903 1669 1958 statim
1692 1901 1758 1956 ad
1789 1900 2177 1970 transgressio-

529 2058 541 2066 ,
588 2015 708 2053 nem
749 1997 1011 2067 procedit,
1065 2011 1240 2065 neque
1291 1995 1455 2059 dicit,
1509 1995 1564 2049 id
1614 1992 1743 2048 nihil
1786 2001 1898 2057 est;
1939 1991 2174 2060 alioquin

586 2104 713 2143 vero
759 2088 877 2144 illos
917 2087 1206 2142 ferociores
1232 2086 1552 2141 reddidisset
1585 2103 1599 2138 :
1641 2084 1735 2139 sed
1776 2085 1924 2153 prius
1964 2083 2176 2138 illorum

585 2181 861 2236 audaciam
894 2180 1146 2248 retundit,
1196 2179 1353 2250 longe
1399 2179 1572 2246 majus
1607 2179 1808 2233 crimen
1851 2177 1903 2242 in
1942 2175 2175 2234 medium

586 2275 884 2345 proferens,
917 2284 971 2328 et
997 2276 1048 2329 in
1080 2276 1314 2344 ipsorum
1341 2282 1499 2341 eaput
1518 2282 1855 2340 retorquens.
1887 2270 2069 2340 Neque
2097 2269 2179 2324 di-

586 2370 681 2434 cit,
716 2377 862 2422 recte
889 2368 1009 2422 illos
1033 2366 1206 2422 facere
1234 2367 1358 2420 dum
1386 2365 1868 2434 transgrediuntur,
1896 2379 1963 2418 ne
1990 2379 2174 2418 ansam

587 2458 694 2514 illis
725 2459 995 2528 praebeat;
1028 2473 1202 2527 neque
1247 2457 1367 2512 ideo
1411 2456 1678 2525 objurgat,
1725 2470 1794 2509 ne
1822 2454 2062 2509 videatur
2103 2455 2178 2508 le-

587 2566 707 2622 gem
743 2552 988 2616 ﬁrmare;
1033 2567 1205 2622 neque
1237 2565 1423 2605 rursus
1451 2550 1692 2604 seniores
1731 2559 1946 2604 accusat
1976 2557 2034 2602 ut
2071 2549 2175 2603 ini-

587 2658 743 2712 quos,
792 2653 850 2698 ut
895 2645 1186 2708 scelestos;
1233 2644 1467 2714 alioquin
1497 2644 1640 2698 enim
1674 2651 1731 2696 ut
1759 2641 2174 2698 conviciatorem

587 2735 738 2790 illum
764 2745 1139 2790 aversarentur
1171 2754 1184 2788 :
1218 2751 1401 2790 verum
1433 2735 1610 2788 missis
1639 2735 1743 2788 illis
1769 2735 2040 2797 omnibus,
2073 2734 2174 2788 alia

588 2828 671 2880 via
699 2827 971 2897 procedit;
993 2842 1057 2880 ac
1075 2826 1282 2882 videtur
1302 2826 1515 2896 quidem
1537 2826 1855 2881 accedentes
1877 2826 2173 2894 increpare,

589 2920 684 2974 sed
730 2919 1032 2989 perstringit
1075 2933 1170 2974 eos
1196 2920 1286 2988 qui
1332 2899 1822 2987 hnjnsmodi‘leges
1852 2928 2173 2986 posuerant;

592 3011 830 3065 seniores
857 3025 1116 3078 nusquam
1138 3025 1465 3073 memorans,
1489 3011 1579 3064 sed
1604 3009 1655 3063 in
1683 3011 2024 3063 accusatione
2048 3024 2177 3063 con.

593 3113 672 3156 tra
714 3102 812 3155 hos
851 3103 1109 3166 instituta,
1143 3103 1262 3156 illos
1305 3117 1517 3172 quoque
1553 3101 1826 3169 dejiciens,
1855 3099 2174 3155 ostendens-

591 3209 716 3262 que,
747 3193 947 3262 duplex
986 3208 1105 3248 esse
1152 3203 1446 3264 peccatum,
1479 3193 1621 3263 quod
1649 3202 1704 3247 et
1733 3193 1841 3248 Deo
1870 3207 1978 3247 non
2021 3191 2178 3247 obseo

589 3296 906 3355 querentur,
940 3295 997 3342 et
1036 3288 1176 3357 quod
1206 3299 1422 3356 promer
1450 3286 1694 3341 homines
1724 3287 1774 3341 id
1809 3286 2070 3351 lacerent;
2115 3300 2180 3340 ac

589 3377 638 3431 si
662 3377 908 3433 diceret:
941 3378 1049 3434 Iloc
1126 3377 1272 3432 enim
1312 3377 1489 3447 ipsum
1529 3392 1625 3432 vos
1655 3419 1668 3443 ,
1709 3376 1812 3429 hoc
1886 3377 2176 3447 perdidit',

590 3469 734 3538 quod
766 3472 820 3524 in
850 3471 995 3524 omni
1028 3487 1084 3525 re
1109 3471 1412 3525 senioribus
1440 3485 1645 3525 morem
1673 3470 1904 3540 geratis;
1947 3469 2040 3524 sed
2070 3485 2176 3524 non

593 3559 694 3613 hoc
721 3559 869 3623 dicit,
901 3558 1030 3613 illud
1055 3569 1230 3614 autem
1256 3561 1427 3629 ipsum
1450 3561 1770 3624 subindicat,
1793 3561 1919 3615 dum
1945 3564 2023 3616 sic
2049 3561 2179 3630 ipsis

591 3649 898 3719 respondet.
932 3652 985 3705 5.
1021 3651 1190 3717 Quare
1213 3655 1364 3706 etiam
1393 3669 1479 3707 vos
1519 3653 1931 3724 transgredimini
1961 3653 2178 3706 utenda-

591 3750 696 3793 tum
725 3739 820 3793 Dei
848 3751 1054 3810 prOpter
1079 3743 1404 3797 traditionem
1431 3753 1645 3798 vestram
1664 3744 1689 3796 Ρ
1719 3743 1856 3798 Deus
1881 3747 2015 3798 enim
2041 3760 2176 3813 pra:-

589 3833 773 3902 cepit:
800 3833 853 3886 4.
897 3831 1112 3886 Honora
1155 3845 1350 3903 patrem
1395 3845 1440 3888 et
1485 3845 1730 3899 matrem;
1767 3846 1834 3900 et,
1886 3834 1987 3902 Qui
2022 3836 2178 3889 male-

589 3924 772 3978 dixerit
799 3925 934 3995 patri
967 3925 1042 3978 vel
1072 3926 1244 3992 matri,
1277 3935 1435 3979 morte
1466 3928 1712 3980 moriatur
1737 3925 1938 3996 (Exod.
1964 3926 2055 3979 20.
2087 3927 2175 3980 12.

583 4024 638 4068 .et
664 4015 756 4069 2L
783 4017 894 4085 17).
929 4016 985 4071 ὕ.
1025 4015 1126 4069 Vos
1163 4026 1329 4069 autent
1367 4017 1534 4069 dicitis
1575 4031 1594 4069 :
1635 4016 1950 4084 Quicumque
1994 4016 2179 4069 dixerit

591 4112 723 4178 patri
749 4110 832 4164 vel
857 4111 1027 4177 matri,
1057 4111 1246 4164 Munus
1270 4115 1616 4180 quodcumque
1643 4120 1716 4162 est
1741 4126 1805 4163 ea:
1830 4126 1910 4162 me
1937 4110 2024 4161 tibi
2055 4126 2176 4175 pro-

589 4202 741 4267 derit,
786 4204 840 4256 6.
880 4213 926 4254 et
969 4219 1070 4255 non
1109 4203 1377 4255 honorabit
1424 4211 1616 4270 patrem
1658 4217 1805 4254 suum
1841 4200 1920 4254 vel
1963 4213 2173 4254 matrem

589 4311 772 4358 suout;
801 4305 849 4349 et
888 4295 1090 4347 irritum
1125 4296 1316 4365 fecistis
1353 4295 1650 4348 mandatum
1690 4295 1785 4348 Dei
1824 4305 2030 4366 propter
2075 4305 2179 4349 tra-

589 4388 830 4442 ditionem
871 4399 1107 4441 vestram.

661 4480 716 4534 2.
759 4479 1104 4534 Traditionem
1129 4481 1400 4535 Judaicam
1426 4480 1684 4550 redarguit
1709 4479 1957 4534 Christus.
1975 4479 2177 4534 --Non

591 4573 742 4642 dicit,
781 4574 1064 4629 Seniorum
1095 4575 1455 4639 traditionem,
1502 4573 1616 4639 sed,
1676 4571 1923 4640 Vestram,
1969 4583 2040 4640 et,
2078 4572 2177 4627 Vos

591 4667 757 4720 dicitis
780 4681 798 4729 ;
825 4681 930 4720 non
957 4665 1112 4732 dixit,
1133 4665 1409 4730 Seniores,
1433 4677 1488 4718 ut
1515 4665 1691 4719 minus
1720 4665 1974 4720 molestus
2000 4680 2178 4720 sermo

588 4761 885 4815 videretur.
915 4760 1048 4826 Quia
1089 4760 1230 4813 enim
1278 4758 1571 4827 discipulos
1613 4767 2030 4828 transgressores
2057 4772 2177 4813 esse

591 4854 724 4924 legis
750 4856 1123 4909 demonstrare
1153 4852 1421 4915 volebant,
1453 4851 1641 4921 probat
1671 4851 1816 4920 ipsos
1841 4868 1968 4906 vere
1997 4861 2176 4905 trans-

592 4945 744 5015 gredi
773 4946 964 5014 legem,
995 4943 1286 5013 discipulos
1329 4953 1506 4998 autem
1547 4943 1772 4997 crimine
1799 4942 1994 4997 liberos
2030 4959 2171 4999 esse.

591 5038 774 5108 Neque
800 5039 884 5092 lex
905 5047 987 5092 est
1007 5037 1058 5092 id
1085 5038 1224 5108 quod
1252 5037 1320 5091 ab
1347 5037 1648 5091 hominibus
1669 5038 2004 5107 praccipitur:
2030 5037 2178 5092 ideo-

589 5144 697 5198 que
731 5129 1066 5184 traditionem
1097 5139 1268 5192 vocat,
1301 5144 1418 5199 qua:
1447 5137 1566 5183 erat
1595 5129 2047 5199 iniquissimorum
2075 5129 2173 5181 ho-

589 5220 814 5274 minum.
847 5219 1041 5274 Verum
1069 5222 1191 5289 quia
1217 5222 1389 5290 jussio
1435 5219 1646 5274 lavandi
1685 5235 1873 5274 manus
1915 5235 2021 5274 non
2060 5229 2177 5275 erat

588 5313 691 5384 legi
717 5314 983 5369 contraria
1016 5331 1030 5368 :
1059 5315 1218 5368 aliatn
1247 5314 1582 5368 traditionem
1609 5314 1658 5367 in
1689 5314 1920 5369 medium
1950 5312 2170 5382 profert,

589 5421 711 5474 qua:
742 5406 838 5474 legi
879 5407 1145 5459 contraria
1172 5415 1334 5460 esset.
1362 5403 1514 5472 Quod
1547 5419 1675 5459 vero
1702 5405 1848 5471 dicit,
1882 5405 1984 5460 hoc
2014 5406 2175 5474 signi-

591 5496 737 5551 ﬂeat.
785 5497 1092 5552 Docuerunt
1129 5496 1357 5566 juvenes
1404 5507 1459 5550 ut
1507 5497 1722 5565 pietatis
1767 5498 1945 5567 specie
1992 5507 2172 5567 patres

592 5638 734 5714 nibus
749 5643 1117 5714 Διιςίιιιςιιιιτιινιςηι.
1149 5647 1309 5706 Quare
1329 5646 1482 5714 igitur
1501 5647 1572 5700 sic
1594 5650 1981 5704 manducaruttt?
2000 5667 2093 5704 non
2113 5650 2174 5704 de

594 5703 840 5768 industria
855 5704 915 5768 id
941 5709 1153 5768 agebant.

661 5767 678 5798 ι
701 5764 818 5829 Alli,
843 5766 930 5817 hoc
951 5764 1080 5819 enim
1104 5783 1185 5821 ros
1203 5775 1250 5822 et
1273 5767 1386 5822 illos
1408 5772 1644 5837 perdidit.

1327 325 1384 380 S.
1423 321 1701 379 JOANNIS
1736 313 2214 376 CHRYSOS'I‘OMI
2256 307 2571 371 ARCHIEP.
2610 318 3141 380 CONSTANTINOP.

3790 323 3910 384 51⁸3

2287 427 2639 500 despicerent.
2666 435 2946 503 Quomodo
2968 451 3021 495 et
3050 459 3156 512 qua
3187 447 3425 503 ratione?
3450 449 3504 505 Si
3534 451 3672 523 quis
3704 469 3910 524 paron

2287 533 2396 579 tum
2425 527 2535 581 tilio
2559 526 2783 597 diceret,
2816 532 2889 586 Da
2921 534 3050 588 mihi
3087 535 3244 604 hanc,
3286 556 3441 610 quam
3469 540 3668 610 babes,
3707 564 3900 601 ovem

2285 629 2374 674 aut
2418 621 2660 688 vitulutn,
2710 635 2802 680 aut
2844 627 2984 683 aliud
3015 631 3142 700 quid
3184 633 3406 691 simile:
3449 640 3906 708 respondebant

2287 714 2341 768 Id
2369 718 2508 785 quod
2541 733 2572 772 a
2605 735 2690 773 tne
2727 722 2807 776 vis
2843 726 3110 794 accipere,
3150 727 3350 783 donum
3388 742 3471 786 est
3500 733 3614 788 Deo
3643 740 3910 805 promis-

2284 821 2426 872 sum,
2457 825 2556 864 nec
2584 822 2733 879 potes
2763 814 2891 869 illud
2920 818 3183 887 accipere,
3213 837 3277 875 ac
3302 822 3496 892 duplex
3523 826 3656 880 hinc
3682 829 3903 882 malun

2283 901 2608 971 emergebat.
2639 904 2824 975 Neque
2847 912 2988 963 enim
3022 911 3130 966 Deo
3172 912 3488 979 olferebant,
3528 932 3592 972 ac
3624 930 3910 988 parentes.

2283 992 2571 1050 oblationis
2617 1001 2832 1053 nomine
2877 1001 3303 1071 defraudabant,
3353 1017 3408 1063 et
3458 1011 3607 1080 ipsos
3659 1025 3910 1082 proptet

2285 1085 2450 1141 Deum
2498 1088 2689 1157 injuria
2717 1090 3054 1160 efﬁciebant;
3101 1096 3372 1168 Deumque
3411 1111 3639 1170 propter
3686 1118 3910 1171 parem

2285 1189 2385 1234 tes.
2422 1181 2618 1236 Verum
2647 1199 2753 1238 non
2785 1185 2886 1240 hoc
2912 1190 3089 1242 statim
3113 1189 3262 1256 dicit,
3291 1193 3384 1248 sed
3415 1193 3559 1262 prius
3587 1197 3783 1263 legem
3811 1215 3910 1250 rc—

2283 1271 2431 1337 citat,
2464 1290 2566 1342 qua
2593 1275 2829 1331 declarat
2869 1279 3029 1346 Deus,
3074 1281 3358 1337 admodum
3399 1285 3535 1340 velle
3571 1299 3638 1340 se
3683 1299 3752 1342 ut
3801 1305 3910 1357 pa—

2283 1374 2463 1419 rentes
2507 1366 2839 1422 honorentur
2867 1387 2888 1422 ~:
2923 1387 3046 1426 nam
3088 1374 3163 1427 ait
3196 1393 3210 1428 :
3245 1373 3457 1429 Honora
3486 1387 3693 1445 patrem
3745 1391 3908 1432 tuum

2282 1467 2328 1509 et
2355 1469 2586 1520 matrem,
2613 1472 2670 1513 ut
2687 1463 2758 1515 sis
2777 1463 3030 1534 tongcevus
3048 1467 3100 1520 in
3120 1475 3287 1531 terra;
3308 1469 3456 1535 item,
3471 1469 3572 1535 Qui
3593 1473 3909 1527 maledixe»

2283 1550 2347 1602 rit
2367 1551 2497 1618 patri
2517 1554 2591 1605 vel
2603 1555 2770 1618 matri,
2785 1566 2948 1608 morte
2963 1560 3224 1612 moriatur.
3245 1559 3492 1616 Clu-isms
3505 1574 3692 1618 autem
3716 1566 3906 1618 misso

2285 1643 2506 1710 praemio
2529 1661 2638 1713 quo
2657 1646 2924 1700 donantur
2950 1649 2984 1703 ii
3010 1651 3099 1720 qui
3131 1663 3377 1720 parentes
3408 1653 3702 1721 honorant,
3737 1662 3898 1726 quod

2285 1735 2572 1788 terribilius
2619 1745 2703 1790 est
2754 1738 2973 1806 profert,
3018 1757 3212 1811 nempe
3247 1745 3566 1814 supplicium
3620 1761 3902 1815 parcnle

2285 1823 2722 1881 inhonorantibus
2764 1829 3118 1898 inferendum,
3162 1843 3270 1888 tum
3315 1844 3373 1890 ut
3401 1836 3547 1907 ipsos
3575 1838 3894 1907 deterreat,

2284 1923 2394 1968 tum
2422 1927 2470 1970 ut
2505 1917 2793 1984 prudentes
2814 1921 3064 1986 attrahat,
3096 1923 3324 1994 hincque
3347 1927 3582 1982 ostendit
3609 1930 3736 1984 illos
3759 1947 3896 1987 esse

2283 2008 2691 2077 tnortetlignos.
2722 2009 2853 2064 Nam
2884 2013 2927 2065 si
2958 2014 2999 2066 is
3030 2054 3046 2078 ,
3079 2016 3166 2083 qui
3191 2017 3369 2072 verbis
3398 2018 3704 2085 inbonorat,
3759 2023 3890 2091 ple-

2281 2101 2460 2162 ctitur,
2486 2103 2651 2155 multo
2674 2103 2841 2173 magis
2867 2119 2961 2159 vos
2978 2107 3068 2176 qui
3090 2123 3251 2177 opere
3277 2110 3326 2162 id
3356 2109 3561 2166 facitis:
3587 2129 3692 2168 nec
3713 2115 3892 2171 modo

2284 2190 2636 2258 inhonoratis,
2677 2197 2770 2250 sed
2803 2197 2962 2250 etiam
2992 2198 3123 2253 alios
3179 2198 3232 2254 id
3275 2199 3454 2259 facere
3492 2203 3723 2259 docetis.
3775 2206 3890 2261 Vos

2281 2298 2409 2353 ergo
2435 2285 2522 2354 qui
2556 2301 2652 2339 nec
2689 2286 2740 2340 in
2791 2288 2924 2343 vivis
2965 2305 3084 2344 esse
3123 2291 3410 2359 deberetis,
3443 2310 3540 2350 cur
3581 2296 3887 2367 discipulos

2283 2376 2577 2430 incusatis?
2604 2378 2741 2442 Quid
2769 2380 2962 2434 mirum
2991 2392 3166 2436 autem
3197 2385 3240 2436 si
3274 2385 3324 2438 in
3353 2401 3458 2452 me,
3491 2402 3650 2456 quem
3683 2389 3885 2444 hacte-

2282 2483 2382 2522 nus
2423 2469 2723 2540 ignorasus,
2772 2480 2880 2526 tam
2921 2477 3292 2531 contumeliosi
3333 2479 3485 2545 estis,
3531 2481 3752 2549 quando
3797 2483 3886 2537 id—

2285 2561 2454 2630 ipsum
2503 2576 2628 2630 erga
2680 2574 2884 2633 patrem
2930 2563 3139 2620 facitis?
3196 2567 3402 2639 Ubique
3444 2571 3591 2625 enim
3643 2571 3779 2627 dicit
3822 2586 3884 2628 et

2282 2655 2514 2708 ostendit
2544 2654 2667 2708 hinc
2693 2665 2863 2711 ortam
2885 2661 3243 2729 arrogantiam
3273 2662 3416 2716 illam
3442 2679 3583 2719 esse.
3615 2665 3875 2721 Nonnulli

2283 2749 2440 2804 aliter
2470 2749 2888 2818 interpretantur
2915 2751 3068 2814 illud,
3093 2751 3303 2806 Donum
3330 2756 3680 2828 quodcumque
3703 2775 3767 2812 ex
3796 2776 3880 2812 me

2283 2839 2372 2893 tibi
2399 2840 2620 2909 proderit
2649 2841 2759 2914 (a);
2793 2841 2844 2895 id
2873 2851 2975 2910 est,
3002 2842 3119 2897 Non
3156 2841 3328 2898 debeo
3351 2844 3442 2900 tibi
3466 2847 3746 2916 honorem,
3775 2850 3874 2903 sed

2282 2934 2325 2987 si
2357 2945 2407 2986 te
2437 2933 2713 3000 honorem,
2744 2934 2793 2990 id
2821 2936 2987 3004 gratis
3013 2935 3170 2992 facio.
3199 2939 3306 2994 Sed
3327 2937 3570 2996 Christus
3596 2957 3702 2996 non
3730 2942 3874 2997 hanc

2282 3026 2658 3079 contumeliam
2725 3029 3059 3082 memoravit.
3114 3029 3323 3086 Marcus
3379 3047 3508 3086 vero
3562 3034 3760 3088 clarius
3813 3035 3870 3089 id

2281 3118 2533 3188 exprimit
2578 3119 2661 3174 his
2701 3119 2878 3176 verbis
2919 3139 2932 3176 :
2965 3121 3163 3177 Corban
3191 3123 3536 3195 quodcumque
3576 3143 3639 3179 ea:
3673 3143 3754 3180 me
3779 3127 3872 3181 tibi

2283 3213 2504 3282 proderit
2533 3213 2722 3284 (Marc.
2759 3213 2809 3266 7.
2851 3213 2939 3283 11)
2970 3231 2983 3267 :
3015 3215 3066 3268 id
3098 3215 3237 3284 quod
3274 3232 3378 3270 non
3418 3225 3500 3271 est
3543 3234 3736 3274 munus
3776 3232 3867 3275 aut

2283 3307 2506 3373 donum,
2535 3307 2629 3360 sed
2660 3306 2860 3361 oblatio
2891 3307 3106 3376 prOprie
3143 3307 3358 3362 dicitur.
3393 3309 3529 3363 Cum
3572 3311 3727 3379 igitur
3764 3312 3864 3367 de-

2286 3410 2655 3467 monstrasset,
2688 3416 2792 3454 non
2829 3400 2952 3470 jure
2989 3401 3126 3466 illos,
3173 3401 3260 3472 qui
3306 3401 3476 3471 legem
3519 3402 3610 3456 Dei
3649 3406 3864 3458 concul-

2283 3505 2425 3560 cent,
2459 3495 2593 3548 alios
2633 3494 3048 3563 reprehendere,
3093 3495 3180 3562 qui
3225 3496 3493 3549 seniorum
3545 3508 3860 3565 przeceptum

2285 3587 2602 3655 transgressi
2629 3598 2828 3653 essent,
2861 3585 3087 3656 idipsum
3113 3587 3344 3642 ostendit
3383 3597 3438 3642 et
3470 3603 3535 3643 ex
3577 3589 3849 3658 propheta.

2284 3680 2416 3748 Quia
2438 3679 2581 3734 enim
2607 3679 2724 3733 illos
2753 3678 3097 3734 vehementer
3118 3680 3480 3750 redarguerat,
3503 3681 3718 3734 ulterius
3739 3697 3857 3749 pro-

2282 3772 2423 3828 cedit
2451 3789 2464 3826 :
2488 3771 2625 3840 quod
2654 3772 2815 3825 etiam
2843 3770 3037 3841 ubique
3053 3771 3196 3834 facit.
3226 3771 3524 3840 Scripturas
3551 3772 3604 3826 in
3630 3772 3851 3828 medium

2283 3861 2589 3925 adducens,
2624 3873 2679 3915 ut
2709 3862 2831 3916 hinc
2869 3877 2929 3918 se
2967 3864 3217 3918 ostendat
3256 3863 3363 3918 Deo
3399 3878 3684 3917 consonum
3717 3880 3848 3919 esse.

2283 3954 2417 4019 Quid
2467 3953 2624 4023 igitur
2665 3955 2741 4007 ait
2784 3952 3080 4023 propheta?
3110 3953 3163 4008 8.
3199 3951 3433 4022 Populus
3467 3953 3548 4007 Itic
3593 3955 3731 4008 (abiis
3777 3973 3852 4008 me

2283 4044 2517 4106 honorat,
2547 4060 2634 4097 cor
2653 4056 2818 4098 autem
2843 4059 3016 4098 eorum
3037 4044 3184 4115 longe
3203 4054 3276 4098 est
3300 4061 3332 4096 a
3357 4062 3434 4098 me
3459 4044 3605 4114 (Isai.
3632 4045 3716 4101 29.
3744 4046 3846 4115 l5).

2284 4135 2337 4190 9.
2372 4135 2589 4189 Frustra
2612 4146 2776 4189 autem
2803 4138 2974 4190 colunt
3007 4153 3105 4200 me,
3142 4137 3376 4191 docentes
3404 4138 3672 4204 doctrinas,
3708 4155 3846 4192 man-

2287 4229 2408 4282 data
2455 4230 2731 4282 hominum.
2794 4229 2980 4284 Viden‘
3026 4230 3356 4300 prophetiam
3407 4239 3649 4285 accurate
3700 4230 3846 4286 dictis

2283 4337 2596 4386 consonam,
2630 4338 2747 4392 quae
2781 4321 2891 4393 jam
2930 4323 3056 4377 olim
3089 4338 3273 4377 eorum
3315 4324 3683 4392 malignitatem
3715 4341 3842 4393 prte-

2285 4416 2532 4470 nunliat?
2553 4415 2704 4482 Quod
2735 4416 2980 4470 Christus
3003 4432 3146 4471 nunc
3170 4417 3470 4471 accusando
3498 4417 3706 4486 profert,
3749 4415 3843 4472 hoc

2279 4509 2390 4578 jam
2421 4510 2548 4563 olim
2579 4510 2710 4564 dixit
2752 4509 2933 4578 Isaias,
2976 4511 3118 4581 quod
3152 4511 3396 4566 mandata
3427 4511 3521 4566 Dei
3553 4522 3785 4580 spernant
3824 4531 3837 4566 :

2283 4603 2502 4657 Frustra
2526 4604 2667 4658 enim
2709 4603 2879 4657 colunt
2909 4621 3007 4671 me,
3055 4604 3259 4674 inquit;
3300 4603 3368 4658 de
3407 4604 3516 4658 suis
3555 4619 3672 4659 vero
3709 4620 3840 4674 prau-

2282 4697 2450 4765 ceptis
2494 4711 2737 4765 magnam
2787 4711 2968 4749 curam
3019 4694 3268 4761 habeant,
3313 4693 3561 4749 Docentes
3600 4696 3835 4759 "tandem,

2283 4790 2538 4842 doctrinas
2565 4788 2844 4841 hominum“.
2876 4787 3004 4842 Jure
3047 4803 3176 4858 ergo
3207 4789 3303 4843 has
3333 4787 3576 4858 discipuli
3607 4804 3699 4841 nou
3728 4805 3834 4842 ser-

2287 4890 2432 4934 vant.
2469 4881 2750 4950 Postquam
2783 4880 2942 4948 igitur
2980 4881 3192 4934 letalem
3223 4879 3358 4932 hanc
3397 4880 3600 4948 plagam
3630 4879 3722 4934 illis
3756 4879 3834 4932 in-

2282 4974 2436 5038 tlixit,
2465 4981 2624 5044 atque
2678 4987 2745 5027 ex
2800 4972 2986 5039 factis,
3045 4982 3100 5028 et
3153 4989 3220 5027 ex
3243 4974 3455 5043 propria
3483 4974 3699 5043 ipsorum
3723 4988 3834 5027 sen-

2285 5065 2468 5129 teutia,
2497 5078 2667 5133 exque
2700 5061 2952 5130 propheta
2979 5063 3368 5117 accusationem
3401 5065 3567 5126 auxit,
3596 5065 3687 5119 illis
3721 5066 3830 5136 qni-

2280 5157 2400 5213 dem
2448 5157 2578 5210 nihil
2623 5156 2756 5209 ultra
2797 5155 3048 5224 loquitur.
3083 5163 3264 5223 utpote
3303 5156 3392 5225 qui
3435 5158 3693 5211 emendari
3734 5175 3826 5211 non

2283 5259 2546 5321 poterant,
2597 5264 2899 5303 sermonem
2945 5265 3074 5302 vero
3122 5251 3385 5304 convertit
3427 5249 3494 5303 ad
3546 5251 3732 5315 turbas,
3775 5261 3826 5306 ut

2280 5344 2469 5415 dogma
2500 5341 2712 5396 inducat
2743 5341 2992 5404 sublime,
3030 5357 3298 5410 magnum,
3329 5353 3381 5397 et
3412 5344 3574 5397 multa
3611 5343 3823 5415 philoso‘

2339 5526 2412 5588 (a)
2430 5533 2597 5574 Eorum
2621 5525 2702 5588 qui
2722 5524 2792 5574 sic
2815 5525 3258 5588 interpretabantur
3270 5541 3410 5577 mens
3431 5529 3536 5578 btcc
3547 5529 3712 5578 videlur
3727 5530 3820 5580 luis—

2276 5586 2370 5654 se;
2392 5597 2585 5654 ponunt
2606 5586 2785 5654 olTero,
2804 5586 3198 5654 quodetiamtibi
3219 5590 3396 5651 prosit,
3422 5589 3600 5654 siquid
3621 5603 3712 5640 vero
3743 5589 3817 5654 tibi

2276 5649 2667 5720 oﬁiciilrrwstem
2687 5685 2700 5708 ,
2734 5649 2972 5720 idlqratis
3015 5650 3173 5720 facio,
3209 5664 3317 5720 cum
3353 5649 3513 5702 omnia
3547 5667 3642 5720 mea
3668 5652 3815 5720 possim

2281 5710 2377 5764 Deo
2390 5710 2593 5776 offerre;
2616 5710 2659 5761 si
2683 5710 2800 5773 quid
2821 5710 2872 5762 in
2896 5719 2940 5762 te
2964 5712 3227 5775 conferam,
3247 5712 3297 5763 id
3318 5726 3384 5765 ex
3402 5728 3509 5766 mea
3523 5710 3677 5780 pendet
3693 5714 3809 5765 liber-

2271 5784 2389 5832 tote.
