4052 6228
266 474 393 544 pbia
422 464 672 543 plenum;
704 444 1025 535 sumptaque
1050 477 1114 516 ex
1144 460 1234 515 illo
1263 457 1565 517 Occasione,
1594 447 1768 519 majus
1796 446 1860 500 il-

272 567 366 621 iud
404 562 699 626 contexuit,
746 570 799 614 et
846 559 1087 612 ciborum
1130 549 1555 607 observationem
1601 540 1857 596 eliminat.

265 658 376 713 Sed
408 656 531 710 vide
556 650 789 724 quando.
812 649 946 704 Cum
972 647 1244 715 leprosum
1268 638 1562 699 mundavit,
1592 650 1713 689 cum
1740 632 1860 685 sab-

265 752 449 805 batum
479 746 674 809 80|vit;
707 741 919 813 quando
951 749 1115 793 terra:
1161 734 1426 802 marisque
1456 743 1631 797 regem
1671 741 1729 780 se
1766 723 1858 778 de-

266 839 514 903 claravit,
546 835 758 908 quando
781 834 930 902 ii-ges
957 829 1125 892 dedit,
1150 825 1362 897 quando
1394 832 1607 893 peccata
1634 816 1852 879 dimisit,

263 930 483 999 quando
511 935 754 983 mortuos
791 922 1065 987 excitavit;
1092 917 1306 988 quando
1343 922 1653 984 argumenta
1695 910 1857 962 multa

264 1018 567 1076 divinitatis
607 1032 720 1073 suae
764 1015 894 1087 ipsis
934 1011 1181 1083 praebuit,
1229 1018 1353 1062 tunc
1396 1006 1464 1061 de
1505 1003 1641 1058 cibis
1683 1000 1859 1069 loqui-

263 1124 377 1169 tur.

340 1207 397 1261 3.
445 1201 765 1274 Abmganda:
816 1194 1212 1252 circumcisionis
1264 1189 1548 1263 diﬂicultas.
1584 1217 1655 1228 —
1693 1185 1858 1239 Totus

264 1297 418 1350 enim
453 1293 758 1349 Judaismus
794 1290 897 1344 hac
924 1289 978 1343 in
1008 1302 1067 1342 re
1091 1284 1396 1341 continetur
1424 1298 1437 1334 :
1467 1282 1511 1337 si
1551 1280 1654 1334 hoc
1678 1278 1860 1333 abstu-

266 1389 435 1453 leris,
486 1396 652 1440 tntum
713 1381 997 1437 abstulisti.
1066 1379 1198 1435 Nam
1260 1375 1383 1432 inde
1434 1378 1855 1435 commonstrat,

265 1483 431 1537 etiam
479 1477 941 1535 circumcisionem
985 1470 1230 1542 abrogari
1276 1476 1564 1539 oportere:
1597 1464 1690 1519 sed
1731 1462 1859 1517 illud

268 1590 379 1628 non
436 1571 703 1642 praecipue
768 1565 1007 1629 induxit,
1060 1562 1309 1633 quoniam
1373 1557 1474 1612 hoc
1539 1564 1857 1626 praeceptum

269 1664 394 1717 aliis
444 1671 561 1717 erat
608 1657 912 1728 antiquius,
961 1663 1016 1709 et
1063 1653 1266 1720 majore
1308 1647 1693 1704 observabatur
1732 1643 1859 1697 reli-

267 1756 461 1819 gione;
491 1750 585 1806 sed
630 1765 724 1819 per
742 1746 1035 1816 discipulos
1067 1743 1194 1798 illud
1220 1741 1421 1795 statuit.
1453 1739 1525 1793 Ita
1554 1750 1742 1806 magna
1773 1749 1861 1789 res

268 1854 426 1911 erat,
457 1856 514 1899 ut
561 1856 681 1898 cum
721 1840 966 1909 discipuli
1017 1846 1137 1907 post
1176 1844 1379 1889 tantum
1412 1842 1621 1901 tempus
1664 1828 1862 1883 vellent

268 1940 419 1993 illam
472 1938 762 2007 abrogare,
822 1935 992 2001 primo
1039 1931 1181 1986 illam
1233 1927 1609 1990 adhibueriut,
1668 1922 1862 1978 deinde

270 2033 603 2095 abrogarint.
659 2027 792 2082 Vide
845 2033 1019 2080 autem
1072 2021 1341 2094 quomodo
1394 2020 1564 2088 legem
1625 2015 1858 2070 inducat.

271 2126 363 2181 10.
406 2122 535 2177 Cum
590 2121 879 2174 advocasset
925 2116 1057 2168 enim
1102 2112 1308 2175 turbas,
1351 2110 1553 2179 inquit,
1586 2108 1714 2161 dixit
1749 2106 1856 2171 eis,

271 2214 461 2268 Audite
485 2222 531 2266 et
558 2210 839 2279 intelligite.
872 2205 1057 2276 Neque
1087 2205 1228 2258 enim
1255 2200 1565 2270 simpliciter
1606 2198 1735 2267 ipsis
1762 2196 1861 2250 hoc

271 2306 586 2368 annuntiat,
639 2300 732 2355 sed
778 2299 926 2369 prius
955 2296 1158 2350 honore
1197 2303 1356 2362 atque
1396 2288 1652 2358 obsequio
1686 2295 1861 2341 atten-

274 2398 475 2452 tionem
520 2393 756 2449 sermoni
795 2405 895 2446 suo
936 2387 1184 2445 conciliat
1228 2385 1353 2455 (hoc
1377 2383 1517 2438 enim
1546 2379 1863 2450 significavit

272 2490 600 2559 evangelista
630 2501 750 2541 cum
782 2484 950 2547 dixit,
983 2479 1111 2536 Cum
1135 2479 1424 2533 advocasset
1451 2473 1691 2543 deinde),
1734 2486 1861 2526 nec-

273 2596 381 2635 non
410 2595 476 2633 ex
508 2576 763 2647 temporis
786 2571 1203 2642 opportunitate.
1250 2567 1535 2635 Postquam
1574 2564 1712 2615 enim
1742 2561 1861 2614 illos

271 2674 639 2730 emtiutaverat
678 2679 732 2724 et
777 2668 1008 2727 vicerat,
1046 2671 1321 2733 postquam
1350 2674 1414 2713 ex
1445 2654 1700 2727 propheta
1742 2652 1861 2705 red-

274 2771 560 2835 arguerat,
601 2770 727 2815 tunc
776 2758 944 2827 legem
994 2754 1135 2810 ferre
1198 2750 1418 2821 incipit,
1483 2762 1603 2801 enm
1656 2743 1859 2798 facilius

273 2864 523 2927 poterant
561 2853 701 2909 dicta
749 2850 1033 2916 excipere;
1093 2860 1194 2900 nec
1238 2843 1398 2898 modo
1446 2841 1704 2905 advocat,
1764 2837 1857 2893 sed

270 2950 588 3005 attentiores
632 2946 825 3001 reddit.
867 2943 1168 3013 lnteltigite,
1211 2937 1415 3008 inquit;
1461 2935 1562 2989 hoc
1598 2943 1711 2998 est,
1757 2930 1859 2984 Co-

268 3046 436 3114 gitate
454 3084 469 3105 ,
492 3042 727 3095 animum
757 3037 949 3107 erigite
966 3075 983 3102 ,
1005 3032 1299 3088 attentione
1333 3028 1489 3098 digna
1513 3034 1595 3081 est
1616 3026 1700 3079 lex
1736 3039 1858 3078 mox

268 3133 577 3189 scribenda.
625 3130 755 3184 Nam
786 3130 829 3183 si
870 3126 947 3180 illi
988 3135 1226 3193 tempore
1262 3134 1366 3174 non
1399 3125 1758 3173 consentaneo
1782 3114 1859 3168 lc.

269 3240 391 3295 gem
442 3222 721 3277 solverunt
777 3226 993 3287 propter
1036 3212 1375 3268 traditionem
1425 3222 1608 3271 suam,
1638 3215 1711 3259 et
1762 3218 1859 3259 vos

270 3314 497 3369 audistis
532 3313 653 3367 illos
690 3328 704 3363 :
748 3308 915 3363 multo
945 3306 1112 3376 magis
1153 3318 1239 3358 me
1277 3300 1458 3358 audire
1485 3307 1730 3369 oportet,
1766 3296 1856 3366 qui

271 3417 517 3477 tempore
561 3410 862 3472 Opportuno
907 3398 974 3453 ad
1014 3396 1271 3465 majorem
1322 3407 1416 3447 vos
1463 3387 1855 3462 philosophiam

275 3498 493 3554 induco.
547 3494 658 3550 Nec
694 3493 867 3554 dixit,
916 3487 1057 3544 Nihil
1103 3496 1186 3543 est
1231 3485 1471 3539 ciborum
1514 3478 1853 3543 observatio,

270 3589 389 3652 vel,
418 3587 627 3657 Moyses
651 3583 703 3637 id
731 3582 870 3636 male
897 3578 1150 3650 praecepit
1170 3617 1183 3637 .
1213 3574 1295 3629 vel
1329 3588 1449 3628 sese
1473 3571 1624 3625 vobis
1661 3578 1856 3625 attem-

270 3679 512 3752 peravit;
556 3675 649 3730 sed
675 3673 839 3743 quasi
879 3667 1216 3724 admonendo
1257 3675 1312 3719 et
1345 3661 1704 3725 consulendo,
1744 3669 1794 3713 et
1823 3674 1855 3713 a

272 3748 453 3827 rerum
499 3776 685 3821 natura
714 3762 1076 3818 testimonium
1116 3757 1382 3826 accipiens
1409 3753 1540 3808 dicit
1566 3769 1581 3806 :
1613 3752 1701 3805 11.
1732 3748 1853 3803 Non

267 3878 384 3931 qua:
411 3862 603 3913 intrant
638 3858 692 3910 in
726 3872 811 3916 os,
842 3852 1168 3923 coinquinant
1208 3849 1459 3902 hominem
1480 3886 1494 3909 ,
1525 3844 1613 3899 sed
1646 3856 1760 3911 qua
1794 3856 1856 3895 ea:

269 3969 358 4007 ore
388 3951 662 4021 procedunt
691 3964 711 4003 :
741 3945 1030 4002 secundum
1068 3943 1235 4012 ipsam
1282 3948 1522 3994 naturam
1545 3978 1560 4001 ,
1599 3943 1654 3991 et
1683 3935 1852 4005 legem

272 4045 477 4113 profert
524 4051 578 4095 et
619 4039 938 4096 sententiam
966 4035 1115 4090 dicit.
1165 4032 1288 4087 [lare
1316 4030 1391 4085 illi
1430 4027 1708 4083 audientes
1747 4041 1853 4080 non

267 4132 742 4192 contradixerunt.
789 4144 961 4200 neque
1008 4127 1295 4191 dixerunt,
1323 4122 1459 4190 Quid
1502 4128 1559 4174 tu
1584 4119 1696 4175 ais?
1733 4133 1855 4173 cum

270 4231 415 4286 Deus
456 4228 525 4283 de
566 4227 807 4282 ciborum
848 4221 1219 4279 observatione
1261 4219 1539 4272 innumera
1583 4226 1855 4283 praecepe-

270 4324 373 4384 rit,
404 4329 459 4374 tu
494 4315 796 4387 bujusmodi
828 4315 971 4384 leges
1003 4308 1204 4367 tradis?
1230 4308 1323 4364 sed
1358 4308 1481 4377 quia
1509 4303 1853 4360 vehementer

270 4415 395 4469 illos
420 4419 779 4481 represserat,
808 4423 913 4462 non
957 4402 1279 4461 confutando
1317 4401 1521 4463 Solum,
1553 4397 1645 4452 sed
1676 4396 1852 4451 dolum

271 4508 511 4577 ipsorum
571 4504 624 4558 in
681 4501 913 4557 medium
957 4495 1266 4560 ali'ercndo,
1323 4509 1385 4549 ac
1440 4507 1557 4562 qua:
1593 4491 1729 4545 clam
1783 4487 1852 4541 illi

271 4609 614 4663 struxerant,
678 4611 977 4665 arcanaque
1039 4592 1231 4647 mentis
1280 4604 1464 4645 eorum
1528 4582 1853 4646 revelando,

271 4709 395 4749 eum
435 4691 652 4748 silentio
691 4698 1047 4745 recesserunt.
1090 4685 1171 4738 Tu
1211 4698 1340 4736 vero
1378 4678 1505 4733 mihi
1541 4674 1812 4747 perpende
1836 4714 1853 4739 ,

271 4782 543 4856 quomodo
595 4796 693 4836 nec
741 4778 1020 4834 manifeste
1069 4789 1167 4829 nec
1227 4772 1400 4842 palam
1439 4769 1507 4824 de
1541 4767 1673 4822 cibis
1715 4764 1857 4820 edis-

268 4887 438 4934 καί.
469 4874 699 4945 Ideoque
728 4888 832 4926 non
859 4870 1023 4934 dixit,
1063 4867 1207 4930 Cibi,
1236 4864 1330 4920 sed
1354 4905 1370 4929 ,
1403 4862 1514 4926 Ea,
1553 4860 1854 4928 quaingrc-

270 4970 516 5031 litatur,
550 4982 651 5019 non
694 4964 1021 5031 coinquinant
1064 4959 1349 5019 hominem;
1391 4952 1530 5025 quod
1562 4952 1720 5007 etiam
1764 4964 1858 5018 po-

270 5067 452 5115 terant
503 5057 573 5111 de
608 5055 769 5111 illotis
826 5053 1069 5107 inanibus
1107 5048 1386 5118 suspicari.
1448 5044 1566 5114 Ipse
1627 5054 1857 5109 namque

268 5152 338 5205 de
394 5149 536 5205 cibis
573 5146 924 5217 loquebatur;
967 5150 1279 5213 poteratque
1318 5150 1493 5192 tamen
1533 5133 1751 5202 intelligi
1790 5132 1857 5187 de

269 5240 436 5296 illotls
465 5236 731 5293 manibus.
772 5234 941 5290 Tanta
984 5234 1124 5289 enim
1158 5241 1274 5286 erat
1318 5228 1556 5283 ciborum
1600 5225 1859 5279 observa-

269 5331 381 5395 tio,
424 5337 485 5383 nt
524 5330 686 5383 etiam
727 5336 847 5395 post
886 5320 1331 5379 resurrectionem
1373 5317 1563 5372 Petrus
1599 5314 1802 5369 diceret
1838 5326 1854 5363 :

271 5420 436 5486 Non,
488 5417 735 5483 Domine,
774 5418 893 5488 quia
950 5430 1223 5486 numquam
1269 5424 1565 5474 commune,
1620 5415 1707 5459 aut
1760 5405 1858 5459 im-

269 5513 522 5567 mundum
566 5512 687 5581 quid
726 5508 919 5564 comedi
974 5506 1111 5576 (Act.
1159 5505 1246 5560 10.
1290 5503 1402 5573 14).
1450 5498 1668 5556 Etiamsi
1717 5498 1857 5553 enim

269 5606 507 5661 aliorum
543 5618 701 5658 causa
749 5602 862 5657 haec
889 5601 1125 5665 diceret,
1159 5607 1217 5652 ut
1253 5594 1353 5651 sibi
1400 5592 1659 5647 adversus
1700 5604 1859 5645 accu-

271 5706 486 5753 satores
522 5692 891 5757 defensionem
940 5699 1181 5762 pararet,
1231 5684 1643 5753 ostenderetque
1686 5696 1746 5737 se
1771 5695 1860 5736 re-

271 5791 480 5848 stitisse
498 5830 517 5856 ,
544 5801 715 5859 neque
736 5786 813 5842 sic
848 5784 899 5839 id
926 5783 1025 5839 sibi
1054 5793 1371 5839 concessum
1396 5776 1563 5833 fuisse
1580 5814 1597 5845 ,
1627 5782 1859 5832 attamen

1309 336 1377 396 1N
1414 328 1823 394 MATTHEUM
1862 327 2092 387 HOMIL.
2133 331 2218 387 LI.
2259 333 2330 389 al.
2372 332 2479 390 Lll.

3443 329 3551 389 δη

1966 446 2194 499 ostendit
2216 463 2457 515 magnam
2488 448 2644 518 hujus
2675 450 2748 504 rei
2774 459 2957 504 curant
2986 456 3040 503 et
3072 449 3396 518 opinionem.
3426 447 3550 502 Ideo

1963 535 2204 592 Christus
2226 540 2276 592 in
2302 540 2559 610 principio
2595 556 2702 595 non
2735 542 2805 595 ita
2833 551 3017 611 aperte
3043 541 3110 596 de
3135 542 3269 595 cibis
3296 540 3548 611 loquutus

1961 637 2070 693 est,
2100 628 2191 681 sed
2230 628 2392 693 dixit,
2424 630 2550 695 Qua:
2589 646 2679 701 per
2701 648 2757 686 os
2790 632 3142 702 ingrediuntur
3178 647 3197 686 :
3233 646 3295 685 ac
3324 645 3509 685 rursus
3530 670 3549 698 ,

1962 735 2082 774 cum
2124 722 2453 775 manifestius
2484 723 2581 777 hac
2615 723 2682 778 de
2727 739 2785 779 re
2829 734 3012 793 postea
3055 725 3307 793 loquutus
3335 722 3549 778 videre-

1966 822 2050 867 tur
2074 855 2089 878 ,
2120 830 2149 868 a
2184 815 2289 869 fine
2318 816 2402 869 illa
2428 816 2761 871 obumbravit
2788 816 2972 872 dicens
3001 836 3014 870 :
3047 816 3216 871 Illotis
3240 827 3407 870 autem
3442 833 3553 868 ma-

1962 904 2109 959 nibus
2150 906 2457 959 manducare
2499 924 2599 962 non
2643 909 2930 977 coinquinat
2974 909 3269 962 hominem:
3313 916 3371 961 ut
3428 906 3553 961 hinc

1964 998 2233 1053 videretur
2264 1000 2469 1055 initium
2509 1000 2737 1064 ducere,
2781 1003 3097 1073 interimque
3138 1001 3226 1056 illa
3255 1001 3323 1057 de
3357 1016 3416 1056 re
3442 1000 3555 1056 dis-

1964 1091 2217 1147 semisse.
2258 1091 2464 1149 Idcirco
2489 1108 2596 1148 non
2639 1093 2799 1159 dixit,
2830 1092 3081 1149 Ciborum
3103 1109 3229 1149 esus
3261 1109 3367 1148 non
3397 1095 3550 1147 coin—

1962 1184 2145 1252 quinat
2166 1183 2466 1249 hominem;
2499 1185 2592 1239 scd
2619 1186 2767 1255 quasi
2803 1185 2872 1240 de
2905 1185 3007 1240 alia
3047 1201 3106 1240 re
3145 1185 3422 1255 disputans
3443 1226 3463 1253 ,
3492 1193 3552 1238 ut

1967 1275 2099 1328 nihil
2140 1285 2359 1345 possent
2398 1276 2471 1331 illi
2500 1276 2754 1346 obiicere.
2797 1277 2922 1332 Hinc
2959 1291 3079 1332 cum
3118 1277 3430 1341 audissent,
3464 1276 3549 1330 in-

1963 1369 2107 1437 quit,
2135 1369 2477 1423 scaudalizati
2509 1380 2667 1436 sunt,
2701 1370 2954 1425 Pharisaei
2980 1385 3195 1439 nempe,
3229 1385 3333 1424 non
3357 1370 3547 1425 turbau

1965 1458 2053 1513 12.
2096 1459 2402 1515 Accedenles
2447 1461 2619 1525 enim,
2673 1462 2865 1531 inquit,
2899 1461 3140 1530 discipuli
3182 1462 3290 1529 ejus
3316 1461 3551 1515 dixerunt

1965 1551 2009 1603 ei
2035 1566 2053 1603 :
2086 1550 2200 1604 Scis
2240 1552 2360 1619 quia
2404 1550 2659 1606 Pharisaei
2676 1594 2690 1612 .
2721 1552 2895 1606 audito
2929 1552 3024 1606 hoc
3068 1552 3217 1607 verbo
3239 1592 3255 1618 ,
3293 1551 3552 1606 scandali-

1964 1643 2065 1695 zati
2092 1643 2252 1696 sunt?
2285 1644 2347 1697 Et
2375 1653 2548 1697 tamen
2582 1644 2710 1697 nihil
2728 1644 2985 1697 adversus
3012 1659 3105 1698 eos
3132 1643 3331 1697 dictum
3359 1643 3549 1697 fuerat.

1965 1733 2100 1800 Quid
2134 1734 2291 1803 igitur
2325 1732 2601 1789 Christus?
2638 1735 2750 1790 Non
2783 1736 2940 1790 solvit
2986 1734 3294 1789 scandalum
3323 1749 3508 1789 eorum
3533 1774 3551 1795 .

1966 1825 2058 1880 sed
2089 1826 2415 1896 increpavit,
2459 1828 2646 1883 dicens
2675 1845 2690 1882 ε
2722 1829 2811 1884 13.
2844 1828 3021 1882 (tinnis
3072 1827 3353 1896 plantatio,
3397 1841 3550 1895 quam

1966 1932 2065 1970 non
2095 1917 2339 1986 plantavit
2378 1918 2529 1973 Pater
2572 1936 2711 1999 meus
2745 1920 2955 1974 caelestis
2975 1958 2991 1984 ,
3037 1918 3394 1973 eradicabitur.
3437 1917 3549 1972 No-

1966 2017 2115 2063 verat
2160 2012 2303 2063 enim
2343 2012 2679 2080 quandonam
2733 2011 2980 2065 scandala
3022 2010 3448 2072 contemnenda,
3496 2017 3550 2066 ct

1964 2103 2176 2172 quando
2228 2119 2332 2157 non
2384 2104 2723 2174 chpicienda
2768 2115 2940 2159 erant.
2983 2104 3121 2159 Alibi
3171 2105 3365 2174 quippe
3409 2103 3483 2157 ait
3531 2120 3546 2156 :

1968 2193 2051 2248 Ne
2075 2194 2473 2249 scandalizemus
2498 2212 2611 2259 eos,
2656 2197 2793 2250 mitte
2835 2196 3040 2249 hamum
3065 2195 3119 2248 in
3156 2211 3295 2248 mare
3334 2192 3547 2265 (Matth.

1970 2288 2058 2341 17.
2086 2287 2217 2358 26);
2255 2288 2339 2342 bic
2380 2304 2508 2343 vero
2536 2288 2664 2343 dicit
2696 2306 2707 2340 :
2744 2289 2830 2343 M.
2874 2288 3037 2343 Sinite
3064 2287 3179 2341 illos
3199 2328 3213 2351 ,
3242 2288 3360 2340 caeci
3396 2296 3511 2340 sunt
3531 2325 3547 2347 .

1966 2388 2012 2431 et
2055 2379 2205 2433 duces
2253 2395 2519 2433 decorum.
2584 2378 2756 2434 Caecus
2805 2391 2970 2434 autem
3030 2380 3073 2432 si
3120 2393 3249 2431 ια’εο
3311 2377 3548 2430 ducatum

1967 2480 2197 2536 prtestet,
2224 2472 2371 2526 ambo
2404 2472 2458 2525 in
2486 2475 2681 2541 foveam
2709 2471 2906 2524 cadent.
2940 2469 3065 2523 Hrec
3094 2479 3272 2525 autent
3301 2469 3548 2523 dicebant

1966 2562 2244 2631 discipuli,
2293 2578 2396 2617 non
2428 2571 2532 2615 tam
2561 2561 2701 2631 quod
2743 2560 2809 2615 de
2841 2560 2943 2614 illis
2968 2560 3241 2622 dolerent,
3270 2559 3363 2615 sed
3405 2558 3547 2629 quod

1967 2668 2021 2712 et
2048 2657 2146 2727 ipsi
2192 2658 2519 2727 aliquantum
2570 2657 2927 2711 turbarentur.
2959 2654 3092 2721 Quia
3123 2669 3248 2709 vero
3295 2670 3400 2707 non
3445 2669 3543 2706 au-

1966 2750 2163 2806 debant
2211 2749 2338 2803 illud
2380 2765 2445 2804 ex
2479 2748 2690 2819 propria
2724 2762 2948 2817 persona
2993 2745 3203 2808 dicere,
3250 2746 3301 2799 in
3351 2759 3537 2798 narra-

1969 2845 2109 2898 tione
2142 2841 2211 2897 de
2262 2843 2380 2896 aliis
2414 2841 2649 2896 instituta
2702 2840 2752 2894 id
2802 2838 3043 2894 ediscere
3087 2837 3356 2892 volebant.
3394 2836 3544 2912 Nam

1963 2937 2105 3008 quod
2133 2950 2221 2991 res
2255 2936 2324 2989 ita
2358 2948 2418 2990 se
2443 2934 2669 2997 habeat,
2696 2932 2818 2985 audi
2855 2928 3121 3001 quomodo
3148 2939 3328 3000 postea
3358 2928 3546 2982 l‘i-trns

1966 3029 2182 3085 fervens
2210 3030 2329 3093 ille,
2357 3029 2445 3098 qui
2489 3042 2703 3096 semper
2731 3025 2876 3094 prior
2902 3023 3141 3087 accedit,
3170 3021 3312 3076 dicat
3344 3039 3356 3074 :
3396 3019 3546 3073 Edis-

1961 3137 2065 3175 sere
2093 3120 2234 3174 nobis
2274 3120 2567 3190 parabolam
2586 3119 2715 3170 hanc
2748 3114 2958 3184 (Matth.
2993 3114 3077 3169 15.
3109 3112 3232 3182 15);
3274 3113 3434 3166 animi
3460 3113 3542 3167 sui

1963 3213 2412 3283 perturbationem
2470 3209 2779 3269 declarans,
2826 3220 2926 3260 nec
2973 3205 3175 3258 audens
3222 3204 3392 3273 palam
3457 3203 3543 3255 di-

1960 3318 2117 3368 cere,
2170 3303 2270 3357 hoc
2316 3301 2415 3355 sibi
2474 3298 2791 3353 offendicula
2855 3310 3009 3356 esse,
3062 3294 3157 3349 sed
3203 3308 3427 3363 rogans,
3483 3309 3544 3346 se

1961 3402 2321 3458 commotum,
2414 3388 2849 3459 interpretatione
2934 3386 3142 3450 sedari;
3221 3396 3542 3455 quapropter

1960 3484 2121 3540 etiam
2181 3485 2483 3552 increpatus
2534 3479 2650 3534 fuit.
2717 3478 2853 3546 Quid
2902 3477 3061 3547 igitur
3121 3477 3195 3530 ait
3256 3475 3542 3531 Christus?

1963 3576 2141 3632 Omnis
2183 3574 2429 3644 plantatio
2452 3614 2468 3639 ,
2523 3588 2675 3643 quam
2728 3587 2829 3624 non
2889 3568 3131 3639 plantavit
3183 3567 3341 3623 Pater
3402 3583 3543 3621 meus

1960 3670 2207 3731 micatis,
2257 3665 2612 3720 eradicabitur.
2668 3663 2777 3716 Iloc
2808 3662 2874 3716 de
2923 3662 3038 3731 lege
3070 3661 3267 3715 dictum
3315 3661 3542 3714 afferunt

1964 3763 1996 3815 ii
2025 3762 2112 3831 qui
2163 3760 2577 3814 Manichaeorum
2627 3756 2815 3809 morbo
2856 3754 3098 3809 laborant
3126 3753 3234 3824 (a);
3281 3752 3371 3807 sed
3421 3768 3540 3823 qua:

1962 3856 2106 3925 prius
2131 3854 2272 3908 dicta
2316 3859 2473 3915 sunt,
2507 3864 2600 3903 ora
2631 3849 2839 3901 illorum
2874 3846 3178 3901 obstruunt.
3226 3843 3357 3898 Nam
3402 3845 3445 3897 si
3472 3845 3540 3898 de

1961 3947 2076 4017 lege
2111 3945 2362 4007 dixisset,
2395 3939 2663 4011 quomodo
2693 3953 2851 4005 supra
2883 3936 3054 4006 legem
3075 3933 3435 3999 defendisset,
3475 3949 3541 3989 ac

1960 4056 2057 4110 pro
2102 4053 2162 4093 ea
2205 4043 2488 4107 pugnasset
2517 4030 2913 4088 dicendo:Cur
2956 4027 3363 4099 transgredimini
3390 4043 3539 4080 man-

1960 4134 2134 4185 datum
2177 4128 2267 4182 Dei
2306 4144 2394 4198 per
2423 4124 2743 4178 traditionem
2770 4119 3026 4176 vestram?
3069 4117 3336 4189 quomodo
3360 4127 3541 4172 autem

1961 4224 2273 4295 prophetam
2320 4220 2373 4274 in
2419 4217 2651 4273 medium
2698 4214 2900 4269 inducit
2942 4212 3209 4267 dicentem
3259 4228 3272 4264 :
3309 4209 3543 4279 Populus

1962 4319 2041 4372 hic
2092 4316 2237 4370 labiis
2291 4330 2368 4366 me
2424 4313 2675 4375 honorat,
2726 4318 2831 4364 etc.
2894 4305 3000 4362 Sed
3052 4305 3120 4360 de
3167 4304 3269 4360 illis
3315 4304 3444 4374 ipsis
3485 4313 3542 4359 et

1959 4411 2026 4465 de
2058 4405 2428 4463 traditionibus
2456 4417 2641 4457 eorum
2676 4400 2790 4454 h:ec
2831 4399 3081 4468 loquitur.
3127 4396 3256 4449 Nam
3304 4397 3349 4451 si
3402 4395 3545 4450 Deus

1959 4500 2125 4565 dixit,
2198 4496 2409 4551 Honora
2468 4502 2661 4563 patrem
2725 4499 2903 4554 tuum,
2968 4498 3015 4542 et
3074 4496 3281 4540 matrem
3344 4496 3542 4540 tuam:

1960 4591 2227 4663 quomodo
2249 4589 2299 4645 id
2329 4587 2471 4659 quod
2492 4603 2520 4639 a
2547 4586 2656 4639 Deo
2683 4583 2878 4637 dictum
2907 4589 3009 4643 est,
3040 4595 3142 4634 non
3175 4587 3257 4633 est
3287 4578 3543 4649 plantatio

1964 4688 2054 4742 Dei
2074 4687 2098 4739 τ

2032 4777 2085 4831 ι.
2120 4775 2173 4830 Id
2213 4773 2375 4829 etiam
2426 4770 2569 4841 quod
2616 4768 2857 4838 sequitur
2895 4764 3117 4836 probat,
3147 4762 3212 4817 de
3244 4762 3347 4816 illis
3372 4770 3428 4818 et
3473 4759 3543 4816 de

1965 4864 2338 4921 traditionibus
2390 4861 2601 4916 illorum
2660 4858 2775 4913 hzec
2818 4856 2957 4911 dicta
2990 4853 3151 4909 fuisse
3204 4874 3217 4909 :
3266 4867 3386 4906 nam
3413 4851 3542 4906 sub-

1959 4961 2135 5030 junxit
2164 4975 2178 5010 :
2206 4955 2339 5013 Caeci
2365 4965 2481 5009 sunt
2521 4954 2671 5007 duces
2709 4966 2972 5005 ca'corum.
3007 4948 3061 5003 Si
3086 4946 3156 5002 de
3198 4947 3314 5016 lege
3366 4945 3417 5000 id
3456 4945 3543 5013 lo-

1965 5060 2161 5121 quutus
2190 5050 2372 5103 fuisset
2393 5090 2409 5115 ,
2438 5047 2683 5101 dieturus
2712 5052 2861 5107 erat,
2908 5043 3017 5097 Dux
3047 5051 3124 5097 est
3173 5056 3344 5095 catena
3372 5053 3545 5094 caco-

1963 5161 2117 5209 rum;
2164 5156 2347 5198 verum
2391 5156 2495 5195 non
2546 5140 2616 5193 ita
2666 5138 2832 5201 dixit,
2879 5134 3007 5196 sed,
3062 5132 3227 5187 Duces
3275 5142 3391 5187 sunt
3426 5132 3545 5186 mei

1964 5250 2210 5290 cccorum
2230 5274 2245 5296 ,
2291 5233 2460 5301 legem
2502 5230 2571 5285 ab
2597 5227 2935 5283 accusatione
2963 5225 3271 5288 vindicans,
3304 5224 3356 5279 in
3403 5223 3547 5277 illos.

1964 5342 2067 5396 que
2108 5335 2274 5379 totum
2303 5321 2615 5377 refundens.
2664 5317 2863 5374 Deinde
2901 5327 2958 5370 ut
2986 5315 3193 5370 turbam
3240 5313 3307 5368 ab
3337 5314 3439 5368 illis
3462 5314 3548 5366 di-

1965 5418 2185 5473 velleret
2208 5456 2224 5477 ,
2261 5428 2325 5466 ne
2368 5414 2421 5466 in
2453 5409 2757 5464 barathrum
2793 5408 2859 5460 ab
2889 5406 3017 5476 ipsis
3043 5404 3398 5475 dejiceretnr,
3426 5403 3499 5456 ait
3530 5418 3546 5458 :

1968 5509 2029 5565 Si
2058 5524 2221 5562 caecus
2249 5520 2435 5559 meum
2479 5503 2662 5565 ducat,
2707 5499 2931 5553 amboin
2974 5498 3165 5567 foveam
3208 5494 3407 5549 cadant.
3438 5493 3549 5549 hla-

1969 5613 2126 5672 gnum
2154 5595 2365 5668 quidem
2392 5594 2591 5650 malum
2621 5592 2834 5647 ctecitas
2858 5598 2941 5644 est
2988 5607 3001 5643 :
3045 5588 3138 5643 sed
3163 5600 3284 5644 esse
3314 5600 3511 5642 cat-cum
3531 5622 3551 5653 ,

2037 5776 2108 5834 (ιι)
2145 5770 2387 5821 uanicbzci
2413 5768 2577 5831 legem
2603 5778 2697 5819 non
2722 5776 2749 5811 a
2768 5760 2878 5811 Deo
2903 5766 3039 5810 i‘alrc
3064 5771 3175 5810 esse
3193 5756 3438 5807 dicebant.
