4052 6228
610 359 712 414 513

607 493 709 531 nec
739 476 932 530 habere
956 473 1177 537 ducem,
1217 481 1270 525 et
1296 486 1354 525 se
1378 471 1567 524 ducem
1597 465 1865 536 prmbere,
1899 460 1950 514 id
1994 459 2189 528 duplex

612 569 911 640 triplexque
957 565 1162 619 crimen
1217 572 1320 616 est.
1367 559 1499 615 Nam
1553 557 1596 611 si
1641 553 1997 624 periculosum
2048 563 2192 602 caeco

609 670 694 716 est
718 702 733 725 ,
768 677 872 713 non
922 657 1119 712 habere
1149 656 1370 716 durem,
1407 652 1574 705 multo
1617 646 1967 718 periculosius
2009 643 2110 697 crit
2147 643 2190 694 si

609 768 668 806 se
714 750 866 804 alteri
911 749 1099 804 ducem
1129 747 1386 816 praebeat.
1419 742 1552 810 Quid
1599 741 1757 810 igitur
1804 735 2028 792 Petrus?
2076 733 2190 788 Non

610 843 780 907 dixit,
809 841 916 896 Cur
972 839 1086 893 haec
1131 836 1351 892 dixisti?
1398 834 1490 889 sed
1537 832 1688 903 quasi
1737 829 1815 885 rei
1869 826 2193 883 obscuritate

612 947 831 1001 pressus
856 931 1166 1000 interrogat.
1200 927 1309 981 Nec
1343 925 1469 980 dicit
1501 924 1647 978 :Cur
1671 931 1854 976 contra
1899 920 2069 990 legem
2111 917 2192 970 lo-

609 1033 804 1092 quulus
835 1022 932 1077 es?
963 1022 1182 1075 timebat
1211 1020 1350 1073 enim
1391 1033 1458 1070 ne
1487 1014 1875 1069 scandalizatus
1920 1012 2084 1066 fuisse
2108 1009 2185 1061 vi-

609 1116 858 1179 deretur;
889 1112 981 1168 sed
1029 1113 1176 1182 quasi
1208 1111 1430 1164 obscura
1460 1122 1546 1161 res
1575 1112 1721 1161 esset
1759 1103 2011 1172 loquitur.
2041 1099 2192 1167 Quod

609 1223 741 1262 vero
782 1222 888 1261 non
919 1203 1260 1260 obscuritatis
1287 1215 1443 1255 causa
1467 1242 1481 1262 ,
1528 1191 1815 1266 sedquod
1867 1193 2194 1250 scandaliza-

608 1309 788 1361 retur,
837 1299 952 1352 haec
975 1295 1205 1354 dixerit.
1240 1294 1412 1364 palam
1457 1302 1536 1346 est
1568 1309 1580 1343 :
1616 1289 1742 1343 nihil
1787 1289 1927 1342 enim
1974 1287 2042 1339 ibi
2094 1285 2194 1338 ob-

609 1388 878 1445 scuritatis
931 1389 1118 1442 inerat.
1173 1385 1431 1452 Quocirca
1483 1381 1725 1436 Christus
1772 1379 2013 1446 increpat
2071 1376 2192 1430 illos

608 1483 841 1537 dicens:
887 1479 974 1534 16.
1033 1478 1212 1531 Adhuc
1251 1492 1338 1530 eos
1385 1475 1533 1529 etiam
1578 1474 1686 1526 sine
1730 1472 1984 1524 intellectu
2030 1467 2194 1522 estis?

595 1573 740 1633 Nam
773 1573 940 1628 turbae
965 1571 1181 1626 forsitan
1204 1569 1342 1624 dicta
1368 1584 1472 1623 non
1502 1566 1873 1621 intellexerunt
1900 1581 1914 1617 :
1943 1563 2038 1632 ipsi
2063 1577 2193 1617 vero

609 1664 951 1722 scandalizati
989 1663 1218 1717 fuerant.
1265 1661 1441 1728 Quare
1484 1659 1664 1723 initio,
1710 1657 1858 1726 quasi
1900 1656 1967 1709 de
2010 1654 2194 1708 Phari-

610 1758 732 1811 s:eis
780 1758 1200 1825 interrogantes,
1261 1750 1501 1805 ediscere
1545 1747 1824 1812 volebant;
1872 1746 1958 1800 ubi
2013 1752 2190 1798 autem

609 1849 893 1903 audierunt
930 1861 1051 1900 cum
1077 1844 1310 1915 graviter
1332 1840 1748 1896 comminantem
1792 1853 1854 1892 ac
1881 1837 2147 1891 dicentem
2173 1877 2186 1898 ,

615 1941 792 1992 Omnis
832 1937 1080 2008 plantatio
1101 1977 1116 2002 ,
1165 1951 1317 2005 quant
1378 1949 1477 1986 non
1531 1931 1776 2001 plantavit
1841 1927 2000 1982 Pater
2051 1943 2193 1980 meus

609 2033 849 2097 ccclestis,
891 2028 1255 2092 eradicabitur,
1284 2035 1372 2088 et,
1404 2023 1537 2079 (ἔιεοὶ
1553 2032 1676 2077 sunt
1719 2021 1870 2074 dares
1907 2035 2187 2083 ctccorum,

609 2125 842 2191 repressi
884 2132 1025 2176 sunt.
1078 2119 1181 2175 Sed
1241 2119 1429 2172 Petrus
1471 2131 1682 2184 semper
1727 2113 1954 2177 ardens,
2001 2126 2068 2165 ne
2113 2111 2193 2164 sic

608 2217 820 2288 quidem
854 2224 1032 2269 tacere
1075 2211 1278 2282 potuit,
1321 2208 1414 2263 sed
1443 2207 1570 2261 dicit
1601 2222 1614 2258 :
1648 2205 1733 2259 15.
1787 2201 2024 2256 Edissere
2050 2201 2191 2254 nobis

610 2307 906 2379 parabolam
956 2307 1104 2357 hanc.
1138 2301 1273 2370 Quid
1321 2315 1449 2369 ergo
1496 2296 1780 2352 Christus?
1815 2292 2190 2348 Vehementius

608 2397 895 2468 respondet
945 2413 960 2448 :
1009 2396 1188 2447 Adhuc
1236 2393 1386 2445 etiam
1436 2406 1524 2444 eos
1579 2389 1687 2442 sine
1739 2385 1991 2439 inteilectu
2031 2383 2192 2437 estis?

610 2496 696 2552 17.
729 2493 970 2547 Nondum
1015 2488 1313 2558 intelligitis.
1346 2485 1469 2540 Haec
1513 2482 1646 2536 dixit
1675 2483 1986 2549 increpans,
2034 2486 2092 2532 ut
2123 2477 2192 2531 il-

610 2588 778 2641 lorum
820 2581 1216 2655 praejuilicatam
1259 2577 1563 2647 opinionem
1598 2574 1849 2641 ejiceret,
1881 2585 1980 2625 nec.
2031 2570 2189 2623 tinem

609 2678 816 2734 dicendi
860 2678 1012 2736 fecit,
1042 2674 1135 2728 sed
1166 2673 1283 2728 htcc
1323 2669 1516 2739 adjecit
1544 2683 1556 2718 :
1591 2666 1752 2720 Omne
1796 2664 1930 2735 quod
1956 2665 2108 2716 intrat
2137 2663 2191 2715 in

609 2787 700 2834 es,
766 2770 820 2822 in
874 2776 1092 2820 ventrem
1147 2760 1319 2825 vadit,
1377 2769 1424 2812 et
1482 2760 1536 2811 in
1606 2773 1852 2811 secessum
1915 2755 2192 2817 emittitur;

612 2860 698 2917 18.
728 2875 840 2929 qua:
875 2866 1040 2910 autent
1081 2851 1354 2924 procedunt
1403 2867 1465 2904 ea:
1514 2865 1633 2910 ore,
1685 2849 1748 2898 de
1795 2846 1944 2898 corde
1970 2854 2189 2908 exemit,

611 2964 655 3010 tt
675 2952 765 3006 illa
790 2948 1115 3017 coinquinant
1145 2944 1415 2997 hominem.
1460 2940 1542 2995 l9.
1579 2938 1656 2992 De
1677 2938 1828 2990 corde
1851 2937 1985 2989 enim
2007 2943 2192 2988 exeunt

610 3043 933 3115 cogitationes
983 3039 1168 3100 malm,
1213 3035 1515 3093 homicidia,
1562 3032 1845 3092 adulteria,
1898 3029 2191 3100 fornicatio-

610 3155 732 3201 nes,
788 3137 960 3207 furta,
1007 3131 1369 3201 blasphemiae,
1419 3127 1550 3196 falsa
1602 3125 1904 3179 testimonia.
1962 3122 2053 3177 20.
2123 3120 2193 3175 Et

611 3231 717 3284 haec
744 3237 858 3282 sunt
900 3241 1013 3295 quia
1051 3222 1375 3292 coinquinant
1417 3219 1684 3273 hominem.
1717 3215 1838 3269 Non
1873 3214 1987 3267 lotis
2025 3222 2194 3266 autem

611 3322 838 3376 manibus
868 3319 1206 3380 manducare,
1244 3330 1343 3368 non
1377 3312 1668 3382 coinquinat
1704 3309 1970 3362 hominem.
2007 3304 2192 3360 Viden‘

610 3431 769 3486 quam
801 3412 1150 3466 vehementer
1177 3409 1296 3461 illos
1324 3403 1599 3473 increpet?
1639 3400 1840 3456 Deinde
1862 3416 1889 3452 a
1919 3397 2191 3452 communi

613 3516 798 3561 natura
849 3502 1274 3557 sermocinatur.
1319 3506 1375 3549 ut
1433 3497 1549 3548 illos
1601 3493 1666 3546 ad
1715 3493 1904 3546 bonam
1957 3497 2190 3542 mentem

611 3599 789 3652 ducat.
832 3595 966 3649 Cum
995 3593 1139 3648 enim
1185 3590 1343 3657 dicit,
1378 3588 1442 3641 In
1481 3597 1700 3641 ventrem
1743 3585 1911 3647 radit,
1941 3593 1985 3635 et
2020 3583 2072 3634 in
2116 3597 2194 3634 sc-

612 3706 804 3744 cessum
846 3687 1115 3748 emittitur,
1157 3681 1332 3737 adhuc
1378 3680 1669 3736 secundum
1721 3677 1996 3732 Judaicum
2043 3673 2193 3742 abje-

612 3792 755 3836 ctum
783 3793 998 3834 sensum
1027 3775 1277 3845 loquitur.
1309 3772 1442 3826 Dicit
1467 3772 1642 3835 enim,
1676 3769 1766 3824 illa
1795 3783 1900 3822 non
1932 3780 2152 3821 manere
2175 3804 2189 3828 ,

612 3877 705 3931 sed
750 3871 952 3944 egredi.
986 3870 1315 3938 Quamquam
1346 3866 1554 3920 etiamsi
1601 3871 1907 3928 manerent,
1938 3877 2046 3915 non
2092 3860 2194 3914 im-

613 3965 867 4021 mundum
914 3961 1219 4017 redderent.
1270 3957 1375 4013 Sed
1406 3955 1636 4010 nondum
1685 3962 1931 4023 poterant
1960 3951 2073 4006 btec
2101 3965 2195 4004 au-

611 4061 748 4112 dire.
781 4055 903 4110 Ideo
932 4053 1205 4122 lcgislator
1249 4057 1396 4103 tanto
1425 4045 1643 4101 dimittit
1685 4053 1926 4112 tempore
1947 4085 1960 4105 .
1993 4049 2195 4112 quanto

612 4151 756 4204 intus
797 4155 1010 4199 maneat
1053 4161 1067 4197 :
1110 4157 1229 4195 cum
1279 4149 1453 4193 autem
1509 4152 1782 4207 egressum
1851 4135 2035 4196 fuerit,
2088 4149 2191 4187 non

613 4241 772 4293 ultra.
807 4235 1039 4304 Vespere
1079 4234 1236 4302 igitur
1265 4230 1426 4284 lavari
1445 4230 1630 4299 jubet,
1655 4243 1718 4282 ac
1754 4226 2008 4281 mundum
2036 4240 2190 4289 esse,

611 4328 925 4397 digestiouis
953 4334 1008 4379 et
1035 4324 1360 4390 expulsionis
1387 4331 1592 4390 tempus
1616 4328 1862 4372 accurate
1887 4316 2189 4371 dimetiens.

612 4420 743 4491 Qum
781 4428 956 4473 autem
987 4416 1164 4472 cordis
1219 4423 1375 4479 sunt,
1420 4413 1621 4482 inquit,
1671 4411 1812 4464 intus
1863 4417 2112 4467 manent.
2141 4417 2196 4461 et

613 4529 732 4569 cum
776 4510 1147 4582 egrediuntur,
1178 4507 1556 4577 coinquinant,
1598 4519 1697 4559 nec
1727 4502 1886 4558 modo
1915 4517 2035 4556 cum
2080 4515 2193 4554 ma-

616 4616 775 4670 nent,
826 4604 879 4658 id
916 4603 1133 4658 faciunt.
1182 4601 1361 4654 Primo
1407 4599 1557 4668 ponit
1603 4596 1766 4649 malas
1809 4593 2190 4662 cogitationes,

613 4697 755 4767 quod
778 4695 1080 4750 Iudaeorum
1107 4700 1220 4746 erat
1273 4708 1285 4742 :
1338 4706 1434 4743 nec
1462 4687 1635 4740 adhuc
1680 4701 1708 4738 a
1759 4693 1983 4748 natura,
2026 4681 2118 4736 sed
2162 4697 2193 4736 a

615 4798 770 4850 βίη-ιιι
797 4785 995 4841 ventris
1019 4793 1076 4838 et
1105 4781 1279 4836 cordis
1318 4777 1620 4848 redarguit,
1649 4787 1702 4831 et
1728 4792 1793 4830 ex
1818 4791 1884 4830 eo
1925 4774 2065 4844 quod
2092 4773 2192 4826 alia

617 4878 898 4933 maneant,
936 4871 1041 4924 alia
1071 4885 1178 4922 non
1206 4871 1352 4922 item.
1398 4871 1513 4922 Alia
1542 4870 1707 4934 enim,
1730 4870 1796 4923 de
1831 4870 1964 4924 foris
1992 4871 2194 4938 ingres-

615 4979 715 5026 sa,
760 4962 910 5018 foras
955 4977 1149 5018 rursus
1190 4973 1392 5018 exeunt
1424 4981 1436 5018 :
1470 4963 1575 5017 alia
1616 4977 1766 5026 vero,
1812 4963 1956 5017 intus
1991 4961 2191 5030 genita,

618 5069 744 5109 cum
799 5064 1035 5118 exeunt,
1087 5055 1489 5125 coinquinant,
1543 5063 1599 5108 et
1653 5061 1783 5107 tunc
1824 5051 2033 5122 magis,
2068 5067 2193 5106 cum

615 5148 980 5213 egrediuntur.
1027 5143 1268 5197 Nondum
1301 5141 1444 5195 enim
1489 5148 1774 5208 poterant,
1807 5145 1862 5190 ut
1908 5137 2013 5190 dixi
2036 5177 2050 5198 ,
2081 5135 2195 5190 hzrc

610 5251 732 5290 cum
771 5235 1083 5305 congruenti
1117 5232 1450 5302 philosophia
1494 5230 1696 5284 audire.
1731 5227 1937 5282 Marcus
1963 5225 2110 5295 (Cap.
2138 5228 2189 5279 7.

616 5327 704 5396 19)
727 5337 905 5383 autem
930 5327 1087 5389 dicit,
1121 5327 1293 5394 ipsum
1322 5324 1386 5377 ad
1416 5321 1714 5392 purgandos
1741 5319 1889 5374 cibos
1907 5321 2020 5373 lucc
2035 5318 2196 5372 dixis-

613 5438 706 5487 se;
738 5438 841 5475 non
895 5431 1069 5475 tamen
1129 5419 1181 5472 id
1232 5417 1523 5486 expressit.
1553 5414 1691 5485 quod
1741 5412 1862 5466 talia
1910 5410 2191 5464 comedere

615 5527 721 5564 non
753 5510 1062 5580 coinquinet
1108 5508 1377 5562 hominem
1429 5523 1442 5558 :
1496 5521 1601 5558 non
1633 5504 1774 5558 enim
1805 5501 2096 5556 voluissent
2125 5499 2189 5550 il-

616 5604 726 5656 lum
754 5613 859 5658 tam
889 5603 1033 5657 clare
1072 5603 1372 5670 loquentem
1413 5598 1618 5652 audire.
1655 5595 1776 5650 Ideo
1803 5594 1916 5648 hinc
1943 5591 2144 5646 addidit
2175 5609 2188 5645 :

618 5692 739 5746 Non
779 5694 893 5746 lotis
934 5692 1165 5746 manibus
1212 5690 1516 5744 manducare
1537 5729 1552 5751 ,
1581 5704 1680 5740 non
1710 5685 1998 5747 coinquinat
2025 5683 2190 5735 Itami-

618 5799 756 5838 nent.
785 5781 1057 5838 Diseamus
1085 5796 1213 5853 ergo
1233 5794 1476 5851 quaenam
1488 5779 1849 5848 coinquinent
1873 5777 2140 5832 hominem
2172 5793 2187 5829 :

1317 352 1369 410 S.
1412 347 1685 409 JOANNIS
1721 339 2192 402 CIIRYSOSTOMI
2237 337 2550 394 AllClllEP.
2589 339 3122 398 CONSTANTINOP.
3812 345 3894 400 διι

2298 454 2562 510 discamus
2590 457 2702 512 haec
2722 498 2737 523 ,
2764 467 2819 511 et
2846 459 3129 527 fugiamus.
3154 453 3283 512 Nam
3315 455 3366 513 in
3392 457 3615 516 ecclesia
3647 459 3894 515 viderint

2299 547 2440 602 hunc
2483 564 2684 604 morem
2733 550 2872 619 apud
2919 552 3113 605 multos
3136 551 3344 621 vigere,
3378 552 3467 621 qui
3520 551 3754 606 mundis
3815 565 3894 606 ve

2299 639 2469 693 stibus
2516 639 2713 694 intrare
2760 640 3003 706 Student,
3064 643 3298 712 itemque
3345 643 3467 696 lotis
3504 643 3808 707 manibus;
3868 660 3894 696 ll

2299 745 2427 783 vero
2463 730 2694 784 animam
2740 747 2926 801 puram
2959 733 3069 787 Deo
3093 734 3319 799 sistant,
3365 733 3493 788 nihil
3521 745 3746 788 curant.
3785 735 3893 788 lia.-

2301 837 2463 890 porro
2484 822 2636 888 diro,
2672 840 2778 877 non
2828 825 2968 892 quod
3021 825 3329 894 prohibeam
3363 842 3551 880 manus
3589 827 3681 881 vel
3715 843 3788 882 os
3836 829 3890 881 la

2299 928 2423 966 vare
2443 955 2458 979 ,
2491 913 2583 967 sed
2614 915 2754 984 quod
2784 916 2938 969 velim
2963 917 3030 970 ita
3063 917 3224 971 lavari
3255 925 3310 970 ut
3337 933 3431 986 par
3456 927 3537 971 est
3559 959 3574 978 .
3607 932 3728 972 non
3765 933 3894 986 aqu.

2299 1003 2505 1066 solum,
2547 1004 2639 1058 sed
2685 1005 2986 1059 virtutibus.
3019 1006 3151 1061 Nam
3179 1009 3368 1062 sordes
3409 1008 3522 1064 oris
3548 1018 3684 1063 sunt
3729 1010 3889 1063 male

2299 1093 2469 1160 dicta,
2528 1093 2893 1165 blasphemia,
2960 1099 3293 1160 convicium,
3358 1100 3520 1153 verba
3597 1101 3894 1154 iracundia

2300 1185 2474 1253 plena,
2502 1187 2587 1239 vel
2612 1187 2861 1242 obscaena
2882 1229 2898 1252 ,
2926 1188 3147 1244 ridicula
3167 1231 3184 1256 ,
3215 1190 3477 1245 scurriliat
3510 1191 3567 1246 Si
3610 1206 3756 1261 ergo
3813 1193 3894 1245 tih

2299 1276 2544 1331 conscius
2583 1276 2658 1331 sis
2687 1277 2816 1332 nihil
2845 1277 2949 1333 tale
2973 1278 3173 1335 dixisse
3215 1289 3298 1346 te,
3327 1295 3500 1350 neque
3527 1280 3608 1335 bis
3641 1281 3894 1335 sor-dibu:

2301 1369 2598 1435 inquinari,
2628 1384 2750 1424 cum
2791 1369 2981 1425 fiducia
3027 1372 3256 1437 accede;
3286 1373 3369 1428 sin
3419 1375 3609 1430 millies
3645 1372 3752 1430 has
3807 1379 3894 1429 ad.

2301 1460 2487 1513 misisti
2533 1463 2801 1527 maculas,
2831 1478 2928 1518 cur
2978 1464 3173 1519 frustra
3225 1467 3454 1535 linguam
3502 1469 3719 1534 abluis,
3771 1470 3893 1524 dun

2302 1553 2628 1620 perniciosas
2649 1565 2704 1608 et
2733 1557 2920 1610 noxias
2939 1557 3127 1612 sordes
3158 1557 3210 1612 in
3238 1558 3322 1612 illa
3346 1560 3696 1616 circumfers?

2369 1643 2422 1696 5.
2458 1645 2571 1708 Qua
2599 1645 2795 1699 ratione
2817 1647 3068 1700 orandum
3091 1648 3414 1704 sib—Nam
3446 1651 3531 1706 die
3557 1652 3691 1706 mihi
3719 1694 3734 1715 ,
3762 1653 3809 1706 si
3843 1654 3894 1707 ti-

2300 1749 2441 1786 mum
2485 1745 2540 1790 et
2586 1737 2749 1791 lutum
2791 1753 2900 1807 pra:
2945 1739 3188 1795 manibus
3237 1741 3490 1809 haberes,
3539 1759 3606 1798 an
3659 1746 3894 1799 auderet

2297 1829 2495 1881 orare?
2524 1827 2887 1899 Nequaquam.
2919 1831 3169 1888 Attamen
3202 1834 3331 1888 nihil
3357 1835 3484 1890 hinc
3507 1836 3691 1892 damni
3719 1856 3735 1896 :
3765 1839 3894 1892 illud

2297 1929 2473 1974 autem
2500 1921 2857 1989 perniciosum
2882 1933 2980 1978 est.
3014 1924 3122 1979 Cur
3150 1941 3277 1994 ergo
3307 1927 3356 1979 in
3398 1927 3555 1982 rebus
3582 1929 3894 1985 indiil'crerv

2299 2013 2439 2067 tibus
2477 2017 2612 2082 pius,
2648 2015 2697 2067 in
2725 2014 3006 2084 prohibitis
3029 2017 3097 2070 ita
3124 2018 3396 2088 negligens
3423 2035 3482 2074 es
3507 2021 3530 2073 ?
3557 2021 3697 2089 Quid
3725 2024 3894 2092 ergo?

2299 2106 2538 2175 inquies;
2572 2123 2676 2160 non
2721 2109 2930 2178 precari
2971 2112 3224 2180 oportet?
3254 2112 3478 2180 Oportet
3516 2115 3762 2183 quidem,
3801 2116 3894 2171 sed

2299 2215 2402 2252 non
2437 2201 2683 2255 sordibus
2730 2203 3075 2269 maculatum,
3102 2200 3219 2258 'non
3247 2215 3392 2259 tanto
3419 2221 3574 2262 emno
3607 2218 3894 2264 onustum.

2296 2291 2430 2356 Quid
2461 2291 2504 2346 si
2526 2307 2651 2346 casu
2679 2293 2857 2362 lapsus
2882 2294 3072 2349 fuero?
3100 2296 3268 2366 Pntga
3297 2297 3542 2366 teipsum.
3564 2299 3894 2366 Quomodo?

2296 2382 2461 2451 Luge,
2490 2397 2662 2452 geme,
2691 2385 3084 2456 elecmosynam
3115 2403 3293 2456 croga,
3323 2405 3483 2458 purga
3514 2398 3565 2445 le
3589 2391 3733 2460 apud
3765 2408 3894 2447 eum

2295 2489 2453 2541 quem
2480 2475 2798 2527 contumelia
2831 2475 3076 2542 aﬂ‘ecisti,
3105 2478 3385 2534 recoucilia
3427 2490 3478 2534 te
3508 2479 3602 2542 illi,
3637 2482 3894 2550 absterge

2299 2565 2554 2634 linguam,
2585 2581 2652 2620 ne
2679 2567 2890 2636 gravius
2920 2567 3082 2622 Deum
3112 2569 3305 2624 irrites.
3335 2569 3467 2625 Nam
3496 2575 3538 2625 si
3569 2576 3691 2641 quis
3711 2575 3894 2628 sordi~

2297 2654 2435 2709 datis
2464 2665 2700 2711 stercore
2738 2658 2982 2714 manibus
3014 2659 3176 2727 pedes
3209 2669 3326 2716 tuos
3348 2663 3656 2732 Supplicans
3700 2673 3893 2735 tange-

2297 2757 2397 2812 ret,
2419 2763 2522 2800 non
2551 2747 2712 2802 modo
2738 2749 2881 2802 illum
2906 2766 3008 2805 non
3032 2751 3266 2817 audires,
3286 2753 3379 2808 sed
3411 2753 3544 2822 pede
3567 2755 3888 2824 impeteres:

2297 2839 2564 2906 quomodo
2586 2839 2751 2894 audes
2779 2842 2856 2896 sic
2888 2843 3052 2896 Deum
3083 2843 3270 2898 adire?
3296 2845 3425 2899 Nam
3456 2847 3628 2918 lingua
3657 2863 3853 2917 precan
3872 2878 3890 2888 -

2299 2931 2426 2984 tium
2464 2941 2544 2986 est
2573 2948 2781 2995 manus,
2813 2949 2876 2988 ac
2912 2949 3008 3004 per
3033 2950 3150 2990 eam
3195 2937 3284 2991 Dei
3315 2954 3488 3008 genua
3531 2941 3893 3009 apprehendi-

2298 3039 2438 3076 mus.
2460 3021 2537 3077 Ne
2577 3025 2754 3094 itaque
2783 3025 2926 3079 iliam
2953 3028 3331 3096 commacules,
3357 3045 3422 3083 ne
3453 3029 3543 3084 tibi
3575 3031 3715 3086 dicat
3742 3032 3837 3085 ille
3869 3051 3884 3085 :

2300 3117 2360 3169 Si
2382 3115 2834 3184 multiplicaveritis
2855 3119 3275 3186 deprecationem,
3309 3136 3407 3173 non
3434 3123 3698 3176 exaudiam
3725 3122 3885 3192 (Isai.

2299 3207 2353 3261 1.
2375 3209 2482 3277 15).
2508 3208 2638 3262 Nam
2667 3207 2733 3261 In
2760 3226 2911 3261 manu
2937 3209 3122 3279 lingua:
3146 3211 3247 3262 vita
3275 3220 3320 3263 et
3337 3227 3470 3265 mors
3489 3223 3558 3265 est
3581 3212 3761 3283 (Prov.
3794 3215 3883 3270 18.

2297 3297 2357 3352 2|
2391 3299 2408 3370 )
2431 3316 2444 3362 ;
2476 3310 2528 3352 et
2558 3299 2639 3353 Ex
2665 3301 2977 3354 sermonibus
2999 3302 3098 3354 tuis
3118 3302 3497 3371 justi/icaberis.
3521 3313 3667 3371 atque
3683 3322 3747 3358 ex
3769 3323 3883 3359 ser-

2298 3388 2526 3442 monibus
2570 3390 2667 3443 tuis
2705 3389 3112 3442 condemnaberis
3148 3396 3164 3460 (
3192 3389 3376 3444 Matth.
3422 3392 3508 3445 12.
3551 3394 3681 3462 57).
3715 3395 3880 3464 Magis

2300 3482 2458 3548 igitur
2483 3496 2641 3550 quam
2682 3481 2935 3552 pupillam
2970 3482 3108 3536 oculi
3143 3482 3372 3552 linguam
3410 3493 3550 3537 tttam
3591 3487 3879 3540 custodias.

2300 3574 2498 3644 Regius
2522 3574 2736 3643 quidam
2775 3590 2943 3643 equus
2972 3584 3055 3629 est
3101 3575 3299 3644 lingua.
3331 3577 3383 3631 Si
3415 3593 3541 3645 ergo
3567 3578 3640 3631 illi
3671 3577 3878 3633 frenum

2300 3669 2606 3731 immiseris,
2635 3678 2688 3722 et
2713 3669 2973 3723 concinne
3005 3669 3080 3722 ire
3108 3669 3353 3723 docueris
3374 3713 3387 3733 ,
3408 3687 3501 3724 rex
3532 3671 3582 3724 in
3612 3671 3698 3724 illa
3726 3673 3879 3726 sede-

2302 3760 2378 3813 hit
2404 3768 2458 3813 et
2483 3759 2752 3827 quiescet;
2787 3760 2870 3812 sin
2901 3759 3160 3813 infrenem
3193 3761 3306 3814 fieri
3339 3761 3593 3829 ctjactari
3627 3763 3879 3830 permise-

2302 3851 2395 3913 ris,
2437 3850 2632 3905 diaboli
2674 3860 2728 3905 et
2769 3850 3070 3905 da:monum
3117 3851 3419 3907 vehiculum
3463 3853 3584 3908 erit.
3628 3853 3705 3908 Tu
3749 3869 3876 3907 vero

2300 3944 2513 4015 quando
2535 3961 2654 4000 cum
2685 3960 2850 4000 uxore
2870 3945 3221 4011 concubuisti,
3249 3945 3391 4015 quod
3417 3960 3546 4000 sane
3572 3947 3718 4015 culpa
3747 3947 3876 4001 libe-

2301 4054 2415 4091 rum
2443 4047 2543 4103 est,
2574 4038 2778 4106 precari
2807 4053 2911 4091 non
2937 4036 3134 4102 audes;
3163 4046 3282 4105 post
3309 4036 3603 4091 convicium
3626 4046 3794 4091 autem
3819 4049 3874 4092 et

2300 4129 2672 4184 Contumeliam
2699 4171 2712 4192 ,
2745 4143 2863 4198 qum
2883 4127 3176 4198 gehennam
3204 4136 3497 4190 merentur,
3521 4138 3789 4198 antequam
3818 4139 3873 4184 te

2304 4223 2466 4290 probe
2492 4222 2818 4292 purgaveris,
2841 4221 3083 4276 extendis
3108 4220 3336 4275 manus?
3360 4230 3414 4276 et
3439 4222 3871 4291 quomodo,qu:e-

2301 4329 2380 4375 so,
2411 4329 2516 4366 non
2567 4312 2928 4381 perhorrescis
2945 4313 2970 4363 ?
2996 4311 3109 4366 Non
3136 4312 3330 4366 audisti
3358 4312 3574 4365 Paulum
3597 4312 3863 4373 dicentem,

2306 4407 2614 4460 Iionorabile
2629 4407 2940 4475 conjugium,
2971 4415 3017 4458 et
3047 4414 3183 4458 torus
3204 4405 3556 4458 inmaculatus
3584 4404 3864 4474 (Πρω-ΛΞ.

2301 4501 2335 4554 4
2359 4500 2374 4569 )
2399 4502 2422 4553 ?
2455 4499 2508 4553 Si
2537 4509 2713 4552 autem
2740 4513 2808 4552 ex
2831 4497 3168 4551 immaculato
3205 4507 3320 4551 toro
3339 4511 3565 4566 surgens
3588 4513 3683 4550 non
3711 4496 3868 4552 audes

2301 4593 2367 4647 ad
2415 4592 2708 4647 orationem
2754 4590 3032 4654 accedere,
3061 4605 3182 4643 cum
3229 4604 3293 4643 ex
3323 4599 3438 4642 toro
3481 4589 3732 4644 diabolica
3773 4591 3863 4653 sis,

2300 4703 2397 4741 Cur
2464 4684 2719 4738 horribile
2789 4682 2913 4736 illud
2981 4682 3321 4752 terribileque
3385 4696 3580 4737 nomen
3637 4683 3866 4738 invocare

2302 4778 2502 4832 audes?
2547 4775 2746 4829 Diaboli
2779 4775 2971 4844 quippe
3001 4773 3169 4826 lectus
3203 4781 3287 4827 est
3328 4773 3379 4826 in
3423 4773 3672 4827 conviciis
3694 4782 3744 4828 ct
3771 4789 3863 4841 op-

2302 4870 2528 4940 probriis
2555 4866 2717 4922 lavari
2746 4866 2840 4937 (a).
2871 4866 2948 4919 Ac
2979 4865 3122 4918 velut
3145 4865 3472 4933 perniciosus
3495 4863 3698 4933 quidam
3726 4863 3862 4918 adul-

2304 4971 2386 5014 ter
2426 4958 2698 5014 iracundia
2755 4971 2856 5012 nos
2901 4971 3021 5011 cum
3075 4970 3265 5026 magna
3310 4955 3578 5026 voluptate
3638 4955 3858 5017 invadit,

2304 5053 2598 5131 pernicipsa
2642 5052 2694 5106 in
2745 5050 2899 5104 nobis
2945 5050 3149 5118 jacicns
3203 5049 3443 5112 semina,
3492 5056 3547 5103 et
3597 5046 3861 5102 diabolicas

2299 5145 2522 5214 gignens
2552 5142 2877 5201 inimicitias.
2900 5157 2962 5196 ac
2985 5151 3170 5195 contra
3198 5139 3519 5194 connubiu-m
3537 5138 3703 5192 omnia
3727 5137 3855 5192 facit.

2301 5239 2431 5292 Nam
2460 5237 2764 5306 coniugium
2813 5234 2860 5288 id
2906 5233 3033 5288 facit
3077 5242 3135 5284 ut
3181 5232 3286 5285 duo
3313 5233 3419 5285 sint
3458 5243 3584 5284 caro
3621 5244 3743 5292 una;
3787 5229 3852 5281 ira

2298 5347 2429 5386 vero
2453 5344 2547 5385 eos
2569 5330 2656 5398 qui
2696 5327 2864 5396 juncti
2904 5335 3028 5381 sunt
3056 5326 3108 5378 in
3149 5333 3324 5394 partes
3357 5321 3578 5380 dividit.
3609 5321 3853 5390 ipsamque

2301 5422 2532 5476 animam
2577 5419 2771 5474 scindit
2815 5426 2871 5472 et
2925 5417 3143 5470 lacerat.
3188 5413 3256 5470 Ut
3298 5415 3474 5483 itaque
3515 5428 3634 5467 cum
3683 5410 3850 5463 ﬁducia

2301 5513 2468 5566 Deum
2505 5512 2684 5572 adeas.
2731 5511 2860 5563 iram
2894 5516 2946 5561 te
2984 5506 3320 5560 invadentem
3351 5519 3418 5558 ne
3464 5502 3730 5563 admittas,
3765 5502 3849 5555 sed

2301 5603 2450 5672 quasi
2478 5601 2717 5656 rabidum
2744 5613 2930 5654 canem
2960 5596 3188 5668 depelle.
3222 5593 3352 5648 Illud
3380 5593 3521 5647 enim
3545 5591 3718 5644 Paulus
3744 5587 3850 5657 jus-

2312 5785 2324 5796 .
2370 5725 2577 5796 (a)_l\'on
2599 5727 2740 5796 video
2763 5726 2938 5776 horum
2963 5728 3346 5776 consonantiam.
3373 5750 3430 5758 -
3458 5721 3587 5773 Vidit
3611 5721 3748 5785 Fietd,

2293 5785 2384 5854 jus
2411 5785 2475 5854 tif.
2502 5785 2672 5840 Adnot.
2702 5789 2836 5838 Eutr.
