4052 6228
277 321 382 376 51⁸1

276 439 383 491 sit;
416 435 656 491 Leuntes
685 444 885 489 sanctas
912 448 1093 487 manus
1127 433 1310 505 absque
1341 433 1418 485 ira
1442 442 1488 485 et
1509 432 1869 502 disceptatione

276 528 367 598 (1.
402 526 535 580 Tim.
583 526 638 580 Ξ.
672 526 764 597 8).
796 525 873 580 Ne
921 525 1155 594 linguam
1213 539 1344 594 ergo
1388 523 1640 594 deturpes
1679 541 1691 576 :
1746 538 1867 576 nam

275 619 547 688 quomodo
574 634 672 687 pro
704 629 754 673 te
781 617 1082 687 precabitur
1102 658 1116 681 ,
1144 631 1263 671 cum
1296 615 1541 669 ﬁduciam
1587 614 1871 669 amiseris!

275 712 368 765 sed
399 726 531 766 orna
556 712 697 764 illam
728 710 1004 773 modestia,
1029 708 1357 762 humilitate:
1392 707 1472 762 fac
1495 708 1704 776 dignam
1736 706 1863 771 Deo,

275 804 366 872 qui
409 819 504 871 per
552 804 692 856 illam
740 810 993 871 rogatur;
1030 801 1169 854 illam
1214 800 1361 868 reple
1404 799 1770 853 benedictione
1814 807 1868 851 et

276 896 639 964 eleemosyna.
696 892 827 947 Nam
878 892 1055 947 verbis
1107 892 1265 946 etiam
1314 900 1484 960 potest
1528 890 1865 955 eleemosyna

276 989 486 1057 erogari
510 1004 522 1040 :
559 986 742 1039 Melior
766 996 837 1039 est
868 986 1007 1040 enim
1032 1001 1215 1049 sermo,
1246 1001 1395 1054 quam
1417 984 1604 1036 donum
1628 990 1706 1045 ;et
1727 996 1740 1033 :
1763 978 1863 1033 lie-

272 1080 468 1148 sponde
496 1079 706 1147 pauperi
732 1079 947 1148 paciﬁca
977 1078 1028 1130 in
1056 1076 1437 1129 mansuetudine
1456 1072 1642 1145 (Eccli.
1668 1074 1750 1128 18.
1776 1073 1861 1126 16.

270 1180 318 1223 et
345 1171 395 1224 1.
415 1167 492 1241 8).
518 1170 705 1223 Totum
732 1184 859 1223 vero
886 1170 1142 1239 reliquum
1168 1178 1374 1237 tempus
1395 1167 1689 1221 divinarum
1714 1180 1865 1228 01101-

271 1262 481 1315 10ιί01ιο
511 1262 682 1329 legum
722 1277 942 1315 exorna.
975 1262 1149 1313 Omnis
1179 1260 1431 1313 enarratio
1454 1268 1537 1309 tua
1578 1258 1639 1310 sit
1670 1258 1719 1309 in
1761 1258 1865 1325 lege

272 1354 518 1407 Altissimi
545 1351 717 1423 (Ibid.
745 1353 797 1408 9.
830 1352 898 1405 25
920 1350 960 1422 ).
996 1351 1067 1405 lla
1126 1368 1222 1405 nos
1252 1350 1535 1405 adorantes
1566 1348 1631 1401 ad
1667 1349 1860 1415 Regem

269 1444 591 1497 accedamus
616 1484 630 1508 ,
661 1453 715 1497 et
760 1443 824 1496 ad
870 1458 1039 1513 genua
1067 1444 1181 1511 ejus
1210 1442 1546 1511 procidamus
1566 1483 1578 1504 ,
1612 1457 1715 1494 non
1747 1457 1865 1494 cor-

271 1550 403 1604 pore
454 1545 697 1598 tantum,
744 1534 836 1589 sed
886 1536 1044 1588 etiam
1100 1544 1298 1588 mente.
1352 1534 1658 1603 Cogitemus
1705 1548 1860 1601 quem

267 1628 543 1688 adeamus,
592 1636 647 1680 ct
692 1641 787 1695 pro
834 1627 1046 1695 quibus,
1086 1637 1138 1681 et
1176 1624 1299 1694 quid
1345 1626 1583 1680 volentes
1627 1625 1858 1677 efficere.

269 1718 437 1771 Deum
472 1718 702 1783 adimus,
726 1733 883 1787 quem
911 1717 1189 1786 Serapbim
1222 1716 1481 1781 videntes,
1506 1716 1680 1769 vultus
1706 1731 1858 1770 aver-

268 1819 409 1876 tnnt,
442 1826 546 1864 non
579 1810 812 1864 ferentes
843 1810 1104 1879 fulgorem
1133 1824 1329 1878 ;quem
1354 1808 1538 1863 videns
1567 1818 1704 1863 term
1734 1824 1862 1862 eon-

271 1904 555 1957 tremiscit.
588 1904 750 1957 Deum
783 1902 1013 1966 adimus,
1047 1902 1134 1971 qui
1174 1901 1342 1956 lucem
1385 1900 1586 1955 habitat
1623 1901 1861 1954 inacces-

263 1997 498 2051 sibilem.
531 1996 774 2060 Adimus,
818 2005 875 2048 ut
905 2011 932 2046 a
960 1994 1203 2065 gehenna
1236 1994 1542 2060 liberemur,
1573 2003 1629 2047 ut
1674 1994 1863 2048 remis-

267 2092 475 2145 sionem
502 2100 839 2159 peccatorum
862 2088 1226 2157 impetremus,
1249 2096 1305 2143 ut
1330 2088 1397 2141 ab
1420 2087 1513 2142 illo
1541 2086 1858 2141 intolerabili

265 2180 528 2248 supplicio
556 2179 863 2244 liberemur,
894 2187 951 2233 111
991 2178 1179 2233 caelum
1226 2186 1281 2233 et
1331 2177 1402 2233 ibi
1445 2178 1671 2247 reposita
1722 2177 1858 2231 bona

262 2286 675 2339 consequamur.

338 2363 391 2415 6.
425 2362 761 2415 Mansuetudo
789 2362 841 2415 in
861 2363 1088 2416 oratione
1108 2363 1409 2416 adhibenda.
1443 2362 1607 2416 Nemo
1638 2362 1857 2428 lteditur,

265 2453 365 2506 nisi
400 2469 433 2504 a
472 2453 658 2520 seipse.
701 2451 888 2506 Contra
920 2470 1003 2507 eos
1032 2454 1117 2523 qui
1140 2454 1355 2507 aliorum
1383 2456 1510 2508 bona
1539 2455 1761 2524 rapiunt.
1791 2483 1861 2495 —-

266 2542 613 2597 Procidamus
641 2543 797 2614 igitur
820 2554 875 2598 et
912 2559 1137 2613 corpore
1166 2554 1219 2599 et
1246 2554 1443 2611 mente,
1475 2554 1531 2598 ut
1562 2544 1857 2612 1110100011-

266 2645 349 2689 tes
392 2636 561 2705 erigat
610 2654 623 2687 :
677 2652 798 2690 cum
845 2636 1105 2691 modestia
1155 2638 1407 2705 omnique
1455 2638 1861 2692 mansuetudine

269 2727 450 2795 ipsum
477 2726 827 2795 alloquamur.
862 2726 929 2781 Et
952 2729 1070 2797 quis
1096 2737 1196 2792 est,
1236 2728 1462 2796 inquies,
1498 2729 1566 2782 ita
1600 2730 1763 2785 miser
1808 2740 1862 2783 et

268 2817 481 2881 infelix,
510 2828 564 2873 ut
589 2820 641 2872 in
671 2820 911 2874 oratione
940 2836 1044 2874 non
1074 2822 1142 2875 sit
1168 2822 1513 2876 moderatus?
1536 2822 1628 2877 Ille
1656 2823 1744 2894 qui
1776 2823 1859 2877 vel

264 2910 534 2980 precando
561 2912 840 2967 maledicta
887 2913 1108 2982 profert,
1146 2912 1430 2983 furoreque
1462 2916 1648 2983 plenus
1676 2924 1778 2981 est,
1807 2924 1861 2969 ct

262 3013 451 3055 contra
499 3004 742 3057 inimicos
785 3006 1063 3059 acclamat.
1103 3005 1157 3059 Si
1192 3005 1268 3060 vis
1309 3021 1558 3060 accusare
1584 3047 1597 3069 ,
1630 3006 1857 3076 teipsum

263 3110 480 3149 accusa.
519 3096 572 3150 Si
622 3097 700 3150 vis
745 3096 975 3166 linguam
1021 3113 1229 3159 acuere,
1267 3107 1451 3152 contra
1504 3111 1714 3168 peccata
1772 3109 1857 3153 tua

262 3204 417 3243 acue.
438 3189 546 3244 Nec
574 3189 720 3245 dicas
749 3191 872 3260 quid
904 3191 1039 3245 alius
1068 3191 1157 3245 tibi
1185 3192 1307 3245 mali
1337 3192 1590 3255 intulerit,
1616 3192 1705 3245 scd
1734 3192 1857 3262 quid

265 3289 320 3331 tu
360 3281 454 3333 tibi
489 3281 612 3333 mali
644 3280 871 3335 feceris:
903 3281 1027 3335 illud
1077 3282 1217 3335 enim
1249 3283 1477 3335 maxime
1519 3284 1710 3336 malum
1754 3293 1855 3338 est.

263 3370 450 3439 Neque
479 3372 620 3424 enim
648 3373 766 3441 quis
798 3383 849 3427 te
878 3372 1073 3427 hedere
1117 3374 1346 3442 poterit,
1386 3374 1483 3427 nisi
1532 3386 1580 3429 te
1609 3374 1719 3443 ipse
1766 3377 1857 3429 lte—

262 3462 363 3517 das
392 3462 490 3534 (a).
526 3463 709 3533 Itaque
753 3466 796 3519 si
830 3466 907 3520 vis
954 3474 1136 3519 contra
1180 3465 1431 3521 lardentes
1473 3476 1521 3520 te
1562 3468 1854 3538 insurgere,

270 3556 500 3621 teipsnm
532 3556 757 3621 primum
792 3555 1033 3624 impetas.
1067 3555 1234 3611 Nemo
1271 3557 1320 3610 id
1353 3546 1609 3627 impedit;
1662 3576 1781 3613 nam
1811 3561 1855 3614 si

263 3644 429 3697 alium
458 3645 805 3715 aggrediaris,
839 3648 1006 3717 magis
1029 3648 1181 3702 laesus
1204 3649 1391 3703 abibis.
1423 3652 1590 3717 Quam
1618 3667 1745 3705 vero
1765 3652 1856 3706 tibi

265 3735 471 3789 illatam
519 3737 763 3804 injuriam
807 3738 1044 3807 proferre
1080 3740 1275 3808 potes?
1306 3740 1397 3794 Ille
1436 3741 1564 3794 011111
1610 3741 1855 3809 injuriam

266 3828 470 3892 intulit,
516 3829 648 3882 bona
676 3832 874 3897 rapuit,
908 3846 992 3885 me
1024 3831 1073 3885 in
1103 3833 1334 3900 pericula
1365 3833 1583 3902 injecit?
1612 3834 1714 3888 Sed
1759 3835 1857 3889 1100

266 3934 377 3970 non
407 3928 488 3970 est
534 3918 673 3983 lardi,
706 3921 820 3985 sed,
854 3921 895 3974 si
945 3922 1127 3990 vigiles
1152 3923 1350 3987 simus,
1385 3924 1497 3978 11100
1526 3924 1679 3981 nobis
1719 3927 1856 3979 mul-

264 4020 378 4063 tum
427 4011 681 4079 prodesse
721 4021 989 4080 poterunt.
1026 4013 1157 4068 Nam
1198 4016 1358 4069 lazsus
1384 4024 1465 4070 est
1506 4017 1591 4072 ille
1629 4018 1858 4086 quith

264 4104 405 4156 mala
442 4106 637 4167 intulit,
670 4123 773 4160 non
804 4108 891 4175 qui
922 4123 1108 4176 passus
1133 4117 1233 4162 est.
1269 4108 1333 4163 Et
1364 4109 1467 4165 hoc
1493 4113 1720 4167 maxime
1749 4130 1859 4166 ma-

264 4195 441 4247 lorum
458 4198 694 4249 omnium
714 4213 870 4252 causa
893 4208 993 4265 est,
1011 4199 1151 4269 quod
1183 4201 1479 4257 nesciamus
1499 4203 1615 4271 quis
1640 4204 1854 4268 laedens,

263 4286 390 4351 quis
439 4285 593 4339 lzt‘Stts
625 4288 712 4340 sit.
759 4286 813 4343 Si
846 4289 973 4342 illud
1016 4289 1181 4358 probe
1225 4293 1522 4359 sciremus,
1570 4310 1855 4365 numquam

265 4390 368 4429 nos
423 4378 834 4446 ulciscerentur,
882 4394 987 4434 non
1034 4398 1371 4450 precaremur
1416 4394 1598 4440 contra
1649 4387 1809 4440 alium
1840 4428 1856 4454 ,

331 4548 406 4607 (α)
446 4547 498 4597 lu
540 4548 662 4598 banc
687 4549 1059 4613 pulcherrimam
1082 4556 1373 4604 sententiam
1409 4560 1677 4608 orationem
1712 4562 1861 4612 edidit

260 4608 643 4677 Cbrysostomus
673 4608 834 4677 exsul,
862 4614 951 4662 hoc
970 4614 1128 4672 titulo,
1154 4617 1287 4675 Quod
1310 4630 1447 4667 nemo
1488 4618 1683 4670 laeditur
1716 4608 1810 4673 nisi
1827 4608 1861 4673 tt

259 4674 443 4732 sttpso,
469 4686 613 4734 quant
634 4674 783 4722 babes
802 4688 947 4736 supra
970 4683 1115 4725 Tomo
1138 4674 1186 4737 5,
1210 4678 1304 4727 col.
1331 4679 1563 4730 459-460.

1275 313 1343 370 IN
1381 311 1786 370 MATTll/EUM
1827 310 2056 369 llOlllL.
2100 315 2207 370 Lll.
2252 318 2322 371 al.
2366 316 2498 372 Llll.

3463 324 3566 381 518

1978 433 2127 501 gnari
2162 448 2265 487 non
2313 448 2469 503 posse
2500 448 2598 489 nos
2624 435 2765 489 malo
2793 434 2931 491 affici
2960 439 3027 492 ab
3056 437 3179 493 alio.
3214 440 3396 511 Neque
3422 448 3568 501 enim

1976 524 2213 593 rapinam
2246 526 2374 594 pati,
2406 526 2498 581 sed
2520 524 2715 589 facere,
2746 527 2966 583 malum.
2990 527 3044 584 Si
3076 531 3315 599 rapuisti,
3338 534 3563 604 teipsum

1975 626 2262 681 accusata;
2291 618 2372 672 sin
2404 632 2533 672 vero
2562 627 2647 671 tua
2688 618 2823 673 alius
2863 622 3055 689 rapuit,
3082 636 3297 691 precare
3340 639 3439 695 pro
3475 641 3565 678 1οο

1976 718 2145 777 ptore,
2179 709 2301 778 quia
2353 709 2443 762 tibi
2490 709 2719 765 maxime
2762 709 2977 779 profuit.
3014 711 3230 767 Etiamsi
3263 714 3405 769 enim
3454 733 3560 770 non

1976 801 2092 855 talis
2118 802 2186 854 sit
2212 815 2362 855 mens
2392 801 2552 865 illius,
2585 811 2729 857 certe
2760 812 2812 855 tu
2835 819 3077 872 magnam
3109 805 3385 861 utilitatem
3416 824 3565 864 acce-

1972 892 2093 960 pisti
2122 932 2136 957 ,
2172 892 2217 945 si
2248 890 2455 946 fortiter
2499 893 2703 947 tuleris.
2735 891 2885 947 Illum
2916 895 3056 949 enim
3086 904 3141 951 et
3166 896 3358 951 divina:
3384 908 3437 953 ct
3463 900 3563 953 bu-

1972 997 2143 1036 10οι110
2161 983 2304 1051 leges
2336 983 2588 1036 miserum
2622 983 2942 1051 przndicant;
2968 995 3019 1040 te
3046 1000 3173 1041 vero
3200 987 3381 1042 laesum
3410 1004 3566 1044 0010-

1972 1083 2100 1127 nant
2125 1080 2180 1127 et
2207 1073 2501 1127 0010111001.
2541 1072 2723 1143 Neque
2751 1075 2892 1127 0111111
2922 1076 2965 1129 si
2997 1076 3115 1145 quis
3142 1076 3448 1134 febricitans
3471 1096 3564 1135 vas

1971 1182 2105 1236 aqua
2134 1168 2347 1236 plenum
2380 1169 2615 1236 rapuerit
2641 1168 2708 1221 ab
2735 1169 2860 1235 alio,
2895 1172 3190 1225 01110111οτ0
3226 1173 3437 1227 bibendi
3468 1190 3562 1229 cu-

1972 1261 2247 1329 piditatem
2274 1262 2602 1332 expleverit,
2632 1263 2873 1318 dicemus
2919 1264 3100 1319 1108010
3139 1266 3285 1320 illum
3333 1269 3491 1322 fuisse
3530 1284 3559 1321 a

1970 1366 2074 1419 quo
2112 1361 2320 1421 raptum
2365 1368 2460 1406 vas
2488 1363 2590 1418 cst,
2632 1354 2724 1407 scd
2769 1356 2945 1424 potius
2992 1356 3328 1423 rapientem:
3374 1358 3559 1410 febrim

1970 1444 2109 1497 0111111
2159 1445 2330 1510 auxit,
2360 1444 2711 1513 nmrbumque
2741 1448 2999 1500 acriorem
3028 1447 3224 1501 effecit.
3252 1448 3358 1502 lloc
3390 1448 3560 1517 ipsum

1968 1534 2034 1588 de
2061 1536 2401 1602 pecuniarum
2431 1545 2483 1589 et
2507 1551 2664 1604 opum
2692 1547 2904 1591 amante
2927 1549 3131 1607 reputa.
3156 1539 3286 1593 Nam
3332 1540 3415 1593 bic
3448 1541 3563 1610 plus

1967 1641 2123 1694 quam
2168 1628 2256 1680 ille
2280 1628 2414 1680 alius
2444 1628 2767 1691 febricitans,
2800 1645 2893 1698 per
2932 1630 3067 1683 banc
3106 1634 3379 1701 rapinam,
3411 1649 3561 1687 suam

1968 1718 2201 1772 incendit
2232 1718 2521 1772 flammam.
2568 1720 2632 1773 Et
2658 1721 2701 1773 si
2732 1722 2851 1789 quis
2891 1720 3075 1775 furens
3100 1722 3321 1791 abrepto
3364 1740 3393 1777 a
3426 1740 3558 1793 quo-

1968 1810 2105 1878 piam
2136 1810 2310 1878 gladio
2346 1826 2404 1865 se
2446 1811 2776 1877 confoderit,
2808 1812 2927 1882 quis
2958 1805 3115 1867 lassus
3155 1815 3270 1868 est?
3298 1815 3341 1867 is
3383 1831 3413 1869 a
3455 1832 3559 1885 quo

1966 1902 2219 1969 abreptus
2244 1901 2482 1970 gladius,
2514 1917 2580 1954 an
2610 1903 2697 1972 qui
2740 1903 2958 1971 rapuit?
2986 1904 3079 1957 llic
3118 1906 3319 1973 utique.
3354 1906 3427 1961 De
3464 1922 3556 1975 pe-

1966 1993 2240 2046 cuniarum
2270 1993 2426 2061 igitur
2454 1994 2634 2062 rapina
2665 1993 2892 2063 idipsum
2924 1995 3237 2064 cogitemus.
3257 1995 3387 2049 Nam
3418 1998 3556 2066 quod

1966 2081 2159 2136 furenti
2191 2083 2394 2152 gladius
2437 2092 2547 2149 est,
2578 2084 2629 2138 id
2660 2099 2822 2138 avaro
2851 2084 3050 2139 divitia:
3092 2097 3253 2150 sunt;
3297 2087 3403 2141 imo
3442 2104 3557 2157 pcr-

1967 2175 2296 2229 uiciosiores.
2326 2174 2457 2229 Nam
2487 2176 2576 2245 qui
2608 2175 2730 2230 furit
2756 2218 2771 2241 ,
2801 2186 2854 2231 et
2884 2192 3002 2231 sese
3051 2177 3229 2247 gladio
3283 2180 3555 2245 confodit,

1961 2270 2070 2339 jam
2106 2286 2132 2323 a
2164 2270 2338 2325 furore
2378 2271 2632 2324 liberatus
2676 2280 2795 2337 est,
2827 2286 3000 2340 neque
3044 2271 3334 2325 secundum
3367 2274 3555 2341 accip‘t

1967 2365 2163 2417 vulnus
2193 2381 2204 2417 :
2229 2377 2423 2417 avarus
2459 2377 2585 2416 vero
2624 2362 2900 2416 innumera
2945 2361 3183 2431 quotidie
3223 2371 3276 2415 et
3313 2363 3555 2431 graviora

1964 2456 2157 2524 accipit
2184 2455 2423 2517 vulnera,
2461 2468 2566 2507 non
2597 2467 2717 2508 sese
2738 2452 2805 2506 ab
2836 2451 2935 2506 hac
2962 2452 3164 2507 insania
3194 2452 3555 2518 educens,sed

1965 2548 2134 2617 magis
2159 2560 2359 2617 augens
2386 2547 2436 2599 in
2464 2545 2579 2600 dies
2607 2562 2620 2601 :
2653 2554 2705 2600 et
2731 2554 2928 2615 quanto
2958 2545 3106 2614 plura
3136 2547 3403 2616 acceperit
3436 2548 3555 2601 vul-

1965 2654 2089 2693 nera
2120 2680 2134 2703 ,
2170 2647 2314 2691 tanto
2344 2636 2510 2706 magis
2546 2638 2879 2691 occasionem
2913 2637 3117 2706 prtebet
3143 2637 3309 2707 plagis
3336 2636 3556 2708 majori-

1965 2728 2081 2782 bus.
2115 2728 2239 2782 11ωο
2276 2742 2405 2797 ergo
2432 2729 2757 2797 cogitantes,
2791 2726 3054 2797 fugiamus
3102 2729 3241 2783 bunc
3281 2729 3514 2797 gladium
3537 2770 3554 2794 ,

1964 2817 2103 2872 hanc
2142 2819 2420 2883 insaniam,
2445 2827 2499 2873 et
2533 2833 2655 2873 sero
2683 2817 2894 2873 tandem
2928 2818 3225 2889 vigilemus.
3257 2818 3389 2873 Nam
3419 2819 3556 2876 hanc

1961 2920 2108 2965 certe
2138 2911 2382 2964 virtutem
2422 2910 2801 2965 continentiam
2829 2920 2973 2965 recte
3000 2925 3252 2966 vocemus
3273 2952 3289 2971 .
3321 2927 3424 2966 non
3452 2913 3554 2967 mi-

1963 3019 2065 3058 nus
2105 3017 2263 3073 quam
2310 3002 2450 3057 illam
2500 3019 2618 3073 quae
2663 3003 2741 3057 sic
2789 3003 2987 3072 passim
3022 3013 3259 3058 vocatur.
3306 3004 3377 3059 lbi
3410 3006 3553 3061 enim

1963 3105 2146 3150 c0nlra
2190 3110 2346 3149 unam
2390 3094 2834 3163 concupiscentia:
2880 3094 3214 3165 tyrannidem
3250 3106 3551 3165 pugnatur,

1964 3185 2048 3240 hic
2074 3200 2200 3239 vero
2215 3186 2408 3239 multas
2427 3199 2490 3239 ac
2514 3184 2751 3239 diversas
2775 3184 3093 3254 cupiditates
3119 3200 3372 3255 superare
3396 3202 3554 3257 opor-

1965 3286 2057 3333 tet.
2082 3277 2248 3333 Nemo
2275 3279 2437 3342 cnim,
2463 3291 2621 3332 nemo
2645 3276 2859 3331 stultior
2888 3291 2955 3332 eo
2984 3277 3072 3346 qtti
3098 3277 3403 3331 divitiarum
3435 3292 3552 3333 scr-

1963 3385 2058 3423 vus
2086 3378 2187 3425 est.
2228 3369 2495 3437 Imperare
2536 3367 2637 3422 sibi
2684 3367 2933 3434 videtur,
2979 3367 3106 3421 dum
3147 3367 3389 3422 subditus
3424 3378 3549 3435 est;

1962 3461 2225 3517 dominari
2253 3460 2465 3515 videtur
2487 3502 2503 3527 ,
2536 3475 2656 3515 cum
2703 3460 2773 3515 sit
2817 3474 3041 3525 servus;
3074 3459 3199 3515 dum
3228 3474 3287 3515 se
3329 3460 3551 3517 vinculis

1962 3554 2304 3623 constringit,
2353 3552 2581 3623 gaudet;
2611 3567 2730 3607 cum
2773 3551 3036 3607 acriorem
3086 3551 3252 3606 feram
3292 3550 3548 3617 reddidit,

1962 3645 2210 3707 laetatur;
2241 3657 2362 3696 cum
2392 3644 2637 3711 captivus
2663 3641 2893 3706 ducitur,
2924 3641 3189 3706 exsultat;
3213 3657 3275 3695 00
3305 3642 3431 3696 dum
3477 3645 3553 3697 vi.

1962 3735 2051 3788 det
2099 3748 2284 3787 canem
2334 3732 2578 3785 rabidum
2627 3733 2678 3785 in
2725 3732 2955 3784 animam
3000 3746 3148 3784 suam
3193 3732 3543 3796 insilientem,

1961 3843 2083 3881 cum
2113 3833 2383 3895 oporteret
2406 3824 2551 3878 illum
2579 3824 2742 3894 ligare
2758 3834 2808 3879 et
2832 3821 2970 3878 fame
2992 3824 3253 3891 cruciare,
3282 3825 3377 3894 ipsi
3407 3825 3552 3893 large

1962 3918 2136 3981 cibum
2162 3915 2485 3985 suppeditat,
2517 3924 2573 3968 ut
2602 3913 2969 3969 vehementius
3011 3913 3209 3967 insiliat
3247 3926 3299 3967 et
3324 3914 3551 3969 ferocior

1963 4012 2051 4066 sit.
2080 4010 2203 4064 11100
2234 4010 2411 4078 itaque
2451 4006 2628 4061 omnia
2658 4006 2977 4076 cogitantes,
3007 4004 3213 4059 vincula
3256 4006 3549 4071 solvamus,

1963 4101 2130 4156 feram
2161 4098 2487 4161 occidamus,
2511 4096 2753 4151 morbum
2790 4095 3049 4165 pellamus
3074 4137 3087 4159 ,
3125 4095 3361 4149 furorem
3410 4095 3550 4150 hunc

1964 4192 2260 4263 ejiciantus,
2295 4200 2352 4244 ut
2395 4188 2769 4259 tranquillitate
2811 4196 2863 4242 et
2907 4202 3034 4256 pura
3078 4187 3381 4242 valetudine
3407 4189 3547 4241 frna-

1967 4301 2103 4351 tnur,
2131 4292 2335 4339 etcum
2382 4282 2543 4335 multa
2588 4280 2856 4349 voluptate
2894 4277 2961 4331 ad
3002 4278 3337 4348 tranquillum
3367 4279 3551 4347 appelo

1968 4377 2136 4430 lentes
2166 4383 2395 4443 portum,
2415 4382 2612 4427 aeterna
2638 4372 2771 4424 bona
2799 4371 3156 4438 adipiscamur
3176 4388 3189 4423 :
3212 4386 3326 4438 qum
3353 4372 3550 4425 utinam

1965 4481 2150 4521 omnes
2177 4479 2543 4534 assequamur,
2572 4462 2739 4529 gratia
2771 4471 2821 4513 01
2856 4460 3179 4528 benignitate
3213 4460 3417 4513 Domini
3460 4478 3549 4515 uo-

1966 4557 2197 4612 striJesu
2220 4555 2433 4618 Christi,
2459 4553 2541 4606 cui
2573 4551 2734 4620 gloria
2763 4560 2818 4604 01
2844 4549 3145 4617 imperium,
3162 4564 3301 4603 nunc
3326 4560 3378 4603 et
3408 4566 3548 4605 sem-

1969 4666 2081 4722 per,
2105 4659 2157 4703 et
2179 4648 2231 4701 in
2255 4645 2445 4700 sarcula
2471 4643 2806 4697 smculorum.
2831 4642 3019 4694 Amen.

258 4795 2846 4825 _______________________________

1493 4879 1835 4945 HOMILIA
1880 4885 2010 4946 LII.
2068 4882 2153 4943 al.
2194 4877 2355 4939 Llll.

252 5018 393 5073 Car.
424 5021 507 5074 l5.
534 5037 584 5074 v.
608 5019 697 5073 2|.
726 5020 787 5073 Et
812 5039 1039 5093 egressus
1072 5025 1189 5078 inde
1207 5025 1380 5091 Iesus,
1403 5031 1599 5082 secessit
1620 5032 1671 5083 in
1696 5040 1862 5099 partes
1953 5018 2125 5091 aperit
2150 5036 2163 5071 :
2189 5012 2638 5087 quemadmodum
2668 5022 2724 5067 et
2762 5008 2977 5099 Petrus,
3020 5019 3141 5061 cum
3168 5002 3533 5099 primunt]!!-

330 5110 463 5179 Tyri
490 5122 535 5163 et
563 5112 764 5167 Sidonis
812 5114 899 5168 29..
928 5115 994 5169 Et
1020 5135 1128 5170 erce
1151 5120 1329 5172 mulier
1349 5120 1637 5175 Cltananwa
1662 5139 1861 5193 egressa

332 5220 402 5255 ex
430 5207 615 5268 [intona
650 5206 773 5269 suis,
815 5207 1048 5261 clamavit
1089 5211 1259 5263 dicens
1298 5213 1344 5264 ei
1387 5228 1404 5265 :
1448 5212 1686 5267 Miserere
1724 5215 1854 5280 mei,

330 5292 553 5348 Domine
574 5294 650 5361 ﬁli
676 5294 873 5361 David;
894 5298 1001 5364 ﬁlia
1025 5316 1134 5351 mea
1155 5300 1284 5352 male
1305 5317 1334 5352 a
1356 5301 1604 5354 daemonio
1627 5313 1854 5359 vexatur.

331 5387 384 5437 I.
420 5384 521 5437 Cur
544 5384 771 5442 Christus
808 5401 977 5458 gentes
1012 5390 1157 5443 adiit.
1186 5420 1254 5431 -—
1290 5390 1497 5446 Marcus
1540 5403 1717 5446 autem
1760 5394 1854 5459 ait,

251 5476 434 5545 ipsum
470 5478 637 5531 latere
668 5496 770 5532 non
804 5484 1072 5549 potuisse;
1105 5498 1226 5537 cum
1264 5483 1315 5536 in
1363 5483 1578 5538 domum
1624 5484 1856 5539 venisset

249 5572 269 5633 1¹
292 5565 463 5619 ﬂare.
498 5569 553 5623 7.
594 5570 717 5638 24).
757 5570 863 5625 Cur
891 5583 1066 5628 autem
1108 5575 1159 5628 in
1200 5584 1380 5645 partes
1423 5575 1539 5630 illas
1584 5575 1855 5647 profectus

252 5666 377 5717 esti
415 5661 642 5730 Quando
674 5662 915 5716 liberavit
944 5679 1036 5718 eos
1064 5665 1131 5718 ab
1160 5667 1531 5721 observatione
1569 5667 1808 5721 ciborum
1831 5708 1847 5731 ,

254 5763 388 5807 tunc
416 5753 606 5807 eadem
638 5752 719 5803 via
753 5768 1079 5823 progressus,
1111 5757 1357 5823 gentibus
1387 5772 1595 5827 quoque
1636 5756 1850 5825 ianuam

595 5855 865 5913 PATttUL.
917 5856 1031 5914 Gn.
1090 5856 1297 5915 LVIII.

1958 5114 2115 5169 betur
2166 5108 2306 5163 hanc
2349 5107 2519 5176 legem
2564 5104 2794 5165 solvere,
2848 5098 3074 5154 mittitur
3119 5095 3184 5149 ad
3230 5094 3535 5149 Cornelium

1958 5204 2097 5273 (Act.
2133 5201 2243 5267 10).
2278 5199 2332 5255 Si
2370 5198 2489 5267 quis
2520 5209 2650 5250 vero
2696 5192 2912 5255 dixerit,
2939 5188 3047 5243 Cur
3091 5202 3220 5255 ergo
3261 5185 3349 5256 qui
3379 5183 3541 5273 dissi—

1958 5272 2103 5363 palis
2127 5292 2277 5354 dicit,
2302 5289 2363 5342 In
2388 5290 2517 5341 viam
2537 5284 2758 5356 gentium
2777 5297 2839 5335 ne
2866 5279 3088 5333 abieritis
3106 5276 3321 5347 (Matth.
3347 5272 3537 5343 10.5),

1961 5384 2098 5438 banc
2139 5385 2255 5452 ipse
2301 5381 2440 5433 viam
2468 5374 2616 5430 adit?
2645 5373 2815 5443 primo
2841 5370 3058 5442 quidem
3089 5368 3215 5422 illud
3248 5363 3537 5434 1001101100-

1958 5473 2155 5536 bimus,
2210 5485 2314 5524 non
2362 5468 2673 5523 adstrictum
2722 5463 2868 5517 illum
2910 5460 2978 5515 iis
3024 5457 3299 5514 servandis
3352 5454 3543 5511 fuisse.

1958 5582 2077 5635 qua:
2102 5562 2381 5633 discipulis
2410 5557 2692 5629 praecepit;
2721 5552 2982 5619 secundo,
3008 5552 3155 5606 illum
3180 5564 3285 5604 non
3311 5558 3371 5602 ut
3399 5561 3539 5613 pra:-

1958 5660 2257 5715 dicaturuxn
2286 5654 2378 5709 1110
2405 5652 2625 5712 abiisse;
2654 5648 2793 5720 quod
2819 5644 3160 5702 subindicans
3174 5637 3542 5697 Marcusdice—

1959 5754 2067 5817 bat,
2088 5749 2209 5820 quia
2228 5746 2511 5803 occultavit
2542 5742 2775 5811 seipsum
2793 5748 2845 5795 et
2870 5754 2975 5794 non
2997 5738 3161 5792 latere
3180 5733 3368 5805 potuit.
3388 5728 3538 5783 Sicut

3194 5852 3232 5913 11
