4088 6224
536 307 638 364 iii!)

531 421 673 477 enim
702 437 876 480 rerum
907 425 1284 491 consequentia
1316 426 1647 494 postulabat,
1691 439 1744 481 ut
1787 445 1851 484 ne
1891 430 1956 483 ad
2000 432 2116 486 illos

531 527 732 582 prunos
752 524 1056 568 occurreret
1085 532 1099 568 :
1128 517 1202 568 sic
1223 517 1539 571 accedentes
1564 519 1820 586 repellere
1845 521 2115 591 indignum

529 616 644 658 erat
674 606 814 661 illius
844 607 1188 676 benignitate.
1215 608 1343 662 Nam
1367 611 1410 662 si
1442 609 1702 680 fugientes
1729 613 1930 682 insequi
1957 630 2116 683 opor-

529 697 670 751 tebat
690 739 707 762 ,
753 699 922 753 multo
953 700 1118 768 magis
1148 700 1484 769 insequentes
1529 702 1706 770 fugere
1739 719 1842 758 non
1871 705 2110 761 decebat.

531 791 659 845 \r'ide
687 791 847 862 igitur
871 792 1138 861 quomodo
1163 795 1304 847 omni
1337 795 1595 849 beneﬁcio
1620 796 1774 864 digna
1804 799 1870 851 sit
1898 799 2106 853 mulier.

524 882 704 952 Neque
734 882 875 937 enim
906 898 1031 937 ausa
1063 892 1142 938 est
1173 885 1354 940 venite
1388 885 1774 957 Jerosolymam
1795 929 1809 953 ,
1841 889 2030 944 timens
2056 900 2108 946 et

517 988 580 1026 se
614 989 672 1027 re
716 973 802 1028 illa
847 974 1112 1044 indignam
1150 985 1422 1043 reputans.
1462 976 1570 1030 Nisi
1599 977 1739 1031 enim
1772 978 1870 1033 hoc
1891 980 2104 1034 detenta

517 1075 665 1118 metu
695 1064 910 1129 fuisset,
955 1075 1172 1120 ventura
1204 1066 1295 1120 illo
1318 1076 1463 1131 erat,
1497 1077 1551 1120 ut
1578 1083 1641 1120 ex
1672 1069 1918 1138 praesenti
1949 1069 2106 1124 vehe-

517 1155 712 1210 mentia
741 1155 924 1226 liquet,
949 1166 1006 1211 et
1025 1172 1091 1210 ex
1113 1172 1178 1210 eo
1205 1155 1344 1224 quod
1372 1156 1504 1210 lines
1529 1172 1655 1211 suos
1679 1173 1890 1228 egressa
1907 1151 2098 1214 fuerit.

515 1245 738 1310 Quidam
759 1262 882 1301 vero
901 1246 1016 1301 lucc
1032 1247 1316 1314 allegorice
1331 1247 1656 1316 explicantes
1671 1249 1871 1315 dicunt,
1887 1251 2100 1320 quando

515 1356 577 1394 ex
607 1339 789 1395 Judaea
821 1355 1067 1410 egressus
1095 1348 1175 1395 est
1202 1340 1459 1406 Christus,
1496 1350 1618 1395 tunc
1657 1343 1722 1395 ad
1765 1343 1910 1396 illum
1943 1358 2098 1399 acce-

514 1432 640 1486 dere
667 1447 848 1485 ausam
877 1447 996 1486 esse
1027 1431 1357 1498 Ecclesium,
1393 1448 1511 1501 quae
1549 1443 1603 1487 et
1646 1434 1755 1502 ipsa
1797 1451 1861 1487 ex
1907 1436 2097 1490 ﬁnibus

516 1521 623 1575 sitis
648 1536 858 1591 egressa
887 1531 994 1586 est;
1027 1522 1101 1575 ait
1120 1523 1260 1576 enim
1295 1540 1304 1574 :
1333 1522 1634 1576 Oblivisccre
1661 1525 1904 1593 populum
1932 1536 2090 1590 tuum,

512 1625 557 1667 et
585 1615 790 1667 domum
819 1616 977 1684 patris
1005 1617 1078 1668 tui
1104 1614 1121 1682 (
1145 1614 1287 1670 Psal.
1318 1616 1407 1671 44.
1440 1615 1563 1689 11
1601 1616 1730 1671 Nam
1761 1617 2003 1673 Christus
2027 1635 2092 1674 ex

513 1704 703 1758 tiuibus
721 1705 830 1758 suis
849 1706 1104 1772 excessit,
1131 1715 1184 1760 et
1208 1707 1403 1762 mulier
1417 1723 1625 1777 quoque
1644 1725 1708 1764 ex
1733 1708 1926 1763 ﬁnibus
1945 1711 2088 1765 suis:

508 1804 558 1849 et
585 1795 664 1850 sic
696 1804 980 1863 potuerunt
1006 1813 1104 1850 una
1134 1797 1383 1867 colloqui.
1411 1797 1542 1852 Ecce
1571 1798 1741 1864 enim,
1774 1801 1848 1853 ait
1867 1841 1879 1862 ,
1913 1799 2091 1853 mulier

502 1885 795 1942 Chananwa
829 1905 1028 1959 egressa
1067 1906 1128 1942 ex
1167 1889 1349 1957 finibus
1389 1891 1512 1942 sitis.
1547 1893 1773 1944 Accusat
1814 1891 2086 1946 mulierem

506 1982 858 2050 evangelista,
889 1993 940 2034 ut
968 1982 1212 2036 ostendat
1247 1981 1592 2046 miraculum,
1624 1982 1895 2052 ipsamque
1922 1984 2087 2052 magis

505 2071 774 2140 pra-dicet.
805 2071 1014 2125 Etenim
1045 2086 1164 2125 cum
1203 2072 1354 2126 audis
1381 2071 1762 2138 Chanauteam,
1805 2074 2086 2128 recordare

502 2164 735 2234 gentium
769 2163 976 2218 illarum
1005 2165 1301 2234 iniquarum
1322 2205 1336 2226 ,
1376 2181 1494 2234 qua:
1521 2166 1678 2219 ctiam
1716 2165 1858 2235 leges
1884 2175 2085 2221 natura:

502 2275 532 2312 a
569 2257 929 2312 fundamentis
957 2268 1275 2311 everterant.
1319 2258 1532 2313 illorum
1572 2274 1700 2313 vero
1740 2260 2081 2326 recordatus,

502 2350 671 2419 cogita
695 2349 798 2402 vim
822 2348 1016 2403 Christi
1044 2349 1320 2404 adventus.
1351 2350 1450 2415 Qui
1476 2350 1617 2404 enim
1645 2350 1801 2420 ejecti
1830 2363 1984 2417 sunt,
2017 2368 2083 2408 ne

499 2441 712 2496 Judscos
739 2451 1106 2511 pcrvertercnt
1125 2483 1138 2504 ,
1175 2441 1226 2496 hi
1255 2441 1389 2496 adeo
1421 2441 1618 2496 Judaeis
1647 2444 1930 2497 meliores’
1965 2443 2075 2498 fue-

499 2545 639 2601 runt,
654 2544 710 2588 ut
729 2535 884 2588 etiam
906 2551 968 2588 ex
999 2534 1188 2588 ﬁnibus
1209 2535 1319 2588 suis
1340 2534 1536 2604 egressi
1561 2533 1826 2588 Christum
1853 2535 2077 2601 adirent,

498 2626 623 2680 dum
653 2625 820 2680 Judzei
853 2625 998 2679 illum
1029 2625 1094 2678 ad
1122 2641 1178 2678 se
1210 2626 1505 2678 venientem
1538 2627 1877 2693 repellerent.
1907 2628 2076 2681 Acce-

497 2717 627 2772 dens
665 2732 792 2786 ergo
832 2717 960 2769 nihil
1003 2717 1143 2770 aliud
1190 2716 1350 2782 dixit,
1399 2717 1530 2778 nisi,
1581 2716 1819 2770 Miserere
1856 2719 1984 2782 mei,
2025 2729 2078 2773 et

496 2809 729 2864 clamore
756 2823 854 2862 suo
880 2823 1128 2878 magnum
1161 2807 1422 2862 theatrum
1450 2819 1726 2864 convocat.
1768 2809 1895 2863 Erat
1935 2812 2074 2865 enim

496 2900 796 2956 miserabile
827 2902 1220 2970 spectaculum,
1264 2901 1540 2955 mulierem
1572 2917 1794 2957 cernere
1834 2918 1951 2958 cum
1994 2905 2073 2958 af-

498 2995 634 3051 fectu
668 3004 813 3050 tanto
841 2995 1189 3059 clamantem,
1219 3005 1272 3049 et
1297 2993 1571 3049 mulierem
1601 3004 1822 3050 matrem
1855 3011 1949 3066 pro
1972 2996 2074 3051 ﬁlia

492 3090 876 3159 supplicantem
919 3089 1127 3151 videre,
1171 3105 1265 3158 pro
1305 3089 1445 3156 ﬁlia,
1498 3091 1742 3160 iuquant,
1792 3101 1893 3144 tant
1938 3093 2074 3148 male

489 3181 699 3236 uirecta.
730 3180 910 3252 Neque
941 3184 1080 3235 enim
1108 3197 1236 3236 ausa
1266 3183 1359 3236 fuit
1390 3184 1442 3236 in
1470 3182 1698 3252 Magistri
1731 3196 2071 3253 conspectum

489 3275 869 3330 darmoniacam
910 3275 1174 3329 adducere
1204 3293 1216 3328 :
1248 3275 1340 3330 sed
1385 3276 1471 3329 illa
1511 3275 1653 3329 domi
1697 3278 1912 3341 relicta,
1961 3278 2070 3346 ipsa

488 3381 547 3421 se
574 3367 864 3436 supplicem
891 3367 1049 3430 sistit,
1075 3366 1424 3435 morbumque
1445 3376 1644 3420 tantum
1667 3377 2068 3431 cmumemorat,

488 3457 619 3511 nihil
646 3458 874 3528 amplius
901 3457 1185 3526 adjicicns;
1233 3472 1403 3526 neque
1443 3458 1702 3511 medicum
1740 3458 1954 3511 dotnum
1989 3467 2071 3512 at-

491 3549 684 3614 trahit,
727 3549 862 3602 sicut
899 3547 1110 3618 regnlus
1149 3548 1267 3607 ille,
1306 3548 1394 3617 qui
1423 3547 1633 3602 diCebal
1667 3565 1679 3601 :
1723 3547 1847 3602 Veni
1887 3559 1933 3602 et
1973 3551 2070 3601 im-

489 3655 620 3709 pone
648 3656 854 3693 manuni
886 3647 1052 3704 tuam,
1097 3649 1142 3693 et
1171 3639 1413 3693 descende
1439 3649 1704 3708 antequam
1735 3641 1976 3693 moriatur
2003 3642 2067 3708 ﬁ-

487 3733 586 3786 lius
611 3748 748 3786 meus
779 3730 968 3803 (Joan.
998 3733 1052 3785 4.
1076 3729 1183 3800 49)
1213 3749 1225 3784 :
1249 3729 1342 3784 sed
1369 3731 1665 3784 calamitate
1685 3744 1775 3784 sua
1804 3732 2066 3799 exposita,

485 3835 538 3881 et
565 3825 732 3880 morbi
765 3823 1124 3894 magnitudine
1144 3863 1158 3890 ,
1193 3822 1608 3877 misericordiam
1643 3821 1848 3875 Domini
1879 3835 2068 3891 magno

485 3917 717 3970 clamore
762 3916 1009 3984 tmplorat
1054 3931 1066 3967 :
1119 3930 1216 3970 nec
1245 3914 1404 3977 dicit,
1447 3912 1698 3967 Miserere
1741 3913 1860 3966 ﬁlia:
1900 3929 2065 3976 tuear,

483 4010 579 4064 sed
601 4051 616 4072 ,
653 4008 891 4063 Miserere
915 4009 1030 4062 mei.
1066 4007 1155 4061 illa
1185 4007 1380 4076 quippe
1411 4006 1578 4059 morbi
1611 4019 1823 4060 sensum
1867 4007 2066 4060 nullunt

487 4098 676 4161 habet;
710 4114 807 4166 ego
834 4111 962 4152 vero
991 4098 1179 4150 millies
1208 4097 1519 4158 discrucior,
1563 4096 1612 4149 in
1655 4111 1868 4150 sensum
1910 4098 2067 4166 a'gri-

489 4189 684 4242 tudinis
711 4191 886 4247 venio.
925 4198 979 4242 et
1017 4191 1129 4242 viso
1167 4191 1354 4243 morbo
1393 4190 1615 4243 insanio.
1655 4190 1744 4245 εδ.
1781 4189 1878 4246 Ille
1903 4201 2068 4246 autem

490 4297 587 4332 non
616 4280 873 4348 respondit
903 4281 947 4333 ei
978 4280 1196 4333 verbum.
1225 4279 1390 4345 Quam
1426 4297 1615 4334 novum
1648 4279 1748 4336 hoc
1774 4292 1829 4337 et
1859 4283 2064 4337 inaudi-

492 4372 631 4425 tum!
665 4371 877 4425 Jttda-os
907 4382 955 4425 et
998 4370 1230 4441 ingratos
1271 4372 1502 4434 inducit,
1543 4380 1594 4426 et
1635 4372 2068 4442 blasphemautes

491 4471 672 4531 rogat,
720 4472 770 4515 et
826 4471 1087 4517 tentantes
1131 4478 1232 4515 non
1277 4463 1497 4517 dimittit
1540 4481 1552 4516 :
1597 4463 1730 4517 hanc
1775 4479 1902 4518 vero
1949 4480 2067 4534 qua:

486 4553 551 4606 ad
583 4553 751 4622 ipsmn
783 4554 1044 4618 accurrit,
1076 4569 1192 4622 qua:
1232 4564 1379 4624 rogat
1408 4565 1459 4608 et
1487 4554 1779 4623 supplicat,
1813 4571 1929 4624 qua:
1969 4571 2066 4609 nec

489 4645 540 4697 in
573 4644 685 4712 lege
717 4660 813 4698 nec
846 4645 896 4697 in
929 4644 1199 4712 prophetis
1229 4646 1478 4710 educata,
1525 4653 1721 4697 tantam
1752 4654 1925 4698 tamen
1959 4646 2062 4713 pie-

489 4745 648 4788 tatem
678 4735 914 4801 exhibet,
944 4751 1010 4789 ne
1035 4735 1381 4804 responsione
1406 4734 1615 4804 quidem
1647 4735 1907 4803 dignatur.
1939 4737 2064 4801 Quis

486 4843 590 4880 nou
621 4826 857 4880 oﬁ‘eusus
885 4826 1101 4892 fuisset,
1130 4826 1281 4880 fama:
1310 4827 1474 4897 ipsius
1503 4843 1613 4881 rem
1653 4828 1720 4882 ita
1747 4828 2064 4882 contrariam

489 4917 712 4971 videns?
742 4916 1032 4971 Audierant
1073 4917 1249 4984 enim,
1293 4917 1462 4986 ipsum
1507 4917 1650 4971 vicos
1691 4919 2066 4974 circumeundo

489 5007 703 5061 morbos
723 5021 911 5062 curare
934 5025 947 5061 :
972 5006 1108 5061 hanc
1136 5021 1263 5060 vero
1284 5006 1621 5062 accedentem
1641 5009 1876 5078 depellit.
1895 5011 2062 5074 Quem

485 5115 591 5153 non
630 5101 866 5155 ﬂexisset
906 5101 1122 5154 morbus
1156 5100 1278 5154 talis
1319 5112 1477 5170 atque
1517 5103 1859 5170 supplicatio,
1906 5119 2062 5172 quant

485 5189 758 5245 emittebat
782 5205 876 5261 pro
898 5190 1001 5245 ﬁlia
1023 5201 1128 5246 tam
1151 5191 1290 5245 male
1309 5191 1535 5246 affecta?
1557 5192 1732 5261 Neque
1753 5195 1893 5248 enim
1916 5198 2063 5264 quasi

489 5282 645 5350 digna
676 5280 953 5345 beneﬁcio,
975 5295 1025 5338 et
1057 5285 1205 5352 quasi
1237 5283 1474 5339 debitum
1510 5286 1784 5352 postulans
1809 5288 2056 5351 accessit,

491 5374 584 5428 scd
619 5372 1038 5430 misericordiam
1068 5377 1299 5446 petebat,
1327 5385 1380 5431 et
1400 5376 1755 5433 calamitatem
1785 5393 1934 5434 suam
1961 5389 2067 5435 tra-

496 5467 612 5537 gice
654 5468 938 5536 narrabat,
980 5485 1152 5541 neque
1193 5479 1365 5526 tamen
1406 5474 1754 5542 responsione
1797 5475 2060 5546 dignatur.

495 5557 641 5613 Multi
683 5559 905 5615 fortasse
943 5578 1007 5615 ex
1039 5562 1374 5618 audientibus
1411 5564 1597 5619 olfensi
1637 5576 1758 5620 sunt
1790 5585 1802 5620 :
1833 5567 1920 5621 illa
1959 5584 2063 5622 non

556 5715 569 5743 ¹
598 5714 710 5766 Mss,
736 5712 932 5776 pluritni
948 5714 1147 5774 habent,
1171 5715 1497 5778 srqrientiores,
1521 5731 1626 5780 pro,
1650 5717 1892 5772 meliores.

1281 311 1335 366 S.
1377 312 1649 369 JO.\.\'NIS
1671 316 2139 372 CllllYSOSTOMI
2183 320 2498 384 ABCHIEP.
2539 329 3065 396 CONSTANTINUP.

3700 357 3809 412 59.0

2228 435 2373 534 item.
2399 440 2610 534 ‘Ecquid
2650 447 2798 515 dico,
2831 467 2892 506 ex
2925 456 3294 514 audientibus’
3322 461 3453 518 Nam
3485 477 3609 534 pttto
3645 471 3794 527 disei-
3837 527 3846 534 ,

2224 529 2373 594 pulos
2397 531 2539 602 ipsos
2555 536 2619 589 de
2641 539 2939 594 calamitate
2961 547 3195 601 mulieris
3223 550 3440 607 affectos
3465 558 3808 628 turbataque

2220 616 2402 674 fuisse.
2431 622 2611 692 Neque
2640 636 2846 696 tamen,
2881 634 3075 688 turbati
3106 637 3221 691 licet
3245 681 3260 704 ,
3289 641 3469 697 dicere
3496 647 3608 699 ausi
3642 616 3757 702 sunt
3787 666 3800 703 :

2221 708 2365 807 lianc.
2407 712 2481 766 illi
2523 719 2753 772 concede
2780 724 3004 790 gratiam
3045 743 3060 780 ε
3101 730 3191 783 sed
3233 731 3530 789 Accedentes
3566 740 3808 807 discipuli

2215 801 2456 900 rogabant
2480 821 2590 856 eum
2619 808 2836 864 dicentes
2859 829 2878 864 :
2906 811 3114 870 Dimitte
3144 818 3305 886 illaut,
3335 825 3452 890 quia
3479 825 3665 881 clamat
3690 801 3806 900 post

2212 904 2320 942 nos.
2351 890 2459 946 Nos
2489 897 2629 950 enint
2661 915 2779 952 cum
2812 903 3054 958 volumus
3078 908 3274 977 aliquid
3303 916 3562 981 suadere,
3589 890 3801 974 eontra-

2211 979 2289 1032 ria
2329 994 2472 1051 sa-pe
2510 984 2736 1043 dicimus
2768 1008 2779 1040 :
2813 992 3054 1048 Christus
3084 1012 3210 1052 vero
3239 1002 3313 1054 ait
3342 1019 3354 1054 :
3383 1004 3470 1058 24.
3521 979 3640 1061 Non
3685 1024 3797 1062 sunt

2210 1068 2390 1123 missus
2422 1073 2516 1126 nisi
2544 1077 2611 1127 ad
2640 1093 2750 1131 ours
2777 1097 2887 1145 qua:
2911 1085 3162 1149 perierunt
3191 1091 3367 1146 domus
3395 1092 3580 1149 Israel.

2276 1160 2491 1254 2.7Qnid
2527 1167 2682 1235 igitur
2710 1173 2938 1227 tnulier?
2977 1194 3042 1230 an
3081 1195 3200 1234 cum
3246 1187 3356 1238 haec
3394 1187 3664 1254 audisset,
3705 1201 3786 1244 la-

2205 1253 2352 1305 cuit?
2371 1269 2435 1306 an
2461 1256 2740 1313 discessit?
2764 1278 2828 1315 an
2851 1267 3080 1320 studium
3104 1280 3157 1323 et
3179 1273 3409 1327 animum
3437 1253 3783 1346 compressit?

2201 1341 2447 1408 Minime;
2493 1347 2598 1400 imo
2640 1356 2807 1419 magis
2845 1354 3090 1411 instabat.
3133 1359 3322 1417 Verum
3365 1365 3500 1420 haud
3544 1341 3612 1422 ita
3652 1388 3781 1436 nos;

2199 1434 2291 1487 sed
2323 1451 2440 1488 cum
2472 1441 2730 1506 postulata
2761 1461 2864 1498 non
2891 1451 3244 1519 assequimur,
3273 1455 3576 1512 desistimus
3596 1502 3609 1522 ,
3657 1479 3781 1517 cum

2199 1528 2366 1596 magis
2407 1529 2601 1585 instare
2639 1548 2734 1601 par
2770 1547 2928 1590 esset.
2969 1540 3129 1610 Atqui
3172 1559 3329 1612 quem
3363 1563 3465 1601 non
3497 1550 3777 1619 dejecissrt

2195 1615 2393 1670 dictum
2435 1620 2773 1690 hujusmodi?
2803 1625 2977 1695 Ipsum
3007 1632 3273 1688 silentium
3303 1648 3505 1704 paterat
3545 1615 3682 1696 illaut
3723 1645 3775 1698 in

2195 1709 2618 1780 desperationem
2649 1718 2944 1788 conjicere;
2987 1725 3260 1794 tnultoque
3294 1729 3460 1799 magis
3500 1737 3776 1802 responsio

2197 1802 2335 1855 talis.
2355 1801 2486 1857 Nam
2508 1819 2624 1859 cum
2648 1820 2897 1876 patronos
2917 1827 3040 1866 suos
3067 1829 3250 1870 secum
3275 1820 3534 1887 repulsam
3565 1801 3667 1893 pati
3693 1827 3770 1880 vi-

2192 1890 2693 1967 deret,audiretque,
2713 1916 2822 1953 rem
2843 1902 2954 1956 ﬁeri
2973 1920 3076 1957 tton
3097 1907 3331 1974 posse,in
3349 1890 3773 1979 desperationem

2190 1989 2533 2056 assequendae
2563 1992 2636 2045 rei
2667 1994 2856 2062 conjici
2881 1997 3124 2064 ‘potcrat.
3160 2000 3403 2054 Attamen
3447 2017 3549 2055 non
3594 2007 3773 2060 animo

2189 2074 2380 2131 defecit
2406 2080 2626 2146 mulier;
2662 2083 2753 2136 sed
2797 2085 2882 2137 ubi
2915 2085 3064 2150 vidit,
3103 2087 3230 2141 nihil
3255 2100 3502 2158 patronos
3534 2093 3768 2160 efﬁcere,

2188 2181 2284 2220 ceu
2305 2168 2624 2237 impudentia
2651 2172 2930 2229 laudabili‘
2956 2191 3046 2230 usa
3068 2181 3340 2233 est.Autea
3361 2181 3409 2233 in
3425 2194 3769 2254 conspectum

2186 2259 2366 2312 venire
2396 2274 2498 2313 non
2531 2262 2756 2316 audebat
2797 2281 2809 2316 :
2838 2263 3053 2332 Clamat,
3083 2269 3343 2337 inquiunt,
3368 2280 3478 2340 post
3500 2287 3766 2336 nos;cum

2186 2358 2361 2402 autem
2382 2351 2667 2406 verisimile
2697 2354 2980 2418 videretur,
3006 2356 3174 2426 ipsam
3196 2360 3356 2413 animi
3381 2361 3590 2415 dubiam
3621 2375 3767 2419 retro

2185 2451 2477 2504 cessuram,
2505 2451 2626 2497 tunc
2642 2442 2727 2495 illa
2754 2447 2967 2515 propius
2995 2451 3238 2515 accessit,
3265 2461 3316 2503 et
3341 2450 3569 2505 adorans
3590 2453 3720 2508 dixit
3748 2473 3763 2509 :

2182 2529 2271 2585 25.
2307 2529 2538 2596 Domine,
2570 2535 2755 2604 adjuva
2785 2553 2877 2590 me.
2901 2539 3034 2605 Quid
3065 2539 3165 2594 hoc
3194 2549 3296 2607 est,
3320 2557 3356 2595 ο
3383 2545 3606 2598 mulier?
3635 2562 3761 2601 num

2184 2622 2436 2690 majorem
2469 2623 2649 2689 habes,
2675 2641 2830 2693 quam
2857 2632 3102 2698 apostoli,
3134 2631 3412 2686 ﬁduciam?
3439 2650 3562 2688 num
3595 2637 3763 2705 ntajo~

2183 2729 2292 2767 rem
2325 2713 2718 2772 fortitudinem?
2745 2717 3009 2774 Fiduciam
3033 2732 3084 2776 et
3109 2723 3464 2780 fortitudinem
3504 2729 3721 2784 tninime
3742 2767 3758 2792 ,

2181 2804 2286 2858 imo
2303 2806 2504 2874 pudore
2519 2809 2812 2874 suﬁ‘undor;
2832 2813 2923 2866 sed
2943 2813 3365 2870 inverecundiam
3382 2832 3477 2887 pro
3492 2822 3758 2891 supplica-

2182 2894 2323 2948 tione
2349 2895 2576 2950 adhibeo
2607 2915 2620 2950 :
2655 2900 2982 2956 rcvcrebitur
3008 2903 3249 2959 ﬁduciam
3275 2922 3466 2962 meam.
3498 2910 3602 2965 Sed
3631 2913 3758 2980 quid

2181 2987 2316 3041 hoc?
2347 3004 2448 3043 non
2477 2990 2667 3045 audisti
2705 2993 3001 3058 dicentem,
3036 2995 3156 3051 Non
3193 3015 3305 3054 sum
3343 3001 3523 3055 missus
3563 3005 3658 3058 nisi
3686 3005 3756 3057 ad

2177 3095 2289 3132 oves
2314 3095 2426 3149 quo:
2453 3081 2702 3149 perierunt
2732 3083 2907 3138 domus
2937 3084 3141 3141 Israel?
3166 3089 3394 3156 Audivi,
3429 3091 3596 3162 inquit
3614 3135 3628 3158 ,
3659 3093 3753 3148 sed

2180 3171 2290 3240 ipse
2319 3172 2570 3228 Dominus
2599 3183 2698 3230 est.
2735 3176 2857 3232 Ideo
2885 3194 2991 3232 non
3019 3180 3255 3236 dicebat.
3287 3182 3390 3237 Ora
3419 3195 3472 3238 et
3497 3200 3751 3254 precare;

2177 3262 2292 3326 sed,
2325 3263 2519 3333 Adjuva
2547 3268 2807 3332 me'Quid
2835 3283 2960 3339 ergo
2986 3267 3263 3327 Christus?
3292 3273 3367 3330 Ne
3395 3276 3509 3330 istis
3537 3277 3751 3345 quidem

2175 3363 2483 3417 Contentus,
2516 3355 2893 3413 dubitationem
2926 3362 3099 3428 auxit,
3132 3362 3312 3418 dicens
3344 3383 3354 3417 :
3383 3365 3472 3420 26.
3520 3366 3638 3420 Non
3676 3381 3750 3423 cst

2177 3447 2359 3496 bomnn
2384 3461 2578 3500 sumere
2602 3464 2779 3515 panem
2805 3450 3024 3517 ﬁliorum
3044 3491 3058 3516 ,
3102 3463 3147 3504 et
3175 3455 3364 3507 mittere
3387 3456 3612 3510 canibus.
3643 3457 3749 3512 Bc-

2175 3549 2372 3604 Sponso
2409 3538 2576 3606 magis
2619 3555 2775 3608 quam
2815 3541 3024 3596 silentio
3064 3545 3311 3598 mcestitia
3353 3546 3492 3600 illaut
3536 3547 3746 3603 aﬁ'ecit.

2173 3625 2287 3680 lam
2333 3643 2436 3682 non
2478 3630 2543 3682 ad
2581 3631 2741 3685 alium
2789 3646 3000 3688 causam
3043 3636 3324 3701 transfert,
3375 3655 3546 3708 neque
3584 3635 3765 3706 dicit,

2179 3717 2298 3771 Non
2322 3721 2628 3774 summissus
2653 3737 2670 3776 :
2693 3723 2785 3776 sed
2807 3734 3002 3793 quanto
3025 3727 3189 3795 magis
3210 3728 3292 3779 illa
3319 3729 3543 3796 petendo
3564 3730 3745 3799 instat,

2176 3821 2320 3864 tanto
2364 3811 2616 3880 majorem
2657 3814 2747 3868 ille
2787 3813 2877 3868 dat
2917 3817 3202 3884 repulsam.
3247 3818 3427 3890 Neque
3463 3820 3573 3890 jam
3619 3839 3749 3878 oves

2174 3911 2325 3956 vocat
2346 3902 2578 3970 Judaeos,
2602 3906 2694 3959 sed
2717 3907 2871 3971 ﬁlios,
2896 3907 3060 3976 ipsam
3085 3925 3207 3964 vero
3228 3927 3432 3965 canem.
3462 3914 3594 3980 Quid
3617 3929 3747 3984 ergo

2173 3993 2396 4047 mulier?
2433 3995 2508 4048 Ex
2550 3996 2673 4064 ipsis
2717 3998 2894 4052 verbis
2930 3998 3293 4056 defensionem
3338 4004 3434 4058 sibi
3479 4015 3647 4074 parat.
3689 4007 3745 4062 Si

2173 4086 2319 4137 canis
2356 4100 2510 4151 sum,
2557 4087 2756 4157 inquit,
2802 4106 2904 4144 non
2947 4105 3062 4145 sum
3109 4095 3301 4149 aliena.
3343 4095 3470 4150 iure
3505 4097 3748 4154 Christus

2172 4175 2413 4240 dicebat,
2445 4175 2509 4230 In
2530 4179 2779 4247 judicium
2809 4197 2898 4251 ego
2928 4184 3036 4235 veni
3077 4182 3267 4251 (Joan.
3309 4185 3360 4240 9.
3401 4187 3524 4257 39).
3556 4188 3749 4242 Mulier

2173 4267 2258 4320 illa
2288 4267 2705 4338 phil050phatur,
2735 4276 3184 4341 perseverantiam
3225 4287 3276 4330 et
3317 4277 3470 4331 tidem
3502 4293 3744 4347 magnam

2172 4356 2417 4424 exhibet,
2446 4359 2548 4414 etsi
2571 4363 2904 4417 contumeliis
2931 4363 3116 4418 aﬂ'ecta
3147 4382 3162 4418 :
3195 4365 3361 4420 Judaei
3395 4383 3518 4421 vero
3543 4384 3669 4422 cura
3688 4379 3742 4423 et

2173 4449 2373 4505 honore
2404 4451 2550 4516 culti,
2582 4455 2902 4508 contrariam
2931 4457 3097 4509 vicem
3127 4459 3440 4526 rependunt.
3471 4458 3623 4522 Novi,
3660 4460 3743 4513 in-

2171 4541 2283 4609 quit
2312 4542 2416 4606 illa,
2437 4543 2610 4597 cibum
2646 4545 2764 4598 ﬁliis
2790 4561 2907 4599 esse
2941 4549 3334 4613 necessarium;
3368 4566 3537 4620 neque
3567 4560 3746 4605 tanien

2171 4648 2289 4701 ego,
2318 4637 2413 4689 etsi
2443 4636 2606 4700 cauis,
2640 4637 2825 4705 repelli
2851 4637 3039 4694 debeo.
3071 4639 3202 4694 Nam
3232 4641 3277 4695 si
3307 4642 3454 4696 nefas
3479 4653 3559 4696 est
3585 4643 3744 4712 quid-

2171 4744 2325 4796 quam
2358 4728 2632 4797 accipere,
2665 4727 2745 4782 vel
2774 4743 2802 4780 a
2835 4728 2984 4783 micis
3009 4729 3414 4796 abstinendum;
3455 4733 3535 4785 sin
3565 4733 3744 4786 tantil-

2173 4819 2275 4872 lam
2315 4828 2516 4888 partem
2566 4818 2759 4872 habere
2799 4818 2952 4882 licet,
2995 4835 3095 4874 nec
3131 4835 3231 4890 ego
3273 4823 3574 4890 prohibeor,
3623 4821 3742 4875 licet

2171 4911 2317 4963 canis
2348 4911 2480 4972 sint;
2513 4909 2605 4964 sed
2635 4910 2751 4963 ideo
2777 4911 3004 4965 maxime
3031 4911 3081 4964 in
3111 4922 3308 4980 partem
3343 4913 3575 4967 Vocanda
3603 4927 3742 4966 sum.

2173 5001 2245 5054 Ea
2285 5001 2352 5054 de
2389 5016 2545 5054 cmtsa
2587 4999 2828 5054 Christus
2864 5001 3172 5066 diﬁ’erebat,
3217 5003 3356 5072 quod
3400 5005 3559 5058 sciret
3601 5004 3746 5058 illm

2171 5091 2283 5144 haec
2313 5091 2571 5144 dicturam
2602 5105 2741 5153 esse,
2773 5090 2890 5144 ideo
2916 5091 3110 5144 donum
3142 5093 3383 5160 negabat,
3419 5103 3472 5145 ut
3495 5093 3610 5161 ejus
3635 5093 3748 5162 phis

2172 5181 2465 5252 Iosephiam
2497 5183 2787 5236 exhiberet.
2819 5182 2925 5238 Nisi
2959 5185 3097 5238 enim
3125 5185 3344 5238 daturus
3374 5185 3553 5240 fuisset
3581 5227 3598 5253 ,
3640 5202 3748 5241 non

2170 5284 2353 5343 postea
2382 5273 2634 5339 dedisset,
2657 5291 2828 5346 neque
2855 5275 2996 5329 illam
3021 5277 3209 5331 iterum
3237 5278 3579 5346 repressisset
3609 5296 3621 5331 :
3656 5279 3751 5336 sed

2172 5363 2310 5434 quod
2338 5381 2458 5434 erga
2489 5366 2850 5419 centurionem
2879 5363 3040 5432 fecit,
3070 5366 3253 5421 dicens
3281 5384 3292 5418 :
3325 5366 3432 5438 Ego
3463 5367 3676 5428 tertiam,
3705 5379 3753 5423 et

2168 5462 2352 5512 curabo
2381 5475 2494 5512 eum
2524 5457 2748 5526 (Matth.
2779 5457 2831 5513 8.
2862 5457 2962 5530 7);
2997 5467 3052 5511 ut
3089 5460 3204 5527 ejus
3234 5457 3484 5528 pietatem
3510 5460 3750 5512 discere-

2171 5565 2288 5604 mus
2309 5590 2323 5614 ,
2356 5559 2406 5604 et
2435 5549 2736 5604 audiremus
2767 5549 2913 5603 illum
2942 5550 3208 5605 dicentem
3237 5569 3250 5603 :
3282 5549 3400 5604 Non
3429 5567 3536 5605 sum
3555 5550 3750 5620 dignus

2235 5727 2249 5757 ¹
2279 5725 2328 5774 in
2369 5739 2464 5774 uno
2482 5725 2656 5777 Codice
2677 5725 2817 5778 deest
2846 5741 2954 5787 vox,
2977 5727 3228 5780 laudabili.
