4052 6228
1530 195 1554 227 1

243 360 341 417 5‘11

244 492 295 536 ut
322 485 474 535 intres
503 478 593 532 sub
624 486 803 530 tectum
845 490 1043 538 meum;
1083 472 1328 543 quodque
1369 471 1422 526 in
1464 470 1661 525 fluxum
1705 482 1797 522 san

240 576 417 645 guin’is
440 573 673 642 patiente
697 569 848 630 fecit,
874 567 984 639 Ego
1003 608 1018 630 ,
1049 566 1244 634 inquit,
1274 564 1389 617 novi
1416 563 1643 617 virtutem
1670 576 1732 614 ea:
1759 577 1837 614 me

241 682 493 737 egressam
523 662 683 733 (Luc.
718 664 766 716 8.
801 662 869 715 46
890 662 927 728 ),
970 667 1029 713 ut
1058 659 1199 712 illius
1232 656 1386 711 fidem
1418 656 1747 717 declararet;
1781 662 1831 708 et

240 757 384 826 quod
413 757 463 809 in
492 754 822 810 Samaritana
845 795 859 818 ,
895 760 950 805 ιιι
987 749 1293 803 ostenderet
1321 764 1437 803 eam
1460 788 1473 811 ,
1517 762 1583 800 ne
1621 745 1831 814 quidem

240 851 565 902 confutatam
595 846 851 899 absistere
873 844 891 913 (
910 842 1066 895 Joan.
1100 842 1168 910 4)
1194 858 1207 895 :
1232 841 1308 894 sic
1333 849 1386 894 et
1411 840 1510 894 hoc
1540 839 1657 893 Ioco
1688 839 1831 892 facit.

240 941 355 994 Non
389 940 532 993 enim
562 946 761 990 tantam
788 936 996 989 volebat
1024 933 1259 986 mulieris
1281 933 1527 986 virtutem
1556 932 1740 986 latere.
1766 931 1834 985 At

238 1034 384 1085 enim
422 1046 525 1084 non
555 1028 927 1098 exprobrantis
955 1035 1108 1080 erant
1133 1041 1195 1079 ea
1221 1040 1340 1095 quae
1367 1024 1595 1088 dicebat,
1623 1023 1712 1078 sed
1741 1022 1833 1077 ad-

240 1124 513 1187 vocantis,
555 1132 608 1175 et
638 1120 903 1173 occultum
937 1118 1243 1173 thesaurum
1275 1117 1582 1169 revelantis.

312 1211 619 1267 Clmnantece
646 1210 771 1278 ﬁdes
807 1218 853 1261 et
890 1207 1346 1262 humilitas.—Tu
1382 1222 1509 1260 vero
1556 1205 1681 1260 mihi
1727 1221 1830 1260 una

236 1319 369 1359 cum
400 1303 502 1358 ﬁde
528 1301 875 1355 humilitatem
904 1314 1115 1370 quoque
1140 1299 1377 1353 mulieris
1398 1297 1689 1368 perpende.
1716 1298 1832 1366 Ipse

239 1407 474 1463 namque
507 1394 640 1446 tilios
672 1392 877 1446 vocavit
913 1390 1159 1455 Iudaeos;
1193 1390 1305 1443 hch
1331 1405 1456 1443 vero
1484 1389 1531 1442 id
1560 1403 1661 1442 non
1701 1390 1832 1443 satis

240 1485 483 1550 habens,
522 1481 767 1537 dominos
786 1477 1090 1551 ‘appellavit
1134 1498 1145 1533 :
1184 1488 1388 1535 tantum
1429 1480 1627 1543 abfuit,
1670 1490 1727 1533 ut
1766 1480 1832 1535 de

236 1578 415 1629 aliena
442 1574 595 1629 laude
620 1573 825 1628 doleret
848 1591 860 1627 :
887 1572 974 1625 27.
1010 1571 1207 1626 Etenim
1228 1572 1425 1636 catelli,
1452 1571 1653 1641 inquit,
1680 1571 1832 1624 edunt

236 1670 305 1721 de
348 1670 489 1720 micis
535 1683 647 1736 qua:
688 1667 872 1719 cadunt
922 1669 984 1719 de
1025 1681 1195 1719 mensa
1236 1665 1554 1717 dominorum
1602 1680 1828 1718 suorum.

243 1760 436 1814 Videu'
467 1760 798 1829 prudentiam
830 1758 1106 1813 mulieris?
1136 1756 1405 1827 quomodo
1435 1772 1531 1810 nec
1557 1756 1829 1811 contradi-

235 1867 365 1905 cere
395 1851 584 1903 audeat
606 1892 621 1917 ,
652 1864 749 1903 nec
773 1849 998 1902 aliorum
1031 1847 1170 1902 laudi
1204 1848 1467 1913 invideat,
1512 1863 1609 1902 nec
1634 1859 1824 1901 contu-

235 1940 456 1993 meliam
490 1955 630 2011 a-gre
660 1942 827 1993 ferat?
854 1939 1025 1992 viden‘
1054 1939 1538 2008 perseverantiam?
1571 1938 1662 1992 Ille
1682 1938 1828 2001 dicit,

238 2030 364 2084 Non
395 2041 465 2084 est
492 2030 714 2093 bonum;
752 2031 837 2084 illa
865 2029 1171 2098 respondet,
1204 2028 1391 2094 Etiam,
1424 2028 1636 2082 Domine
1663 2044 1682 2082 :
1719 2030 1832 2099 ipse

238 2122 379 2176 filios
415 2132 599 2187 vocat;
635 2123 747 2177 haec
774 2121 1019 2177 dominos
1049 2138 1062 2175 :
1092 2121 1202 2190 ipse
1232 2135 1417 2176 canem
1446 2120 1711 2190 appellat;
1743 2121 1831 2175 illa

235 2232 434 2270 canum
484 2232 688 2271 morem
742 2215 961 2270 addidit.
1018 2215 1201 2270 Vidisti
1252 2216 1391 2270 illius
1439 2215 1833 2271 humilitatem?

236 2309 376 2363 Audi
417 2308 722 2364 Iudaeorum
757 2310 1089 2381 jactantitm.
1135 2310 1317 2365 Semen
1364 2310 1579 2365 Abrahae
1619 2328 1829 2378 sumus,

237 2406 510 2474 inquiunt,
553 2414 598 2458 et
638 2405 766 2458 nulli
806 2421 1044 2476 umquam
1074 2405 1398 2470 seruiuimus,
1436 2414 1586 2473 atque
1621 2421 1683 2459 ea:
1724 2403 1832 2460 Deo

236 2501 343 2552 nati
366 2517 541 2553 sumus
562 2498 740 2572 (Joan.
766 2500 817 2554 8.
841 2500 955 2571 55).
980 2498 1085 2554 Sed
1115 2514 1219 2553 non
1244 2498 1315 2552 ita
1341 2498 1530 2553 mulier
1550 2515 1565 2565 ;
1587 2499 1831 2553 catellum

234 2608 294 2645 se
325 2602 519 2655 vireat,
554 2592 777 2661 illosque
819 2591 1062 2645 dominos
1088 2610 1102 2647 :
1132 2591 1355 2661 ideoque
1386 2590 1488 2645 filia
1516 2591 1700 2647 effecta
1727 2601 1829 2645 est.

234 2684 379 2749 Quid
405 2699 530 2752 ergo
551 2683 833 2736 Christus?
855 2681 942 2738 28.
973 2681 1018 2737 Ο
1041 2684 1256 2737 mulier!
1282 2699 1463 2753 magna
1482 2692 1554 2736 est
1573 2683 1701 2749 ﬁdes
1723 2692 1828 2736 tua.

234 2774 369 2829 Ideo
416 2792 638 2845 namque
685 2776 990 2841 differebat,
1025 2786 1077 2831 ut
1111 2779 1160 2831 in
1196 2778 1333 2847 hanc
1361 2792 1544 2831 vocem
1584 2792 1833 2845 erumpe-

234 2881 316 2923 ret
342 2909 357 2933 ,
397 2878 453 2922 ut
476 2870 756 2925 mulierem
785 2882 1085 2926 coronaret.
1114 2870 1234 2924 Fiat
1261 2872 1346 2925 tibi
1373 2873 1499 2925 sicut
1525 2872 1616 2925 ris.
1646 2870 1702 2926 Id
1727 2878 1828 2934 est,

237 2960 375 3013 fides
405 2970 495 3012 tua
529 2961 611 3014 his
641 2961 841 3029 majora
883 2971 1056 3029 potest
1098 2960 1384 3030 perlicere;
1423 2973 1673 3016 cteterum
1713 2959 1833 3015 Fiat

236 3054 324 3106 tibi
351 3055 484 3107 sicut
515 3054 607 3108 vis.
644 3054 766 3108 llzec
798 3070 893 3107 vox
924 3053 1097 3108 affinis
1124 3063 1205 3109 est
1236 3054 1344 3121 illi,
1388 3053 1505 3107 Fiat
1544 3054 1723 3109 uelum
1743 3096 1756 3118 ,
1786 3063 1834 3108 et

234 3150 434 3214 factum
463 3155 537 3198 est
566 3147 765 3199 celum.
797 3145 863 3199 Et
886 3155 1067 3201 sanata
1097 3156 1167 3200 est
1204 3147 1313 3214 ﬁlia
1340 3147 1447 3218 ejus
1473 3147 1534 3200 ab
1564 3146 1655 3200 illa
1684 3147 1830 3200 hora.

234 3236 433 3290 Yiden‘
457 3253 563 3289 non
593 3252 775 3305 parum
805 3238 948 3291 illam
972 3237 1213 3290 intulisse
1237 3236 1301 3290 ad
1329 3237 1656 3291 curatiOnem
1682 3235 1834 3291 filiae?

234 3326 365 3381 Ideo
387 3328 533 3382 enim
559 3343 661 3381 non
684 3328 811 3382 dicit
830 3328 1073 3382 Christus
1094 3370 1107 3391 ,
1139 3328 1366 3383 Sanetur
1389 3327 1492 3381 ﬁlia
1527 3337 1613 3381 tua
1637 3329 1688 3389 ’ς
1714 3326 1831 3395 sed,

237 3420 439 3491 Hagna
468 3430 542 3475 est
570 3420 696 3487 ﬁdes
722 3432 809 3473 tua
829 3463 844 3485 ,
876 3422 966 3488 ﬁat
994 3422 1081 3474 tibi
1106 3432 1159 3473 ut
1182 3422 1252 3473 vis
1273 3435 1292 3473 :
1313 3430 1372 3474 ut
1397 3420 1589 3484 discas,
1620 3434 1724 3474 non
1751 3434 1837 3474 as-

234 3516 561 3568 sentationis
593 3514 749 3567 verba
783 3512 943 3568 fuisse
964 3555 977 3578 ,
1012 3513 1105 3567 sed
1131 3512 1380 3569 eximiam
1414 3512 1531 3567 lidei
1563 3513 1832 3567 virtutem.

236 3606 555 3675 [torumque
581 3605 795 3659 eventui
825 3615 1123 3659 accuratam
1153 3604 1228 3658 rei
1258 3603 1624 3673 probationem
1655 3612 1709 3659 et
1737 3603 1833 3659 de-

235 3698 687 3752 monstrationem
730 3696 973 3751 Christus
1003 3696 1235 3767 reliquit.
1269 3694 1463 3751 Sauata
1490 3704 1599 3761 est,
1633 3694 1833 3764 inquit,

232 3793 426 3845 statim
457 3790 565 3843 lilia
591 3789 723 3857 ejus.

309 3886 348 3938 3
410 3884 691 3935 Assiduitas
719 3882 959 3953 precandi
988 3892 1176 3951 quanta
1216 3899 1313 3938 res.
1336 3882 1488 3937 —Tu
1518 3897 1644 3937 vero
1666 3881 1839 3935 anim-

234 3976 490 4037 adverte,
524 3974 814 4044 quomodo,
844 3974 1101 4044 apostolis
1142 3974 1407 4043 superatis
1444 3974 1680 4043 nihilque
1712 3987 1840 4043 ope—

237 4070 416 4130 ratis,
452 4067 546 4119 illa
598 4074 765 4120 totum
814 4067 1056 4137 perfecit.
1100 4067 1268 4121 Tanta
1321 4082 1405 4121 res
1434 4077 1515 4120 est
1558 4066 1841 4122 assiduitas

238 4160 599 4230 precationis.
628 4160 757 4213 Nam
799 4174 919 4213 cum
963 4159 1029 4214 de
1061 4161 1218 4214 rebus
1264 4160 1459 4213 nostris
1490 4161 1697 4229 agitur,
1729 4175 1841 4215 ma-

240 4255 361 4307 vult.
412 4269 442 4306 a
496 4253 651 4305 nobis
683 4254 859 4325 potius
890 4253 1063 4323 rogari
1090 4294 1105 4315 ,
1134 4267 1292 4323 quam
1333 4253 1399 4306 ab
1419 4253 1536 4307 alzis
1566 4268 1661 4322 pro
1690 4253 1843 4308 nobis

244 4346 653 4416 precantibus:
696 4360 1019 4414 quamquam
1073 4345 1145 4398 illi
1200 4345 1405 4414 majore
1450 4354 1603 4398 erant
1653 4345 1842 4399 fiducia

244 4438 509 4493 instructi
539 4454 555 4498 ;
586 4437 680 4492 sed
714 4437 829 4492 Inrc
856 4438 1077 4491 multam
1098 4437 1550 4505 perseverantiam
1581 4436 1839 4492 exhibuit.

246 4532 357 4586 Per
393 4532 600 4584 exitum
636 4540 815 4583 autem
846 4529 924 4583 rei
946 4528 1230 4597 discipulis
1252 4528 1404 4597 quasi
1432 4542 1552 4583 sese
1578 4530 1840 4598 purgavit,

242 4620 400 4691 quod
441 4620 772 4686 distulisset,
801 4629 857 4674 et
886 4620 1008 4689 jure
1036 4635 1094 4674 se
1123 4620 1228 4674 illis
1263 4621 1575 4689 rogantibus
1605 4636 1713 4676 non
1754 4637 1845 4675 an-

246 4715 442 4768 nuisse
479 4713 721 4769 ostendit
751 4712 877 4767 :29.
912 4712 981 4766 Et
1004 4729 1116 4767 cum
1145 4713 1404 4767 transisset
1428 4714 1545 4768 inde
1566 4713 1736 4781 Iesus,
1766 4732 1848 4769 ve-

248 4806 333 4857 nit
370 4800 699 4857 secus'mare
744 4799 1005 4852 Galila'w.
1058 4798 1124 4850 Et
1172 4802 1455 4850 ascendens
1506 4798 1558 4848 in
1594 4804 1841 4861 montem,

250 4895 470 4948 sedebat
505 4892 597 4945 ibi.
629 4892 715 4945 50.
749 4890 822 4942 Et
852 4897 1181 4943 accesserunt
1211 4887 1280 4940 ad
1304 4903 1422 4941 eum
1460 4885 1626 4938 turba:
1664 4884 1844 4937 multa

248 4987 513 5039 habentes
564 5000 737 5035 secum
793 4983 1039 5045 claudos,
1087 4995 1282 5043 ca'cos,
1338 4976 1571 5037 debiles,
1616 4985 1843 5029 mutos:

248 5089 298 5131 et
340 5076 679 5145 projecerunt
722 5089 806 5125 eos
857 5082 977 5124 ante
1020 5070 1172 5139 pedes
1208 5070 1369 5140 ejus:
1404 5080 1450 5121 et
1499 5068 1702 5121 curavit
1734 5082 1841 5131 eos,

250 5172 338 5222 ita
387 5176 447 5220 ut
492 5164 660 5218 turbae
708 5166 1061 5227 mirarentur,
1103 5163 1225 5215 dum
1268 5160 1494 5214 viderent
1544 5167 1711 5210 mutos
1761 5157 1843 5210 lo-

251 5269 502 5324 quentes,
550 5256 745 5310 debiles
773 5271 951 5319 sanos,
984 5263 1033 5307 et
1082 5269 1245 5307 cwcos
1284 5251 1512 5305 uidentes
1539 5291 1552 5313 ,
1596 5261 1641 5303 et
1684 5248 1845 5319 glori-

252 5356 555 5415 ίιεατετηηι
606 5346 767 5401 Deum
816 5345 1010 5401 Israel.
1066 5344 1372 5414 Aliquando
1419 5343 1532 5411 ipse
1572 5342 1843 5405 circumit,

254 5440 563 5509 .diquando
616 5438 767 5492 sedet
806 5452 981 5505 στανος
1034 5444 1375 5504 exspectans,
1426 5442 1479 5485 et
1517 5432 1738 5486 claudos
1778 5430 1846 5485 ad

258 5541 505 5585 mmdem
559 5529 795 5583 adducit.
867 5525 1053 5597 Neque
1103 5540 1247 5580 nunc
1292 5525 1671 5579 vestimentum
1726 5532 1845 5576 tan-

256 5633 438 5694 Eunt,
508 5622 604 5678 sed
646 5618 719 5675 ad
747 5618 1055 5674 sublimiora
1085 5617 1333 5681 adducti,
1378 5615 1735 5688 projiciuntur
1779 5614 1846 5669 ad

327 5806 347 5837 ι
386 5802 588 5862 Quidam
614 5801 813 5859 habent,
846 5798 945 5855 tibi,
976 5812 1083 5861 pro,
1109 5802 1209 5847 tua.

1284 352 1348 409 IN
1390 348 1795 408 MA'I’TtLILIlM
1837 349 2062 405 IIOMIL.
2108 354 2213 410 LII.
2257 358 2323 410 al.
2367 356 2499 413 LIII.

3423 362 3526 417 ΞΗ

1945 468 2108 537 pedes
2138 470 2273 542 ejus,
2301 473 2675 545 duplicemque
2709 475 2863 529 fidem
2905 490 3055 531 suam
3102 489 3431 543 monstrant,
3474 492 3525 533 et

1942 564 2080 633 quod
2109 566 2282 620 claudi
2314 568 2364 621 in
2396 577 2627 623 montem
2660 569 2970 636 ascvndant,
3005 580 3057 625 et
3083 571 3224 641 quod
3255 573 3526 627 nulloalio

1941 667 2153 724 egeant,
2186 658 2286 711 nisi
2316 668 2515 712 tantum
2564 669 2620 713 ut
2669 661 3014 730 projiciautur
3039 670 3161 716 ante
3197 662 3357 731 pedes
3385 662 3522 731 ejus.

1942 748 2173 819 Eratque
2218 768 2300 806 res
2330 754 2463 805 mira
2493 769 2553 806 ac
2581 753 2840 821 stupenda
2868 796 2883 817 ,
2912 754 3034 807 illos
3063 754 3151 823 qui
3180 754 3527 823 gestabantur

1938 841 2271 895 ambulantes
2302 843 2682 911 nullojuvaute
2710 844 2907 908 videre,
2941 858 3113 898 caecos
3141 844 3401 908 videntes,
3430 861 3527 899 nec

1939 933 2072 988 duce
2102 950 2235 1002 opus
2262 934 2538 989 habentes.
2566 936 2695 989 Nam
2724 948 2778 991 et
2808 938 3089 992 multitudo
3116 953 3299 993 eorum
3320 939 3406 1008 qui
3434 953 3526 991 cu-

1941 1025 2039 1077 rati
2073 1024 2302 1090 fuerant,
2332 1034 2384 1079 et
2413 1027 2701 1081 curationis
2728 1025 2951 1081 facilitas
2975 1030 3025 1081 in
3048 1040 3317 1098 stuporem
3338 1044 3525 1083 omnes

1938 1116 2186 1185 ccujecit.
2226 1118 2408 1172 Videu'
2433 1119 2703 1188 quomodo
2725 1133 2843 1173 cum
2868 1128 3008 1174 tanta
3037 1122 3373 1176 cunctatione
3405 1139 3522 1176 mu-

1942 1207 2087 1261 Iieris
2116 1208 2277 1262 ﬁliam
2301 1210 2588 1274 sanaverit,
2622 1209 2720 1264 hos
2742 1226 2870 1265 vero
2897 1212 3115 1265 statim?
3142 1213 3252 1266 Non
3281 1212 3420 1283 quod
3450 1213 3523 1267 illi

1939 1298 2191 1353 meliores
2212 1310 2415 1366 essent,
2448 1300 2541 1355 sed
2570 1301 2709 1371 quod
2736 1301 2821 1355 illa
2856 1302 2906 1355 in
2932 1302 3033 1356 fide
3058 1302 3368 1359 ferventior.
3401 1304 3523 1358 Ideo

1935 1390 2074 1444 circa
2103 1392 2244 1444 illam
2262 1402 2560 1456 cunctatur,
2580 1402 2635 1447 ut
2657 1396 3105 1464 perseverantiam
3132 1394 3247 1465 ejus
3265 1395 3520 1458 declaret;

1937 1480 2019 1535 his
2048 1485 2226 1536 statim
2254 1483 2454 1539 donum
2472 1486 2693 1553 pra-bet,
2720 1498 2771 1541 ut
2802 1488 3195 1542 incredulorum
3221 1487 3523 1543 Judteorunt

1936 1589 2027 1628 ora
2093 1576 2365 1642 obstruat,
2430 1594 2749 1648 omnemque
2817 1580 2919 1635 illis
2986 1580 3350 1649 purgationem
3405 1579 3525 1634 adi-

1937 1677 2064 1721 mat.
2094 1669 2303 1735 Quanto
2341 1670 2480 1724 enim
2529 1670 2728 1738 majora
2777 1671 2893 1740 quis
2933 1670 3187 1726 beneficia
3218 1672 3521 1740 acceperit.

1938 1767 2085 1813 tanto
2114 1759 2299 1828 majori
2332 1760 2594 1831 supplicio
2621 1760 2863 1815 addictus
2887 1772 2968 1816 est
2993 1770 3052 1815 ut
3072 1762 3328 1831 ingratus,
3357 1761 3401 1816 si
3430 1777 3520 1815 ne-

1937 1865 2039 1918 que
2066 1865 2132 1905 ex
2158 1851 2350 1905 collato
2380 1852 2581 1907 honore
2609 1852 2800 1907 melior
2818 1854 2888 1907 sit
2916 1851 3157 1908 effectus.
3183 1852 3413 1923 Ideoque
3433 1849 3517 1907 di-

1937 1943 2070 1995 vites
2100 1942 2266 2012 magis
2307 1960 2463 2012 quam
2516 1959 2776 2014 pauperes
2820 1944 3109 2014 puniuntur
3135 1986 3150 2010 ,
3201 1947 3245 1999 si
3294 1943 3519 2013 improbi

1936 2035 2075 2100 sint,
2106 2034 2245 2105 quod
2287 2051 2354 2090 ne
2400 2036 2450 2089 in
2500 2052 2674 2090 rerum
2717 2038 2865 2107 copia
2891 2037 3103 2108 quidem
3134 2038 3520 2093 mansuetiores

1936 2123 2155 2181 fuerint.

2009 2217 2347 2293 Eleemosyna
2392 2239 2507 2277 vera
2533 2240 2665 2294 quat.
2701 2254 2773 2265 —
2794 2223 2870 2280 Ne
2894 2226 3019 2280 mihi
3040 2225 3206 2293 dicas,
3241 2224 3359 2281 illos
3380 2225 3521 2282 cleo.

1938 2328 2215 2384 mosynam
2243 2313 2474 2370 dedisse.
2509 2315 2639 2369 Nam
2666 2317 2764 2370 nisi
2796 2317 3088 2372 secundum
3122 2317 3397 2373 facultates
3421 2318 3519 2372 de-

1938 2402 2156 2469 derint,
2191 2419 2361 2474 neque
2392 2407 2461 2459 ita
2494 2405 2764 2478 etl‘ugient.
2798 2406 2912 2462 Non
2948 2408 3090 2463 enim
3122 2424 3191 2463 ex
3218 2407 3343 2463 doni
3371 2423 3522 2463 men—

1935 2512 2057 2550 sura
2081 2497 2421 2568 eleemosyna
2448 2499 2761 2565 a-stimatur,
2781 2499 2873 2554 sed
2900 2514 2965 2554 ex
2986 2500 3146 2553 animi
3178 2499 3514 2555 liberalitate.

1937 2589 1990 2643 Si
2021 2600 2196 2643 autem
2229 2590 2279 2643 hi
2325 2606 2509 2659 pmnas
2548 2591 2699 2657 dent,
2726 2593 2895 2646 nmlto
2923 2594 3090 2664 magis
3133 2593 3224 2664 qui
3254 2595 3534 2663 superﬁcie

1936 2686 2151 2745 inhiant
2180 2685 2217 2748 ι,
2239 2684 2325 2753 qui
2354 2683 2508 2737 trium
2531 2693 2825 2754 quatuorve
2845 2680 3197 2741 tabulatorum
3218 2686 3362 2741 cedes
3387 2702 3521 2740 con-

1936 2786 2167 2842 struunt,
2189 2775 2563 2847 famelicosque
2592 2779 2913 2849 despiciunt,
2933 2780 3021 2849 qui
3040 2780 3276 2835 avaritia:
3307 2780 3522 2834 student

1936 2876 1988 2920 et
2032 2866 2427 2941 eleemosynam
2472 2872 2758 2942 negligunt.
2796 2872 2899 2926 Sed
2947 2873 3066 2942 quia
3118 2872 3168 2925 in
3217 2886 3519 2928 sermonem

1938 2957 2003 3010 de
2025 2958 2368 3028 eleemosyna
2398 2961 2683 3016 incidimus
2717 2981 2729 3016 :
2764 2977 2862 3032 age
2910 2964 3222 3018 concionem
3268 2964 3409 3018 illam
3455 2965 3520 3019 de

1940 3047 2290 3116 humanitate,
2319 3066 2476 3120 quam
2506 3061 2628 3106 ante
2658 3053 2889 3107 triduum
2917 3053 3282 3123 imperfectam
3308 3055 3525 3124 reliqui-

1938 3155 2079 3205 mus,
2102 3139 2258 3195 hodie
2283 3157 2638 3196 resumamus.
2673 3143 2988 3199 Meministis
3020 3160 3106 3199 me
3143 3160 3313 3216 nuper
3342 3146 3410 3201 dc
3440 3147 3522 3199 ni-

1938 3234 2041 3286 mia
2062 3234 2360 3288 calceorum
2389 3236 2697 3290 curiositate
2720 3235 3039 3291 disseruisse
3067 3277 3081 3302 ,
3114 3237 3180 3291 de
3221 3237 3523 3308 hujusmodi

1941 3338 2130 3393 nempe
2158 3324 2409 3390 vanitate,
2429 3337 2480 3379 et
2507 3325 2575 3380 de
2598 3326 2851 3394 juvenum
2880 3327 3122 3392 mollitie;
3150 3337 3274 3382 tunc
3294 3330 3362 3383 ab
3385 3330 3525 3385 etce-

1942 3431 2160 3486 mosyna
2191 3416 2320 3481 orsi,
2357 3417 2407 3471 in
2441 3417 2567 3472 illud
2617 3418 2916 3472 incidimus.
2955 3419 3028 3473 De
3053 3420 3369 3490 quibusnam
3396 3437 3525 3492 ergo

1944 3519 2068 3562 tunc
2119 3524 2423 3563 sermonem
2471 3510 2796 3567 habuimus?
2845 3512 3081 3567 Diximus
3128 3514 3522 3585 eleemosynam

1942 3616 2062 3655 esse
2091 3613 2284 3665 artem.
2310 3618 2427 3672 qua:
2456 3603 2722 3659 officinam
2766 3604 2957 3660 habeat
2993 3606 3044 3659 in
3072 3606 3223 3671 cado,
3254 3616 3307 3662 et
3335 3607 3529 3662 docto-

1942 3710 2054 3749 rem
2088 3710 2194 3748 non
2244 3694 2514 3750 hominem
2546 3738 2561 3762 ,
2594 3696 2687 3749 sed
2733 3697 2916 3751 Deum.
2951 3696 3151 3752 Deinde
3180 3709 3483 3767 quaerentes
3509 3739 3525 3763 .

1943 3784 2071 3854 quid
2100 3801 2186 3838 ars
2216 3786 2319 3839 diei
2351 3795 2548 3855 posset,
2580 3786 2704 3855 quid
2734 3801 2893 3842 secus
2916 3828 2931 3853 ,
2964 3788 3014 3841 in
3054 3803 3215 3844 vanas
3252 3790 3527 3858 malasque

1944 3888 2087 3930 artes
2117 3876 2430 3941 incidimus,
2461 3876 2511 3931 in
2542 3877 2735 3947 quibus
2779 3878 2847 3934 de
2876 3879 3178 3934 calceorum
3221 3890 3336 3936 arte
3365 3883 3527 3937 verba

1946 3966 2187 4021 fecimus.
2244 3967 2378 4022 Num
2412 3969 2461 4020 iu
2512 3977 2746 4023 mentem
2790 3970 3095 4025 revocatis?
3118 3972 3230 4041 Age
3258 3986 3386 4042 ergo
3413 3988 3529 4043 qua:

1946 4069 2073 4115 tunc
2088 4061 2340 4128 diximus,
2362 4062 2519 4117 hodie
2542 4077 2888 4129 resumamus,
2915 4062 3366 4135 ostendamusque
3390 4066 3530 4121 elec-

1948 4166 2223 4223 mosyuam
2258 4164 2426 4207 artem
2475 4169 2595 4209 esse
2635 4164 2689 4208 et
2729 4154 2967 4209 omnium
3009 4156 3204 4209 artium
3254 4157 3530 4225 optimam.

1948 4247 2079 4301 Nam
2106 4248 2148 4299 si
2177 4247 2309 4301 artis
2347 4256 2429 4301 est
2470 4247 2742 4317 proprium
2787 4246 2839 4301 in
2869 4247 3069 4318 aliquid
3102 4248 3232 4303 utile
3261 4248 3533 4315 desinere,

1948 4338 2285 4407 eleemo~yua
2315 4352 2440 4392 vero
2468 4338 2595 4391 nihil
2619 4346 2702 4391 est
2731 4338 2929 4399 utilius.
2956 4339 3122 4409 liquet
3148 4355 3265 4395 eam
3288 4350 3342 4394 et
3364 4352 3533 4395 artem

1948 4442 2070 4481 csse
2099 4437 2152 4480 et
2181 4430 2417 4481 omnium
2454 4430 2647 4481 artium
2696 4431 3213 4496 praestantissimum.
3244 4430 3356 4485 Non
3388 4434 3530 4485 enim

1952 4521 2038 4575 illa
2080 4520 2232 4574 nobis
2273 4520 2482 4574 calceos
2512 4529 2701 4590 parat,
2737 4536 2842 4574 non
2882 4521 3198 4575 vestimenta
3241 4521 3395 4585 texit,
3427 4537 3531 4577 non

1953 4611 2121 4665 luteas
2150 4610 2338 4665 domos
2357 4611 2655 4674 construit;
2687 4611 2780 4666 sed
2812 4612 2973 4665 vitam
3006 4612 3384 4681 sempiternam
3411 4626 3527 4667 com

1952 4705 2140 4769 ciliat,
2173 4714 2331 4773 atque
2375 4721 2437 4759 ex
2493 4705 2681 4759 mortis
2736 4704 2981 4759 manibus
3031 4721 3132 4760 nos
3179 4705 3369 4775 eripit,
3404 4714 3457 4760 et
3482 4704 3536 4762 in

1953 4804 2177 4865 utraque
2203 4796 2310 4850 vita
2338 4795 2645 4866 splendidos
2668 4795 2858 4858 reddit,
2881 4797 3185 4851 mansiones
3206 4796 3358 4850 nobis
3384 4796 3538 4850 eade-

1954 4896 2064 4941 stes
2089 4886 2388 4943 exmdiﬁcat
2430 4897 2484 4942 et
2515 4887 2603 4941 illa
2635 4898 2837 4943 :cterna
2887 4887 3245 4942 tabernacula.
3280 4887 3402 4943 [hec
3435 4902 3536 4941 non

1958 4978 2091 5031 sinit
2121 4978 2396 5048 lampades
2447 4987 2661 5033 nostras
2704 4980 2967 5047 exstingui
2991 5021 3005 5044 ,
3039 4993 3137 5033 nec
3166 4993 3283 5032 cum
3312 4978 3540 5033 sordidis

1957 5070 2196 5124 vestibus
2243 5070 2442 5139 nuptiis
2469 5070 2765 5133 interesse;
2800 5069 2891 5123 sed
2944 5070 3078 5123 lavat
3123 5079 3178 5123 et
3208 5069 3325 5122 nive
3354 5069 3535 5123 candi-

1956 5159 2136 5215 diores
2165 5160 2357 5215 reddit.
2391 5162 2455 5217 Si
2479 5163 2610 5215 enim
2642 5162 2827 5231 fuerint
2856 5170 3059 5229 peccata
3089 5169 3250 5213 vestra
3280 5160 3424 5229 quasi
3446 5178 3543 5230 pth

1960 5253 2174 5315 niceum,
2196 5252 2339 5321 quasi
2369 5252 2530 5306 niuem
2550 5250 2791 5305 dealbabo
2822 5250 2840 5322 (
2876 5249 3002 5303 lsai.
3032 5251 3082 5305 1.
3110 5250 3175 5304 18
3204 5251 3242 5318 ).
3273 5249 3387 5305 Non
3419 5250 3545 5305 sinit

1962 5359 2058 5396 nos
2090 5343 2181 5396 illo
2208 5343 2442 5397 incidere
2462 5384 2476 5405 ,
2506 5357 2612 5413 quo
2654 5341 2802 5396 dives
2832 5340 2921 5395 ille
2948 5382 2963 5408 ,
2994 5356 3167 5411 neque
3212 5341 3397 5395 audire
3439 5351 3542 5394 tre-

1961 5435 2183 5491 mendas
2211 5450 2409 5500 voces;
2441 5434 2535 5490 sed
2563 5432 2779 5488 deducit
2812 5433 2866 5488 in
2896 5434 3073 5488 sinum
3107 5432 3335 5487 Abrahae
3364 5432 3382 5501 (
3416 5432 3541 5486 Luc.

1964 5531 2031 5585 l6
2060 5531 2101 5601 ).
2129 5530 2287 5585 Certe
2314 5538 2457 5583 artes
2492 5527 2781 5583 saeculares
2821 5527 3045 5598 singula:
3073 5542 3227 5581 suum
3258 5523 3456 5581 habent
3483 5527 3543 5578 ti-

1965 5637 2086 5677 nem
2116 5640 2126 5674 :
2158 5621 2494 5690 agricultura:
2523 5631 2603 5674 est
2638 5619 2860 5684 nutrire,
2887 5618 3129 5674 textoriae
3150 5618 3299 5685 artis,
3324 5618 3547 5685 vestire;

2030 5806 2047 5837 ⁸
2073 5806 2191 5855 Alii.
2212 5804 2292 5869 qui
2315 5801 2555 5864 stzpcrﬂun
2581 5804 2797 5850 t'cltttcut.
