4088 6224
547 325 651 377 52’)

547 440 654 492 imo
682 453 746 491 ne
779 436 992 507 quidem
1035 435 1137 490 hoc
1166 435 1343 491 facere
1376 445 1550 505 potest
1597 455 1608 488 :

549 528 745 582 sufficit
775 526 840 581 ad
881 541 975 579 sua
1010 527 1164 581 nobis
1191 526 1606 595 suppeditanda.

618 620 670 672 4.
703 620 847 671 Artes
874 617 1089 688 singula:
1132 619 1247 671 aliis
1291 618 1482 671 artibus
1523 635 1649 687 opus
1681 617 1878 670 habent.
1909 617 2139 670 Eleemo-

552 727 694 780 κείνω
717 712 1082 781 prwrogatirw.
1111 740 1182 750 —
1209 709 1261 764 Si
1286 710 1363 762 vis
1385 718 1582 770 autem,
1603 708 1975 778 agriculturam
1994 708 2137 776 prius

548 804 913 870 exploremus.
958 800 1069 854 Nisi
1121 801 1262 853 cnim
1296 801 1382 853 illa
1425 800 1697 853 ferrariam
1735 809 1902 854 artem
1941 800 2135 852 sociam

551 893 765 958 habeat,
794 908 912 963 qua:
941 893 1167 960 ligonem
1192 933 1205 957 ,
1249 907 1543 955 vomerem,
1586 890 1772 945 falcem
1802 900 1856 944 et
1899 891 2131 943 St‘Ctlrlm

547 985 761 1056 aliaque
791 985 952 1039 multa
980 985 1302 1054 suppeditet,
1331 986 1564 1049 itemque
1593 983 1857 1041 fabrilem,
1878 1000 1994 1053 qum
2019 998 2139 1036 ara-

548 1089 713 1142 trum,
735 1078 919 1149 jugum
945 1086 999 1132 et
1042 1079 1338 1146 plaustrum
1371 1085 1639 1129 construat
1670 1076 1737 1129 ad
1764 1076 1936 1144 spicas
1965 1086 2137 1127 teren-

547 1171 679 1235 das;
712 1180 766 1225 et
791 1170 1106 1233 coriariam,
1138 1184 1255 1237 quze
1300 1168 1597 1236 corrigias;
1631 1166 2095 1222 architectonicam
2118 1207 2132 1230 ,

547 1280 664 1333 qua:
694 1262 970 1317 arantibus
992 1260 1162 1315 bobus
1183 1259 1469 1324 stabulum,
1496 1259 1743 1327 agricolis
1763 1273 1941 1311 casam
1973 1258 2134 1360 fabri-

549 1366 672 1418 cet;
703 1364 757 1407 et
798 1352 1077 1422 lignariam
1103 1393 1116 1416 ,
1144 1366 1264 1420 qum
1306 1351 1444 1420 ligna
1468 1360 1647 1413 secet;
1681 1365 1740 1403 ac
1770 1359 2023 1418 prmterea
2053 1351 2135 1418 pi-

555 1447 800 1512 stor-iam,
831 1462 947 1515 qua:
992 1460 1183 1514 panem
1208 1444 1575 1498 suluninistt‘el
1610 1460 1622 1494 :
1655 1451 1796 1497 stare
1824 1442 2002 1511 nequit
2023 1457 2137 1495 om-

552 1539 699 1593 nino.
732 1538 820 1592 Sic
847 1537 1006 1591 etiam
1037 1551 1124 1590 ars
1147 1534 1394 1598 textoria,‘
1422 1533 1464 1586 si
1488 1533 1610 1603 quid
1642 1533 1815 1596 faciat,
1836 1533 2028 1585 multas
2044 1532 2138 1585 ad-

554 1640 706 1684 vocat
734 1639 899 1693 artes,
930 1644 1048 1694 qua:
1089 1641 1247 1696 opem
1277 1626 1483 1689 ferant;
1513 1640 1630 1694 qua:
1657 1624 1699 1677 si
1730 1640 1832 1677 non
1860 1622 2133 1689 accedant,

554 1729 660 1773 stat
686 1721 770 1773 illa
804 1719 1023 1773 inutilis.
1071 1716 1161 1771 Sic
1204 1715 1426 1786 singulae
1457 1724 1599 1769 artes
1626 1717 1836 1768 caneris
1873 1723 2049 1783 egent.
2079 1712 2134 1768 Si

555 1828 683 1867 vero
726 1809 1147 1865 misericiirdiam
1180 1823 1436 1862 exercere
1467 1808 1727 1871 velimus,
1773 1822 1875 1859 una
1920 1820 2136 1875 egemus

550 1907 845 1959 voluntate.
869 1904 922 1958 Si
951 1902 1151 1957 dixeris
1181 1902 1420 1969 pecuniis
1449 1916 1569 1954 esse
1610 1915 1763 1967 Opus,
1794 1898 2012 1961 a‘dibns,
2045 1914 2135 1952 vc-

555 1998 745 2056 stihus.
771 1995 965 2050 calceis
989 2035 1002 2055 ,
1039 1994 1155 2063 lege
1184 1993 1269 2045 illa
1299 1991 1493 2046 Christi
1530 1990 1712 2052 verba,
1744 2006 1860 2058 qum
1888 1989 1953 2043 de
1982 1989 2133 2041 vidua

549 2089 682 2143 dixit
712 2086 880 2158 (Luc.
905 2086 994 2139 21.
1026 2085 1059 2138 5
1086 2085 1102 2153 )
1128 2126 1142 2147 ,
1180 2093 1233 2138 et
1279 2085 1417 2135 hanc
1463 2081 1874 2135 SOillt'ilUdlllelll
1905 2079 2132 2149 depone.

553 2180 611 2235 Si
636 2178 921 2233 admodum
955 2192 1157 2247 pauper
1203 2176 1308 2238 sis,
1342 2183 1396 2229 et
1425 2173 1683 2227 mendicis
1712 2174 1840 2242 ipsis
1872 2172 2058 2233 vilior,
2090 2171 2133 2223 si

571 2271 675 2323 dua
705 2271 912 2324 minuta
941 2267 1215 2334 injeccris,
1256 2271 1426 2314 totum
1462 2258 1767 2327 perfecisti;
1812 2258 1855 2311 si
1885 2257 1980 2310 des
2019 2272 2131 2357 nta-

575 2376 693 2413 zam
723 2375 887 2427 quant
914 2358 1092 2413 solum
1126 2355 1320 2417 habes,
1360 2352 1425 2405 ad
1457 2350 1592 2406 artis
1621 2349 1779 2404 finem
1818 2346 2126 2417 pervenisti.

552 2445 699 2499 llanc
739 2445 915 2511 itaque
942 2444 1280 2511 disciplinam
1310 2484 1323 2507 ,
1355 2442 1493 2497 hanc
1536 2453 1704 2495 artem
1734 2442 2056 2511 accipiamus
2085 2449 2138 2497 et

551 2534 885 2605 impleamus.
918 2533 1214 2603 Optabilius
1239 2534 1433 2603 quippe
1453 2542 1536 2588 est
1566 2533 1705 2586 illum
1739 2532 1952 2597 habere,
1978 2548 2135 2602 quam

551 2641 728 2695 regem
773 2641 929 2690 esse,
962 2634 1013 2680 et
1059 2625 1357 2687 diademate
1396 2626 1595 2678 ornari.
1624 2624 1804 2693 Neque
1831 2627 1970 2679 enim
2002 2624 2137 2680 hanc

552 2718 724 2771 solum
759 2717 1163 2786 prmrogativam
1195 2716 1376 2778 habet,
1404 2715 1543 2783 quod
1573 2717 1783 2768 caneris
1813 2731 1917 2769 non
1951 2726 2134 2784 egeat,

552 2807 645 2862 sed
670 2807 809 2876 quod
838 2807 997 2860 etiam
1029 2805 1192 2859 multa
1221 2814 1273 2859 et
1294 2806 1437 2859 varia
1464 2806 1673 2873 negotia
1703 2804 1963 2874 perficiat.
1995 2806 2124 2860 Nam

552 2899 697 2954 a-des
724 2898 985 2952 construit
1031 2898 1082 2951 in
1113 2896 1259 2951 caelis
1288 2910 1501 2965 semper
1529 2904 1806 2950 manentes
1835 2936 1849 2961 ,
1875 2896 2137 2966 docetque

550 2990 785 3044 cultores
829 3002 957 3043 suos
983 2987 1254 3057 quomodo
1280 2997 1532 3042 wternam
1569 2999 1792 3042 mortem
1841 2990 2089 3059 effugiant
2117 3032 2132 3057 ,

551 3082 935 3150 thesaurosque
960 3080 1053 3134 tibi
1094 3080 1206 3147 dat,
1232 3081 1321 3149 qui
1353 3095 1639 3150 numquam
1676 3081 2032 3147 insumuntur,
2083 3094 2135 3138 et

551 3174 730 3229 damni
756 3182 1008 3243 expertes
1036 3181 1160 3227 sunt
1185 3215 1199 3239 ,
1240 3188 1339 3227 nec
1384 3172 1579 3238 furum,
1612 3188 1707 3227 nec
1731 3176 2009 3237 vermium,
2039 3192 2137 3232 nec

550 3266 948 3328 tinearum,nec
975 3263 1230 3333 temporis
1258 3263 1429 3317 labem
1461 3264 1728 3318 timentes.
1754 3265 1909 3333 Atqui
1933 3266 1975 3318 si
1994 3266 2134 3320 circa

550 3356 801 3411 frumenti
834 3355 1129 3409 custodiam
1157 3355 1316 3410 talem
1366 3355 1457 3408 tibi
1503 3354 1623 3424 quis
1671 3366 1841 3409 artem
1886 3356 2132 3421 doceret,

552 3449 677 3519 quid
710 3464 815 3502 non
844 3448 1002 3501 dares
1029 3456 1086 3500 ut
1124 3460 1310 3515 posses
1338 3446 1518 3499 multis
1539 3446 1690 3501 annis
1725 3446 2047 3502 frumentum
2070 3450 2136 3502 il-

554 3540 737 3593 lzrsnm
770 3552 982 3592 servare
1003 3536 1031 3590 ἲ
1068 3537 1206 3591 Ecce
1229 3536 1363 3590 hanc
1392 3537 1484 3591 tibi
1514 3552 1617 3591 non
1641 3537 1888 3593 frumenti
1910 3550 2131 3607 tantum,

552 3629 647 3684 sed
665 3628 900 3682 omnium
929 3626 1225 3681 custodiam
1246 3626 1563 3697 suppeditat,
1583 3627 1844 3698 docetque
1869 3632 2135 3699 quomodo

551 3733 604 3775 et
636 3724 793 3785 bona,
827 3728 880 3774 et
907 3719 1080 3773 anima
1109 3729 1162 3773 et
1191 3733 1387 3788 corpus
1421 3720 1585 3775 illaesa
1617 3737 1833 3791 semper
1863 3733 2131 3780 maneant.

555 3816 617 3869 Et
644 3830 743 3868 cur
777 3813 906 3867 artis
938 3810 1160 3881 hujusce
1190 3826 1351 3881 opera
1396 3813 1692 3868 minutatim
1720 3818 2135 3886 persequamur?

553 3905 642 3961 Illa
671 3906 866 3976 quippe
916 3914 966 3958 te
993 3903 1151 3958 docet
1193 3917 1299 3972 quo
1327 3912 1479 3971 pacto
1510 3904 1619 3957 Deo
1649 3905 1837 3960 similis
1867 3923 1986 3962 esse
2014 3923 2137 3976 pos-

548 4000 641 4063 sis,
669 3996 811 4066 quod
829 4005 987 4064 caput
1007 4002 1089 4049 est
1106 3995 1344 4049 omnium
1382 3993 1663 4047 bonorum.
1690 3994 1877 4049 Viden’
1901 4011 2005 4065 quo
2037 4013 2132 4066 pa-

549 4098 635 4141 cto
667 4102 769 4139 nim
796 4101 956 4137 unum
987 4083 1106 4152 ejus
1133 4099 1266 4151 opus
1296 4085 1400 4147 sit,
1438 4084 1532 4137 sed
1573 4084 1840 4152 plurima?
1875 4088 2001 4142 Sine
2030 4089 2134 4143 ulla

550 4178 769 4231 alterius
800 4177 928 4229 artis
967 4188 1069 4245 ope
1094 4174 1282 4228 domos
1321 4177 1585 4229 construit
1610 4217 1625 4240 ,
1658 4187 1832 4232 vestes
1875 4182 2131 4248 contexit,

561 4267 843 4322 thesauros
867 4273 1089 4335 apparat
1117 4271 1278 4329 tutos,
1304 4266 1491 4319 mortis
1519 4267 1750 4322 victores
1780 4269 1953 4325 reddit
1977 4314 1991 4339 ,
2022 4274 2135 4328 dia—

526 4359 677 4414 bolo
700 4359 943 4427 imperat,
975 4357 1083 4410 Deo
1105 4355 1308 4411 similes
1331 4356 1507 4412 efﬁcit.
1527 4358 1662 4426 Quid
1682 4374 1811 4431 ergo
1834 4363 2009 4418 utilius
2037 4365 2134 4419 hac

561 4463 677 4506 arte
701 4451 722 4504 ?
752 4451 880 4504 Alia:
912 4464 1141 4519 namque
1169 4457 1312 4503 artes
1336 4491 1350 4515 ,
1374 4458 1566 4519 praeter
1585 4466 1645 4507 ea
1668 4468 1784 4521 quae
1806 4452 1942 4508 dicta
1970 4466 2091 4510 sunt
2114 4500 2127 4523 ,

551 4560 670 4599 cum
720 4541 964 4613 prmsenti
1010 4542 1112 4595 vita
1163 4550 1514 4611 prmtereunt,
1549 4558 1667 4597 cum
1696 4544 1928 4601 artifices
1959 4562 2129 4617 agro-

554 4645 688 4701 tant,
710 4636 813 4689 illa:
843 4641 1074 4699 cessant,
1099 4647 1262 4701 opera
1293 4649 1504 4703 quoque
1542 4650 1725 4691 eorum
1772 4653 1880 4694 non
1925 4656 2136 4711 perma-

554 4738 704 4791 nent,
742 4727 921 4781 labore
950 4734 1004 4779 et
1035 4734 1276 4794 tempore
1312 4727 1479 4780 multo
1513 4740 1691 4799 egent,
1724 4732 1948 4803 aliisque
1974 4736 2132 4791 innu-

557 4823 754 4876 meris:
790 4820 905 4874 haec
934 4834 1062 4873 vero
1084 4828 1204 4886 post
1250 4820 1437 4875 mundi
1480 4822 1638 4877 finem
1670 4827 1905 4881 maxime
1946 4828 2130 4899 fulget,

552 4923 671 4983 post
699 4919 923 4965 mortem
952 4910 1180 4963 maxime
1201 4911 1462 4980 splendet.
1481 4923 1535 4968 et
1564 4930 1723 4984 opera
1752 4931 1844 4971 sua
1866 4922 2129 4989 ostendit,

551 5018 723 5072 neque
773 5013 1013 5069 tempore
1044 5001 1125 5055 vel
1155 5001 1337 5057 labore
1377 5006 1546 5073 eget’,
1578 5022 1746 5077 neque
1771 5011 1871 5064 alia
1912 5027 1970 5066 re
1999 5030 2131 5083 qua-

556 5097 697 5167 piam
725 5112 740 5159 ;
769 5094 862 5148 sed
888 5136 903 5160 ,
943 5103 994 5149 te
1032 5110 1243 5165 quoque
1288 5107 1577 5167 a‘grotante
1605 5108 1659 5154 et
1686 5104 1835 5157 senio
1855 5105 2097 5161 confecto
2116 5151 2129 5175 ,

549 5200 823 5261 operatur,
845 5203 905 5242 ac
923 5198 1094 5244 tecum
1119 5190 1169 5243 in
1193 5190 1418 5243 futuram
1442 5191 1596 5246 vitam
1618 5196 1826 5262 transit,
1848 5213 2132 5269 numquam

554 5292 607 5336 te
652 5280 944 5349 relinquit;
989 5290 1038 5335 te
1087 5282 1340 5349 sopliistis
1371 5293 1425 5337 et
1463 5284 1763 5340 rhetoribus
1803 5290 2130 5357 superiorem

550 5372 744 5427 reddit.
780 5372 908 5426 Nam
937 5372 1024 5439 qui
1058 5372 1109 5425 in
1138 5373 1239 5427 illis
1260 5374 1463 5428 artibus
1489 5374 1712 5443 florent,
1744 5379 1921 5434 multis
1943 5381 2133 5437 invidis

554 5464 748 5532 objecti
781 5474 905 5517 sunt
936 5482 949 5516 :
983 5464 1069 5532 qui
1103 5474 1277 5517 antctn
1314 5468 1365 5518 in
1399 5466 1497 5521 hac
1525 5470 1796 5537 conspicui
1821 5482 1964 5537 sunt,
1997 5475 2135 5529 mul-

551 5561 724 5606 torum
756 5553 1001 5622 precibus
1029 5552 1396 5622 juvantur.llli
1423 5556 1636 5628 quidem
1664 5557 1936 5618 hominum
1966 5564 2133 5621 tribu-

1654 451 1826 505 neque
1853 435 1995 490 enim
2023 435 2135 488 sola

617 5724 631 5753 ί
670 5731 813 5784 L'nus,
837 5737 985 5785 neque
1011 5726 1171 5775 labore
1197 5733 1315 5788 eget.

1283 323 1340 377 S.
1371 322 1647 378 JOANNIS
1685 319 2157 377 CllRYSOS’l‘UMl
2200 322 2512 381 AllClllEP.
2543 326 3075 389 CONSTANTINOP.

3720 344 3827 401 5‘34

2248 436 2459 494 nalibus
2479 441 2710 507 adstant,
2745 445 3040 517 injuriaqoe
3062 448 3280 505 allectos
3310 452 3623 525 defendunt,
3642 470 3697 513 et
3726 476 3821 515 sa:-

2246 540 2312 595 pe
2362 528 2609 599 injuriatn
2658 533 3011 590 inferentibus
3050 550 3451 607 patroctnantur
3494 564 3507 600 :
3553 546 3667 602 lta‘c
3694 566 3831 604 vero

2244 630 2367 674 ante
2395 623 2621 677 tribunal
2643 624 2839 682 Christi
2864 645 2923 683 se
2945 630 3106 693 sistit,
3128 648 3225 688 nec
3246 634 3416 689 solum
3444 641 3826 705 patrocinatur.

2245 709 2337 763 sed
2372 711 2466 779 ipsi
2494 728 2703 784 quoque
2728 715 2897 771 Judici
2925 721 3149 786 suadet,
3188 734 3241 775 ut
3275 728 3634 791 patrocinetur
3658 732 3726 793 ei,
3760 733 3831 787 de

2246 816 2351 868 quo
2373 803 2628 869 judicium
2662 807 2968 873 instituitur,
3004 820 3058 864 et
3087 828 3181 882 pro
3210 816 3300 868 illo
3326 821 3639 873 sententiam
3670 822 3827 887 ferat;

2244 893 2451 946 etiamsi
2485 897 2677 950 millies
2709 903 3025 967 peccaverit,
3050 916 3271 960 coronat
3300 916 3352 961 et
3376 912 3625 977 pt‘wdiCat
3651 915 3827 968 illum.

2243 981 2374 1036 Nam
2418 987 2492 1039 ait
2537 1004 2549 1039 :
2605 988 2734 1043 Date
2763 992 3129 1065 eleemosynam
3154 1039 3169 1063 ,
3202 1010 3245 1051 et
3273 1003 3441 1054 omm’a
3471 1007 3659 1058 nnmda
3684 1020 3829 1062 erunt

2246 1075 2263 1143 (
2291 1074 2415 1128 Luc.
2453 1079 2537 1131 Η.
2563 1081 2622 1133 ll
2649 1081 2691 1152 ).
2721 1083 2921 1152 Ecquid
2951 1086 3123 1141 futura
3152 1089 3272 1144 dico
3294 1090 3317 1143 ?
3342 1091 3397 1147 Si
3434 1096 3576 1147 enim
3608 1097 3659 1150 in
3692 1114 3831 1166 pne-

2244 1166 2380 1219 senti
2406 1168 2512 1221 vita
2542 1168 2784 1226 homines
2814 1175 3209 1231 sciscitaremur
3228 1180 3352 1249 quid
3384 1184 3703 1249 mallent,an
3734 1204 3828 1241 so-

2246 1253 2453 1323 phistas
2496 1267 2551 1312 et
2592 1261 2838 1316 rhetores
2864 1279 2984 1319 esse
3024 1267 3216 1323 multos
3237 1310 3253 1335 ,
3282 1287 3349 1325 an
3376 1274 3749 1332 misericordes
3771 1290 3829 1334 et

2244 1344 2498 1416 benignos
2529 1368 2541 1403 :
2572 1348 2675 1403 hoc
2697 1351 2940 1407 ultimum
2960 1357 3135 1424 potius
3161 1360 3415 1429 eligerent
3442 1380 3455 1429 ;
3488 1375 3538 1419 et
3564 1366 3687 1435 jure
3710 1371 3832 1438 qni-

2241 1436 2383 1493 dem.
2414 1440 2543 1494 Nam
2583 1444 2625 1496 si
2673 1445 2916 1500 facundia
2967 1449 3202 1514 tollatur,
3251 1454 3387 1508 nihil
3421 1458 3548 1511 mali
3591 1436 3827 1517 invitam

2243 1542 2481 1586 nostram
2506 1535 2906 1604 importabitur;
2931 1552 3213 1612 antequam
3240 1547 3381 1601 enim
3406 1550 3490 1603 illa
3519 1553 3827 1618 exsisteret,

2241 1623 2409 1676 nmlto
2443 1634 2680 1694 tempore
2712 1631 2947 1686 constitit
2976 1651 2989 1687 :
3021 1635 3065 1687 si
3094 1651 3224 1691 vero
3258 1639 3677 1699 misericordiam
3706 1662 3827 1701 sus-

2245 1714 2446 1782 tuleris,
2480 1719 2656 1771 omnia
2703 1722 2968 1789 peribunt.
2994 1723 3061 1778 Et
3086 1729 3530 1795 quemadmodum
3559 1749 3655 1803 per
3676 1752 3829 1793 mare

2243 1806 2488 1874 navigare
2516 1824 2619 1862 non
2659 1812 2851 1881 possis,
2887 1817 2930 1867 si
2962 1824 3143 1883 portus
3174 1827 3229 1872 et
3253 1822 3511 1878 stationes
3529 1826 3778 1882 obstruas
3800 1845 3819 1883 :

2241 1898 2318 1952 sic
2346 1916 2449 1952 non
2480 1912 2652 1969 potest
2693 1903 2807 1958 haec
2833 1906 2939 1959 vita
2972 1918 3238 1976 constare,
3278 1911 3322 1966 si
3369 1915 3786 1972 misericordiam
3810 1962 3826 1987 ,

2240 1990 2445 2044 veniam
2479 2001 2532 2045 et
2557 1992 2937 2051 humanitatem
2965 2000 3264 2054 sustuleris.

2311 2078 2364 2133 5.
2405 2080 2742 2151 Quapropter
2769 2101 2873 2139 non
2908 2087 3140 2144 humano
3182 2091 3352 2145 solum
3382 2096 3661 2152 ratiocinio
3707 2100 3824 2156 lirec

2241 2170 2384 2225 Deus
2412 2175 2670 2241 permisit,
2702 2177 2792 2231 sed
2822 2189 2873 2231 et
2900 2182 3090 2235 multas
3113 2197 3295 2237 eorum
3330 2195 3505 2254 partes
3542 2200 3749 2269 naturae
3777 2194 3828 2247 vi

2241 2262 2450 2316 insevit.
2481 2264 2573 2319 Sic
2606 2277 2781 2334 patres
2808 2278 2860 2322 et
2882 2280 3079 2325 matres
3101 2288 3222 2342 erga
3246 2275 3439 2331 liberos
3465 2265 3831 2337 misericordia

2242 2364 2556 2420 moventur;
2588 2359 2665 2410 sic
2687 2358 2775 2419 filii
2797 2375 2916 2429 erga
2943 2371 3187 2428 parentes
3214 2382 3226 2419 ε
3256 2382 3426 2437 neque
3449 2369 3500 2423 in
3529 2370 3835 2429 hominibus

2243 2452 2466 2509 tantum,
2488 2446 2579 2500 sed
2603 2448 2653 2499 in
2672 2447 2840 2503 brutis
2860 2468 2871 2500 :
2893 2452 3189 2523 eodemque
3204 2466 3327 2509 sunt
3342 2458 3511 2513 affecti
3537 2460 3695 2515 modo
3717 2461 3833 2517 fra-

2244 2542 2371 2600 tres,
2403 2537 2686 2607 propinqui
2708 2550 2758 2593 et
2805 2542 2992 2595 affines
3011 2585 3025 2609 ,
3055 2552 3110 2598 et
3138 2544 3382 2602 homines
3406 2550 3493 2603 alii
3522 2567 3645 2620 erga
3672 2554 3831 2610 alios.

2242 2625 2287 2679 A
2317 2638 2502 2681 natura
2525 2629 2721 2699 quippe
2752 2633 2903 2699 proni
2934 2633 2999 2687 ad
3028 2636 3447 2693 misericordiam
3476 2657 3682 2701 sumus.
3708 2646 3833 2700 Ideo

2242 2716 2381 2771 circa
2416 2718 2605 2788 injuria
2641 2720 2859 2777 affectos
2900 2724 3268 2795 indignamur,
3302 2729 3443 2783 circa
3483 2732 3836 2806 interemptos

2247 2805 2521 2874 dolemus,
2572 2811 2615 2865 si
2649 2812 2889 2882 lugentes
2930 2817 3244 2887 videamus,
3285 2821 3657 2891 lacrymamur.
3699 2830 3833 2894 Quia

2242 2899 2383 2954 enim
2432 2904 2539 2955 vult
2587 2904 2723 2959 Deus
2749 2946 2764 2969 ,
2812 2915 2867 2961 ut
2898 2908 2949 2961 id
2990 2909 3347 2989 observetur,
3404 2924 3645 2972 naturam
3673 2922 3834 2990 jussit.

2242 2990 2406 3044 multa
2439 2991 2536 3047 hac
2564 2993 2613 3047 in
2646 3009 2704 3048 re
2730 3011 2794 3051 ex
2826 3013 2884 3052 se
2909 3001 3171 3066 conferre,
3204 3005 3494 3063 ostendens
3520 3008 3571 3063 id
3591 3011 3690 3065 sibi
3720 3029 3835 3067 ma-

2242 3079 2383 3133 xime
2410 3081 2459 3134 in
2488 3085 2683 3151 aptatis
2712 3100 2853 3141 esse.
2882 3088 3007 3143 Hzee
3034 3091 3211 3161 itaque
3230 3095 3409 3149 animo
3435 3111 3707 3157 versantes
3729 3145 3744 3167 ,
3777 3114 3831 3157 et

2241 3184 2339 3223 nos
2370 3181 2420 3224 rt
2463 3173 2599 3227 filios
2640 3184 2691 3228 et
2731 3178 3057 3247 pr0pinquos
3089 3182 3152 3236 ad
3182 3185 3542 3259 eleemosynm
3590 3192 3828 3249 scholam

2240 3258 2496 3316 ducamus
2520 3281 2534 3327 ;
2564 3264 2665 3319 hoc
2688 3277 2809 3321 ante
2838 3271 3012 3323 omnia
3041 3273 3210 3328 discat
3232 3275 3421 3344 homo;
3453 3296 3572 3334 nam
3604 3284 3725 3337 illud
3750 3297 3829 3339 est

2243 3350 2507 3406 hominem
2533 3370 2654 3411 esse
2675 3373 2689 3419 ;
2724 3357 2913 3429 Magna
2936 3362 3122 3432 quippe
3146 3382 3225 3419 res
3251 3376 3320 3421 est
3342 3368 3511 3433 homo,
3542 3384 3590 3426 et
3613 3378 3831 3443 pretiosa

2240 3457 2318 3495 res
2346 3453 2419 3496 est
2446 3445 2521 3497 vir
2541 3447 2858 3524 misericors(
2884 3451 3038 3508 Prov.
3069 3454 3160 3510 20.
3191 3458 3262 3528 6)
3288 3477 3300 3523 ;
3334 3461 3377 3514 si
3407 3462 3454 3516 id
3487 3480 3590 3519 non
3614 3465 3830 3534 habeat,

2240 3545 2269 3585 a
2296 3542 2483 3588 natura
2509 3538 2738 3593 hominis
2758 3540 2974 3597 decidit.
3003 3545 3111 3600 lloc
3132 3550 3399 3616 sapientes
3418 3552 3597 3610 efficit.
3627 3559 3827 3629 Ecquid

2241 3624 2471 3693 miraris,
2503 3628 2547 3681 si
2578 3628 2681 3683 hoc
2703 3641 2783 3685 est
2807 3631 3072 3689 hominem
3102 3641 3255 3694 esse?
3278 3641 3390 3696 [loc
3414 3655 3496 3699 est
3522 3647 3656 3703 Deus
3686 3668 3828 3717 esse;

2241 3732 2362 3771 nam
2385 3720 2457 3773 ait
2482 3738 2494 3774 :
2518 3718 2693 3776 Eslote
2714 3725 3079 3794 misericordes,
3103 3732 3231 3785 sicut
3253 3744 3298 3786 et
3319 3733 3473 3791 Pater
3492 3750 3649 3793 vester
3674 3742 3829 3815 (an.

2240 3810 2293 3865 6.
2327 3812 2454 3882 36).
2488 3813 2762 3872 Discamus
2799 3817 2957 3887 igitur
2985 3822 3358 3882 misericordes
3397 3846 3545 3894 esse,
3581 3843 3687 3888 tum
3714 3855 3832 3893 om-

2243 3905 2387 3958 nium
2415 3919 2575 3961 causa
2597 3947 2610 3969 ,
2642 3918 2750 3963 tum
2785 3912 3016 3967 maxime
3046 3916 3185 3984 quod
3216 3928 3268 3973 et
3301 3921 3397 3989 ipsi
3430 3926 3589 3979 multa
3618 3929 3829 3985 miseri-

2240 3995 2419 4049 Cordia
2445 4012 2713 4067 egeamus.
2745 3999 2927 4071 Neque
2956 4020 3055 4059 nos
3081 4008 3254 4063 vivere
3285 4024 3527 4079 putemus
3556 4033 3661 4086 quo
3690 4029 3830 4074 tem-

2242 4099 2369 4153 pore
2394 4087 2767 4143 misericordes
2789 4108 2892 4147 non
2924 4108 3138 4163 sumus;
3170 4099 3237 4154 de
3258 4102 3593 4177 eleemosyna
3616 4110 3828 4181 loquor,

2239 4193 2357 4247 qua:
2379 4179 2446 4233 ab
2475 4181 2695 4235 avaritia
2721 4197 2774 4237 et
2800 4187 2981 4255 rapina
3016 4204 3143 4258 pura
3169 4194 3254 4246 sit.
3288 4193 3341 4250 Si
3370 4198 3511 4253 enim
3552 4204 3638 4271 qui
3674 4205 3831 4262 hoais

2240 4269 2351 4321 suis
2372 4279 2675 4337 contentus,
2702 4274 2830 4329 nihil
2850 4278 2964 4332 aliis
2986 4279 3226 4350 largitur,
3252 4300 3355 4340 non
3382 4299 3463 4343 est
3488 4292 3821 4352 misericors:

2240 4361 2329 4431 qui
2357 4364 2526 4417 aliena
2560 4367 2716 4434 rapit,
2746 4371 3012 4437 quomodo
3039 4375 3343 4433 misericors
3369 4379 3467 4444 sit,
3499 4386 3705 4440 etiamsi
3739 4389 3821 4441 in-

2242 4469 2461 4509 numera
2509 4460 2728 4527 eroget?
2767 4460 2898 4515 Nam
2949 4464 2991 4517 si
3035 4464 3078 4519 is
3119 4469 3206 4536 qui
3249 4470 3358 4524 suis
3388 4482 3586 4529 tantum
3629 4479 3820 4536 fruitur

2241 4546 2412 4610 bonis,
2437 4556 2488 4601 et
2516 4549 2642 4603 nihil
2667 4551 2900 4620 largitur,
2922 4554 3297 4614 iminisericors
3324 4575 3402 4617 est
3430 4583 3442 4618 :
3466 4567 3630 4620 multo
3653 4586 3825 4641 magis

2241 4636 2285 4690 is
2315 4638 2402 4707 qui
2435 4638 2605 4692 aliena
2637 4641 2850 4712 abripit.
2886 4644 2939 4699 Si
2974 4648 3005 4700 ii
3037 4651 3125 4716 qui
3151 4651 3278 4706 nihil
3299 4654 3476 4710 damni
3506 4658 3819 4725 intulerunt,

2242 4729 2542 4798 plectuntur
2561 4770 2576 4797 ,
2605 4734 2725 4801 quia
2760 4736 2930 4804 largiti
2958 4754 3061 4791 ηοω
3090 4752 3214 4796 sunt
3245 4762 3257 4797 :
3290 4748 3455 4801 multo
3479 4753 3643 4821 magis
3673 4753 3707 4806 ii
3730 4758 3821 4823 qui

2239 4820 2409 4875 aliena
2433 4832 2739 4891 rapuerunt.
2761 4825 2837 4880 Ne
2859 4828 3014 4898 igitur
3032 4831 3169 4887 dixe:
3185 4833 3249 4901 is,
3275 4838 3424 4892 Alius
3450 4820 3642 4912 injuste
3666 4846 3826 4905 lzesus

2241 4921 2342 4979 est,
2371 4923 2422 4968 et
2452 4914 2587 4968 alius
2609 4916 3001 4989 eleemosynam
3024 4938 3099 4977 act
3122 4925 3232 4993 ipit.
3260 4928 3311 4983 In
3341 4928 3439 4985 hoc
3457 4935 3596 4987 enim
3624 4940 3825 4993 malum

2241 5015 2505 5058 versatur.
2542 5005 2645 5061 Par
2672 5010 2869 5078 quippe
2908 5022 3025 5066 erat
3063 5017 3306 5073 eumdem
3335 5022 3503 5089 ipsum
3533 5027 3620 5095 qui
3666 5028 3827 5086 laesus

2240 5104 2340 5158 est,
2372 5096 2764 5168 eleemosynam
2786 5103 3029 5172 accipere
3062 5123 3075 5158 :
3110 5122 3247 5163 nunc
3273 5127 3399 5165 vero
3432 5114 3564 5171 alios
3593 5119 3830 5175 vulneri-

2242 5189 2340 5244 bus
2360 5189 2545 5255 afficis,
2568 5199 2621 5245 et
2640 5192 2862 5248 aliorum
2884 5198 3098 5252 vulnera
3123 5217 3295 5266 coras,
3318 5221 3450 5274 quos
3479 5225 3583 5264 non
3605 5214 3829 5271 vulnere

2240 5278 2482 5345 afl'ecisti,
2505 5296 2623 5335 cum
2651 5292 2923 5352 oporteret
2948 5287 3063 5342 illos
3090 5290 3234 5359 ipsos
3260 5309 3478 5355 curare:
3511 5300 3617 5354 imo
3647 5304 3828 5373 ρςιιξυε

2241 5386 2347 5425 ηοη
2382 5372 2714 5430 vulnerasse.
2742 5376 3005 5449 Bcnignus
3026 5384 3163 5436 enim
3188 5384 3273 5439 ille
3299 5396 3397 5453 ρει,
3432 5405 3535 5445 non
3560 5372 3828 5461 quicmdit

2240 5470 2295 5514 et
2319 5471 2497 5529 postea
2525 5473 2694 5532 curat,
2711 5466 2805 5521 sed
2831 5471 2917 5538 qui
2942 5472 3008 5525 ab
3034 5473 3153 5526 aliis
3180 5476 3483 5535 vulneratos
3507 5494 3677 5538 Curat.
3696 5486 3829 5551 Tuis

2241 5566 2366 5621 ergo
2393 5552 2547 5607 malis
2574 5556 2853 5624 medearis,
2888 5576 2993 5615 non
3021 5564 3208 5619 alienis
3234 5584 3248 5631 ;
3285 5568 3391 5621 imo
3420 5587 3545 5625 vero
3573 5590 3673 5630 nec
3697 5592 3822 5647 per-

2241 5641 2412 5695 cutias
2436 5683 2450 5706 ,
2484 5658 2580 5697 nec
2621 5644 2838 5715 dejicias
2869 5652 2887 5718 (
2913 5650 3013 5706 hoc
3046 5656 3189 5709 enim
3217 5656 3447 5714 ludentis
3479 5664 3659 5735 esset)
3680 5641 3711 5730 ξ
3729 5676 3825 5727 sed

2242 5732 2477 5802 dejectos
2507 5738 2672 5806 erige.
2704 5739 2881 5811 Neque
2912 5746 3051 5800 enim
3080 5756 3230 5818 potes
3251 5751 3437 5809 eadem
3469 5754 3826 5829 eleemosyna:
