4052 6228
337 311 447 369 525

323 443 572 485 mensura
595 428 791 484 malum
818 447 879 483 ex
906 431 1126 485 avaritia
1148 430 1344 485 illatum
1363 448 1571 491 curare.
1590 433 1718 487 Nam
1740 436 1783 488 si
1802 435 1905 487 oho

321 523 431 574 Iuni
452 522 824 590 rapueris,non
841 532 914 575 sat
926 521 967 574 is
983 533 1061 575 est
1079 523 1290 575 oholum
1304 524 1353 575 in
1369 521 1761 595 cleemosyuam
1782 525 1927 581 dare.

321 625 370 665 ut
394 616 593 680 rapina:
618 613 768 666 ulcus
790 628 966 675 sanes;
991 614 1082 667 sed
1109 616 1303 669 talento
1325 632 1459 685 opus
1477 629 1575 669 est.
1600 619 1719 671 Ideo
1740 618 1820 670 fur
1836 619 1927 670 de-

322 704 618 773 prehensus
635 704 986 771 quadruplum
1013 706 1292 759 restituere
1319 708 1524 776 Cogitur
1548 708 1833 776 (Exodfiﬂ.
1848 710 1866 761 1
1882 710 1919 773 ).

322 797 527 862 liaptor
566 809 741 848 autem
778 808 855 848 est
905 800 1019 850 lure
1067 800 1233 866 pejor.
1263 799 1315 853 Si
1346 816 1478 853 vero
1521 802 1664 852 illum
1697 802 1926 869 quadrn-

321 888 465 955 plnm
503 886 632 937 dare
664 896 877 952 Oportet
915 887 990 957 (u)
1013 930 1024 946 ,
1070 898 1333 957 raptorem
1368 891 1648 959 dei-uplntn
1683 902 1733 945 et
1762 894 1925 943 multo

322 983 443 1047 plus
467 981 751 1031 restitui-re
776 994 869 1048 par
887 990 999 1041 est;
1026 990 1184 1049 atque
1207 984 1440 1051 optabile
1463 994 1542 1035 est
1570 985 1647 1036 vel
1672 988 1746 1036 sic
1772 1002 1924 1052 posse

328 1071 491 1124 Deum
524 1072 592 1122 ob
623 1069 930 1136 iniustitiam
962 1074 1170 1138 placare
1205 1091 1215 1123 :
1252 1085 1373 1127 tunc
1399 1076 1540 1128 enim
1568 1092 1669 1128 non
1693 1076 1924 1128 eleemo-

318 1179 469 1231 sina:
501 1164 724 1215 b-uctuiu
757 1163 997 1232 recipiet.
1043 1163 1165 1218 Ideo
1192 1166 1475 1219 Zaccliaeus
1527 1167 1649 1219 dicit
1677 1185 1688 1217 :
1721 1168 1923 1235 Siquid

318 1256 545 1323 aliqum:
581 1255 907 1322 defraudari,
945 1259 1155 1309 reddam
1183 1260 1521 1327 quadruplum
1546 1303 1558 1324 ,
1588 1270 1633 1311 ct
1658 1260 1920 1311 dimidium

319 1346 567 1397 bonorum
594 1362 815 1397 meorum
838 1346 967 1399 dabo
995 1348 1297 1417 pauperibus
1323 1352 1339 1417 (
1362 1348 1484 1402 Luc.
1533 1350 1616 1403 19.
1646 1350 1679 1404 8
1699 1358 1738 1419 ).
1768 1350 1919 1414 Quod

318 1438 364 1490 si
396 1439 446 1490 in
474 1438 486 1489 I
511 1453 587 1505 -ge
608 1437 961 1507 quadruplum
996 1439 1219 1493 reddere
1241 1441 1538 1508 oportebat,
1564 1442 1731 1495 ntulto
1754 1442 1919 1511 magis

323 1529 375 1582 in
408 1530 604 1597 gratia.
634 1526 687 1582 Si
721 1530 887 1582 furem
922 1538 1125 1583 tantum
1163 1532 1441 1586 restituere
1480 1543 1721 1600 oportet,
1754 1534 1918 1586 multo

315 1624 486 1690 magis
515 1631 801 1691 raptorem.
833 1621 962 1674 Nam
1002 1632 1192 1691 przclcr
1218 1623 1502 1688 damnum,
1535 1625 1916 1678 contumeliosa

314 1722 462 1765 certe
479 1726 562 1765 res
580 1720 680 1768 est.
704 1712 880 1780 Itaque
897 1713 1100 1765 etiamsi
1122 1713 1426 1781 centuplum
1450 1714 1759 1777 reddideris,
1785 1730 1919 1768 non-

313 1802 441 1854 dum
471 1812 637 1855 totum
661 1802 875 1856 dedisti.
904 1802 1088 1857 Viden’
1120 1820 1205 1858 me.
1248 1819 1349 1861 nOn
1377 1804 1563 1859 frustra
1595 1806 1791 1859 dixisse
1815 1851 1828 1872 ,
1861 1809 1915 1862 Si

314 1895 532 1947 obolum
556 1895 796 1961 rapuisti,
829 1894 991 1948 redde
1014 1896 1270 1949 talentum
1291 1897 1312 1948 ?
1333 1898 1407 1950 sic
1429 1898 1587 1951 etiam
1612 1898 1699 1951 vix
1723 1899 1913 1952 vulnus

321 1993 472 2037 tmnn
501 1984 735 2038 curabis.
768 1983 918 2049 Quod
946 1985 988 2038 si
1016 1986 1099 2038 vel
1130 1986 1231 2038 hoc
1261 1985 1482 2047 faciens,
1512 1988 1602 2040 vix
1628 2003 1785 2041 cures
1817 2006 1829 2038 :
1864 1988 1910 2041 si

321 2074 567 2128 ordinem
602 2076 857 2140 invertas,
891 2076 1228 2145 integrasque
1261 2078 1627 2145 possessiones
1650 2080 1909 2146 rapueris,

380 2208 459 2272 (ιι)
495 2216 581 2257 t-‘ur
606 2208 954 2271 deprehensus
976 2210 1297 2273 quadriiplnni
1336 2213 1599 2262 restituere
1623 2214 1909 2277 cogebatur.

1366 318 1431 374 IN
1468 320 1871 378 MATTIIEUM
1913 322 2139 379 llOMIL.
2182 325 2311 381 Llll.
2355 329 2425 385 al.
2470 327 2598 384 LIV.

3525 356 3632 413 526

2047 454 2208 505 pauca
2241 456 2365 494 vero
2396 447 2697 513 erogaveris
2719 490 2732 513 ,
2772 465 2945 521 neque
2979 453 3082 510 illis
3114 474 3247 527 quos
3288 461 3469 518 Iarsisti
3490 507 3505 531 ,
3534 469 3626 523 sed

2037 530 2190 593 aliis,
2235 549 2394 601 quam
2446 536 2812 594 defensionem
2863 544 3135 602 habebis?
3175 569 3332 619 quam
3384 530 3631 615 veniam?

2037 635 2194 689 quam
2217 639 2364 692 spem
2398 628 2623 682 salutis?
2655 630 2744 686 Vis
2776 634 2913 690 seire
2939 652 3194 705 quantum
3220 645 3413 699 malum
3440 648 3625 719 facias,

2034 713 2158 767 dum
2183 717 2257 770 sic
2278 718 2369 769 das
2391 720 2817 792 eleemosynam?
2836 728 2970 781 Audi
2992 730 3315 801 Scriptut‘am
3335 713 3620 798 dicentem;

2036 804 2177 858 Sicut
2207 811 2291 877 qui
2317 812 2479 877 [ilium
2509 830 2674 867 coram
2703 829 2844 885 patre
2873 838 2968 873 suo
2994 824 3249 889 inter/icit,
3272 830 3341 881 sic
3368 833 3451 894 qui
3476 833 3620 899 offert

2032 899 2334 966 sacriﬁcium
2361 918 2423 954 ea:
2445 906 2665 967 pecuniis
2687 925 2960 977 pauperum
2981 913 2999 983 (
3018 913 3182 969 Eccli.
3208 919 3294 974 54.
3318 920 3385 973 21
3412 924 3453 989 ).
3478 923 3622 978 llauc

2038 989 2214 1057 itaque
2246 994 2710 1050 commutationem
2745 1000 2793 1051 in
2829 1015 3003 1056 mente
3033 1007 3408 1071 inseribentes.
3442 1014 3617 1069 disce-

2029 1078 2212 1133 damus
2245 1100 2255 1135 :
2288 1083 2421 1137 hanc
2453 1087 2502 1137 in
2536 1088 2698 1141 muris
2726 1131 2737 1148 .
2788 1093 2837 1143 in
2867 1097 3109 1151 manibus
3130 1142 3142 1159 ,
3175 1100 3225 1153 in
3253 1104 3575 1159 conscientia
3601 1148 3618 1171 ,

2028 1183 2075 1224 et
2108 1173 2299 1242 ubique
2342 1176 2635 1231 scribamus
2666 1196 2680 1233 :
2714 1190 2767 1235 ut
2817 1184 2899 1237 l.ic
2944 1186 3131 1242 saltem
3164 1203 3334 1246 metus
3361 1194 3411 1247 in
3440 1205 3619 1249 mente

2029 1274 2205 1315 nostra
2263 1266 2449 1331 vigens
2492 1284 2681 1324 manus
2724 1283 2931 1328 nostras
2971 1294 2998 1330 a
3026 1283 3344 1347 quotidiauis
3384 1288 3620 1342 caedibus

2033 1353 2301 1407 cohibeat.
2333 1356 2486 1408 det:
2514 1359 2717 1427 quippe
2738 1362 2975 1413 deterior
2997 1374 3077 1416 est
3108 1367 3291 1431 rapina
3321 1386 3441 1435 qua:
3471 1387 3603 1437 pau-

2034 1444 2182 1496 latim
2223 1460 2509 1513 pauperem
2542 1452 2834 1505 consumit.
2887 1454 2954 1507 Ut
3001 1456 3161 1522 igitur
3184 1457 3252 1509 ab
3285 1458 3385 1511 boc
3420 1459 3599 1526 inqui-

2030 1546 2284 1588 namento
2313 1539 2324 1566 ¹
2356 1539 2471 1603 puri
2508 1539 2699 1603 simus,
2739 1544 2850 1596 lnec
2879 1546 3196 1598 meditemur
3232 1558 3281 1600 ct
3322 1564 3442 1602 cum
3479 1552 3600 1605 aliis

2029 1626 2430 1695 colloquantur.
2471 1630 2542 1682 lla
2579 1632 2724 1684 enim
2752 1634 2818 1685 ad
2851 1636 3279 1691 misericordiam
3314 1642 3599 1709 proniores

2026 1716 2252 1779 erimus,
2283 1733 2590 1787 puramque
2613 1722 2983 1789 adipiscentur
3013 1728 3341 1794 mercedem,
3366 1741 3598 1787 aeterna-

2024 1822 2130 1875 que
2161 1808 2301 1861 bona
2329 1824 2748 1880 consequemur,
2785 1817 2957 1884 gratia
3002 1826 3058 1870 et
3085 1819 3463 1877 misericordia
3491 1825 3596 1878 Do—

2022 1898 2155 1951 mini
2199 1901 2372 1953 nostri
2410 1900 2539 1954 .lesu
2594 1902 2819 1968 Christi,
2863 1906 2950 1959 cui
2993 1907 3161 1976 gloria
3203 1920 3257 1965 et
3300 1912 3590 1981 imperium

2021 2002 2144 2043 cum
2185 1992 2341 2046 Patre
2371 2004 2426 2046 et
2460 1993 2663 2063 Spiritu
2693 2008 2901 2064 sancto,
2935 2016 3081 2057 nunc
3108 2012 3163 2058 et
3192 2018 3427 2075 semper,
3451 2014 3505 2060 et
3535 2007 3588 2061 iu

2018 2078 2214 2131 Stecula
2245 2080 2587 2135 saeculorum.
2622 2083 2814 2139 Amen.

2078 2237 2099 2270 ⁸
2122 2237 2237 2299 Alli,
2261 2238 2321 2289 ab
2341 2238 2432 2289 hoc
2455 2242 2638 2291 morbo.

1520 2488 1861 2550 HOMILIA
1908 2491 2071 2550 LIII.
2117 2491 2202 2550 aI.
2251 2491 2409 2549 LIV.

310 2635 438 2688 CAP.
472 2635 555 2689 15.
588 2650 637 2686 v.
667 2635 756 2691 59..
783 2635 933 2688 Iesus
956 2645 1120 2687 autem
1144 2676 1157 2698 ,
1182 2636 1463 2688 convocatis
1494 2637 1755 2704 discipulis
1780 2637 1907 2700 suis,

383 2726 513 2778 dixit
536 2746 559 2778 .·
589 2725 831 2781 Misereor
870 2743 1019 2795 super
1044 2726 1239 2778 turbam
1260 2769 1274 2792 ,
1318 2728 1435 2796 quia
1461 2745 1570 2780 ecce
1608 2729 1710 2791 iam
1743 2727 1909 2779 triduo

382 2819 629 2871 sustinent
676 2834 777 2882 me,
824 2834 913 2871 nec
952 2816 1131 2870 habent
1178 2818 1314 2885 quod
1361 2819 1661 2872 manducent
1691 2834 1709 2872 :
1736 2828 1782 2871 ct
1831 2818 1906 2870 dio

381 2912 581 2963 mittere
607 2928 690 2964 eos
708 2912 916 2981 jejunos
946 2912 1083 2975 nolo,
1118 2927 1178 2963 ne
1201 2911 1435 2977 deﬁciant
1462 2913 1510 2963 in
1537 2912 1634 2965 via.

386 3004 436 3055 1.
465 3002 725 3069 Superius
752 3018 871 3057 cum
918 3002 1218 3069 huiusmodi
1250 3003 1456 3071 signum
1488 3003 1719 3057 facturus
1744 3013 1904 3066 esset,

310 3096 485 3165 primo
506 3096 713 3149 curavit
738 3111 830 3149 eos
855 3096 942 3165 qui
965 3096 1206 3163 corporis
1232 3097 1543 3165 nigritndiue
1565 3098 1866 3151 laborarent
1889 3117 1901 3152 :

306 3186 539 3255 idipsnin
587 3186 671 3239 hic
722 3185 887 3240 facit:
929 3196 1048 3255 post
1087 3203 1348 3240 czrcoruni
1399 3198 1555 3257 atque
1596 3188 1904 3243 claudor-uin

299 3280 641 3332 curationem
676 3279 724 3331 in
755 3278 982 3347 idipsunt
1014 3294 1195 3332 rursus
1228 3281 1427 3333 incidit.
1456 3281 1561 3333 Cur
1582 3293 1757 3335 autem
1783 3292 1907 3336 tunc

300 3368 563 3423 dixerunt
588 3369 834 3437 discipuli
859 3410 872 3431 ,
903 3368 1113 3423 Dimitte
1143 3374 1313 3423 tur/sas
1352 3372 1367 3433 (
1404 3372 1585 3425 Matth.
1622 3374 1707 3427 14.
1745 3375 1811 3428 15
1841 3374 1859 3444 )
1888 3393 1900 3428 :

299 3474 449 3512 nunc
480 3474 605 3511 vero
633 3475 737 3511 non
764 3458 1030 3524 dixerunt,
1063 3460 1228 3512 tribus
1258 3472 1429 3513 tamen
1461 3462 1645 3515 diebus
1664 3466 1904 3518 exactis?

299 3548 437 3602 Sive
464 3550 588 3615 quia
616 3551 723 3615 jam
773 3549 845 3601 illi
880 3549 1221 3615 perfectiores
1250 3561 1394 3602 erant
1420 3593 1433 3614 ,
1462 3553 1573 3603 sive
1600 3552 1739 3620 quod
1786 3554 1904 3608 illos

298 3638 549 3692 viderent
582 3654 684 3692 non
709 3648 855 3692 tanto
886 3638 1039 3692 famis
1067 3656 1225 3693 sen~u
1255 3642 1391 3693 allici
1420 3659 1431 3692 :
1459 3656 1576 3694 nam
1603 3642 1652 3694 in
1679 3644 1761 3704 iis,
1786 3659 1902 3712 qua:

298 3727 445 3783 facta
467 3740 639 3793 erant,
664 3730 767 3782 Deo
794 3731 1015 3799 gloriam
1040 3747 1077 3783 ri
1099 3729 1355 3785 ferebant.
1378 3732 1478 3786 Sel
1506 3734 1622 3787 vide
1637 3733 1901 3801 quomodo

294 3820 468 3873 etiam
497 3836 634 3873 nunc
660 3836 762 3873 non
799 3821 1112 3889 simpliciter
1137 3822 1203 3875 ad
1248 3824 1559 3876 miraculum
1584 3824 1898 3892 patrandum

296 3914 470 3976 venit,
503 3914 597 3967 Sed
631 3915 747 3967 illos
771 3914 834 3967 ad
865 3914 913 3967 id
947 3926 1152 3969 evocat.
1176 3914 1304 3968 Nam
1330 3915 1496 3968 ιιιτικυ
1522 3917 1754 3985 quidem,
1783 3933 1900 3985 quae.

295 4004 374 4057 ad
406 4005 713 4057 morborum
741 4020 923 4057 curam
950 4016 1240 4069 venerant,
1276 4022 1435 4074 panes
1465 4016 1642 4075 petere
1675 4025 1775 4061 non
1807 4024 1898 4061 au-

295 4096 506 4149 debant
541 4114 552 4148 :
590 4097 703 4163 ipse
749 4112 876 4149 vero
901 4137 916 4162 ,
960 4111 1078 4149 cum
1111 4096 1370 4164 benignus
1400 4100 1467 4149 sit
1506 4107 1555 4150 et
1604 4097 1855 4166 providus
1880 4140 1895 4165 ,

298 4202 412 4241 non
439 4186 741 4254 petentibus
760 4187 923 4250 dedit,
948 4188 1124 4256 aitque
1146 4187 1417 4257 discipulis
1449 4205 1460 4239 :
1489 4188 1731 4242 Misereor
1747 4206 1899 4257 super

297 4280 524 4341 turbam,
549 4281 805 4347 ctjejunos
827 4281 1075 4332 dimittere
1090 4280 1204 4333 illos
1225 4280 1359 4332 nolo.
1387 4280 1459 4333 Ne
1476 4282 1709 4334 dicerent
1730 4282 1894 4345 enim,

299 4371 455 4439 ipsos
499 4387 620 4423 cum
668 4372 858 4425 viatico
890 4372 1100 4425 venisse
1125 4412 1139 4434 ,
1187 4374 1261 4423 ait
1287 4388 1302 4423 :
1332 4371 1450 4423 Jam
1501 4374 1666 4425 triduo
1705 4388 1896 4425 mecum

298 4474 457 4525 sunt;
487 4464 555 4516 ita
596 4464 801 4517 etiamsi
831 4464 1019 4517 viatica
1056 4462 1367 4517 habuissent
1394 4505 1407 4525 ,
1434 4464 1541 4531 jam
1585 4473 1895 4530 consumpta

297 4561 509 4606 essent.
542 4551 741 4607 Idcirco
767 4555 908 4607 enim
949 4553 1035 4606 ille
1081 4569 1183 4605 non
1218 4553 1389 4621 primo
1416 4554 1493 4605 vel
1536 4552 1772 4607 secundo
1810 4554 1895 4608 die

300 4647 409 4698 hoc
441 4643 581 4707 fecit,
611 4646 703 4700 sed
734 4660 852 4698 cum
878 4645 985 4713 jam
1015 4644 1189 4697 omnia
1211 4643 1517 4709 deficerent,
1548 4654 1604 4697 ut
1634 4647 1683 4697 in
1710 4660 1894 4697 neces-

298 4735 463 4787 sitate
486 4735 638 4801 positi
667 4751 785 4787 cum
811 4735 996 4804 majori
1019 4735 1194 4789 studio
1216 4734 1408 4788 factum
1431 4737 1753 4805 exciperent.
1774 4735 1895 4789 Ideo

300 4826 403 4883 ait.
442 4823 520 4877 Ne
549 4826 783 4893 deﬁciant
830 4826 881 4877 iu
926 4825 1041 4887 via;
1087 4824 1375 4878 Ostendens
1426 4824 1567 4892 ipsos
1615 4835 1667 4878 et
1714 4827 1891 4894 procul

300 4918 510 4985 positos
540 4932 695 4980 esse,
744 4929 795 4970 et
837 4917 1015 4969 omnia
1065 4918 1483 4985 consumpsisse.
1534 4918 1637 4971 Sed
1688 4918 1731 4970 si
1784 4934 1888 4971 non

304 5014 387 5061 vis
415 5009 625 5077 jcjtttios
646 5010 914 5063 dimittere
934 5050 949 5074 ,
978 5024 1075 5062 cur
1104 5010 1310 5079 signum
1345 5026 1448 5062 non
1495 5009 1661 5062 facis?
1694 5009 1759 5064 Ut
1792 5010 1891 5064 bac

302 5102 725 5170 interrogatione
770 5110 822 5155 et
871 5102 1218 5171 responsione
1265 5112 1519 5171 sequi-nte
1578 5104 1892 5157 attentiores

302 5194 555 5248 redderet
596 5193 888 5263 discipulos
911 5235 925 5258 ,
958 5203 1011 5247 et
1041 5194 1115 5247 illi
1144 5194 1298 5247 tidem
1341 5210 1490 5248 snam
1522 5194 1888 5260 ostenderent,

300 5285 651 5353 dicerentque
672 5325 685 5345 ,
713 5284 880 5338 Panes
909 5284 1086 5338 facito.
1111 5285 1213 5339 Sed
1248 5285 1315 5337 illi
1353 5302 1416 5338 ne
1445 5286 1519 5337 sic
1560 5285 1771 5353 quidem
1814 5287 1893 5339 iti—

301 5378 677 5445 tcrrogationis
705 5393 917 5432 causam
948 5380 1323 5433 intellexerunt
1351 5398 1361 5431 :
1390 5380 1526 5431 unde
1556 5390 1732 5449 postea
1755 5381 1893 5435 dixit

304 5471 408 5522 illis
433 5511 447 5532 ,
496 5479 551 5521 ut
595 5469 801 5523 Marcus
824 5471 897 5523 ait
929 5490 941 5524 :
975 5471 1154 5524 Adhuc
1192 5472 1261 5523 ita
1296 5480 1410 5523 sunt
1453 5483 1696 5524 occa-cata
1738 5473 1891 5526 corda

305 5572 467 5614 testia
491 5577 509 5613 :
540 5563 712 5615 oculos
753 5561 983 5615 habentes
1015 5580 1115 5615 non
1156 5564 1353 5624 videtis,
1393 5573 1436 5616 et
1462 5581 1607 5616 aures
1656 5564 1890 5619 habentes

306 5669 403 5705 non
444 5653 634 5704 auditis
662 5652 680 5723 (
712 5652 874 5705 Marc.
907 5653 962 5707 8.
996 5654 1081 5707 17.
1114 5654 1180 5707 18
1203 5654 1244 5721 ).
1290 5653 1419 5707 Nam
1453 5655 1548 5707 nisi
1581 5654 1679 5707 hoc
1708 5665 1886 5719 esset,

305 5757 405 5810 qua
448 5742 517 5796 de
547 5757 703 5795 causa
755 5751 867 5799 lucc
906 5742 1175 5813 discipulis
1201 5744 1437 5809 diceret,
1480 5745 1887 5816 ostenderetque

2015 2633 2198 2701 dignas
2230 2650 2349 2687 esse
2380 2634 2560 2687 turbas
2586 2635 2864 2703 beneﬁcio,
2890 2639 3213 2711 adderetque
3237 2644 3414 2708 ipsum
3436 2646 3598 2700 mise-

2019 2724 2244 2777 ricordia
2301 2735 2500 2780 motum
2531 2726 2734 2783 fuisse?
2764 2730 3041 2785 Mattlimus
3090 2751 3216 2788 vero
3259 2738 3389 2790 dicit
3429 2740 3598 2808 ipsum

2016 2826 2194 2882 postea
2228 2817 2529 2885 increpasse
2556 2834 2649 2873 eos
2684 2820 2765 2873 his
2798 2823 2971 2875 verbis
3005 2842 3017 2876 :
3057 2824 3273 2880 Modica.-
3295 2830 3436 2894 ﬁdei,
3469 2847 3599 2884 non-

2013 2904 2131 2957 dum
2153 2904 2450 2976 intelligitis,
2484 2925 2574 2961 nec
2605 2911 2897 2964 meministis
2920 2914 3139 2984 quinque
3164 2933 3351 2984 panum
3373 2930 3417 2971 et
3443 2922 3596 2989 quiu-

2010 3013 2105 3066 que
2133 2999 2363 3061 millium,
2386 3012 2431 3053 et
2451 3012 2568 3068 quot
2606 3004 2847 3068 cophinos
2864 3009 3176 3073 sumpseritis
3190 3009 3215 3060 ?
3230 3026 3389 3079 neque
3407 3020 3596 3080 septem

2012 3104 2199 3157 panum
2244 3100 2287 3143 et
2314 3102 2529 3160 quatuor
2567 3094 2780 3146 millium
2805 3136 2817 3156 ,
2844 3106 2889 3148 et
2914 3108 3033 3166 quot
3062 3110 3259 3167 spartes
3285 3104 3597 3171 sumpseritis

2012 3178 2029 3248 (
2056 3178 2243 3235 Matth.
2277 3182 2364 3236 16.
2396 3182 2449 3235 8.
2483 3184 2515 3236 9
2541 3185 2557 3251 )
2585 3182 2607 3234 τ’
2650 3185 2719 3235 Ita
2751 3188 3093 3255 evangelista:
3122 3190 3417 3246 concordes
3461 3193 3597 3249 inter

2009 3284 2067 3324 se
2098 3282 2242 3324 sunt.
2277 3274 2411 3337 Quid
2436 3290 2561 3342 ergo
2608 3276 2895 3344 discipuli?
2925 3279 3106 3333 Adhuc
3140 3281 3283 3334 humi
3331 3295 3551 3352 serpunt
3578 3304 3593 3341 :

2006 3368 2061 3412 et
2091 3363 2330 3429 quamvis
2371 3362 2529 3415 millia
2572 3364 2793 3429 fecerit,
2826 3374 2879 3419 tit
2907 3369 3095 3436 prioris
3132 3372 3365 3427 miraculi
3397 3392 3595 3429 inemo-

2009 3451 2138 3503 riam
2166 3462 2477 3517 servarent,
2505 3464 2558 3507 et
2587 3471 2682 3523 per
2710 3456 3176 3525 interregationem
3206 3479 3268 3518 ac
3294 3469 3595 3533 responsio-

2024 3561 2170 3607 nem,
2193 3547 2409 3616 etquod
2429 3548 2549 3603 illos
2571 3549 2853 3603 ministros
2876 3549 3087 3613 fecerit,
3104 3555 3311 3620 etquod
3325 3554 3589 3621 cophinos

2020 3638 2098 3687 eis
2112 3638 2508 3703 distribuerit‘;
2532 3640 2624 3694 sed
2646 3642 2825 3695 adhuc
2840 3641 3265 3711 imperfectiores
3277 3653 3450 3698 erant.
3467 3643 3589 3697 Ideo

2006 3720 2186 3773 dicunt
2213 3723 2259 3775 ei
2293 3739 2305 3774 :
2336 3724 2423 3777 35.
2459 3722 2606 3776 Unde
2635 3726 2775 3777 nobis
2801 3727 2852 3778 in
2879 3730 3149 3783 solitudine
3189 3742 3260 3785 tot
3290 3736 3494 3801 panes?
3525 3737 3593 3790 Et

2004 3822 2154 3865 antea
2183 3822 2236 3866 et
2260 3828 2400 3867 nunc
2430 3814 2768 3869 solitudinem
2800 3832 3116 3885 memorant,
3142 3832 3195 3876 et
3218 3840 3284 3878 ex
3303 3827 3461 3881 animi
3487 3828 3590 3881 im—

2004 3903 2291 3957 bccillitate
2326 3905 2391 3957 ita
2422 3905 2718 3974 loquentes,
2747 3909 2954 3977 signum
2985 3912 3051 3965 ab
3096 3916 3239 3967 omni
3292 3920 3592 3986 susiiicione

2004 3994 2315 4048 liberabant.
2352 3995 2427 4049 Ne
2456 3996 2574 4065 quis
2602 3998 2743 4052 enim
2770 3999 3005 4067 diceret,
3043 4004 3227 4072 utjam
3258 4018 3411 4061 antea
3444 4009 3590 4075 dixi,

2004 4087 2173 4153 ipsmn
2200 4102 2263 4141 es
2294 4088 2466 4140 vicino
2501 4089 2726 4156 quodam
2766 4091 2880 4145 vico
2908 4108 3070 4162 panes
3098 4106 3391 4152 mutuatum
3435 4118 3553 4155 esse
3574 4145 3590 4169 ,

2003 4176 2149 4230 locus
2178 4178 2296 4246 quis
2324 4178 2391 4231 sit
2431 4176 2769 4248 declaratur,
2818 4192 2875 4237 ut
2916 4186 3225 4241 miraculum
3261 4190 3590 4247 crederetur.

2006 4266 2205 4320 Idcirco
2231 4278 2279 4322 et
2307 4270 2532 4337 primum
2561 4273 2736 4327 ethoc
2764 4290 2974 4344 quoque
3000 4280 3207 4347 signum
3238 4281 3288 4334 in
3310 4283 3593 4340 solitvdiua

2001 4358 2123 4410 facit
2148 4399 2160 4417 .
2216 4374 2244 4411 a
2278 4360 2463 4413 viculis
2510 4362 2664 4430 longe
2700 4364 2947 4418 distante.
2986 4368 3089 4422 Sed
3136 4369 3323 4425 borum
3355 4374 3485 4427 nihil
3517 4376 3594 4428 in-

2003 4450 2300 4519 telligentes
2325 4452 2569 4521 discipuli
2594 4455 2843 4509 dicebant
2868 4476 2878 4509 :
2909 4457 3054 4513 Unde
3078 4464 3217 4514 nobis
3248 4466 3298 4516 in
3323 4468 3593 4523 solitudine

2000 4550 2069 4593 tot
2100 4544 2292 4608 panes?
2320 4544 2446 4596 Nam
2470 4545 2719 4613 putabant
2748 4547 2890 4599 illum
2917 4548 3037 4603 ideo
3064 4551 3176 4605 haec
3197 4553 3413 4619 dixisse,
3441 4560 3590 4625 quasi

2003 4642 2365 4699 prascepturus
2390 4642 2533 4687 esset
2554 4643 2609 4687 ut
2642 4634 2759 4688 illos
2779 4636 3049 4699 cibarent;
3074 4641 3166 4695 sed
3200 4644 3485 4698 admodum
3522 4647 3590 4701 iii-

1999 4725 2274 4794 sipienter.
2328 4726 2555 4796 Ideoque
2606 4728 2707 4783 illis
2751 4746 2919 4798 nuper
2948 4731 3195 4800 dixerat,
3236 4735 3365 4790 Date
3395 4754 3480 4793 vos
3520 4741 3592 4793 eis

1999 4816 2346 4887 manducare(
2381 4816 2567 4875 Matth.
2594 4820 2681 4875 H.
2710 4820 2775 4875 16
2796 4821 2814 4891 )
2835 4861 2849 4885 ,
2878 4833 2933 4876 ut
2965 4823 3067 4876 illis
3088 4826 3588 4886 occasioncmdaret

1998 4924 2057 4963 se
2086 4911 2183 4965 hac
2216 4911 2283 4964 de
2308 4927 2470 4965 causa
2502 4913 2770 4981 precandi.
2802 4914 2952 4969 Nunc
2980 4932 3104 4969 vero
3135 4934 3240 4972 non
3270 4919 3428 4987 dicit,
3458 4920 3591 4976 Date

1996 5000 2099 5054 illis
2125 5002 2431 5055 manducare
2454 5044 2469 5068 ,
2502 5002 2595 5056 sed
2638 5005 2762 5072 quid
2786 5005 2807 5057 ?
2836 5005 3077 5060 Misereor
3102 5026 3252 5077 suprr
3279 5012 3473 5067 turbam
3496 5055 3511 5080 ,
3538 5022 3591 5069 et

1997 5091 2246 5147 dimittere
2266 5109 2346 5145 eos
2359 5094 2566 5163 jejunus
2589 5096 2742 5149 nolo:
2772 5098 2989 5165 propius
3011 5111 3231 5155 movens
3258 5104 3586 5176 incitatisque

1998 5183 2137 5242 illos.
2171 5194 2225 5237 ut
2256 5185 2465 5238 videant
2492 5186 2618 5239 illud
2645 5188 2712 5241 ab
2738 5203 2796 5241 se
2824 5190 3108 5256 petendum
3137 5206 3275 5247 esse.
3306 5194 3436 5249 Nam
3475 5198 3585 5267 ipsa

1996 5276 2153 5331 verba
2183 5278 2544 5339 declarabant,
2577 5294 2734 5346 posse
2767 5280 2936 5349 ipsum
2963 5298 3066 5335 non
3094 5282 3365 5341 dimittere
3391 5303 3486 5343 eos
3506 5290 3589 5357 je-

1993 5369 2180 5437 junos,
2222 5378 2278 5423 et
2310 5371 2598 5439 potentiam
2646 5371 2812 5439 ipsius
2841 5374 3213 5429 ostendebant.
3258 5379 3385 5433 Illud
3412 5382 3583 5447 enim,

2000 5460 2175 5524 Noto,
2226 5462 2277 5514 id
2322 5462 2604 5531 signiﬁcat.
2659 5463 2791 5530 Quia
2822 5481 2951 5519 vero
2996 5479 3050 5521 et
3096 5468 3485 5527 multitudinem
3534 5484 3585 5531 et

1995 5553 2168 5608 locum
2212 5562 2267 5608 et
2308 5554 2645 5609 solitudinem
2697 5569 3096 5626 nicniorarunt,
3149 5563 3313 5629 (nam
3361 5564 3584 5632 dicunt,

1999 5645 2147 5699 Unde
2191 5647 2331 5699 nobis
2373 5647 2422 5699 in
2450 5647 2720 5701 solitudine
2759 5659 2830 5701 tot
2870 5667 3025 5718 panes
3049 5695 3061 5713 ,
3106 5664 3157 5707 ut
3198 5657 3405 5711 satietur
3435 5664 3583 5709 tanta

2075 5762 2089 5790 ¹
2114 5759 2206 5807 Cfr.
2235 5760 2409 5809 Aditot.
2442 5760 2598 5810 liitld.
2630 5761 2687 5809 ad
2714 5776 2823 5823 pag.
2850 5763 2956 5813 538.
