4052 6228
556 296 656 354 527

559 411 700 464 iiii-ba
721 409 746 464 .’
769 411 788 480 )
815 423 985 478 neque
1008 417 1183 463 tamen
1205 406 1401 462 Christi
1418 405 1576 460 verba
1602 404 1998 464 intellexerunt,
2017 410 2141 456 tunc

555 519 710 556 snnm
741 503 855 571 ipse
893 515 1027 570 opus
1058 501 1295 570 peragit,
1335 507 1390 552 et
1428 499 1504 550 ait
1530 496 1669 549 illis:
1702 495 1788 549 54.
1825 494 1958 562 Quot
1986 509 2141 564 panes

550 595 790 650 turbelis?
819 594 911 648 Illi
936 610 1050 647 vero
1076 593 1268 657 dicunt,
1296 591 1519 658 Septem,
1551 599 1596 642 et
1627 588 1892 659 pisciculos
1929 602 2136 656 paucos.

555 670 661 742 Nec
687 688 796 755 jam
827 685 1031 748 dicunt,
1062 684 1165 738 Sed
1190 684 1294 736 Iiwc
1322 681 1442 752 quid
1466 690 1581 734 sunt
1612 681 1741 732 inter
1767 689 1930 732 tantos
1958 677 2131 750 (Joan.

553 781 607 834 6.
642 778 755 851 9)?
806 791 862 832 ut
908 788 1062 831 antea
1105 775 1370 829 dicebant.
1417 773 1504 826 Sic
1557 771 1759 826 etiamsi
1810 785 1914 824 non
1972 779 2137 822 totum

553 871 1109 942 comprehenderent,
1139 868 1477 922 sublimiorcs
1505 875 1679 919 tamen
1720 863 1968 933 paulatim
2009 879 2136 917 eva-

554 967 770 1022 debant.
809 964 940 1018 Nam
983 973 1037 1016 et
1085 963 1197 1032 ipse
1228 959 1310 1013 bis
1357 959 1567 1012 illorum
1605 965 1838 1012 mentem
1879 955 2089 1024 erigens
2119 995 2134 1020 ,

554 1057 744 1114 eodem
773 1070 878 1125 quo
907 1055 1052 1123 prius
1077 1052 1236 1108 modo
1264 1049 1658 1120 interrogabat,
1692 1056 1748 1102 ut
1780 1047 1858 1102 vel
1885 1063 1948 1102 ex
1977 1047 2136 1101 modo

557 1148 916 1219 interrogandi
945 1148 1054 1217 jam
1098 1154 1242 1216 gesta
1273 1145 1322 1196 in
1357 1142 1668 1198 memoriam
1708 1147 2006 1194 revocaret.
2052 1137 2130 1192 Tit

552 1259 680 1298 vero
727 1251 783 1296 ut
827 1239 916 1296 hic
942 1238 1116 1295 vidisti
1145 1237 1354 1291 illorum
1385 1232 1860 1302 imperiectionein,
1888 1231 1965 1283 sic
1989 1229 2135 1283 disce

552 1339 762 1393 illorum
784 1331 1202 1406 pbilosOphicam
1219 1337 1474 1394 mentem,
1493 1337 1546 1383 et
1561 1324 1897 1380 veracitatem
1917 1323 2131 1387 mirare,

551 1426 820 1498 quomodo
845 1439 1036 1492 nempe
1056 1420 1351 1477 scribentes
1374 1459 1389 1486 ,
1421 1417 1782 1488 stupiditatem
1821 1430 1994 1478 suam,
2035 1413 2131 1466 etsi

553 1533 818 1589 magnam,
849 1531 952 1570 non
983 1512 1271 1568 occultent.
1301 1510 1482 1579 Neque
1509 1508 1649 1562 enim
1676 1506 1958 1562 mediocris
1979 1503 2130 1573 culpa

551 1620 686 1672 erat,
721 1623 888 1678 nuper
916 1605 1038 1660 facti
1066 1602 1302 1657 miraculi
1329 1610 1437 1654 tam
1461 1599 1566 1654 cito
1597 1596 1873 1662 oblivisci;
1906 1595 2131 1665 ideoque

553 1701 912 1769 increpantur.

618 1790 672 1844 9..
716 1788 794 1844 Ad
853 1789 966 1842 hac
1012 1785 1170 1840 aliam
1214 1797 1425 1853 quoque
1473 1777 1821 1851 philosophia:
1868 1777 2127 1831 rationein

547 1885 747 1951 cogites
786 1881 945 1936 velim
993 1897 1006 1933 :
1045 1877 1314 1949 quomodo
1353 1881 1592 1930 ventrem
1620 1886 1801 1943 parum
1839 1871 2126 1933 curabant,

545 1971 813 2045 quomodo
840 1969 1268 2034 instituebantur,
1301 1982 1370 2022 ne
1399 1979 1597 2020 mensa:
1623 1962 1846 2017 multum
1868 1962 2129 2016 rationem

546 2065 822 2120 baberent.
847 2063 977 2118 Nam
1008 2063 1059 2117 in
1085 2060 1367 2117 solitudine
1392 2074 1511 2114 cum
1531 2066 1729 2122 essent,
1757 2064 1875 2126 post
1895 2053 2125 2110 triduum

542 2168 745 2228 septem
804 2171 970 2228 panes
1023 2154 1306 2210 habebant.
1347 2151 1552 2208 Caetera
1602 2165 1728 2205 vero
1780 2149 2022 2204 Christus
2073 2155 2130 2201 ut

541 2252 687 2319 prius
715 2249 944 2319 disponit
977 2266 989 2300 :
1019 2247 1329 2303 recumbere
1351 2244 1500 2313 jubet
1526 2244 1576 2297 in
1602 2251 1762 2307 terra,
1795 2243 1922 2296 etin
1953 2240 2126 2293 mani-

543 2342 640 2396 bus
667 2341 1042 2410 discipulornm
1073 2354 1234 2408 panes
1260 2335 1589 2405 multiplicat.
1622 2335 1710 2388 55.
1755 2333 1919 2386 Jussit
1957 2332 2120 2396 enim,

539 2437 632 2501 ait,
658 2443 710 2486 ut
735 2434 895 2488 turbte
913 2432 1274 2486 discumberent
1305 2445 1455 2500 super
1483 2438 1686 2480 terram.
1723 2426 1810 2479 56.
1843 2425 1907 2479 Ει
1933 2423 2119 2492 accipi-

537 2543 625 2581 ens
651 2526 868 2596 quinque
896 2539 1050 2594 panes
1079 2533 1121 2576 et
1154 2522 1334 2590 pisces,
1366 2521 1555 2592 gratias
1583 2534 1734 2588 agens
1762 2517 1931 2586 fregit,
1952 2525 1996 2568 et
2026 2518 2118 2567 da-

537 2619 619 2672 bat
641 2617 902 2686 discipulis
924 2615 1189 2685 :discipuli
1214 2630 1328 2667 vero
1354 2612 1529 2665 turbte.
1557 2610 1702 2664 Finis
1724 2623 1850 2663 vero
1879 2605 2120 2661 miraculi

537 2710 699 2777 priori
727 2709 917 2763 similis
935 2723 1038 2762 non
1063 2707 1178 2761 fuit.
1205 2708 1290 2760 57.
1323 2704 1751 2758 Maiiducaveriint
1769 2704 1909 2756 enim
1928 2717 2118 2765 omnes,

535 2801 722 2868 inquit,
764 2811 809 2853 et
847 2799 1060 2852 saturati
1097 2805 1234 2856 sunt,
1275 2806 1320 2850 et
1361 2795 1580 2848 tulerunt
1619 2794 1752 2863 quod
1778 2805 2034 2861 supererat
2060 2794 2122 2846 de

535 2892 830 2962 fragmentis
859 2901 1046 2958 septem
1071 2899 1268 2959 spartae
1296 2889 1488 2957 plenas.
1523 2888 1610 2942 58.
1647 2888 1745 2952 Qui
1779 2897 1946 2940 autem
1984 2902 2119 2939 com-

529 2982 739 3036 ederunt
761 2989 903 3036 eram
931 2990 1146 3050 quatuor
1164 2979 1301 3032 mille
1329 2980 1440 3040 viri,
1469 2988 1648 3048 praeter
1674 2977 1904 3030 mulieres
1925 2987 1968 3030 et
1995 2993 2115 3045 par-

533 3072 698 3127 vulos.
728 3071 833 3127 Sed
863 3087 961 3126 cur
988 3080 1112 3124 tunc
1137 3086 1257 3126 cum
1285 3070 1562 3140 quinquies
1591 3068 1734 3122 inille
1759 3078 1956 3133 essent,
1988 3067 2116 3121 duo-

523 3162 704 3217 decim
742 3161 954 3231 c0pbini
985 3160 1379 3231 superfuerunt,
1428 3160 1512 3213 hic
1540 3175 1686 3223 vero,
1719 3168 1942 3229 quatuor
1973 3157 2116 3213 mille

529 3269 650 3308 cum
700 3255 828 3321 sint,
869 3263 1072 3324 septem
1115 3261 1310 3322 sporta!
1339 3261 1623 3322 supersunt
1651 3251 1876 3322 (Matth.
1906 3251 1992 3305 M.
2023 3250 2111 3304 20.

529 3348 593 3402 2|
622 3347 685 3418 )?
713 3363 809 3403 cur
845 3363 974 3417 ergo
1015 3346 1246 3401 minores
1271 3356 1419 3400 erant
1455 3344 1713 3414 reliquiae,
1753 3359 1874 3399 cum
1902 3359 2007 3398 non
2040 3353 2115 3396 tot

525 3449 711 3493 essent
733 3439 819 3508 qui
843 3437 1224 3493 comedercnt?
1251 3435 1339 3491 \‘el
1361 3436 1642 3490 dicendum
1664 3445 1763 3499 est,
1790 3445 2003 3504 sportas
2026 3449 2116 3488 co-

529 3529 710 3599 phiuis
741 3529 969 3597 majores
992 3528 1186 3594 fuisse;
1218 3528 1298 3582 vel
1321 3543 1388 3582 ne
1415 3527 1610 3596 paritas
1635 3528 1843 3581 numeri
1878 3528 1927 3580 in
1956 3527 2112 3580 mira-

523 3620 650 3675 culo
690 3620 1008 3675 oblivionem
1062 3630 1303 3690 pareret,
1353 3636 1416 3673 ex
1463 3619 1758 3674 diifcrcntia
1799 3619 2111 3673 memoriam

523 3711 743 3765 illorum
787 3713 1066 3775 excitasse,
1119 3721 1175 3765 ut
1198 3728 1261 3766 ex
1295 3711 1551 3765 varietate
1589 3718 1646 3765 et
1687 3709 1843 3779 hujus
1872 3719 1926 3764 et
1972 3709 2112 3764 illius

525 3803 959 3856 recordarentur.
993 3802 1220 3873 Ideoque
1258 3811 1380 3856 tunc
1403 3802 1662 3871 cophinos
1697 3802 2110 3872 fragmentornm

523 3894 806 3965 discipulis
857 3911 1078 3950 numero
1120 3909 1274 3965 pares
1319 3895 1472 3958 facit,
1523 3909 1662 3948 nunc
1707 3909 1834 3948 vero
1889 3894 2112 3963 panibus

529 3995 759 4054 sportas,
799 3996 853 4040 et
893 3987 944 4040 in
977 3986 1078 4040 hoc
1108 4001 1318 4054 quoque
1345 3994 1494 4039 suam
1524 3985 1842 4040 ineli‘abilein
1877 3993 2110 4054 potesta-

531 4085 635 4130 tein
664 4076 914 4138 ostendit,
952 4086 1004 4130 et
1029 4076 1335 4130 facilitatem
1376 4076 1690 4143 imperandi,
1717 4090 1835 4129 cum
1866 4075 2027 4144 pos~it
2059 4085 2113 4128 et

531 4167 632 4221 hoc
663 4179 717 4223 et
747 4168 839 4222 illo
865 4167 1022 4222 modo
1045 4167 1296 4221 miracula
1319 4167 1497 4221 edere.
1525 4165 1701 4235 Neque
1726 4165 1865 4220 enim
1891 4165 2110 4219 modicae

530 4260 808 4329 potestatis
834 4268 947 4314 erat
970 4274 1247 4312 numerum
1271 4273 1425 4328 posse
1447 4273 1767 4313 conservare
1788 4257 1837 4310 in
1863 4264 2106 4326 utroque,

527 4368 649 4407 cum
675 4362 798 4406 tunc
822 4353 1102 4423 quinquies
1130 4353 1295 4419 mille,
1327 4367 1464 4406 nunc
1489 4360 1716 4421 quatuor
1738 4351 1880 4405 mille
1908 4359 2102 4414 essent,

530 4458 630 4499 nec
655 4444 825 4515 plura,
872 4460 972 4500 nec
1015 4448 1262 4514 pauciora
1311 4444 1602 4513 fragmenta
1657 4444 1902 4514 relinqui,
1948 4459 2106 4514 quam

526 4546 652 4592 tunc
691 4536 927 4607 cophini,
974 4552 1114 4591 nunc
1159 4548 1355 4605 sporta:
1397 4545 1648 4606 caperent
1673 4577 1685 4597 .
1710 4536 1812 4591 etsi
1857 4551 2110 4591 numerus

523 4629 868 4684 convivarum
917 4644 1022 4682 non
1070 4644 1162 4698 par
1183 4638 1342 4684 esset.
1376 4627 1522 4682 Finis
1559 4629 1641 4682 hic
1669 4629 1798 4681 etin
1829 4628 2007 4697 priore
2031 4627 2106 4682 si-

526 4720 668 4774 milis
685 4719 798 4773 fuit.
817 4719 950 4773 Nam
979 4730 1120 4783 tunc,
1147 4719 1380 4772 dimissis
1410 4719 1595 4781 turbis,
1628 4719 1834 4787 navigio
1865 4719 2104 4785 recessit,

522 4820 578 4865 et
609 4811 693 4865 hic
722 4811 868 4874 item,
904 4820 960 4865 ut
983 4810 1213 4866 Joannes
1246 4810 1393 4881 (Cap.
1418 4809 1470 4864 6.
1505 4811 1592 4876 1-7)
1631 4811 1776 4865 dicit.
1802 4811 1932 4878 Quia
1964 4813 2104 4864 enim

521 4903 728 4957 suillum
756 4903 962 4972 signum
1005 4903 1140 4956 adeo
1181 4902 1384 4956 turbam
1427 4903 1708 4958 inducebat
1743 4903 1808 4957 ad
1848 4904 1992 4957 illum
2022 4919 2107 4959 se-

523 4997 813 5064 quendum,
837 5005 896 5050 ut
923 5011 1115 5068 panum
1149 4996 1458 5050 miraculum
1483 5038 1498 5060 ,
1533 5007 1588 5050 et
1625 4995 1726 5050 hoc
1767 4997 1926 5052 modo
1957 4998 2104 5065 sequi

518 5088 675 5144 illum
696 5129 713 5155 ,
740 5089 833 5143 sed
877 5090 1035 5145 etiam
1081 5103 1260 5158 regem
1303 5088 1475 5144 facere
1505 5090 1787 5152 volebant,
1819 5100 1874 5144 ιιι
1894 5105 2104 5143 onmem

517 5179 820 5252 tyrannidis
859 5180 1212 5250 suspicionem
1248 5181 1482 5245 devitet,
1518 5189 1635 5248 post
1672 5179 1972 5246 hnjusmodi
2004 5181 2105 5233 mi-

520 5272 761 5328 raculum
806 5273 1042 5328 recedit:
1073 5288 1172 5328 nec
1212 5274 1454 5342 pedibus,
1505 5289 1572 5327 ne
1615 5273 1686 5326 illi
1732 5283 2102 5341 sequerentur,

519 5365 616 5420 sed
647 5364 877 5434 navigio.
910 5364 996 5421 '59.
1028 5363 1096 5418 Et
1140 5365 1346 5419 dimissa
1380 5365 1545 5431 turba,
1583 5366 1768 5434 inquit.
1802 5364 2026 5417 ascendit
2054 5366 2104 5418 in

523 5457 828 5518 naviculam,
860 5466 906 5510 et
952 5457 1082 5511 venit
1126 5458 1179 5511 in
1221 5458 1350 5526 ﬁnes
1381 5457 1641 5529 Magdala.
1687 5456 1836 5526 (Cap.
1868 5455 2008 5524 XVI)
2050 5457 2101 5510 1.

524 5546 587 5599 Et
612 5551 904 5604 accedentes
927 5546 1176 5604 Pharisazi
1202 5558 1249 5603 et
1287 5549 1558 5604 Sadductei
1600 5550 1842 5620 rogabant
1875 5566 2006 5612 eum,
2051 5559 2104 5603 ut

520 5638 720 5707 signum
757 5641 820 5694 de
855 5639 981 5694 mlo
1001 5639 1281 5694 ostenderet
1311 5643 1400 5694 cis.
1446 5642 1502 5694 2.
1533 5640 1631 5695 Ille
1649 5651 1816 5694 autem
1842 5641 1969 5695 dixit
1993 5642 2102 5696 eis:

524 5727 739 5798 Vespere
762 5732 908 5801 [aeto
933 5730 1130 5803 dicitis,
1166 5734 1410 5790 Serenum
1435 5736 1526 5788 erit
1552 5751 1568 5788 :
1593 5736 1926 5789 rubicundum
1964 5738 2096 5790 enim

1441 291 1492 344 S.
1526 285 1802 344 10.“le
1839 286 2306 343 CHRYSOSTOMI
2346 289 2660 347 AllClilEP.
2701 293 3231 351 CONSTANTINOP.

3726 298 3834 354 5‘28

2247 401 2423 455 castum
2446 415 2555 468 est;
2583 406 2635 460 5.
2666 417 2710 460 et
2755 424 2920 467 mane.
2956 408 3122 462 Ilodie
3166 419 3428 476 tempestas
3483 407 3574 462 erit
3606 425 3623 464 .'
3653 413 3836 466 rutilat

2243 494 2372 546 enim
2398 496 2537 550 triste
2562 498 2757 551 cretum.
2787 500 2840 552 .ι.
2869 498 3074 553 Faciem
3095 501 3205 554 cadi
3235 502 3388 554 nostis
3418 501 3723 569 diiudicare,
3758 508 3833 557 si-

2242 599 2343 654 gna
2382 603 2495 639 vero
2542 597 2821 658 temporum
2865 608 2965 644 non
3007 593 3255 661 potestis?
3301 591 3566 646 Generatio
3594 611 3753 662 praeit
3786 609 3834 648 et

2241 677 2472 732 adultera
2498 682 2696 751 signum
2736 686 2933 752 qutcrit,
2975 695 3022 737 et
3047 685 3245 754 signum
3274 703 3371 739 non
3398 687 3598 740 dubitur
3631 689 3699 750 ei,
3736 693 3835 741 nisi

2240 769 2436 838 signum
2465 769 2615 826 Jona:
2643 778 2916 844 prop/ictae.
2947 774 3015 828 Et
3044 776 3388 844 derelinquens
3417 795 3498 831 eos
3526 779 3666 832 abiit.
3692 779 3835 832 Mai--

2240 877 2334 916 cus
2360 874 2535 918 autem
2565 866 2715 931 dicit,
2745 868 2878 922 Cum
2894 870 3241 922 accessissent
3268 881 3321 924 et
3343 881 3658 938 qua-rcri-nt,
3681 875 3831 938 ivgu—

2242 954 2437 1007 muisse
2459 956 2666 1022 spiritu,
2690 973 2752 1011 ac
2785 958 2982 1013 dixisse
3014 977 3026 1014 :
3063 960 3198 1024 Quid
3220 963 3473 1030 generatio
3503 964 3596 1014 ista
3624 965 3835 1032 signum

2238 1049 2414 1115 quierit
2441 1047 2630 1111 (Marc.
2659 1051 2710 1106 8.
2750 1051 2879 1122 l2)?
2910 1052 3018 1105 litsi
3069 1055 3186 1106 talis
3217 1053 3562 1123 interrogatio
3609 1055 3743 1107 iram
3775 1068 3833 1105 et

2239 1136 2653 1207 indignationem
2689 1143 2854 1210 possit
2892 1144 3140 1203 excitare.
3172 1153 3404 1196 attamen
3449 1145 3708 1213 benignus
3741 1147 3834 1198 ille

2240 1228 2496 1284 Dominus
2523 1247 2626 1284 non
2657 1232 2923 1302 irascitur,
2958 1234 3050 1288 sed
3083 1235 3364 1288 miseratur
3407 1234 3526 1289 illos
3554 1244 3829 1304 tanquam

2238 1319 2513 1374 incurabili
2561 1323 2748 1376 morbo
2774 1324 3094 1387 laborantes,
3131 1326 3219 1395 qui
3252 1336 3369 1394 post
3399 1335 3594 1379 tantam
3629 1337 3829 1395 poten-

2238 1408 2323 1462 tia:
2353 1425 2464 1464 sua:
2508 1411 3039 1480 demonstrationem,
3083 1425 3338 1469 tentatum
3369 1416 3600 1469 veniant.
3639 1416 3829 1485 Neque

2235 1501 2376 1554 enim
2400 1503 2723 1558 accedebant
2751 1506 3120 1572 utcreilereni,
3145 1508 3235 1560 sed
3267 1518 3321 1561 ut
3342 1508 3826 1576 reprehenderent.

2235 1593 2366 1648 Nam
2397 1597 2463 1659 si,
2489 1606 2545 1650 ut
2585 1598 2889 1665 crederent,
2919 1601 3289 1666 accessissent,
3319 1602 3550 1657 dedisset
3588 1605 3772 1674 utique
3809 1624 3824 1660 :

2233 1687 2322 1754 qui
2361 1688 2502 1741 enim
2547 1689 2752 1744 mulieri
2799 1690 2950 1754 dixit,
2985 1690 3104 1744 Non
3131 1702 3204 1746 est
3249 1693 3432 1746 bonum
3473 1694 3492 1765 (
3513 1694 3697 1748 Matth.
3729 1698 3823 1751 15.

2232 1775 2347 1846 26),
2377 1786 2430 1831 et
2474 1788 2654 1846 postea
2700 1781 2906 1850 signum
2953 1782 3116 1845 dedit,
3154 1785 3318 1836 multo
3365 1785 3527 1854 magis
3561 1785 3641 1840 his
3668 1802 3818 1855 pra:-

2233 1867 2454 1922 huisset.
2482 1868 2676 1924 Verum
2704 1873 2824 1940 quia
2849 1888 2952 1927 non
2979 1873 3290 1943 quaerebant
3315 1884 3372 1928 ut
3397 1877 3694 1942 crederent,
3726 1879 3824 1948 hy-

2234 1961 2460 2027 pocritas
2506 1961 2624 2014 illos
2663 1963 2786 2016 alibi
2836 1975 3008 2029 vocat,
3040 1967 3160 2034 quia
3189 1965 3326 2018 aliud
3358 1967 3624 2032 dicebant,
3668 1971 3823 2023 aliud

2231 2051 2552 2107 sentiebant.
2598 2053 2652 2108 Si
2682 2055 2821 2108 enim
2853 2055 3225 2117 credidissent,
3270 2073 3372 2111 non
3405 2061 3615 2126 petituri
3638 2072 3819 2114 erant.

2230 2141 2460 2197 Aliunde
2487 2144 2646 2198 etiam
2673 2146 2842 2214 palam
2866 2155 2945 2199 est
2979 2148 3116 2216 ipsos
3146 2165 3248 2202 non
3283 2150 3590 2204 credidisse.
3632 2150 3817 2205 lncre-

2230 2233 2334 2300 pati
2361 2235 2555 2303 quippe
2581 2245 2634 2290 et
2657 2237 2933 2301 confutati,
2963 2254 3066 2291 non
3095 2250 3421 2303 manserunt,
3453 2258 3623 2311 neque
3658 2245 3817 2298 dixe-

2228 2337 2389 2383 runt:
2431 2329 2741 2398 lgnoramus
2788 2339 2841 2384 et
2878 2331 3120 2386 ediscere
3165 2333 3471 2401 qua-rimus.
3502 2335 3650 2402 Quod
3685 2352 3818 2389 vero

2225 2417 2431 2486 signum
2459 2418 2526 2472 de
2553 2419 2683 2472 caelo
2715 2421 3005 2488 petebant?
3047 2420 3116 2476 Ut
3153 2421 3318 2475 solem
3349 2424 3579 2488 sisteret,
3615 2426 3693 2478 vel
3727 2426 3814 2477 ln-

2227 2525 2345 2563 uam
2380 2509 2632 2574 frenaret,
2684 2521 2775 2565 aut
2823 2512 3042 2566 fulmina
3076 2515 3329 2580 mitteret,
3357 2526 3442 2568 aut
3472 2531 3648 2568 acrem
3687 2533 3815 2570 ιιιιι-

2226 2611 2381 2669 taret,
2430 2614 2518 2658 aut
2555 2605 2678 2674 quid
2729 2606 2919 2661 simile.
2965 2608 3098 2672 Quid
3144 2609 3299 2678 igitur
3322 2610 3395 2663 ait
3424 2610 3571 2677 ipse?
3601 2607 3813 2663 Facient

2223 2697 2333 2750 steti
2361 2697 2641 2766 dijudicare
2664 2699 2819 2761 scitis,
2853 2700 2996 2768 signa
3021 2716 3134 2753 vero
3153 2711 3429 2770 temporum
3455 2718 3552 2754 non
3574 2702 3814 2770 potestis?

2225 2787 2442 2842 Vidistis
2474 2791 2934 2844 mansuetudinem
2961 2802 3015 2844 et
3042 2791 3496 2846 moderationem?
3520 2793 3634 2848 Non
3661 2795 3809 2848 enim

2221 2888 2274 2933 ut
2307 2880 2452 2948 prius
2494 2881 2704 2950 negavit
2743 2893 2794 2936 et
2822 2881 2971 2944 dixit,
3006 2882 3123 2936 Non
3154 2883 3354 2936 dabitur
3383 2885 3427 2937 ei
3455 2883 3676 2949 (Matth.
3714 2885 3806 2940 12.

2221 2970 2350 3042 59),
2383 2971 2476 3025 sed
2504 2987 2721 3026 causam
2751 2989 2845 3026 cur
2887 2989 2988 3026 non
3031 2973 3121 3028 det
3161 2973 3335 3040 alicrt,
3366 2974 3568 3029 etiamsi
3597 2975 3667 3029 illi
3697 2994 3806 3030 non

2221 3075 2278 3119 ut
2299 3066 2568 3121 discerent
2595 3070 2998 3139 interrogarent.
3025 3070 3278 3137 Qumnam
3310 3071 3466 3142 igitur
3485 3087 3637 3126 causa
3662 3073 3808 3127 erat?

2219 3156 2288 3214 Ut
2315 3158 2368 3212 in
2390 3160 2541 3224 caelo,
2573 3161 2760 3230 inquit,
2789 3162 2930 3216 aliud
2958 3162 3165 3232 signum
3188 3173 3269 3216 est
3293 3165 3637 3233 teiupesmtis,
3659 3165 3806 3218 aliud

2218 3252 2634 3321 tranquillitatis,
2686 3269 2785 3308 nec
2813 3255 2930 3324 quis
2956 3264 3242 3323 COIlSpGClO
3275 3259 3598 3324 teiiipeslatis
3622 3257 3802 3325 signo,

2193 3345 2650 3414 tranquillitatem
2695 3356 2986 3415 exspectat,
3021 3363 3190 3417 neque
3222 3348 3274 3400 in
3305 3349 3680 3418 tranquillitate
3710 3365 3804 3404 se-

2216 3449 2340 3488 rena
2367 3445 2732 3504 tempestatem
2767 3453 2779 3488 :
2809 3437 2885 3489 sic
2910 3435 2977 3490 dc
3019 3451 3104 3489 me
3133 3452 3343 3506 quoque
3369 3438 3803 3493 existimandum.

2215 3527 2371 3582 Aliud
2397 3528 2540 3582 enim
2585 3536 2668 3581 cst
2699 3537 2904 3597 tempus
2936 3527 3092 3596 hujus
3117 3528 3395 3595 adventus,
3425 3529 3564 3583 aliud
3614 3532 3799 3584 futuri.

2215 3620 2366 3676 Nunc
2392 3635 2527 3690 opus
2556 3629 2639 3674 est
2681 3622 2844 3690 signis
2871 3621 2995 3686 illis,
3024 3637 3142 3691 qua:
3172 3622 3222 3675 in
3256 3633 3393 3676 terra
3425 3623 3646 3689 dantur;
3677 3641 3804 3694 quae

2215 3715 2268 3770 in
2298 3715 2431 3770 caelo
2457 3723 2656 3780 autem,
2683 3715 2733 3768 in
2764 3714 2891 3767 illud
2937 3723 3144 3784 tempus
3173 3726 3537 3770 reservantur.
3565 3716 3713 3772 Nunc
3743 3731 3806 3773 iit

2215 3805 2455 3861 medicus
2475 3805 2615 3871 veni,
2646 3814 2770 3859 tunc
2795 3814 2851 3859 ιιι
2888 3805 3049 3874 judex
3076 3804 3274 3870 adero;
3307 3821 3449 3862 nunc
3482 3816 3537 3861 ut
3561 3823 3799 3878 quamam

2214 3911 2310 3952 eos
2337 3897 2426 3966 qui
2465 3905 2800 3962 erraverunt,
2850 3905 2975 3950 tunc
3005 3906 3061 3950 ut
3099 3898 3333 3951 rationes
3356 3907 3612 3967 repetam.
3647 3899 3803 3953 lituo-

2212 4003 2322 4057 quo
2337 3988 2507 4043 latens
2536 3987 2687 4050 veni;
2719 3997 2843 4041 tunc
2869 3988 3075 4056 publice
3102 4000 3154 4042 et
3183 3989 3352 4056 palam
3395 3991 3551 4045 CtCiOS
3575 3996 3798 4045 convol-

2214 4095 2354 4145 vam,
2376 4080 2543 4133 solem
2573 4079 2914 4141 abscondam,
2939 4079 3116 4133 lunam
3139 4095 3244 4133 non
3271 4081 3440 4135 sinam
3469 4085 3594 4134 itare
3621 4083 3797 4138 lnccin

2212 4185 2380 4225 Suam.
2411 4170 2558 4224 Tunc
2583 4172 2802 4224 virtutes
2829 4170 3078 4224 catlnrmn
3116 4170 3484 4235 movebuntur,
3511 4173 3800 4226 adventus-

2211 4275 2314 4329 que
2355 4276 2504 4314 incus
2533 4259 2721 4313 similis
2750 4259 2851 4314 erit
2890 4257 3079 4328 fulguri
3118 4258 3395 4314 confestim
3424 4263 3662 4316 omnibus
3695 4282 3793 4334 ap-

2213 4355 2437 4425 parenti.
2461 4353 2565 4408 Sed
2585 4368 2688 4407 non
2707 4363 2786 4408 est.
2806 4352 2913 4422 jam
2940 4360 3148 4422 tempus
3173 4352 3469 4421 hnjusmodi
3499 4356 3792 4423 signorum.

2209 4448 2340 4503 Nam
2370 4448 2486 4502 veni
2519 4447 2806 4501 moriturus
2836 4455 2890 4500 et
2921 4445 3219 4513 turpissima
3255 4460 3526 4512 p:tSSttl‘tl.-;,
3553 4447 3662 4500 Non
3695 4467 3796 4501 τι..-

2209 4541 2364 4595 ilistis
2409 4539 2722 4608 prophetam
2772 4538 3035 4592 dicentem
3083 4557 3096 4592 :
3144 4537 3263 4590 Non
3307 4539 3585 4600 contendet,
3636 4557 3799 4608 neque

2209 4632 2466 4694 clamabit,
2495 4646 2652 4699 neque
2691 4630 2922 4682 audietur
2951 4629 3074 4698 foris
3101 4644 3198 4681 vox
3226 4629 3331 4697 ejus
3355 4629 3371 4694 (
3402 4627 3525 4680 lsni.
3561 4629 3649 4683 d2.
3678 4630 3712 4682 2
3737 4633 3796 4700 )?

2209 4733 2262 4777 et
2287 4723 2446 4777 alium
2472 4735 2655 4776 rursus
2688 4737 2701 4774 :
2732 4718 3006 4773 Descendet
3034 4720 3160 4772 sicut
3188 4717 3358 4786 plut-ia
3379 4721 3430 4772 in
3448 4719 3602 4774 vellus
3623 4719 3792 4788 (l’snl.

2209 4816 2298 4868 τι.
2329 4815 2412 4882 6)?

2281 4911 2333 4963 5.
2358 4908 2508 4976 Quod
2536 4910 2578 4960 si
2607 4922 2667 4960 ea
2699 4908 2845 4976 signa
2875 4905 3051 4959 dicant
3079 4921 3198 4973 qua:
3221 4906 3319 4958 sub
3358 4905 3629 4959 Pharaone
3659 4905 3799 4960 ι’..υιιι

2209 5010 2354 5066 sunt,
2381 5013 2510 5054 sane
2554 4999 2644 5052 illo
2691 5009 2928 5066 tempore
2967 4997 3032 5051 :ib
3059 4995 3208 5050 hoste
3247 4998 3376 5065 eripi
3405 4997 3699 5066 oportebat,
3729 5015 3798 5053 ac

2207 5091 2324 5162 jure
2347 5091 2433 5145 illa
2464 5089 2658 5144 ﬁebant
2687 5088 2832 5158 signa
2867 5105 2880 5140 :
2918 5088 2987 5142 illi
3015 5097 3212 5151 autem,
3239 5089 3326 5157 qui
3357 5087 3420 5140 ad
3462 5089 3661 5141 amicos
3691 5089 3792 5141 ad-

2213 5185 2370 5250 venit,
2407 5199 2510 5237 non
2541 5198 2674 5252 Opus
2701 5192 2783 5236 est
2813 5183 2976 5250 signis
3005 5181 3125 5236 illis.
3163 5181 3440 5247 Quomodo
3477 5189 3648 5235 autem
3677 5198 3787 5234 ma-

2209 5292 2309 5346 gna
2329 5277 2415 5330 illa
2437 5277 2595 5343 dabo,
2623 5291 2741 5328 cum
2765 5289 2924 5345 parva
2945 5289 3045 5327 non
3070 5273 3388 5327 credantur?
3411 5275 3572 5327 l’JrVa
3593 5273 3795 5326 scilicet

2207 5378 2463 5440 quantum
2507 5367 2574 5420 ad
2617 5367 3048 5430 ostentationem,
3098 5382 3218 5418 nam
3266 5365 3368 5418 iliis
3405 5365 3595 5416 virtute
3623 5366 3791 5418 multo

2209 5460 2412 5526 majora
2458 5466 2599 5511 sunt.
2647 5457 2782 5524 Quid
2826 5458 2966 5511 enim
3017 5473 3111 5524 par
3160 5456 3316 5508 fuerit
3343 5464 3674 5523 peccatorum
3705 5471 3793 5508 rc-

2207 5550 2488 5606 missioni‘t
2532 5548 2656 5620 quid
2701 5557 2804 5602 tam
2855 5547 3093 5602 mirabile
3141 5547 3296 5601 fuerit
3343 5561 3497 5615 quam
3526 5555 3789 5599 mortuum

2207 5645 2497 5706 suscitare,
2547 5642 2820 5696 daemonas
2867 5640 3100 5707 pellere,
3145 5651 3340 5707 corpus
3384 5638 3707 5698 reformare,
3736 5646 3790 5691 ei.

2208 5737 2384 5792 omnia
2436 5733 2772 5790 restaurare?
2813 5732 2855 5786 T
2861 5748 2891 5784 ιι
2932 5746 3058 5786 vero
3103 5745 3198 5786 cor
3242 5744 3425 5784 eorum
3465 5735 3779 5782 occzecatum
