4088 6224
445 235 550 290 5'19

445 345 744 409 considera,
773 343 859 413 qui
887 358 1007 397 cum
1035 341 1326 404 audissent,
1355 340 1569 410 Signum
1594 357 1692 394 non
1727 341 1925 394 dabitur
1949 340 2019 392 eis

447 440 541 493 nisi
582 439 779 507 signum
811 435 962 489 lonte
990 434 1270 504 prophetae,
1318 448 1422 486 non
1469 433 1813 501 interrogant.
1863 428 2021 500 Atqui

445 534 722 602 Oportebat
765 545 880 592 eos,
925 531 1010 599 qui
1058 529 1364 599 prophetam
1415 535 1706 590 noverant,
1738 526 2021 593 omniaque

447 637 568 680 tunc
593 638 758 694 gesm,
789 631 841 676 et
869 622 979 674 iure
1013 621 1121 689 jam
1155 619 1330 673 denuo
1358 618 1654 681 audiebant,
1689 616 1942 670 sciscitari
1968 622 2022 668 et

445 716 674 779 discere,
717 728 813 766 cur
854 711 952 765 hoc
988 711 1254 764 diceretur
1281 731 1296 762 :
1324 708 1438 774 sed,
1485 707 1624 776 quod
1661 707 1790 771 dixi,
1821 722 1922 760 non
1953 721 2020 759 ex

445 805 679 860 discendi
707 801 974 857 desiderio
999 802 1097 854 hoc
1127 799 1421 868 proferunt.
1449 797 1675 866 Ideoque
1699 796 1896 850 relictis
1916 795 2020 849 illis

445 897 592 949 abiit.
617 895 669 950 5.
705 894 768 946 Et
807 910 918 945 cum
953 891 1215 956 venissent,
1264 890 1450 958 inquit,
1479 888 1710 956 discipuli
1748 888 1856 958 ejus
1883 897 2020 941 trans

447 992 648 1058 fretum,
679 985 817 1038 obliti
843 993 955 1036 sunt
984 998 1139 1051 panes
1165 981 1406 1050 accipere.
1436 982 1487 1033 6.
1518 978 1666 1033 Iesus
1701 990 1865 1032 autem
1891 978 2020 1031 dixit

445 1079 544 1131 illis
573 1092 591 1130 :
628 1075 798 1129 Videte
827 1084 870 1128 et
899 1083 1062 1127 enoete
1086 1090 1116 1124 a
1142 1075 1382 1143 fermento
1411 1070 1784 1126 Pharisworum
1814 1083 1859 1125 et
1880 1071 2018 1126 Sad-

447 1171 750 1223 ductrorum.
802 1167 909 1220 Cur
949 1181 1052 1220 non
1094 1165 1247 1228 dixit,
1290 1163 1484 1219 Cavete
1513 1179 1540 1216 a
1571 1163 1850 1218 doctrina?
1899 1163 2022 1217 Vult

445 1268 586 1313 certe
611 1258 736 1326 ipsis
763 1274 882 1326 qua!
903 1268 1054 1326 gesta
1072 1254 1276 1308 fuerant
1313 1255 1361 1306 in
1393 1254 1702 1306 memoriam
1737 1268 2016 1321 revocare;

442 1350 642 1405 sciebat
671 1348 812 1402 enim
855 1348 964 1415 jam
992 1361 1110 1399 esse
1135 1345 1347 1398 oblitos.
1377 1343 1480 1399 Sed
1511 1344 1822 1414 simpliciter
1859 1359 2018 1398 accu-

442 1456 562 1495 sare
604 1454 709 1494 non
758 1437 1036 1492 videbatur
1067 1445 1190 1489 tunc
1212 1444 1563 1504 opportunum
1603 1449 1765 1489 esse:
1814 1449 2015 1500 verum,

442 1534 722 1588 occasione
746 1531 814 1584 ab
839 1531 939 1584 illis
967 1537 1201 1596 accepta,
1243 1528 1516 1595 increpare
1545 1528 1662 1581 illos
1690 1526 2018 1580 tolerabilem

444 1622 696 1678 reddebat
739 1620 1147 1676 accusationem.
1200 1617 1265 1670 Et
1311 1633 1406 1670 cur
1450 1633 1554 1670 non
1585 1627 1705 1670 tunc
1733 1617 2020 1685 increpavit

443 1729 535 1768 eos
559 1728 678 1766 cum
705 1713 970 1772 dixerttnt,
1008 1708 1153 1763 Unde
1181 1709 1320 1760 nobis
1351 1708 1401 1760 in
1429 1709 1699 1760 solitudine
1723 1718 1791 1761 tot
1827 1709 2022 1776 panes?

445 1805 578 1860 Nam
611 1813 736 1856 tunc
777 1801 1089 1855 videbantur
1119 1799 1232 1852 haec
1277 1807 1570 1867 opportune
1607 1799 1708 1853 dici
1743 1815 1914 1867 posse.
1946 1801 2022 1855 Ne

447 1893 713 1946 videretur
738 1891 803 1945 ad
826 1891 1032 1960 signum
1065 1889 1360 1943 faciendum
1386 1904 1620 1943 currere.
1659 1891 1904 1959 Alioquin
1930 1907 2023 1945 au-

451 1993 554 2038 tem
582 1983 790 2036 nolebat
811 1997 990 2036 coram
1015 1983 1179 2035 turbis
1203 1981 1317 2034 illos
1339 1995 1580 2049 arguere,
1608 1983 1685 2036 vel
1709 1997 1826 2036 sese
1846 1993 2024 2038 osten-

451 2085 582 2127 tare.
634 2073 782 2127 Nunc
827 2088 956 2127 vero
1011 2072 1358 2141 opportunior
1407 2072 1692 2134 accusatio,
1746 2075 1864 2142 quia
1906 2085 2025 2143 post

447 2163 639 2233 duplex
669 2163 978 2217 miraculum
1013 2163 1142 2215 tales
1171 2171 1342 2215 erant.
1394 2161 1595 2216 Idcirco
1622 2179 1739 2216 cum
1767 2164 1907 2218 aliud
1941 2164 2020 2219 l‘e-

445 2255 606 2307 cissi-t
659 2253 1006 2313 miraculum,
1065 2261 1186 2306 tunc
1243 2253 1510 2320 increpat,
1572 2255 2022 2324 cogitationesque

446 2343 676 2412 ipsorum
710 2342 762 2396 in
791 2343 1022 2396 medium
1053 2335 1312 2410 producit.
1337 2343 1467 2409 Quid
1492 2359 1652 2414 porro
1679 2345 2020 2415 Cogitabam?

444 2434 496 2488 7.
525 2434 656 2500 Quia
685 2449 840 2502 panes
869 2451 968 2487 non
993 2438 1294 2504 accepimus,
1321 2434 1500 2502 inquit.
1529 2434 1715 2489 Adhuc
1740 2439 1879 2490 enim
1901 2454 2022 2506 pur-

441 2525 742 2594 gationibus
785 2523 1026 2588 Jndaicis
1062 2533 1212 2578 eram
1259 2522 1470 2586 addicti,
1521 2540 1750 2578 necnon
1778 2527 2020 2583 ciborum

442 2615 936 2680 observationibus;
990 2614 1212 2684 ideoque
1251 2629 1434 2669 eorum
1479 2617 1712 2669 omnium
1745 2632 1901 2672 causa
1930 2634 2020 2672 ve-

443 2705 743 2760 hementius
770 2706 820 2758 in
846 2705 961 2759 illos
984 2705 1266 2771 invehitur,
1294 2705 1478 2760 dicens
1508 2722 1520 2757 :
1554 2705 1606 2760 8.
1637 2705 1771 2771 Quid
1791 2708 2020 2776 cogitatis

441 2798 491 2849 in
520 2796 654 2850 vobis
676 2797 820 2864 ipsis,
852 2796 1061 2849 modica:
1087 2796 1234 2862 ﬁdei,
1264 2795 1398 2864 quod
1427 2813 1580 2860 panes
1609 2813 1706 2849 non
1746 2799 1971 2866 ceperitis
1993 2798 2020 2850 ?

441 2889 494 2943 9.
535 2888 771 2942 Nondum
798 2887 1089 2956 intelltgitis,
1121 2903 1274 2955 neque
1301 2888 1668 2940 recordamini?
1686 2888 2014 2942 Occmcatum

439 2989 522 3034 est
545 2995 638 3032 cor
658 2987 913 3042 vestrum,
952 2977 1133 3030 oculos
1177 2976 1430 3029 habentes
1460 2992 1562 3030 non
1609 2977 1817 3043 videtis,
1859 2993 2017 3033 aures

441 3071 695 3126 habentes
725 3085 827 3123 non
854 3069 1066 3122 auditis.
1095 3067 1214 3121 Non
1238 3069 1571 3122 recordamini
1594 3070 1810 3140 quinque
1828 3087 2016 3142 panum

439 3163 490 3215 in
514 3161 727 3232 quinque
751 3160 908 3213 millia
938 3160 1211 3221 hominum.
1231 3169 1275 3214 et
1295 3171 1411 3229 quot
1433 3160 1675 3230 cap/tinos
1693 3163 1977 3229 sumpsistis
1990 3162 2018 3216 .9

440 3251 528 3306 10.
556 3268 710 3320 neque
730 3261 916 3319 septem
955 3267 1160 3320 panum,
1201 3251 1252 3303 in
1282 3262 1494 3318 quatuor
1539 3252 1697 3305 millia
1735 3252 2013 3319 hominum,

437 3330 488 3396 et
507 3353 622 3413 quot
647 3355 844 3414 sportas
867 3359 976 3396 sum
983 3344 1149 3411 psistis
1166 3343 1191 3395 ἱ)

508 3432 797 3503 Increpatio
845 3433 1216 3486 mansuetudini
1254 3435 1520 3503 conjuncta
1551 3434 1709 3488 utilis.
1735 3465 1806 3474 —-
1834 3435 2017 3492 Viden’

438 3525 688 3595 grandem
717 3523 1165 3592 indignationem?
1193 3523 1371 3592 Neque
1396 3538 1614 3593 usquam
1645 3524 1766 3578 alibi
1808 3526 2016 3580 videtur

439 3615 556 3669 iIIOs
585 3617 662 3668 sic
693 3617 1011 3683 increpasse.
1047 3613 1151 3667 Cur
1181 3629 1305 3682 ergo
1333 3617 1398 3666 ita
1442 3614 1597 3668 facit?
1628 3615 1694 3670 Ut
1725 3631 1907 3669 rursus
1935 3617 2012 3670 ci-

439 3706 624 3759 borum
657 3706 1041 3758 observationis
1067 3705 1370 3772 Opinionem
1391 3706 1706 3761 climinaret.
1731 3707 1853 3761 Ideo
1873 3709 2012 3762 enim

437 3804 562 3848 tunc
587 3795 795 3848 dicebat
826 3804 1050 3856 tantum,
1082 3795 1204 3848 Sine
1233 3796 1481 3849 intellectu
1516 3799 1650 3862 estis,
1683 3813 1783 3850 non
1823 3796 2010 3850 intelli-

435 3888 585 3958 gitis;
620 3887 703 3940 hic
733 3901 858 3940 vero
895 3888 1240 3940 vehementer
1269 3889 1589 3957 increpando
1619 3891 1764 3956 dicit,
1795 3890 2015 3945 Modica:

435 3979 573 4042 ﬁdei.
635 3977 750 4032 Non
809 3980 949 4030 enim
1007 3979 1198 4046 nhiqne
1247 3983 1700 4037 tinnisnetudinem
1756 3983 2012 4038 adniberc

433 4075 662 4135 Oportet.
693 4066 762 4122 Ut
790 4067 929 4120 enim
973 4067 1212 4121 tidnciam
1247 4069 1373 4136 ipsis
1402 4070 1664 4126 indiderat
1695 4093 1707 4127 :
1737 4075 1814 4128 sic
1844 4083 1897 4129 et
1925 4075 2009 4128 in-

431 4168 634 4226 crepat,
666 4157 765 4211 bac
809 4158 1058 4212 varietate
1105 4159 1256 4212 saluti
1289 4177 1472 4214 eorum
1506 4165 1849 4231 prospiciens.
1881 4164 2011 4220 Vide

431 4262 608 4302 autem
636 4260 685 4301 et
716 4249 1125 4316 increpationem
1183 4260 1234 4303 et
1264 4266 1365 4303 una
1394 4254 1846 4308 mansuetudinem
1873 4257 2010 4308 mul-

433 4347 558 4391 tam.
593 4337 722 4392 Nam
754 4353 871 4391 sese
896 4336 1005 4392 fere
1035 4354 1265 4408 purga;.s
1295 4341 1433 4408 quod
1463 4343 1576 4396 illos
1598 4358 1784 4412 aspere
1808 4347 2011 4414 arguis-

431 4438 532 4493 set,
559 4427 632 4480 ait
658 4445 670 4480 :
700 4425 942 4480 Nondum
967 4429 1243 4500 intelligitis
1263 4432 1480 4501 quinque
1523 4448 1676 4500 panes
1701 4435 1755 4487 in
1793 4437 2010 4506 quinque

343 4575 346 4578 ,
428 4519 609 4583 millia,
639 4527 681 4571 et
706 4529 824 4585 quot
853 4519 1093 4588 cap/tinos
1122 4522 1440 4590 sumpsistis?
1472 4531 1517 4575 et
1541 4534 1725 4590 septem
1769 4542 1920 4593 panes
1955 4527 2008 4580 in

427 4619 642 4678 quatuor
666 4611 844 4675 millia,
883 4621 928 4664 et
969 4623 1084 4680 quot
1105 4624 1300 4681 sportas
1326 4615 1641 4684 suntpsistis?
1670 4616 1792 4671 Ideo
1816 4633 2005 4674 nume-

429 4715 546 4754 rum
593 4701 746 4755 all'ert
787 4712 891 4756 tam
939 4720 1122 4758 eorum
1169 4707 1256 4775 qui
1287 4707 1645 4773 comederunt,
1693 4724 1848 4778 quam
1880 4713 2006 4766 reli-

426 4792 703 4860 quiarum;
731 4802 788 4848 ut
821 4795 922 4848 illis
951 4796 1107 4851 simul
1138 4799 1187 4850 in
1221 4799 1528 4852 memoriam
1557 4811 1833 4856 revocaret
1869 4819 2004 4872 prze-

427 4882 602 4948 terita,
630 4892 679 4936 et
721 4884 785 4937 ad
823 4885 996 4938 futura
1041 4887 1182 4954 ipsos
1219 4891 1530 4944 attentiores
1561 4891 1824 4947 redderet.
1861 4891 1924 4948 Et
1951 4905 2007 4950 ut

424 4970 621 5036 discas,
643 4983 894 5042 quantttm
916 4976 1084 5044 potuit
1106 4977 1414 5046 increpatio,
1435 4990 1594 5049 utque
1616 4984 2003 5039 50mnolentam

426 5062 662 5130 ipsorum
693 5075 922 5119 mentem
949 5069 1196 5132 erexerit,
1221 5070 1339 5124 audi
1361 5072 1483 5140 quid
1505 5073 2004 5144 dicatevangelista.

423 5151 554 5206 Nam
583 5167 700 5207 cum
725 5153 879 5209 Jesus
904 5155 1032 5210 nihil
1057 5159 1282 5228 amplius
1301 5160 1541 5226 dixisset,
1564 5163 1656 5217 sed
1681 5163 2006 5233 increpasset

424 5243 540 5296 lucc
587 5251 788 5298 tantum
839 5245 1105 5313 addendo,
1150 5250 1235 5302 11.
1271 5251 1535 5314 Quomodo
1576 5269 1676 5306 non
1706 5254 2001 5325 intelligitis,

419 5350 502 5386 me
545 5350 645 5387 non
699 5352 730 5388 a
781 5353 910 5405 pane
955 5355 1129 5393 cavere
1169 5341 1357 5396 dixisse
1404 5345 1558 5406 vobis,
1590 5345 1677 5398 sed
1701 5362 1733 5397 a
1762 5349 2002 5416 fermento

423 5423 800 5480 l’ltaristeorum
846 5439 892 5482 et
935 5430 1374 5487 Sadducteorum?
1418 5435 1596 5488 subdit
1630 5439 1998 5507 evangelista:

423 5513 514 5567 1⁸2.
551 5513 689 5567 Tunc
710 5517 1080 5584 intellexerunt,
1109 5523 1226 5590 quia
1253 5541 1351 5576 non
1378 5524 1574 5577 dixerat
1601 5529 1870 5582 cavendum
1897 5547 2004 5584 esse

418 5623 451 5660 a
469 5607 720 5675 fermento
747 5611 914 5678 panis,
943 5613 1032 5667 sed
1067 5631 1098 5666 a
1124 5613 1350 5669 doctrina
1380 5614 1758 5674 Pharius-orum
1779 5633 1824 5679 et
1858 5624 1995 5678 Sad-

1464 227 1525 282 ΙΝ
1567 225 1969 282 ΜᾹΊἼἩᾸΞΟΜ
2010 225 2235 281 1103111...
2278 225 2406 281 1..111.
2446 229 2514 283 al.
2558 229 2690 286 LlY.

3595 234 3700 289 530

2133 341 2415 396 ducteorum
2433 361 2452 410 ;
2477 343 2679 398 etiamsi
2707 343 2793 399 ille
2825 343 2937 399 hare
2966 359 3068 398 non
3100 344 3280 400 fuisset
3304 345 3697 416 interpretatus.

2132 432 2260 487 Vide
2285 443 2478 502 quanta
2509 435 2642 489 bona
2667 436 2902 490 attulerit
2932 437 3239 505 increpatio.
3263 436 3393 491 Nam
3415 453 3442 491 a
3467 438 3700 494 Judaiets

2126 522 2583 578 observationibus
2612 526 2998 590 illos-abduxit,
3042 537 3096 580 et
3135 527 3388 582 socordes
3415 540 3593 592 antea,
3625 528 3700 582 fcv

2125 613 2550 682 citattentiores,
2598 627 2754 684 atque
2799 632 2826 668 a
2869 617 2987 670 tidei
3023 617 3384 672 imbecillitate
3415 621 3695 682 revocavit,

2125 702 2194 756 ita
2226 714 2280 757 ut
2303 719 2406 758 non
2439 707 2674 773 timeant,
2701 723 2871 777 neque
2900 709 3200 774 formident,
3247 710 3289 764 si
3329 711 3540 779 quando
3568 728 3698 780 pan-

2125 810 2216 850 cos
2246 811 2407 866 panes
2447 798 2694 865 habeant,
2740 815 2911 869 neque
2939 799 3006 854 de
3049 801 3188 856 fame
3231 803 3461 856 cavenda
3487 804 3696 858 solliciti

2124 887 2250 952 sint,
2281 887 2373 941 sed
2403 887 2516 942 hzec
2541 890 2716 942 omnia
2741 901 3100 945 contemnant.
3135 892 3211 947 Ne
3235 894 3408 961 itaque
3439 910 3535 950 nos
3561 910 3692 949 sem-

2125 991 2218 1045 per
2241 977 2498 1030 assentari
2542 978 2766 1034 subditis
2789 981 3035 1046 velimus,
3069 999 3165 1036 nec
3193 993 3439 1052 optemus
3468 995 3521 1038 ut
3547 985 3579 1037 ii
3608 987 3696 1054 qui

2125 1068 2278 1122 nobis
2317 1079 2551 1138 prmsunt
2589 1070 2743 1125 nobis
2788 1073 3123 1126 adulentur‘.
3153 1073 3280 1126 Nam
3314 1086 3537 1144 utroque
3567 1091 3699 1144 Opus

2124 1158 2284 1215 habet
2329 1176 2477 1216 mens
2511 1162 2742 1216 humana
2787 1164 3040 1218 remedio.
3091 1165 3213 1218 Ideo
3262 1166 3400 1219 Deus
3427 1181 3511 1221 res
3546 1167 3700 1235 hujus

2124 1250 2305 1304 mundi
2347 1251 2421 1306 sic
2463 1251 2821 1316 administrat,
2851 1268 2912 1306 ac
2933 1253 3092 1306 modo
3129 1252 3248 1318 hoc,
3283 1254 3440 1308 modo
3467 1255 3593 1308 illud
3623 1254 3701 1308 fa-

2122 1345 2213 1410 cit,
2262 1359 2431 1414 ncque
2478 1344 2614 1399 bona
2669 1345 2959 1410 manentia,
3017 1360 3187 1413 neque
3240 1345 3373 1398 mala
3405 1347 3529 1398 sinit
3558 1361 3696 1399 esse.

2123 1434 2576 1502 Quemadmodum
2603 1434 2742 1488 enim
2766 1434 2922 1488 modo
2943 1434 3078 1501 dies,
3102 1434 3258 1487 modo
3279 1449 3382 1487 nox
3410 1444 3512 1498 est,
3542 1435 3699 1488 modo

2123 1536 2303 1592 atstas,
2349 1526 2508 1580 modo
2554 1527 2759 1580 hiems:
2788 1526 2864 1580 sic
2913 1537 2966 1580 et
3015 1527 3067 1579 in
3099 1525 3250 1579 nobis
3281 1525 3439 1578 modo
3465 1527 3579 1579 trist
3605 1527 3694 1587 tia,

2125 1617 2284 1670 modo
2329 1616 2608 1684 voluptas;
2669 1616 2825 1668 modo
2877 1617 3113 1680 morbus,
3167 1616 3324 1669 modo
3377 1616 3592 1669 sanitas.
3621 1614 3697 1668 Ne

2124 1723 2251 1778 ergo
2295 1709 2548 1761 miremur
2579 1707 2620 1761 si
2649 1716 2981 1776 a~grotemus,
3013 1705 3221 1774 quando
3238 1706 3394 1758 etiam
3419 1721 3536 1758 cum
3564 1706 3697 1759 bene

2126 1801 2362 1855 valemus
2390 1799 2686 1852 mirandum
2714 1810 2792 1852 est
2811 1799 2850 1851 ².
2875 1797 3054 1866 Neque
3087 1798 3356 1849 turbt-mur
3375 1811 3492 1849 cum
3516 1797 3698 1849 dolore

2126 1891 2388 1960 angimur,
2439 1904 2558 1942 nam
2609 1887 2818 1957 quando
2861 1886 3171 1956 gaudemus,
3220 1887 3448 1939 maxime
3499 1886 3695 1940 turbari

2127 1996 2221 2050 par
2245 1989 2343 2035 est.
2370 1979 2556 2034 Omnia
2602 1979 2796 2048 quippe
2839 1977 3128 2030 secundum
3169 1983 3409 2029 naturam
3437 1987 3485 2029 et
3520 1992 3696 2030 rerum

2125 2070 2314 2124 seriem
2342 2069 2611 2123 eveniunt.

2195 2164 2248 2217 4.
2295 2162 2417 2220 Htec
2443 2164 2541 2216 vita
2582 2161 2720 2214 bonis
2745 2169 2790 2212 et
2818 2159 2961 2211 malis
2985 2157 3253 2228 permixta.
3273 2185 3343 2198 -
3365 2155 3562 2225 Ecquid
3592 2155 3660 2210 mi
3679 2185 3692 2194 -

2125 2254 2260 2309 raris
2289 2255 2331 2307 si
2383 2252 2496 2306 lucc
2540 2252 2631 2305 tibi
2673 2250 2999 2318 contingant,
3050 2247 3262 2316 quando
3310 2248 3468 2302 etiam
3502 2249 3700 2303 sanctis

2123 2347 2408 2416 contigisse
2434 2344 2535 2399 vidi
2557 2344 2707 2398 mus?
2736 2343 2799 2398 Ut
2829 2351 3001 2396 autem
3030 2339 3154 2394 illud
3177 2340 3402 2402 ediscas,
3428 2354 3523 2408 age
3541 2355 3696 2408 quam

2125 2439 2282 2492 vitam
2311 2448 2465 2506 putas
2494 2436 2756 2503 voluptate
2789 2433 2994 2503 plenam
3018 2442 3068 2486 et
3094 2447 3122 2484 a
3151 2430 3375 2500 negotiis
3401 2438 3696 2494 vacantem,

2126 2530 2177 2584 in
2203 2528 2429 2582 medium
2454 2525 2794 2579 adducamus.
2827 2521 2988 2576 Visne
3011 2520 3237 2575 Abrahae
3267 2520 3425 2574 vitam
3455 2535 3484 2573 a
3507 2520 3696 2588 princi-

2126 2624 2214 2691 pio
2253 2617 2652 2675 examinemus?
2695 2616 2830 2682 Quid
2875 2630 3004 2683 ergo
3053 2614 3142 2667 ille
3192 2612 3416 2682 primtun
3466 2611 3696 2664 audivit?

2125 2713 2376 2782 Egredere
2405 2712 2467 2763 de
2497 2721 2627 2763 terra
2653 2718 2739 2761 tua
2760 2718 2805 2760 et
2835 2707 2897 2759 de
2921 2706 3213 2776 cognatione
3231 2715 3314 2758 tua
3341 2703 3488 2772 (Gen.
3512 2705 3594 2758 12.
3623 2705 3694 2773 1).

2122 2804 2364 2860 Vidistin‘
2391 2801 2695 2855 mandatum
2743 2798 2922 2851 dolore
2969 2797 3216 2865 plenum?
3265 2794 3369 2850 Sed
3417 2794 3536 2848 vide
3586 2811 3694 2849 rem

2123 2910 2430 2967 prosperam
2477 2893 2794 2946 succedere:
2827 2889 2889 2943 Et
2937 2890 3042 2944 veni
3079 2890 3131 2942 in
3161 2899 3342 2942 terram
3373 2904 3520 2955 quam
3551 2904 3695 2940 mon-

2120 2999 2339 3042 stravere
2370 2985 2478 3050 tibi,
2505 2994 2550 3038 et
2580 2984 2766 3054 faciam
2796 2993 2842 3035 te
2866 2983 2916 3034 in
2942 2991 3134 3052 gentem
3163 2977 3566 3049 magnam.Quid
3600 2979 3695 3048 igi-

2122 3081 2238 3135 tur?
2266 3094 2331 3132 an
2361 3078 2447 3132 ubi
2488 3078 2539 3130 in
2591 3087 2783 3129 terram
2831 3074 2990 3136 venit,
3037 3081 3089 3127 ct
3132 3072 3197 3126 ad
3237 3082 3443 3140 portum
3475 3071 3694 3139 appulit,

2123 3172 2288 3227 tristia
2319 3167 2631 3225 cessarunt?
2659 3167 3030 3236 Nequaquam;
3055 3164 3161 3216 imo
3183 3163 3280 3216 alia
3299 3161 3562 3230 prioribus
3579 3178 3693 3230 gra-

2120 3263 2266 3317 viora
2295 3262 2439 3314 illutn
2464 3267 2819 3327 exceperunt;
2853 3256 3018 3309 fames
3043 3261 3098 3308 et
3124 3253 3536 3322 transmigratio,
3570 3267 3694 3304 uxo-

2121 3357 2194 3410 ris
2220 3364 2435 3424 raptus:
2463 3361 2516 3408 et
2540 3360 2717 3421 postea
2743 3350 2877 3403 bona
2908 3349 3006 3402 alia
3039 3354 3432 3407 successerunt,
3468 3345 3697 3398 Pharao-

2121 3447 2202 3500 nis
2225 3445 2396 3515 plaga,
2435 3442 2697 3506 dimtssio,
2732 3439 2921 3505 honor,
2973 3438 3138 3492 multa
3184 3437 3268 3490 illa
3300 3435 3459 3500 dona,
3497 3434 3696 3488 reditus

2119 3539 2354 3593 domum.
2405 3537 2533 3603 Quae
2575 3541 2866 3602 sequuntur
2906 3546 3086 3586 autem
3127 3529 3311 3583 eadem
3344 3528 3482 3582 serie
3514 3543 3698 3594 prme-

2119 3628 2271 3691 dunt,
2297 3626 2449 3679 bonis
2477 3634 2530 3679 et
2572 3624 2725 3676 malis
2771 3622 3048 3690 permixta.
3091 3617 3358 3686 Apostolis
3388 3633 3596 3685 quoque
3624 3621 3697 3667 si-

2122 3716 2262 3769 milia
2291 3723 2603 3768 evenerunt.
2636 3711 2756 3764 ldeo
2785 3710 2978 3762 Paulus
3003 3708 3244 3761 diccbat:
3280 3705 3379 3771 Qui
3412 3708 3698 3758 consolatur

2119 3821 2210 3858 nos
2241 3805 2292 3856 in
2329 3802 2462 3856 omni
2505 3800 2844 3862 tribulatione,
2887 3807 2937 3850 ut
2970 3797 3215 3867 possimus
3255 3804 3300 3847 et
3330 3811 3419 3847 nos
3449 3795 3696 3846 consolari

2118 3912 2220 3959 eos,
2253 3896 2336 3964 qui
2362 3895 2412 3946 in
2441 3894 2573 3946 onmi
2603 3890 2928 3943 tribulatione
2954 3897 3068 3942 sunt
3115 3885 3187 3956 (‘2.
3221 3884 3339 3938 Cor.
3369 3885 3418 3937 l.
3451 3884 3527 3953 4).
3561 3884 3696 3950 Quid

2119 3988 2234 4041 hzec
2255 3984 2320 4039 ad
2351 4000 2456 4050 tne,
2483 3983 2708 4052 inquies,
2739 3981 2825 4048 qui
2851 3994 3062 4048 semper
3093 3979 3143 4032 in
3172 3977 3360 4031 dolore
3383 3975 3696 4030 versor1’Ne

2118 4081 2373 4149 ingratus,
2403 4091 2467 4128 ne
2493 4073 2870 4128 beneﬁciorum
2898 4074 3176 4124 immernor
3195 4078 3309 4122 esto
3331 4083 3346 4122 :
3368 4083 3537 4137 neque
3554 4066 3693 4120 enim

2118 4170 2226 4224 lieri
2255 4175 2434 4239 potest
2462 4176 2517 4222 ut
2542 4166 2664 4236 quis
2692 4179 2902 4233 semper
2930 4163 2980 4216 in
3005 4161 3187 4215 dolore
3208 4169 3483 4214 versetur:
3515 4172 3617 4212 non
3643 4156 3690 4211 id

2117 4272 2301 4315 natura
2326 4259 2464 4312 ferre
2487 4266 2695 4325 posset;
2720 4253 2810 4307 sed
2833 4253 2953 4321 quia
2976 4265 3188 4318 Semper
3209 4249 3258 4302 in
3280 4247 3472 4318 gaudio
3494 4246 3691 4301 versari

2115 4351 2387 4410 Vcllctttus,
2421 4346 2538 4400 ideo
2564 4360 2661 4398 nos
2707 4357 2915 4410 semper
2945 4342 2995 4394 in
3025 4355 3256 4394 mcerore
3282 4354 3400 4392 esse
3427 4347 3688 4406 putamus.

2115 4442 2296 4510 Neque
2323 4440 2420 4491 hac
2445 4437 2510 4491 de
2540 4449 2698 4490 causa
2729 4442 2948 4493 tantum,
2999 4431 3090 4483 sed
3122 4429 3242 4498 quia
3273 4429 3530 4481 bonarum
3577 4443 3693 4497 pro-

2113 4545 2492 4603 sperarumque
2513 4542 2689 4582 rermn
2708 4525 2884 4579 statim
2913 4521 3293 4584 obliviscimur,
3314 4520 3541 4572 tristium
3563 4534 3690 4573 vero

2111 4639 2324 4691 semper
2351 4619 2708 4680 recordamur,
2731 4615 2925 4670 idcirco
2947 4627 3044 4667 nos
3071 4626 3280 4680 semper
3297 4610 3348 4662 in
3374 4609 3556 4664 dolore
3573 4624 3657 4663 ess
3672 4625 3702 4662 e

2114 4715 2357 4768 dicimus.
2387 4711 2564 4780 Neque
2597 4710 2734 4762 enim
2770 4714 2942 4777 potest
2972 4704 3131 4758 homo
3169 4716 3381 4768 semper
3411 4700 3460 4752 in
3491 4695 3705 4751 dolori-

2116 4810 2212 4863 bus
2238 4823 2376 4862 esse.
2408 4805 2462 4859 Si
2497 4805 2666 4872 placet
2693 4810 2889 4863 autem,
2915 4814 3034 4852 eum
3061 4797 3148 4866 qui
3177 4796 3226 4848 in
3254 4792 3460 4846 deliciis
3480 4803 3691 4856 semper

2115 4902 2272 4954 vitam
2303 4898 2409 4968 agit
2435 4896 2795 4964 exploremus,
2827 4889 3110 4942 delicatum
3139 4899 3350 4949 nempe,
3384 4881 3686 4933 afﬂuentem

2112 4990 2378 5053 omnibus,
2417 5000 2622 5041 necnon
2652 4996 3030 5042 a-rutnnosnm,
3071 4977 3344 5038 afﬂictum,
3377 4987 3428 5025 in
3459 4983 3690 5024 man-ore

2115 5090 2439 5140 versantem.
2462 5078 2594 5133 Nam
2618 5071 3099 5130 demonstrabimus
3122 5066 3290 5131 vobis,
3308 5079 3404 5118 nec
3429 5063 3575 5119 illum
3595 5060 3692 5116 do-

2117 5180 2264 5241 loris,
2294 5191 2392 5230 nec
2422 5173 2561 5226 hunc
2582 5165 2975 5236 tranquillitatis
3005 5175 3219 5230 prorsus
3247 5168 3516 5226 expertem
3547 5169 3685 5208 esse.

2117 5269 2310 5323 Verum
2330 5281 2394 5319 ne
2413 5261 2715 5317 turbemini.
2748 5260 3086 5325 Supponuntur
3116 5252 3164 5305 in
3198 5250 3371 5304 medio
3397 5247 3688 5301 consistere

2177 5451 2192 5481 ¹
2228 5449 2353 5498 Editi
2378 5455 2430 5496 ut
2454 5447 2504 5494 in
2530 5450 2669 5494 textu
2695 5443 2891 5491 habent.
2918 5448 3046 5500 3155.,
3071 5451 3158 5488 nec
3198 5441 3411 5499 optemus
3437 5439 3484 5482 ut
3508 5432 3686 5482 subditi

2113 5510 2248 5618 mg";
2620 5565 2897 5629 dolendum,
2937 5577 2976 5612 si
3001 5567 3303 5623 (carmentes,
3327 5558 3519 5624 quando
3544 5559 3684 5610 etiam

2109 5647 2216 5686 cum
2241 5625 2356 5685 bene
2383 5625 2608 5689 ralenins,
2637 5625 2896 5678 dolendum
2917 5634 3002 5676 est.
