4088 6224
394 296 491 350 551

392 425 604 465 servum
635 408 929 472 hominem,
956 414 1010 460 et
1030 405 1189 459 alium
1226 419 1403 473 regem
1431 404 1681 472 juvenem
1709 414 1770 453 ac
1797 398 1972 468 pupil-

388 503 519 569 lum,
544 504 636 573 qui
660 502 1008 557 hereditatem
1027 501 1095 555 sit
1116 501 1382 569 ingentem
1401 503 1717 563 assequutus
1741 510 1755 548 :
1780 505 1972 562 propo-

387 606 544 650 natur
560 597 720 651 etiam
743 594 1103 649 mercenarius
1128 592 1215 660 qui
1244 598 1358 643 toto‘
1379 588 1466 642 die
1494 588 1714 646 laboret,
1735 584 1974 653 aliusque

389 688 479 756 qui
509 696 769 756 perpetuo
795 687 846 739 in
873 685 1078 739 deliciis
1107 683 1267 735 vivat.
1301 679 1390 763 Yis
1421 678 1559 732 illius
1587 677 1811 745 prinmm
1835 688 1971 728 ιιιωο

388 794 539 835 rores
564 778 933 834 describamus
959 777 1045 845 qui
1071 776 1121 828 in
1150 774 1352 828 deliciis
1389 770 1554 825 vivit?
1590 769 1772 836 Cogita
1799 782 1970 837 quan-

388 882 497 924 tum
527 881 774 940 oporteat
800 870 943 924 illum
977 868 1231 923 ﬂuctuare
1254 877 1308 920 et
1327 863 1535 932 agitari,
1559 876 1681 916 cum
1712 859 1968 929 majorem

383 964 588 1032 appetit
615 954 857 1034 gloriam,
891 977 1046 1032 quam
1069 959 1276 1029 assequi
1298 958 1494 1029 possit;
1526 970 1644 1009 cum
1667 969 1692 1005 a
1718 951 1973 1006 domesti-

384 1054 460 1106 cis
492 1053 801 1123 dCSpicitur,
831 1069 859 1105 a
889 1051 1181 1105 minoribus
1211 1046 1533 1102 contumelia
1565 1045 1822 1107 afficitur;
1848 1058 1967 1097 cum

385 1144 531 1198 mille
561 1143 719 1199 habet
745 1154 1105 1206 accusatores,
1139 1140 1227 1209 qui
1259 1139 1374 1208 ejus
1408 1145 1652 1204 sumptus
1682 1136 1969 1204 immensos

383 1236 804 1300 calumnientur;
830 1246 883 1291 et
909 1236 1008 1287 alia
1032 1241 1292 1303 quotquot
1334 1233 1383 1284 in
1426 1230 1587 1283 tantis
1614 1228 1811 1281 divitiis
1835 1242 1968 1280 cono

386 1329 591 1398 tingere
618 1330 811 1390 solent,
842 1342 959 1397 quze
989 1341 1055 1381 ne
1082 1325 1185 1380 dici
1231 1324 1443 1393 quidem
1471 1330 1720 1393 possunt;
1764 1328 1817 1374 ut
1846 1329 1968 1373 sunt

382 1421 692 1480 inimicitias.
738 1420 1079 1481 olfensiones,
1112 1418 1497 1479 accusationes,
1542 1415 1754 1476 damna,
1787 1412 1967 1465 multae

382 1512 591 1565 insidiae
620 1511 940 1576 invidorum,
972 1511 1057 1580 qui
1091 1526 1209 1564 eum
1236 1510 1563 1579 nonpossint
1590 1508 1800 1561 divitias
1826 1505 1965 1559 illius

384 1603 435 1657 in
467 1619 524 1658 se
553 1603 861 1666 transferre,
902 1603 1151 1671 juvenem
1200 1603 1430 1671 undique
1472 1600 1772 1662 traducunt,
1828 1598 1967 1652 lace-

380 1705 518 1761 rant,
552 1696 859 1750 innumeras
906 1697 1002 1765 ipsi
1052 1706 1396 1764 tempestates
1435 1695 1688 1748 excitant.
1737 1691 1825 1746 Vis
1871 1689 1964 1744 tibi

380 1788 694 1841 mercenarii
725 1788 863 1841 illius
890 1788 1185 1856 voluptates
1210 1786 1549 1840 recenseam?
1580 1785 1658 1838 Ab
1686 1784 1768 1838 his
1789 1782 1965 1837 omni—

378 1877 476 1932 bus
507 1878 640 1932 liber
669 1887 781 1932 est:
806 1879 1011 1931 etiamsi
1055 1881 1173 1945 quis
1214 1878 1358 1930 illum
1391 1876 1709 1931 contumelia
1744 1878 1959 1945 alliciat,

380 1982 484 2020 non
508 1967 675 2034 dolet,
709 1968 921 2022 nemine
952 1982 1009 2021 se
1036 1967 1293 2035 majorem
1338 1975 1504 2036 putat,
1539 1982 1641 2019 non
1676 1984 1735 2019 ex
1767 1967 1963 2023 divitiis

379 2056 550 2122 timet,
570 2073 689 2111 cum
711 2058 978 2127 voluptate
1002 2058 1177 2111 cibmn
1202 2057 1360 2125 capit,
1385 2072 1503 2110 cum
1528 2057 1721 2126 gaudio
1741 2057 1958 2115 dormit.

374 2145 488 2200 Non
520 2149 587 2201 ita
619 2147 865 2201 laetantur
886 2147 1047 2217 ii,qui
1072 2146 1326 2200 Thasium
1360 2147 1536 2200 vinum
1569 2157 1769 2214 potant,
1798 2148 1962 2203 utille

374 2252 494 2290 cum
523 2238 633 2290 abit
672 2239 736 2290 ad
770 2239 940 2291 fontes
965 2249 1017 2291 et
1042 2237 1107 2290 ad
1148 2253 1403 2305 aquarum
1451 2237 1645 2291 fluenta
1679 2237 1958 2294 bibiturus.

373 2330 479 2386 Sed
509 2330 797 2400 supradicti
833 2331 971 2384 illius
1019 2346 1124 2384 non
1158 2330 1276 2383 talis
1317 2340 1397 2383 est
1436 2330 1692 2385 conditio.
1736 2326 1885 2398 Quod
1914 2332 1957 2385 si

372 2419 487 2475 hrcc
513 2436 618 2475 non
654 2421 745 2475 tibi
773 2421 901 2475 satis
928 2421 1054 2485 sint,
1090 2430 1146 2475 ut
1184 2420 1437 2490 majorem
1475 2421 1748 2475 victoriam
1774 2436 1961 2491 repor-

372 2521 499 2579 tem,
540 2529 657 2583 age,
702 2529 876 2584 regem
910 2514 1057 2568 illum
1104 2530 1224 2569 cum
1272 2530 1427 2569 servo
1466 2529 1863 2583 comparemus;
1906 2526 1960 2571 et

369 2621 514 2675 sarpe
544 2606 752 2661 videbis
800 2606 941 2661 hunc
971 2605 1021 2659 in
1053 2607 1321 2675 voluptate
1368 2607 1660 2673 ludentem,
1691 2608 1947 2663 exsilien-

372 2706 501 2762 tcm,
532 2697 676 2750 illum
708 2713 834 2749 vero
860 2696 1161 2751 diademate
1184 2706 1237 2750 et
1267 2712 1495 2765 purpura
1527 2707 1794 2762 ornatum,
1824 2714 1958 2754 uite-

369 2800 596 2854 reutem,
632 2788 776 2841 mille
804 2788 946 2843 curis
978 2798 1244 2851 vexatum,
1281 2803 1390 2857 prie
1432 2797 1573 2842 metu
1615 2792 1953 2845 morientem.

368 2879 548 2948 Neque
573 2878 713 2932 enim
737 2888 929 2949 potest,
974 2895 1076 2933 non
1103 2888 1277 2948 potest
1317 2890 1461 2934 certe
1491 2882 1595 2934 vita
1628 2882 1742 2936 sine
1771 2882 1957 2938 dolore

368 2970 613 3037 reperiri,
667 2984 765 3024 nec
812 2970 1082 3039 voluptate
1126 2986 1344 3040 prorsus
1385 2988 1583 3026 vacua:
1614 2989 1782 3041 neque
1812 2977 1953 3029 enim

368 3070 553 3115 natura
583 3073 761 3115 nostra
793 3063 931 3117 ferre
960 3074 1158 3132 posset,
1190 3074 1244 3117 ut
1273 3065 1399 3118 dixi.
1429 3065 1577 3132 Quod
1606 3067 1649 3120 si
1682 3068 1767 3121 ille
1789 3071 1954 3139 magis

365 3153 576 3221 gaudet,
610 3154 696 3208 ille
728 3155 843 3225 plus
859 3155 1021 3221 dolet,
1055 3156 1103 3209 id
1130 3157 1196 3209 ab
1225 3157 1314 3210 illo
1345 3159 1458 3226 ipso
1484 3156 1571 3228 qui
1602 3160 1651 3213 in
1678 3160 1858 3214 dolore
1875 3171 1954 3216 est

365 3246 734 3315 proficiscitur,
757 3248 876 3318 quia
899 3249 1069 3317 pusilli
1094 3259 1173 3302 est
1196 3249 1376 3311 animi,
1400 3264 1500 3303 n0n
1526 3263 1699 3306 autem
1723 3268 1750 3305 a
1776 3268 1950 3306 rerum

366 3346 570 3390 natura.
602 3337 657 3391 Si
690 3339 828 3392 enim
860 3339 1436 3409 velimus-frequenter
1473 3340 1728 3411 gaudere,
1760 3343 1953 3397 multas

364 3426 622 3482 habemus
649 3430 979 3482 occasiones.
1025 3428 1156 3482 Nam
1203 3430 1246 3482 si
1290 3430 1541 3484 virtutem
1572 3432 1945 3500 suscipiamus,

363 3519 496 3572 nihil
540 3519 789 3587 deinceps
839 3521 1031 3589 poterit
1078 3520 1321 3576 dolorem
1365 3521 1560 3577 inferre
1602 3523 1775 3577 nobis.
1830 3525 1952 3580 llaec

362 3610 504 3662 enim
527 3625 676 3678 Spem
706 3611 894 3664 bonam
920 3612 1156 3681 suggerit
1180 3613 1243 3666 iis
1260 3614 1346 3681 qui
1378 3613 1517 3667 illam
1548 3626 1819 3678 exercent,
1841 3617 1949 3670 Deo

362 3710 539 3769 gratos
572 3702 741 3756 reddit
772 3713 824 3757 et
869 3703 1175 3758 hominibus
1203 3716 1473 3774 acceptos,
1521 3707 1947 3777 inell‘abilemquc

361 3792 517 3847 nobis
550 3795 870 3862 voluptatem
902 3797 1056 3863 parit.
1091 3795 1222 3849 Nam
1246 3797 1289 3849 si
1318 3796 1577 3851 lab0riosa
1614 3800 1663 3852 in
1692 3801 1948 3856 exercitio

361 3883 529 3937 virtus
557 3893 657 3950 est,
702 3884 795 3939 sed
841 3887 1219 3941 conscientiam
1251 3888 1415 3941 multa
1464 3889 1629 3956 replet
1660 3890 1864 3957 laetitia,
1895 3903 1948 3947 ct

360 3985 556 4029 tantam
586 3979 724 4031 intus
753 3979 988 4032 immittit
1014 3979 1357 4048 Voluptatem,
1401 3993 1649 4049 quantam
1681 3999 1747 4036 ne
1776 3986 1945 4052 expli-

356 4082 478 4121 care
503 4068 717 4136 quidem
748 4084 1049 4137 possumus.
1089 4069 1224 4136 Quid
1264 4072 1405 4124 enim
1434 4071 1641 4125 videtur
1669 4073 1760 4126 tibi
1785 4089 1947 4130 suave

361 4159 413 4212 in
439 4162 717 4228 przesentis
740 4161 861 4213 vita:
887 4161 1076 4215 rebus?
1104 4175 1411 4229 sumptuosa
1436 4179 1637 4227 mensa,
1672 4166 1805 4220 bona
1829 4183 1948 4221 cor-

361 4253 507 4320 poris
535 4253 802 4315 valetudo,
836 4254 1022 4322 gloria,
1066 4255 1299 4309 divitite?
1342 4256 1537 4311 Verum
1586 4258 1629 4311 si
1679 4258 1792 4315 lucc
1826 4278 1945 4331 qua)

355 4342 530 4395 dulcia
582 4342 844 4397 habentur
890 4360 1009 4397 cum
1048 4345 1240 4400 virtute
1269 4348 1680 4415 comparaveris,
1707 4351 1943 4406 omnium

354 4435 703 4489 acerbissima
736 4435 1072 4490 videbuntur.
1121 4437 1260 4491 Nihil
1291 4440 1489 4510 quippe
1520 4442 1754 4506 suavius,
1783 4459 1941 4513 quam

351 4526 698 4588 Conscientia,
734 4536 786 4580 et
811 4543 934 4598 spes
964 4528 1123 4583 bona.

423 4620 475 4673 5.
522 4618 575 4671 Si
607 4618 657 4671 id
686 4619 891 4673 discere
920 4622 1100 4685 vultis,
1130 4623 1236 4690 jam
1287 4624 1601 4679 moriturum
1648 4626 1938 4696 hominem,

353 4721 441 4765 aut
466 4727 647 4767 senem
675 4712 946 4773 adeamus,
966 4722 1019 4767 et
1039 4714 1137 4783 ipsi
1166 4714 1217 4767 in
1246 4724 1474 4769 mentem
1497 4731 1803 4775 revocantes
1832 4722 1944 4776 lan-

352 4814 457 4857 tam
491 4819 729 4857 mensam
755 4819 859 4871 qua
883 4819 1009 4858 usus
1034 4813 1137 4871 est,
1156 4806 1373 4875 gloriam
1403 4816 1455 4861 ct
1484 4808 1940 4876 bonorem,etbo-

371 4923 2963 4950 W

1138 291 1193 345 S.
1234 286 1508 343 JOANNIS
1541 282 2013 339 ClllliSOSTOMI
2051 283 2368 343 ARClllEP.
2408 292 2943 348 CONSTANTI‘NOP.

3566 296 3668 353 359

2086 415 2149 453 na
2177 416 2337 470 opera
2366 421 2483 473 qua!
2512 404 2637 460 fecit
2677 407 2729 460 in
2780 407 2915 471 vita;
2972 407 3356 477 interrogemus
3385 409 3452 465 de
3476 412 3668 481 quibus

2080 492 2248 561 magis
2275 493 2520 563 gaudeat,
2550 506 2603 551 et
2628 498 2925 553 videbimus
2953 499 3098 554 illum
3124 500 3189 555 de
3220 502 3322 557 illis
3347 504 3667 562 erubescere

2080 589 2133 635 et
2163 584 2363 651 pudore
2391 586 2552 650 allici,
2585 587 2653 641 de
2684 587 2766 642 bis
2794 605 2920 644 vero
2949 591 3238 645 exsultare.
3291 592 3380 647 Sic
3408 593 3665 650 Ezechias

2079 685 2196 726 cum
2223 674 2272 726 in
2301 675 2541 729 morbum
2568 678 2746 746 lapsus
2767 690 2866 743 est,
2894 697 2998 734 non
3020 682 3265 751 gloriam,
3289 699 3394 737 non
3419 700 3658 755 regnum,

2079 780 2182 818 non
2214 766 2409 822 lautam
2459 785 2697 825 mensam
2740 776 3200 839 commemoravit,
3251 776 3343 830 sed
3378 777 3658 846 justitiam.

2079 854 2351 921 Memento,
2391 860 2579 929 inquit,
2615 860 2845 928 Domine,
2890 865 3023 933 quod
3050 865 3407 920 ambulaverint
3451 869 3504 923 in
3539 887 3659 924 con-

2075 957 2245 1016 spectu
2273 958 2357 1001 tuo
2380 950 2431 1002 in
2457 950 2557 1002 vita
2578 961 2712 1005 recta
2737 953 2814 1023 (4.
2847 954 2970 1025 Reg.
2993 955 3080 1008 20.
3106 957 3161 1010 ὅ.
3206 956 3331 1011 lsai.
3364 960 3451 1014 58.
3473 960 3550 1029 5).
3578 962 3659 1016 Vi-

2077 1036 2141 1089 de
2170 1038 2328 1092 etiam
2376 1040 2594 1095 Paulum
2644 1043 2709 1096 de
2755 1043 2837 1097 his
2882 1046 3233 1101 ex5ultantem
3262 1064 3323 1102 ac
3352 1049 3660 1107 dicentem;

2074 1126 2270 1184 Bonum
2309 1143 2560 1188 certamen
2608 1137 2811 1201 certari,
2852 1155 3053 1191 cursum
3095 1144 3457 1211 consummavi,
3507 1146 3657 1213 [idem

2074 1223 2264 1273 servavi
2310 1222 2385 1293 (2.
2433 1223 2564 1281 Tim.
2613 1227 2665 1280 4.
2714 1228 2788 1298 7).
2823 1228 2926 1282 Sed
2968 1230 3090 1297 quid
3121 1231 3261 1285 aliud
3293 1235 3542 1303 amplius,
3575 1237 3654 1291 iti-

2075 1313 2247 1379 quies,
2281 1326 2485 1382 poterat
2516 1317 2598 1369 hic
2629 1318 2843 1373 dicere?
2887 1320 2977 1375 llis
3006 1320 3159 1391 longe
3193 1324 3371 1391 plura;
3404 1325 3655 1396 honores,

2073 1402 2377 1457 satellitium
2404 1422 2509 1475 quo
2542 1408 2833 1473 frui-batur,
2865 1411 3170 1466 inuiolatum
3219 1430 3489 1484 maguum.
3543 1420 3657 1473 An-

2074 1506 2178 1545 non
2206 1494 2357 1549 audis
2378 1496 2523 1550 illum
2553 1497 2851 1553 dicentem:
2880 1500 3024 1553 Sicut
3045 1504 3278 1572 angelum
3311 1504 3514 1561 Domini
3541 1526 3657 1563 sus-

2072 1586 2272 1655 cepistis
2296 1604 2392 1651 me,
2416 1588 2543 1641 sicut
2568 1589 2816 1643 Christum
2840 1590 3051 1657 Jesum;
3074 1604 3147 1657 et,
3175 1594 3236 1649 Si
3260 1599 3495 1666 possibile
3525 1602 3655 1670 fuis-

2072 1690 2161 1744 set,
2194 1682 2398 1734 avulsas
2428 1682 2597 1734 oculos
2625 1682 2885 1736 dedissetis
2927 1685 3050 1736 milii
3089 1686 3229 1754 (Gal.
3262 1690 3313 1743 4.
3344 1690 3431 1743 ll.
3461 1691 3572 1761 15),
3601 1703 3656 1747 et

2071 1772 2211 1842 quod
2243 1789 2337 1841 pro
2363 1775 2537 1828 anima
2570 1774 2685 1843 ejus
2710 1776 2903 1829 collum
2935 1782 3313 1846 supposuerint
3345 1782 3365 1853 (
3384 1782 3530 1837 Rom.
3566 1788 3651 1841 l6.

2070 1864 2285 1933 Αγιδεά
2320 1865 2445 1918 nihil
2476 1864 2662 1919 horum
2693 1868 2742 1919 in
2775 1868 3004 1922 medium
3034 1870 3204 1931 affert,
3239 1887 3420 1927 verum
3447 1876 3654 1932 labores

2075 1966 2314 2021 tantum,
2358 1956 2590 2025 pericula
2617 2000 2632 2024 ,
2676 1970 2726 2012 et
2774 1974 2999 2013 coronas
3048 1962 3170 2015 inde
3219 1974 3515 2033 reportatas
3546 1985 3561 2020 :
3592 1984 3653 2023 ac

2064 2050 2185 2115 jure
2211 2049 2448 2119 quidem.
2483 2049 2608 2103 llmc
2628 2052 2768 2105 enim
2802 2052 2886 2105 hic
2914 2054 3301 2123 relinquuntur,
3333 2069 3525 2114 etetera
3555 2078 3651 2115 no-

2068 2140 2270 2193 biscum
2293 2140 2724 2208 proﬁciscuntur;
2760 2143 2968 2196 illorum
2987 2160 3113 2198 vero
3133 2147 3364 2202 rationes
3385 2148 3648 2213 dabimus,

2067 2232 2258 2287 horum
2290 2235 2589 2289 mercedem
2621 2219 2952 2305 expetemus.
2987 2241 3067 2293 An
3102 2240 3354 2308 ignoratis
3381 2244 3648 2313 quomodo

2068 2324 2119 2378 in
2147 2326 2336 2379 ultimo
2362 2325 2447 2379 die
2473 2336 2685 2394 peccata
2707 2328 2934 2381 animam
2954 2333 3357 2386 commoveant‘l
3380 2334 3647 2403 quomodo

2064 2430 2157 2470 cor
2180 2417 2481 2486 exagitent?
2506 2416 2654 2470 Tunc
2675 2433 2801 2486 ergo
2829 2418 3087 2473 bonorum
3119 2436 3338 2492 operum
3367 2427 3645 2494 memoria,

2066 2507 2211 2575 quasi
2254 2508 2303 2560 in
2340 2518 2652 2575 tempestate
2699 2512 3073 2579 tranquillitas,
3106 2514 3369 2570 turbatam
3413 2517 3643 2572 animam

2064 2599 2389 2652 Consolatur.
2421 2598 2474 2654 Si
2507 2600 2784 2669 vigilemus
2830 2612 2882 2654 et
2925 2604 3086 2656 sobrii
3137 2605 3325 2670 simus,
3358 2622 3453 2677 per
3480 2618 3643 2663 totam

2062 2690 2221 2741 vitam
2252 2688 2403 2742 nobis
2430 2689 2730 2760 hujus-modi
2764 2694 2925 2747 timor
2966 2694 3314 2766 aderit:quia
3359 2714 3486 2755 vero
3530 2702 3645 2756 sine

2063 2778 2169 2830 ullo
2198 2794 2355 2832 sensu
2386 2781 2628 2843 vivimus,
2654 2797 2771 2836 cum
2794 2782 2913 2835 hinc
2942 2786 3096 2851 ejecti
3128 2787 3405 2854 fuerimus,
3457 2790 3645 2858 procul

2061 2868 2221 2923 dubio
2251 2872 2485 2924 accedet.
2512 2873 2640 2925 Nam
2672 2874 2878 2927 vinctus
2909 2884 3016 2927 tum
3055 2878 3282 2932 maxime
3324 2878 3490 2945 dolet,
3520 2896 3638 2934 cum

2062 2961 2291 3016 educunt
2319 2979 2437 3015 eum
2468 2964 2530 3015 ad
2559 2964 2817 3030 judicium
2842 2982 2853 3017 :
2880 2974 3004 3019 tunc
3033 2968 3262 3022 maxime
3292 2971 3491 3033 tremit,
3517 2987 3635 3025 cum

2060 3067 2225 3121 prope
2271 3054 2498 3107 tribunal
2529 3058 2670 3120 est‘,
2712 3057 2921 3125 quando
2966 3059 3197 3115 rationes
3235 3061 3364 3117 dare
3406 3074 3635 3133 oportet.

2062 3145 2263 3200 ldrirco
2294 3148 2557 3203 terribiles
2589 3151 2820 3204 visiones
2847 3162 3064 3205 narrant
3091 3154 3240 3208 inulti
3285 3156 3384 3210 hoc
3418 3158 3467 3210 in
3497 3168 3636 3212 statu

2058 3240 2280 3305 oblatas,
2312 3256 2531 3308 quarum
2556 3244 2787 3309 speciem
2812 3260 2914 3297 non
2940 3244 3171 3301 ferentes
3197 3248 3228 3301 ii
3247 3251 3333 3317 qui
3353 3248 3636 3317 decedunt,

2057 3332 2250 3386 lectum
2280 3336 2448 3401 ipsum
2476 3349 2596 3388 cum
2626 3351 2816 3405 magno
2839 3338 3034 3405 impetu
3057 3342 3355 3395 succutiunt
3376 3342 3635 3411 jacentcs,

2056 3434 2109 3478 et
2130 3440 2221 3478 cos
2250 3427 2334 3493 qui
2363 3426 2553 3479 adsunt
2581 3428 2744 3480 torvis
2768 3428 3050 3496 inspiciunt
3074 3432 3264 3497 oculis,
3289 3435 3463 3487 anima
3495 3435 3636 3489 intus

2055 3530 2174 3568 sese
2203 3517 2524 3583 exagitante,
2551 3524 2605 3570 et
2630 3532 2656 3569 a
2686 3530 2913 3585 corpore
2937 3520 3087 3574 avelli
3119 3533 3395 3589 renuente,
3426 3542 3521 3579 nec
3543 3527 3637 3579 ad-

2057 3609 2379 3661 ventantium
2413 3608 2720 3676 angelorum
2771 3620 3113 3678 conspectum
3167 3611 3388 3668 ferente.
3434 3615 3561 3669 Nam
3591 3617 3636 3671 si

2054 3710 2172 3750 cum
2193 3696 2435 3751 homines
2456 3698 2717 3753 terribiles
2734 3699 3109 3768 conspicimus,
3132 3701 3496 3767 formidamus,
3515 3720 3636 3759 cum

2052 3790 2272 3859 angelos
2294 3790 2703 3852 comminantes,
2728 3801 2781 3845 et
2800 3791 3017 3845 virtutes
3037 3792 3293 3848 immanes
3315 3795 3633 3861 videbimus,

2053 3882 2177 3951 quid
2207 3898 2310 3935 non
2338 3883 2618 3951 patiemur,
2647 3882 2821 3936 anima
2854 3898 2881 3935 a
2912 3898 3135 3952 corpore
3155 3886 3439 3951 abstracta,
3472 3899 3523 3942 et
3552 3889 3635 3942 in-

2052 3988 2259 4027 cassum
2290 3974 2620 4043 multumque
2643 3974 2893 4043 lugente?
2919 3974 3047 4028 Nam
3081 3977 3228 4031 dives
3251 3979 3338 4033 ille
3358 3992 3634 4051 postquam

2051 4064 2373 4128 decesserat,
2406 4064 2630 4118 multum
2673 4064 2821 4127 luxit,
2856 4063 2949 4117 St'd
2994 4065 3042 4117 id
3092 4066 3219 4120 nihil
3266 4069 3362 4136 ipsi
3418 4070 3633 4138 profuit.

2054 4155 2180 4210 H:ec
2212 4156 2369 4225 igitur
2397 4155 2574 4209 omnia
2606 4155 2656 4208 in
2689 4156 2842 4208 nobis
2867 4156 3212 4225 dcpingentes
3240 4168 3293 4212 et
3317 4161 3493 4215 animo
3519 4178 3636 4216 ver-

2051 4256 2250 4312 santes,
2281 4261 2346 4299 ne
2371 4246 2555 4300 eadem
2580 4255 2633 4299 et
2661 4260 2757 4299 nos
2786 4248 3063 4315 patiamur,
3090 4249 3277 4304 horum
3310 4255 3542 4308 omnium
3570 4256 3636 4309 ti-

2052 4352 2255 4391 morem
2291 4351 2584 4395 servemus.
2618 4348 2673 4390 ut
2703 4348 2755 4391 et
2781 4339 3093 4407 supplicium
3120 4342 3244 4397 illud
3270 4342 3546 4413 fugiamus,
3581 4356 3637 4403 et

2049 4440 2251 4484 teterna
2274 4442 2668 4495 consequamur
2699 4428 2856 4492 bona,
2880 4431 3045 4497 gratia
3087 4442 3140 4484 et
3170 4434 3494 4503 benignitate
3527 4438 3635 4491 Do-

2051 4521 2178 4574 mini
2208 4520 2371 4572 nostri
2399 4518 2524 4573 Jesu
2556 4518 2769 4580 Christi,
2797 4520 3005 4586 quicum
3033 4521 3171 4576 Patri
3191 4523 3357 4592 gloria
3375 4541 3494 4580 cum
3514 4542 3637 4583 san-

2049 4621 2137 4667 cto
2165 4622 2219 4667 et
2243 4610 2457 4666 vivifico
2484 4611 2705 4679 Spiritu,
2748 4628 2887 4666 nunc
2925 4622 2978 4666 et
3024 4629 3253 4684 semper,
3283 4627 3336 4672 et
3363 4620 3412 4673 in
3442 4622 3634 4676 smcula
3718 4644 3733 4658 -

2049 4705 2384 4759 sreculorum.
2414 4705 2603 4757 Amen.

2113 4820 2128 4851 ι
2168 4825 2312 4877 Unus,
2332 4829 2442 4866 cum
2459 4828 2606 4878 prope
2630 4821 2698 4866 est
2707 4814 2971 4876 judicium.

2969 4936 3635 4961 _________

1558 4996 1899 5059 HOMlLIA
1942 4998 2106 5061 LIV.
2141 4996 2225 5057 al.
2270 4993 2400 5055 LV.

352 5128 479 5182 CAP.
534 5130 617 5185 l6.
672 5146 725 5183 v.
763 5133 843 5187 l5.
884 5130 1130 5201 Egressus
1176 5129 1328 5187 Iesus
1375 5134 1427 5186 in
1478 5144 1645 5203 partes
1692 5135 1939 5192 Cwsareat

429 5221 681 5291 Philippi,
712 5223 1051 5291 interrogabat
1080 5224 1355 5293 discipulos
1380 5242 1515 5288 suos,
1540 5227 1712 5281 dicens
1733 5244 1752 5281 :
1781 5229 1940 5293 Quem

427 5330 505 5366 me
536 5314 709 5366 dicunt
740 5314 962 5367 honu‘nes
988 5330 1093 5368 esse
1116 5313 1306 5369 Filium
1337 5316 1591 5372 hominis?

434 5408 470 5456 l.
522 5404 630 5457 Cur
644 5419 765 5458 cum
796 5405 926 5456 urbe
956 5405 1286 5460 conditorem
1305 5408 1421 5474 ejus
1449 5408 1780 5463 nominavit?
1810 5408 1941 5476 Quia

357 5505 439 5548 est
469 5505 522 5549 et
547 5496 669 5560 alia,
713 5512 831 5565 qua:
873 5496 1139 5551 Stratonis
1169 5498 1382 5551 dicitur.
1427 5497 1541 5553 Non
1574 5501 1624 5553 in
1668 5500 1767 5555 hac
1790 5516 1940 5564 vero,

357 5585 450 5638 sed
479 5587 527 5637 in
553 5584 638 5639 illa
661 5587 953 5656 interrogat
977 5588 1140 5656 ipsos,
1172 5589 1405 5657 procula
1429 5587 1626 5643 ιιιάιυὶκ
1652 5590 1942 5658 abducens,

358 5684 411 5729 ut
438 5675 505 5729 ab
533 5678 677 5730 onmi
708 5678 1064 5735 sollicitudine
1095 5680 1244 5736 liberi
1269 5695 1389 5736 cum
1415 5680 1602 5737 fiducia
1634 5682 1944 5754 dicantqute

2049 5138 2301 5192 sentiunt.
2332 5134 2442 5190 Cur
2467 5143 2642 5189 autem
2675 5152 2777 5188 non
2806 5138 2982 5191 statim
3013 5138 3077 5191 de
3106 5155 3224 5207 sua,
3268 5141 3359 5195 sed
3391 5141 3461 5195 de
3497 5142 3634 5195 mul-

2051 5238 2225 5283 torum
2253 5229 2516 5282 sententia
2551 5228 2694 5295 ipsos
2723 5228 3103 5298 interrogavit?
3127 5231 3192 5285 Ut
3219 5233 3471 5301 opinione
3502 5232 3637 5285 alio.

2049 5334 2167 5374 rum
2198 5318 2458 5387 exposita,
2487 5317 2785 5387 deindeque
2810 5320 3135 5385 interregati,
3182 5320 3278 5376 l'as
3302 5334 3465 5377 autem
3491 5340 3640 5393 quem

2052 5426 2130 5464 me
2170 5426 2277 5464 esse
2306 5407 2512 5461 dicitis?
2549 5409 2614 5460 ab
2658 5409 2772 5478 ipso
2802 5411 3163 5481 interrogandi
3197 5413 3357 5468 modo
3388 5415 3438 5467 in
3470 5413 3637 5469 subli-

2052 5503 2276 5557 miorem
2304 5500 2661 5554 evehereniur
2698 5503 3094 5569 cogitationem,
3145 5520 3322 5573 neque
3370 5505 3422 5559 in
3477 5503 3635 5560 vilem

2052 5592 2340 5648 multorum
2371 5592 2659 5661 cogitatum
2686 5592 3013 5648 deciderent.
3042 5593 3271 5664 Ideoque
3293 5612 3395 5648 non
3419 5594 3470 5649 in
3492 5595 3636 5664 prin-

2051 5685 2194 5757 cipio
2223 5682 2616 5754 prtedicationis
2644 5697 2739 5739 eos
2771 5683 3083 5756 interrogat,
3128 5686 3220 5739 sed
3247 5685 3459 5756 quando
3478 5686 3628 5756 signa
