4052 6228
145 3008 168 3033 ο

316 288 418 346 533

311 408 475 465 multa
510 406 651 469 fecit.
699 414 753 461 et
801 404 868 461 de
898 402 1077 460 multis
1105 402 1528 473 sublimibusque
1558 402 1893 473 dogmatibus

310 499 581 563 disseruit,
615 500 912 568 multasque
939 497 1163 567 praebuit
1189 496 1671 552 demonstrationes
1692 504 1744 550 et
1764 495 1897 550 divi-

306 591 490 646 nitatis
519 606 651 653 suae.
698 600 751 646 et
784 606 892 645 sua:
934 605 1053 643 cum
1094 587 1251 643 Patre
1290 587 1612 651 concordize,
1644 596 1771 641 tunc
1796 587 1893 642 de-

299 695 448 734 mum
486 681 625 737 hanc
653 682 757 738 illis
786 680 990 752 profert
1014 679 1507 749 interrogationem.
1531 678 1710 748 Neque
1738 677 1890 743 dixit,

298 771 474 836 Quem
500 790 586 829 me
606 774 791 828 dicunt
816 788 935 828 esse
956 772 1145 827 scribae
1171 780 1223 826 et
1245 770 1535 825 Pharismi?
1560 772 1800 839 quamvis
1817 768 1891 823 illi

304 866 479 934 ipsum
510 881 653 934 saepe
679 864 974 920 disserendi
1005 877 1164 918 causa
1186 862 1567 918 convenerint:
1590 861 1706 927 sed,
1732 862 1891 925 Quem

303 974 385 1011 me
412 958 590 1011 dicunt
616 959 841 1011 homines
869 958 1015 1010 esse?
1042 955 1224 1026 populi
1267 954 1594 1024 opinionem,
1630 967 1747 1022 qme
1774 952 1890 1007 sine

301 1050 615 1119 acceptione
635 1064 754 1103 esse
772 1049 928 1112 solet,
955 1048 1253 1117 requirens.
1283 1045 1432 1100 Licet
1456 1046 1597 1100 enim
1623 1044 1707 1098 illa
1735 1044 1889 1113 longe

300 1139 563 1209 dejectior
593 1151 921 1212 esset‘qnam
947 1154 1042 1208 par
1067 1146 1203 1203 erat,
1232 1146 1285 1191 at
1312 1152 1340 1189 a
1369 1135 1599 1206 nequitia
1627 1144 1741 1189 erat
1760 1135 1888 1189 alie-

299 1247 368 1286 na
395 1250 407 1281 :
435 1231 828 1287 Pharisazorum
858 1240 1034 1285 autem
1063 1229 1241 1299 opinio
1266 1227 1542 1298 iniquitate
1571 1228 1721 1296 plena
1750 1233 1882 1279 erat.

300 1324 373 1378 Et
397 1324 690 1379 ostendens
725 1340 884 1392 quam
915 1323 1076 1378 vellet
1117 1320 1468 1377 oeconomiam
1500 1319 1613 1373 sive
1641 1319 1884 1373 incarna-

298 1418 502 1472 tionem
535 1418 586 1471 iu
618 1416 866 1472 confesso
896 1416 1104 1482 haberi,
1150 1415 1246 1479 ait,
1294 1412 1484 1466 Filium
1528 1410 1762 1474 hominis,
1806 1410 1884 1464 sic

294 1510 632 1563 divinitatem
662 1509 957 1578 appellans,
986 1516 1045 1561 ut
1072 1506 1195 1562 alibi
1239 1520 1382 1574 stupe
1414 1504 1553 1558 facit.
1587 1503 1675 1557 Ait
1713 1502 1878 1567 enim,

298 1600 467 1655 Nemo
494 1602 717 1655 ascendit
746 1602 797 1654 in
828 1603 1028 1665 caelum,
1052 1600 1149 1653 nisi
1178 1599 1349 1652 Filius
1374 1598 1611 1663 hominis,
1639 1597 1726 1666 qui
1743 1597 1880 1649 estin

295 1695 422 1747 ca'lo
453 1692 630 1764 (Joan.
659 1693 711 1747 3.
738 1693 861 1759 15);
890 1702 943 1747 et
965 1706 1199 1755 rursum,
1223 1689 1349 1743 Cum
1366 1699 1532 1742 autem
1557 1688 1777 1740 videritis
1798 1685 1884 1739 Fi-

293 1786 418 1839 liam
451 1786 669 1838 hominis
698 1784 1048 1838 ascendentem
1075 1782 1158 1836 ubi
1184 1790 1289 1836 erat
1321 1782 1459 1851 prius
1491 1780 1666 1851 (Joan.
1692 1778 1743 1833 6.
1763 1778 1875 1839 65).

294 1878 497 1932 Deinde
524 1878 646 1947 quia
693 1876 963 1939 dicebant,
1012 1874 1098 1928 M.
1153 1874 1251 1926 Alii
1279 1872 1532 1925 Joannem
1570 1870 1873 1938 Baptistam,

290 1970 383 2021 alii
406 1967 599 2027 Eliam.
625 1965 1033 2031 aliileremiam,
1059 1964 1148 2018 alii
1178 1980 1332 2017 unum
1354 1979 1415 2016 ea:
1444 1961 1698 2033 prOphetis
1716 1961 1875 2013 :falsa

288 2059 505 2114 illorum
538 2060 792 2128 opinione
824 2060 879 2112 in
910 2057 1142 2112 medium
1188 2055 1416 2110 adducta
1446 2049 1753 2123 subjunxit:
1785 2054 1872 2108 15.

299 2150 401 2203 Vos
426 2161 596 2204 autem
620 2166 768 2221 quem
809 2166 887 2203 me
920 2165 1028 2203 esse
1057 2148 1262 2201 dicitis?
1288 2162 1351 2201 ex
1382 2146 1611 2202 secunda
1642 2146 1875 2200 interro-

285 2245 504 2312 gatione
548 2243 669 2297 illos
714 2242 966 2305 evocans,
999 2250 1058 2295 ut
1089 2240 1260 2310 majus
1302 2238 1429 2309 quid
1472 2239 1538 2293 de
1569 2237 1660 2292 illo
1689 2238 1876 2307 opina-

287 2345 497 2396 rentur,
530 2332 925 2402 ostendensque
956 2332 1084 2401 ipsis
1126 2333 1349 2401 primam
1397 2329 1703 2399 opinionem
1728 2343 1758 2382 a
1788 2328 1874 2382 di-

282 2425 491 2494 gnitate
506 2438 598 2477 sua
623 2422 803 2492 procul
827 2424 1034 2476 abesse.
1063 2420 1185 2475 Ideo
1203 2420 1359 2473 aliam
1379 2419 1446 2472 ab
1471 2419 1599 2488 ipsis
1618 2419 1869 2488 exquirit,

283 2525 337 2569 et
364 2515 657 2570 secundam
685 2514 887 2585 profert
916 2513 1404 2583 interrogationem,
1449 2527 1515 2564 ne
1547 2526 1669 2564 cum
1692 2508 1872 2563 multis

284 2610 575 2674 sentirent,
606 2610 692 2679 qui
722 2608 972 2678 quoniam
1002 2608 1151 2677 signa
1181 2606 1423 2660 viderant
1464 2604 1667 2673 majora
1711 2616 1869 2673 quam

283 2718 404 2770 qua:
426 2701 631 2755 homini
657 2711 964 2771 competere
993 2709 1228 2770 possent,
1270 2698 1537 2753 hominem
1560 2694 1773 2766 quidem
1805 2694 1871 2747 il-

283 2795 389 2847 lum
437 2809 557 2848 esse
588 2795 862 2863 putabant,
906 2793 999 2848 sed
1044 2807 1109 2847 ex
1158 2791 1379 2855 mortuis
1408 2790 1784 2852 resurrexisse,
1816 2785 1869 2840 id

279 2886 421 2955 quod
451 2885 666 2939 dicebat
694 2883 954 2939 Herodes.
986 2883 1089 2939 Sed
1122 2883 1373 2952 illeipsos
1397 2895 1423 2932 a
1454 2880 1540 2933 tali
1567 2879 1870 2948 suspicione

279 2977 557 3031 abducens
585 2978 692 3030 ait:
736 2976 832 3029 Vos
854 2986 1021 3029 autem
1049 2991 1193 3046 quem
1216 2990 1292 3026 me
1312 2989 1416 3027 esse
1444 2972 1651 3025 dicitis?
1680 2970 1733 3025 Id
1762 2978 1865 3036 est,

275 3069 375 3135 Qui
409 3083 630 3137 semper
658 3082 865 3122 meeum
895 3066 1025 3121 estis
1062 3076 1115 3120 et
1146 3064 1399 3119 miracula
1431 3063 1676 3118 edentem
1722 3062 1870 3115 vide-

277 3164 365 3226 tis,
398 3163 493 3232 qui
528 3170 581 3215 ct
622 3161 721 3230 ipsi
753 3175 847 3229 per
875 3176 961 3214 me
1004 3160 1227 3213 virtutes
1257 3156 1451 3211 multas
1481 3155 1702 3211 fecistis.
1729 3154 1868 3221 Quid

274 3255 439 3324 igitur
472 3269 533 3307 os
553 3254 914 3324 apostolorttm
944 3253 1167 3307 Petrus?
1192 3253 1415 3320 Semper
1442 3250 1677 3316 fervens,
1713 3249 1866 3305 chori

274 3346 560 3414 apostolici
589 3344 924 3415 corypha-us,
948 3344 1192 3398 omnibus
1223 3342 1582 3412 interrogatis,
1629 3342 1740 3410 ipse
1776 3356 1867 3395 re-

272 3438 529 3505 sliondet.
579 3436 792 3490 Etcum
833 3436 899 3491 de
946 3435 1206 3491 sententia
1252 3435 1429 3505 populi
1482 3434 1865 3499 sciscitaretur,

273 3545 470 3583 omnes
500 3529 923 3597 rcSponderunt:
956 3544 1075 3583 eum
1108 3538 1284 3582 autem
1303 3527 1368 3581 de
1388 3542 1481 3581 sua
1514 3542 1607 3579 eos
1634 3534 1863 3594 rogaret,

274 3620 474 3675 Petrus
505 3621 713 3688 prusilil
754 3631 805 3673 et
846 3620 1136 3689 prmvertit,
1179 3619 1389 3688 aitque:
1417 3618 1502 3671 16.
1540 3617 1614 3669 Tu
1645 3633 1695 3671 es
1720 3616 1869 3671 Chri-

270 3721 377 3765 stus
405 3711 578 3764 Filius
602 3710 695 3764 Dei
716 3711 829 3764 rivi.
851 3710 986 3778 Quid
1015 3724 1141 3780 ergo
1164 3708 1443 3762 Christus?
1466 3708 1551 3763 ΓΙ.
1584 3706 1771 3759 Beatus
1791 3722 1863 3772 es,

272 3802 462 3856 Simon
481 3800 767 3867 Bar-Jona,
786 3802 903 3870 quia
933 3817 1053 3854 caro
1086 3813 1133 3854 et
1158 3800 1362 3870 sanguis
1383 3815 1482 3851 non
1502 3798 1734 3851 revelavit
1755 3797 1862 3850 tibi.

273 3893 437 3963 Atqui
477 3893 574 3946 nisi
602 3892 791 3947 Petrus
821 3893 898 3947 sic
924 3893 1096 3961 ipsum
1125 3906 1251 3947 vere
1277 3890 1557 3946 confessus
1586 3889 1791 3954 fuisset,
1809 3896 1868 3942 ut

268 3988 338 4041 ab
369 3989 494 4056 ipso
524 3986 681 4041 Patre
727 3988 987 4055 genitum,
1030 3989 1136 4040 non
1176 3986 1362 4041 fuisset
1391 3985 1492 4040 hoc
1528 3984 1866 4040 revelationis

267 4092 432 4147 opus,
466 4078 509 4131 si
542 4093 703 4130 unum
734 4095 795 4132 ex
826 4078 1004 4132 multis
1032 4078 1179 4131 illum
1208 4092 1331 4132 esse
1354 4086 1607 4146 putasset,
1630 4091 1733 4131 non
1752 4084 1867 4131 erat

269 4168 401 4222 illud
443 4168 770 4223 beatitudine
797 4168 1035 4238 dignum.
1066 4168 1276 4223 Etenim
1303 4169 1412 4237 jam
1440 4177 1594 4221 antea
1618 4166 1867 4222 dicebant

270 4260 305 4313 ii
329 4261 424 4328 qui
469 4260 521 4312 in
551 4259 758 4329 navigio
785 4270 939 4315 erant
966 4270 1079 4329 post
1112 4269 1506 4329 tempestatem,
1548 4258 1674 4312 Vere
1697 4258 1866 4313 Filius

269 4349 370 4404 Dei
414 4361 490 4403 est
533 4352 615 4403 hic
665 4351 877 4419 (Matth.
911 4353 997 4406 14.
1032 4353 1149 4418 53),
1194 4367 1295 4406 nec
1338 4360 1515 4406 tamen
1556 4352 1696 4406 beati
1737 4350 1863 4405 dicti

268 4452 425 4509 sunt,
460 4442 560 4496 etsi
585 4457 710 4497 vere
739 4428 985 4497 dixerint.
1021 4442 1134 4496 Non
1162 4442 1303 4497 enim
1335 4443 1412 4496 sic
1443 4441 1654 4506 Filium,
1685 4449 1743 4493 ut
1768 4441 1866 4495 Pe-

271 4543 410 4598 trus,
443 4532 677 4588 confessi
700 4543 859 4598 sunt;
892 4534 983 4588 sed
1016 4550 1176 4588 unttm
1208 4549 1272 4588 ex
1304 4534 1484 4588 multis
1508 4548 1633 4588 vere
1672 4532 1863 4587 Filium

270 4640 394 4680 esse
429 4624 708 4693 putabant,
736 4625 988 4679 eximium
1020 4625 1235 4695 quidem
1267 4624 1407 4680 inter
1434 4624 1651 4689 multos,
1682 4638 1779 4678 nec
1796 4633 1868 4677 ta-

272 4732 400 4771 men
432 4731 499 4769 ex
535 4715 647 4783 ipsa
682 4716 853 4770 Patris
879 4717 1192 4771 substantia.

342 4807 398 4859 2.
438 4805 621 4859 Petrus
647 4824 740 4859 cur
764 4806 936 4860 beatus
981 4807 1198 4860 dicatur.
1244 4807 1743 4861 Consubstantialitas
1773 4808 1867 4861 de-

273 4906 610 4949 monstratur.
644 4896 752 4949 Sub
772 4898 873 4966 [ine
905 4898 1055 4967 hujus
1085 4899 1300 4963 numeri,
1353 4899 1579 4951 Ληουιιωὶ
1605 4908 1651 4951 et
1688 4898 1868 4951 Ariani

271 4989 680 5057 redurgtmntur.
703 5017 771 5027 —
795 4987 1087 5042 Nathanael
1116 5003 1325 5057 quoque
1351 4988 1578 5049 dicebat,
1609 4986 1789 5051 Rabbi,
1814 4997 1868 5040 tu

274 5093 325 5128 es
348 5076 524 5132 Filius
554 5076 668 5141 Dei,
723 5087 775 5131 tu
810 5096 860 5131 es
893 5094 985 5131 rea:
1032 5077 1200 5133 Israel
1228 5077 1422 5147 (Joan.
1454 5078 1503 5132 Ι.
1530 5077 1655 5149 49).
1688 5078 1868 5148 Neque

273 5168 452 5221 solum
498 5181 604 5222 non
650 5168 833 5221 beatus
857 5167 1082 5226 dicitur:
1126 5183 1311 5224 verum
1340 5169 1499 5223 etiam
1527 5168 1676 5238 quasi
1702 5171 1869 5224 multo

276 5262 537 5316 inferiora
572 5278 730 5330 quam
772 5264 1052 5332 oportebat
1087 5263 1329 5328 dixisset,
1374 5262 1552 5316 abillo
1594 5263 1868 5333 redargui-

276 5365 365 5409 tur
403 5372 418 5407 :
456 5354 736 5425 subjunxit
788 5357 964 5421 enim,
1014 5356 1148 5423 Quia
1194 5357 1301 5410 dixi
1363 5356 1485 5420 tibi,
1542 5353 1657 5408 Vidi
1699 5367 1745 5409 te
1778 5356 1868 5409 sub

276 5447 405 5512 ﬁcu,
435 5450 635 5511 credis;
663 5452 858 5519 majora
882 5450 959 5502 his
983 5450 1168 5503 videbis
1193 5447 1383 5523 (Joan.
1418 5449 1468 5503 Ι.
1488 5448 1557 5503 50
1575 5448 1613 5517 ).
1640 5448 1747 5503 Cur
1768 5448 1866 5517 igi-

277 5545 363 5588 tur
398 5537 586 5591 Petrus
618 5538 803 5592 beatus
823 5538 1061 5593 dicitur?
1087 5539 1220 5605 Quia
1257 5539 1403 5593 illum
1437 5540 1647 5610 proprie
1678 5538 1868 5594 Filium

278 5627 562 5681 confessus
587 5637 689 5683 est.
738 5628 937 5684 Idcirco
968 5629 1072 5683 illis
1095 5645 1377 5696 numquam
1419 5630 1660 5685 Christus
1696 5630 1872 5685 simile

279 5717 558 5789 quidpiam
580 5719 751 5775 dixit:
780 5720 867 5775 hic
889 5730 1065 5776 autem
1090 5721 1250 5776 etiam
1276 5736 1400 5780 eum
1420 5722 1509 5794 qui
1539 5721 1871 5780 rcvelaverat

622 5833 893 5895 ΡΑτιιοι..
942 5834 1058 5897 Gtt.
1113 5832 1328 5897 LVNI.

1307 284 1371 343 IN
1410 285 1816 345 MATTH/EUM
1858 286 2088 344 HOMIL.
2129 289 2264 347 LIV.
2306 292 2377 345 al.
2421 290 2528 345 LV.

3489 297 3594 355 53$

2004 401 2311 457 declaravit.
2334 402 2466 460 Nam
2496 419 2562 459 ne
2588 404 2795 474 plurimi
2827 405 3108 462 crederent
3143 422 3265 463 eum
3284 407 3408 480 quia
3433 410 3590 465 Chri-

2004 506 2143 547 stum
2174 494 2439 551 ferventer
2464 497 2675 552 amabat
2700 541 2714 563 ,
2745 499 2942 553 amoris
2984 509 3038 555 et
3074 499 3395 557 adulationis
3415 503 3580 557 verba

2004 585 2305 653 protulisse,
2336 596 2496 657 atque
2517 604 2580 643 ex
2602 589 2791 643 affectu
2817 594 3072 659 etgratia,
3098 591 3149 645 in
3173 592 3406 648 medium
3430 594 3586 649 affert.

1999 693 2121 733 eum
2149 680 2237 749 qui
2257 681 2307 735 id
2339 682 2411 735 illi
2439 682 2785 752 inspiraverat
2814 701 2827 737 :
2856 693 2913 737 ut
2944 684 3139 745 discas.
3168 685 3381 741 Petrum
3417 688 3581 742 verba

2000 772 2306 839 protulisse,
2333 772 2541 827 Patrem
2575 789 2701 828 vero
2726 774 2955 829 dictasse
2982 791 2995 827 :
3027 784 3207 830 utnon
3236 777 3368 831 ultra
3395 779 3581 834 crede-

1997 875 2084 915 res
2109 862 2392 917 humanam
2414 865 2716 932 opinionem
2748 866 2833 920 illa
2864 880 2985 920 esse
3002 882 3121 936 qua:
3148 867 3287 923 dicta
3312 878 3456 932 sunt,
3482 871 3577 925 sed

1996 951 2230 1007 divinum
2270 953 2610 1024 dogma.Cur
2632 965 2808 1011 autem
2850 973 2955 1012 non
2996 957 3046 1012 id
3095 959 3208 1028 ipse
3239 963 3574 1029 pronuntiat,

1996 1058 2094 1097 nec
2114 1043 2262 1107 dicit,
2294 1045 2405 1114 Ego
2430 1060 2547 1099 sum
2568 1045 2809 1101 Christus
2834 1065 2847 1101 :
2877 1048 2968 1103 sed
2995 1064 3089 1119 per
3108 1050 3574 1120 interrogationem

1994 1135 2121 1189 illud
2152 1147 2403 1206 apparat,
2432 1148 2490 1191 ut
2518 1139 2637 1193 illos
2666 1138 2881 1194 inducat
2905 1140 2972 1195 ad
3020 1142 3574 1211 confitendumfouo-

1992 1225 2132 1280 niam
2164 1227 2291 1282 illud
2321 1238 2375 1282 et
2404 1228 2502 1298 ipsi
2527 1230 2925 1300 congruentius,
2948 1240 2999 1285 et
3028 1232 3194 1302 magis
3214 1236 3569 1289 necessarium

1990 1329 2123 1385 erat,
2153 1320 2373 1390 illosque
2398 1322 2563 1391 magis
2587 1324 2652 1376 ad
2676 1322 2831 1378 [idem
2853 1338 3039 1378 eorum
3061 1339 3177 1394 quae
3203 1325 3339 1380 dicta
3364 1326 3572 1382 fuerant

1988 1410 2308 1463 attrahebat.
2353 1410 2540 1467 Viden’
2596 1414 2864 1480 quomodo
2904 1413 3095 1468 Filium
3136 1415 3336 1469 revelat
3376 1416 3570 1472 Pater?

1984 1501 2251 1570 quomodo
2277 1501 2485 1557 Patrem
2514 1504 2719 1558 Filius?
2751 1503 2929 1573 Neque
2967 1503 3192 1569 Patrem,
3228 1506 3417 1575 inquit,
3457 1510 3571 1575 quis

1984 1596 2122 1649 novit
2147 1597 2242 1650 nisi
2269 1595 2453 1662 Filius,
2499 1607 2544 1650 et
2576 1600 2659 1651 cui
2689 1598 2898 1652 voluerit
2930 1597 3098 1651 Filius
3131 1600 3353 1653 revelare
3391 1603 3410 1669 (
3438 1599 3563 1653 an.

1983 1687 2071 1742 10.
2099 1687 2220 1759 22).
2252 1687 2368 1743 Non
2406 1704 2536 1759 ergo
2562 1705 2846 1759 possumus
2892 1688 3108 1744 aliunde
3133 1705 3457 1760 cognoscere
3483 1692 3571 1746 Fi-

1984 1777 2132 1842 lium,
2162 1794 2318 1848 quam
2355 1794 2451 1849 per
2476 1781 2646 1849 ipsum
2676 1780 2909 1848 Patrem,
2942 1796 3115 1851 neque
3139 1780 3375 1847 Patrem,
3408 1798 3566 1852 quam

1982 1885 2077 1938 per
2118 1871 2287 1939 ipsum
2320 1872 2530 1926 Filium.
2582 1874 2761 1943 Itaque
2788 1872 2909 1928 inde
2949 1882 3003 1928 et
3048 1873 3265 1928 honoris
3294 1876 3568 1944 :equalitas

1981 1971 2035 2017 et
2064 1963 2587 2018 consubstantialitas
2608 1965 3022 2020 demonstratur.
3070 1966 3204 2032 Quid
3236 1967 3393 2035 igitur
3415 1966 3566 2021 Chri-

1979 2055 2131 2108 stus?
2162 2055 2237 2108 Tu
2275 2072 2324 2109 es
2361 2056 2540 2111 Simon
2574 2057 2711 2126 ﬁlius
2746 2056 2919 2123 Jona;
2961 2067 3014 2110 tu
3057 2058 3308 2111 vocaberis
3341 2056 3559 2122 Ceplias.

1977 2144 2110 2212 Quia
2131 2146 2294 2211 enim,
2318 2146 2504 2215 inquit,
2525 2147 2731 2202 Patrem
2755 2163 2928 2203 meum
2955 2148 3271 2217 prtedicasti,
3295 2163 3396 2218 ego
3417 2149 3562 2203 illum

1978 2241 2194 2295 nomino
2223 2242 2387 2311 quite
2425 2242 2608 2312 genuit
2641 2260 2654 2297 :
2682 2258 2745 2297 ac
2772 2244 2816 2297 si
2853 2242 3077 2308 diceret,
3124 2241 3272 2297 Sicut
3322 2251 3377 2296 tu
3427 2243 3562 2297 lilius

1975 2331 2130 2399 Jona,
2162 2333 2240 2388 sic
2260 2349 2359 2404 ego
2386 2335 2559 2391 Patris
2586 2337 2687 2389 mei
2719 2336 2907 2390 Filius.
2937 2334 3068 2390 Nam
3109 2350 3559 2405 supervacaneum

1977 2425 2164 2482 fuisset
2190 2427 2393 2493 dicere,
2420 2426 2499 2481 Tu
2526 2445 2576 2482 es
2613 2428 2751 2497 ﬁlius
2797 2427 2934 2483 Jona
2964 2444 2983 2481 :
3011 2428 3103 2482 sed
3132 2428 3253 2498 quia
3300 2428 3388 2483 ille
3429 2427 3564 2483 dixit

1974 2516 2164 2571 Filium
2191 2518 2303 2581 Dei,
2338 2527 2394 2572 ut
2433 2518 2759 2584 ostenderet,
2795 2520 2967 2588 ipsum
2995 2532 3113 2573 esse
3151 2519 3238 2571 Dei
3269 2518 3480 2580 Filium.
3506 2528 3564 2572 ut
3614 2578 3619 2581 _

1975 2608 2064 2661 ille
2112 2608 2252 2663 filius
2273 2618 2384 2663 erat
2412 2608 2543 2663 Jona
2563 2651 2576 2673 ,
2606 2609 2845 2679 ejusdem
2877 2624 2997 2663 cum
3028 2618 3177 2678 patre
3218 2609 3557 2671 substantite,

1974 2698 2093 2754 ideo
2123 2698 2248 2754 illud
2287 2699 2505 2754 addidit.
2540 2700 2627 2754 18.
2668 2699 2733 2753 Et
2783 2716 2872 2770 ego
2905 2700 3018 2752 dico
3044 2700 3152 2765 tibi,
3193 2709 3244 2751 tu
3272 2716 3322 2753 es
3353 2698 3555 2763 Petrus,

1973 2801 2020 2844 et
2043 2808 2193 2862 super
2216 2792 2347 2845 banc
2366 2801 2557 2863 petram
2585 2792 2844 2861 adiﬁcabo
2866 2790 3143 2845 Ecclesium
3169 2807 3351 2853 meam,
3371 2790 3421 2845 id
3449 2802 3551 2849 est.

1972 2895 2132 2952 super
2158 2882 2312 2936 fidem
2342 2882 2716 2938 confessionis.
2765 2881 2897 2936 llinc
2941 2880 3174 2936 declarat
3215 2882 3408 2935 multos
3434 2896 3556 2936 esse

1971 2972 2285 3039 credituros,
2316 2976 2535 3044 ejusque
2564 2988 2777 3028 sensum
2808 2973 2980 3042 erigit,
3006 2981 3059 3026 et
3091 2982 3354 3041 pastorem
3386 2973 3555 3041 ipsum

1971 3066 2262 3121 constituit.
2308 3065 2373 3119 Et
2416 3076 2575 3136 porta:
2609 3065 2761 3136 inferi
2800 3081 2900 3119 non
2945 3065 3281 3133 prtet'alebunt
3317 3066 3558 3119 adversus

1971 3174 2100 3211 eam.
2132 3157 2187 3213 Si
2215 3173 2344 3213 vero
2389 3158 2644 3213 adversus
2675 3172 2793 3212 eam
2832 3172 2937 3211 non
2978 3156 3361 3227 pratvalebunt,
3391 3156 3557 3210 multo

1970 3250 2146 3304 minus
2180 3249 2462 3305 adversum
2491 3264 2576 3303 me
2605 3249 2984 3318 prmvalcbnnt.
3010 3247 3188 3316 Itaque
3211 3262 3277 3301 ne
3303 3246 3552 3309 turberis,

1970 3354 2090 3394 cum
2119 3339 2303 3393 audies
2338 3355 2422 3393 me
2450 3338 2698 3393 traditum
2726 3348 2780 3392 et
2825 3336 3139 3393 cruciﬁxum
3168 3352 3304 3391 esse.
3355 3336 3555 3390 Deinde

1970 3433 2197 3486 alterum
2226 3431 2354 3485 dicit
2380 3431 2636 3486 honorem
2673 3449 2686 3484 :
2721 3430 2803 3485 l9.
2838 3428 2948 3500 Ego
2982 3440 3148 3482 autem
3171 3428 3297 3482 dabo
3325 3428 3412 3481 tibi
3449 3429 3557 3481 cla-

1970 3537 2052 3576 t'es
2077 3522 2221 3593 regni
2244 3523 2499 3575 cwlorum.
2519 3521 2653 3589 Quid
2682 3522 2942 3591 significat
2972 3520 3120 3585 illttd,
3152 3519 3258 3590 Ego
3278 3528 3441 3573 autem
3468 3520 3556 3571 tibi

1971 3616 2141 3670 dabo?
2166 3616 2621 3684 Quemadmodum
2650 3616 2808 3669 Pater
2836 3616 2926 3668 tibi
2950 3615 3097 3668 dedit
3145 3626 3199 3667 ut
3244 3630 3327 3667 me
3354 3629 3555 3682 cogno-

1969 3723 2169 3775 sceres,
2201 3709 2277 3762 sic
2302 3718 2355 3762 et
2382 3722 2480 3776 ego
2512 3708 2603 3761 tibi
2629 3707 2787 3761 dabo.
2814 3706 2997 3775 Neque
3023 3706 3175 3768 dixit,
3208 3705 3425 3774 Rogabo
3452 3705 3555 3758 Pa-

1970 3807 2128 3863 trem,
2158 3797 2363 3852 etiamsi
2392 3812 2578 3867 magna
2620 3805 2761 3849 esset
2807 3797 3084 3865 potestatis
3131 3794 3551 3856 deumnstratio,

1969 3905 2023 3950 et
2042 3895 2167 3950 doni
2192 3893 2495 3964 magnitudo
2517 3892 2793 3948 ineffabilis
2814 3909 2827 3957 ;
2848 3893 2961 3958 sed,
2990 3891 3100 3963 Ego
3121 3892 3248 3945 dabo
3271 3892 3373 3945 tibi.
3395 3894 3552 3958 Quid,

1970 4001 2150 4057 quaeso
2170 4029 2182 4050 ,
2206 3986 2342 4041 das?
2363 3984 2536 4041 Claves
2556 3985 2697 4055 regni
2720 3984 2955 4037 ca’lorum
2986 3999 3005 4037 :
3041 3988 3086 4036 e't
3132 3999 3453 4054 qntccumqtte
3488 3984 3524 4037 li
3540 4016 3553 4025 -

1969 4080 2161 4151 gaveris
2186 4096 2335 4148 super
2363 4087 2545 4132 terram
2564 4119 2579 4143 ,
2619 4086 2764 4131 erunt
2786 4077 2943 4148 ligata
2968 4086 3013 4130 et
3051 4077 3103 4129 in
3125 4076 3261 4130 aclis
3294 4092 3312 4130 :
3345 4086 3388 4129 et
3418 4092 3556 4146 qutu-

1970 4187 2181 4241 cumque
2205 4171 2409 4224 solveris
2434 4187 2584 4240 super
2612 4178 2818 4235 terram,
2848 4179 2990 4222 erunt
3024 4169 3191 4222 soluta
3227 4180 3271 4222 et
3314 4169 3366 4222 in
3395 4172 3553 4224 ca’lis.

1969 4260 2246 4329 Quomodo
2294 4262 2450 4331 igitur
2489 4277 2591 4315 non
2629 4261 2745 4328 ejus
2785 4262 2906 4327 erit,
2961 4270 3016 4315 ut
3049 4276 3078 4314 a
3122 4261 3324 4316 dextris
3346 4264 3557 4317 ctsini-

1970 4353 2095 4407 stris
2116 4352 2302 4406 sedere
2331 4352 2607 4418 concedat,
2641 4353 2728 4421 qui
2759 4351 2913 4416 dixit,
2942 4350 3053 4422 Ego
3074 4352 3161 4404 tibi
3186 4353 3353 4406 dabo?
3376 4352 3562 4407 \‘idcu'

1970 4445 2238 4514 quomodo
2267 4445 2330 4498 ad
2359 4444 2720 4499 sublimiorem
2766 4444 2834 4498 de
2890 4458 2949 4498 se
3002 4445 3309 4512 opinionem
3341 4445 3556 4500 Petrum

1970 4537 2159 4605 erigat,
2188 4544 2241 4591 et
2269 4536 2501 4603 seipsum
2527 4534 2748 4599 revelet,
2774 4548 2837 4587 ac
2864 4548 2958 4602 per
2984 4533 3140 4586 hasce
3167 4534 3297 4587 duas
3324 4534 3555 4603 promis-

1970 4629 2148 4683 siones
2168 4642 2225 4682 se
2254 4627 2447 4681 Filium
2480 4626 2570 4681 Dei
2599 4640 2717 4681 esse
2738 4622 3163 4679 ostendat?Nam
3192 4639 3309 4692 qua:
3331 4624 3421 4678 uni
3446 4624 3558 4678 Deo

1970 4728 2095 4773 sunt
2126 4722 2357 4787 propria,
2388 4732 2579 4787 nempe
2623 4724 2836 4787 peccata
2886 4715 3115 4781 solvere,
3163 4714 3454 4769 Ecelesiam
3502 4715 3554 4769 iu

1974 4821 2120 4865 tanto
2150 4810 2402 4865 ﬂuctuum
2450 4824 2711 4864 concursu
2756 4808 3029 4863 immotam
3078 4806 3333 4873 reddere,
3378 4806 3556 4861 homi-

1973 4920 2198 4975 nemque
2230 4904 2542 4972 piscatorem
2580 4911 2691 4957 toto
2729 4902 3073 4971 impugnante
3114 4900 3244 4955 orbe
3287 4909 3433 4968 petra
3463 4902 3557 4953 lir-

1973 4999 2195 5051 miorem
2229 4994 2475 5057 reddere.
2515 4994 2630 5048 lucc
2658 5010 2717 5049 se
2757 4992 2829 5047 illi
2868 4994 3111 5048 daturum
3150 4993 3470 5063 pollicetur:
3501 5004 3558 5047 nt

1975 5087 2132 5141 Pater
2156 5085 2439 5140 Jeremiam
2465 5084 2741 5153 alloquens
2766 5083 2993 5150 dicebat,
3033 5098 3091 5137 se
3132 5084 3370 5152 posuisse
3410 5083 3555 5137 illum

1971 5178 2109 5230 sicut
2136 5175 2436 5230 columnam
2463 5188 2655 5228 aeream
2685 5180 2739 5227 et
2758 5172 2892 5227 sicut
2918 5187 3126 5226 murum
3159 5173 3177 5240 (
3194 5171 3307 5225 Jer.
3336 5172 3386 5227 Ι.
3414 5171 3479 5228 18
3503 5174 3554 5244 );

1972 5266 2065 5321 sed
2090 5265 2232 5320 illum
2258 5266 2345 5319 uni
2376 5264 2541 5335 genti,
2570 5264 2710 5317 hunc
2730 5270 2907 5318 autem
2932 5261 2983 5316 in
3019 5260 3269 5317 universo
3295 5271 3555 5319 terrarum

1974 5360 2130 5417 orbe.
2153 5358 2405 5413 Libenter
2428 5371 2721 5427 quaererem
2743 5356 2894 5413 abiis
2936 5355 3025 5427 qui
3057 5355 3398 5411 imminutam
3438 5354 3555 5410 Filii

1975 5446 2299 5516 dignitatem
2324 5445 2535 5505 volunt,
2558 5459 2677 5512 qua:
2695 5442 2901 5511 majora
2927 5444 3035 5498 sint
3053 5444 3216 5509 dona,
3231 5461 3297 5499 an
3314 5460 3433 5516 qua:
3452 5446 3553 5502 Pa-

1984 5545 2167 5600 ter,au
2186 5552 2307 5606 qua:
2319 5536 2489 5590 Filius
2504 5534 2663 5589 Petro
2676 5531 2985 5589 dedit.Nsm
3004 5532 3548 5594 Paterrevelationem

1985 5627 2106 5682 Filii
2124 5626 2282 5683 Petro
2295 5628 2465 5693 dedit;
2492 5626 2661 5681 Filius
2680 5640 2808 5680 vero
2824 5635 2873 5679 et
2893 5624 3069 5681 Patris
3085 5636 3133 5680 et
3159 5628 3241 5680 sui
3267 5627 3437 5699 ipsius
3458 5641 3549 5680 eo-

1985 5721 2279 5793 gnitionem
2309 5730 2595 5794 .pcrtotuzu
2629 5720 2813 5777 orbem
2842 5717 2917 5773 illi
2940 5716 3297 5777 disseminare
3319 5721 3549 5777 commi-

3211 5832 3249 5895 5
