4052 6228
546 266 646 319 555

547 381 638 444 sit,
669 394 732 432 ac
773 373 1230 435 ﬂlOl’lt‘tlldltOlllllll
1269 385 1485 425 onmem
1521 369 1573 422 in
1617 367 1752 421 cmlo
1786 373 2108 434 potestatem

546 472 715 536 dedit,
744 470 872 523 dum
925 468 1104 522 claves
1146 467 1222 519 illi
1255 464 1498 526 tradidit,
1553 464 1644 531 qui
1679 460 1976 514 Ecclesiam
2021 476 2114 528 per

549 572 720 615 totum
761 560 949 614 orbem
987 569 1251 611 terrarum
1280 555 1541 619 extendit,
1565 562 1618 608 et
1647 554 1792 608 caelis
1822 551 2114 606 ﬁrmiorem

549 654 874 710 monstravit
915 670 930 710 :
969 668 1092 706 nam
1144 652 1237 713 ait,
1273 649 1471 703 Caelum
1515 657 1564 702 et
1599 651 1742 701 terra
1774 648 2076 701 transibunt
2097 663 2118 711 ;

549 746 703 798 verba
733 757 904 798 autem
930 761 1166 798 mention
1187 741 1487 795 transibunt
1526 740 1603 812 (Μ
1611 741 1720 795 ath.
1741 742 1831 796 24.
1851 738 2118 808 55).Quo—

551 837 717 892 modo
734 852 873 907 ergo
903 837 1082 891 minor
1110 836 1155 890 is
1180 837 1270 904 qui
1301 835 1426 888 talia
1448 833 1616 898 dedit,
1638 833 1730 903 qui
1761 833 1886 886 talia
1911 832 2038 886 fecit
2052 831 2076 863 "
2099 831 2124 884 τ

554 929 679 986 llaec
714 946 874 1000 porro
903 931 1047 993 dico,
1083 944 1188 981 non
1223 927 1369 995 quod
1398 926 1577 982 Patris
1615 938 1666 981 et
1690 925 1810 980 Filii
1839 941 2003 995 opera
2036 923 2126 977 di;

552 1024 732 1078 vidam
759 1042 771 1076 :
799 1021 992 1076 Omnia
1015 1022 1153 1075 enim
1176 1037 1267 1089 per
1295 1021 1466 1090 ipsum
1491 1020 1637 1087 facta
1655 1028 1858 1084 sunt,“
1883 1019 1996 1072 sine
2009 1019 2122 1086 ipso

557 1115 753 1183 factum
798 1127 874 1168 est
912 1115 1045 1168 nihil
1083 1113 1271 1183 (Joan.
1307 1116 1357 1168 l.
1387 1114 1476 1180 '5);
1527 1115 1620 1166 sed
1658 1123 1718 1166 tit
1756 1111 2124 1181 impudentem

557 1206 778 1260 illorum
793 1206 1034 1276 linguam
1052 1206 1363 1274 reprimam,
1378 1204 1473 1272 qui
1487 1204 1612 1258 talia
1630 1201 1874 1273 proferre
1895 1202 2119 1258 audent.

611 1301 664 1351 5.
707 1297 812 1350 Cur
853 1296 1082 1349 Christus
1123 1302 1240 1345 ante
1285 1305 1568 1359 passionem
1615 1303 1674 1341 se
1727 1301 1834 1339 esse
1860 1283 2126 1340 Christum

541 1387 833 1458 pervulgari
875 1387 1106 1440 noluerit.
1139 1383 1278 1436 Petri
1321 1384 1533 1450 firmitas
1567 1388 1678 1449 post
1708 1393 1925 1431 crucem.
1955 1405 2023 1415 ——
2047 1373 2126 1428 Ex

544 1480 630 1532 his
669 1478 916 1531 omnibus
951 1477 1066 1544 ejus
1110 1473 1396 1544 potentiam
1446 1469 1830 1525 animadverte.
1876 1466 1987 1538 Ego
2039 1466 2127 1519 tibi

542 1570 674 1633 dico,
704 1578 760 1621 tu
782 1584 838 1621 es
871 1566 1086 1629 Petrus;
1120 1582 1209 1635 ego
1253 1562 1514 1632 azdiﬁcabo
1561 1559 1841 1615 Ecclesiam
1865 1577 1882 1624 ;
1920 1575 2010 1629 ego
2040 1559 2129 1611 tibi

542 1661 672 1714 dabo
697 1660 859 1714 claves
876 1657 1137 1713 calorum.
1174 1657 1235 1709 Et
1259 1657 1349 1711 20.
1377 1665 1513 1719 tunc,
1540 1668 1661 1708 cum
1710 1653 1824 1706 lure
1869 1651 2124 1715 dixisset,

543 1753 778 1823 princepit
806 1752 897 1814 eis,
919 1760 973 1804 ut
995 1749 1182 1804 nemini
1207 1748 1426 1802 dicerent
1446 1745 1580 1817 quod
1597 1747 1703 1815 ipse
1729 1748 1852 1798 esset
1872 1742 2124 1797 Christus.

543 1845 611 1900 Et
645 1859 741 1899 cur
771 1842 1060 1914 praecepit?
1091 1840 1159 1897 Ut
1185 1838 1452 1894 scandalis
1475 1837 1540 1892 de
1571 1836 1747 1890 medio
1769 1833 1990 1889 sublatis
2012 1873 2028 1898 ,
2076 1840 2130 1886 et

543 1951 702 1990 cruce
729 1947 889 2005 atque
914 1935 1052 2000 aliis,
1086 1949 1204 2003 qute
1241 1945 1428 2002 passus
1457 1939 1560 1994 est,
1582 1927 1984 1992 consummatis,
2009 1924 2130 1978 titil-

545 2028 703 2095 loquc
732 2025 944 2080 demum
972 2031 1225 2088 restante,
1248 2019 1390 2092 quod
1416 2021 1500 2075 vel
1521 2018 1822 2089 impediret,
1845 2016 1926 2071 vel
1956 2015 2131 2069 turba-

545 2128 628 2173 ret
658 2117 816 2172 ﬁdem
857 2118 908 2171 in
938 2099 1110 2186 ipsum
1151 2131 1180 2169 a
1228 2113 1409 2170 multis
1445 2121 1783 2181 susceptam,
1824 2110 2030 2163 sincera
2077 2117 2133 2162 et

547 2207 834 2263 immobilis
872 2208 1013 2262 circa
1059 2205 1232 2276 ipsum
1283 2203 1464 2274 opinio
1502 2203 1554 2256 in
1593 2202 1891 2256 auditorum
1941 2198 2134 2253 animis

549 2299 963 2369 imprimeretur.
991 2296 1232 2354 Nondum
1262 2296 1403 2350 enim
1433 2294 1598 2364 ipsius
1631 2294 1797 2346 virtus
1844 2291 1988 2344 clare
2031 2287 2133 2341 ful-

548 2400 711 2445 serat.
749 2389 976 2460 Ideoque
1007 2399 1132 2443 tunc
1163 2387 1232 2442 ab
1276 2387 1382 2441 illis
1423 2401 1542 2440 eam
1584 2383 1858 2454 praedicari
1884 2380 2131 2445 volebat,

550 2498 672 2540 cum
701 2493 754 2539 et
783 2484 924 2538 clara
973 2495 1154 2536 rerum
1187 2480 1402 2543 veritas,
1447 2487 1502 2532 et
1542 2485 1811 2547 gestorum
1843 2473 1920 2526 vis
1947 2485 2135 2540 magna

551 2575 912 2645 apostolorum
944 2573 1100 2628 (lictis
1121 2572 1597 2643 patrocinarentur.
1629 2566 1742 2621 Non
1769 2566 1911 2620 enim
1931 2562 2137 2632 aequale

551 2682 686 2739 erat,
722 2673 894 2741 ipsum
942 2670 1122 2724 videre
1164 2669 1216 2723 in
1257 2666 1536 2722 Palmsdna
1584 2678 1723 2718 nunc
1764 2660 2016 2717 miracula
2047 2673 2138 2728 pa-

553 2774 803 2828 trantem,
827 2776 966 2816 nunc
991 2759 1324 2816 contumeliis
1349 2757 1594 2811 aﬁ'ecmm
1636 2763 1693 2811 et
1738 2754 1946 2824 pulsum
1971 2769 1984 2816 ;
2015 2767 2137 2806 eum

554 2853 783 2907 maxime
800 2865 931 2906 crux
960 2850 1212 2903 miracula
1235 2848 1321 2902 illa
1348 2854 1631 2916 exceptura
1654 2854 1828 2907 esset;
1861 2844 2138 2913 ipsumque

554 2943 857 3015 perspicere
887 2941 1011 2996 dum
1039 2939 1234 3008 ubique
1263 2947 1520 2993 terrarum
1543 2935 1876 2996 adoraretur,
1905 2933 2140 3001 ﬁdesque

557 3037 608 3090 in
639 3034 789 3090 illum
815 3035 1036 3103 vigeret,
1069 3023 1308 3100 nihilque
1347 3029 1482 3084 ultra
1515 3036 1784 3098 pateretur
1805 3041 1990 3081 eorum
2021 3039 2140 3094 qua:

556 3135 681 3182 ante
711 3139 898 3196 passus
925 3123 1114 3179 fuerat.
1147 3122 1273 3177 Ideo
1301 3120 1539 3191 pracipit
1571 3128 1625 3174 ut
1650 3118 1849 3174 nemini
1891 3116 2068 3170 dicant
2091 3116 2135 3168 ’.

557 3218 694 3273 Nam
724 3216 866 3287 quod
910 3215 1074 3270 semel
1105 3213 1311 3268 radices
1337 3213 1534 3282 posuit,
1564 3211 1608 3264 si
1641 3218 1820 3280 postea
1849 3207 2138 3270 evellatnr,

556 3308 775 3364 difﬁcile
801 3316 974 3378 potest
995 3307 1186 3361 iterum
1214 3304 1504 3374 plantatum
1520 3301 1660 3371 apud
1689 3300 1884 3354 multos
1915 3297 2138 3362 firmari;

559 3399 701 3470 quod
742 3415 869 3454 vero
916 3406 1196 3467 postquam
1237 3394 1401 3448 semel
1449 3393 1686 3449 defixum
1725 3401 1827 3456 est,
1867 3391 2141 3444 immotum

559 3499 759 3555 manet,
789 3489 1002 3543 nemine
1031 3485 1328 3541 molestiam
1358 3483 1618 3538 infercnte
1646 3482 1798 3537 facile
1827 3481 2067 3549 pullulat,
2091 3489 2145 3534 et

560 3581 734 3650 majus
757 3580 1140 3634 incrementum
1167 3573 1378 3642 accipit.
1403 3572 1532 3627 Nam
1564 3571 1608 3627 si
1637 3571 1674 3626 ii
1705 3571 1792 3640 qui
1818 3570 1964 3638 signa
1994 3569 2144 3622 vide-

562 3683 680 3726 rant
706 3670 949 3741 plurima,
985 3675 1039 3724 et
1068 3674 1146 3721 tot
1165 3665 1505 3720 ineffabilium
1537 3663 1906 3734 mysteriorum
1931 3660 2145 3731 partici-

561 3779 654 3836 pes
679 3771 850 3828 erant,
883 3763 963 3817 vel
996 3760 1109 3816 solo
1138 3758 1322 3813 auditu
1351 3755 1694 3812 scandalizati
1718 3763 1840 3809 sunt
1864 3772 1877 3819 ;
1905 3753 2011 3808 imo
2042 3767 2144 3808 non

562 3855 660 3926 ipsi
683 3854 805 3919 soli,
847 3853 940 3910 sed
971 3861 1026 3908 et
1071 3851 1263 3906 Petrus
1292 3849 1528 3904 omnium
1555 3845 1871 3917 coryphaeus
1898 3861 1912 3897 :
1945 3847 2146 3914 cogites

561 3948 719 4001 velim
747 3945 873 4016 quid
897 3942 1098 4014 passuri
1131 3951 1283 3996 erant
1306 3940 1538 4010 plurimi,
1570 3938 1613 3992 si
1641 3936 1946 3990 didicissent
1975 3935 2145 4004 ipsum

560 4055 680 4095 esse
708 4039 898 4094 Filium
930 4036 1044 4102 Dei,
1087 4043 1137 4089 et
1167 4043 1351 4104 postea
1378 4031 1636 4096 vidissent
1655 4044 1775 4082 eum
1806 4026 2062 4095 cruciﬁgi,
2094 4035 2148 4079 et

561 4130 730 4201 sputis
780 4128 988 4192 fmdari,
1035 4142 1154 4181 cum
1205 4123 1580 4196 mysteriorum
1623 4117 1924 4188 hujusmodi
1951 4132 2144 4172 arcana

562 4236 667 4274 non
698 4228 940 4284 nossent,
972 4216 1196 4271 necdum
1239 4216 1492 4285 Spiritum
1520 4222 1761 4268 sanctum
1788 4211 2141 4280 accepissent.

562 4309 696 4364 Nam
723 4309 766 4362 si
803 4307 1076 4376 discipulis
1107 4306 1318 4360 dicebat
1351 4323 1362 4358 :
1393 4303 1566 4358 Multa.
1589 4304 1744 4357 habeo
1777 4302 1914 4356 vobis
1947 4301 2141 4367 dicere,

563 4401 649 4455 sed
683 4415 781 4454 non
803 4399 1009 4469 potestis
1032 4408 1232 4467 portare
1267 4396 1416 4450 modo
1463 4396 1483 4466 (
1501 4395 1656 4449 Joan.
1688 4395 1774 4448 16.
1808 4394 1906 4464 12)
1935 4411 1948 4446 :
1979 4393 2144 4446 multo

561 4493 731 4562 magis
757 4491 962 4560 reliqua
990 4488 1276 4544 multitudo
1303 4487 1623 4552 decidisset,
1654 4487 1698 4542 si
1729 4495 1851 4540 ante
1889 4493 2146 4555 opportu-

562 4599 688 4637 nmn
721 4591 949 4652 tempus,
981 4581 1121 4651 quod
1150 4583 1201 4635 in
1231 4581 1313 4635 liis
1358 4580 1627 4652 mysteriis
1653 4594 1956 4648 supremum
1989 4585 2101 4632 erat
2124 4617 2141 4642 ,

563 4676 692 4742 ipsis
714 4676 1003 4730 revelatum
1035 4673 1242 4728 fuisset.
1274 4672 1476 4727 Idcirco
1517 4671 1631 4727 haec
1658 4671 1842 4727 dicere
1873 4667 2140 4740 prohibet.

564 4765 631 4820 Et
679 4776 734 4819 ut
777 4765 953 4819 discas
981 4773 1236 4834 quantum
1267 4763 1520 4817 intererat
1567 4762 1776 4830 plenam
1822 4769 2002 4830 postea
2047 4759 2144 4812 do-

561 4858 790 4910 ctrinam
830 4855 1095 4924 accipere,
1125 4855 1404 4908 summotis
1444 4854 1508 4907 iis
1533 4868 1652 4921 qua:
1680 4851 1998 4906 offendicula
2025 4865 2144 4905 esse

564 4956 825 5016 poterant,
861 4946 910 4999 id
957 4947 1022 4999 ab
1062 4946 1178 5015 ipso
1224 4944 1508 5015 coryplneo
1535 4943 1734 5014 accipe.
1781 4943 1896 5013 Ipse
1917 4957 2144 5011 namque

565 5041 771 5102 l’etrus,
801 5038 886 5108 qui
914 5047 1030 5107 post
1060 5046 1136 5092 tot
1165 5038 1414 5092 miracula
1448 5037 1582 5090 adeo
1634 5035 1928 5090 imbecillus
1977 5049 2146 5103 appa-

565 5130 689 5202 ruit,
713 5139 770 5182 ut
794 5139 1034 5199 negaret,
1061 5128 1322 5193 vilemque
1352 5129 1574 5198 puellam
1605 5128 1836 5190 timeret,
1865 5135 2142 5196 postquam

561 5235 734 5277 crueis
762 5230 974 5291 peracto
1015 5223 1289 5294 mysterio,
1324 5221 1732 5275 resurrectionis
1761 5220 1933 5272 clm-as
1956 5217 2142 5271 habuit

563 5313 1069 5376 demonstrationes,
1101 5330 1220 5368 cmn
1263 5313 1389 5366 nihil
1427 5313 1499 5366 illi
1541 5313 1673 5366 ultra
1704 5311 2022 5364 offendiculo
2052 5325 2143 5365 es-

563 5416 644 5462 set
665 5446 680 5472 ,
710 5405 841 5460 nihil
867 5422 986 5459 cum
1021 5407 1275 5468 turbaret,
1304 5405 1381 5460 sic
1409 5406 1677 5459 immotam
1712 5404 1877 5458 tenuit
1915 5402 2144 5471 Spiritus

566 5499 880 5567 doctrinam,
925 5509 980 5553 ut
1025 5499 1389 5554 vehementius
1431 5514 1587 5568 quam
1617 5499 1699 5554 leo
1743 5496 1796 5551 in
1839 5497 2141 5552 Jndtcorum

625 5656 642 5683 '
680 5652 863 5710 Morel"
889 5653 1126 5714 quomodo
1147 5665 1260 5714 ergo
1283 5649 1502 5714 minoris
1519 5650 1606 5714 qui
1627 5650 1742 5700 talia
1767 5649 1878 5712 fecit
1907 5649 1930 5699 3’

630 5715 652 5746 ³
683 5721 807 5772 Haec,
826 5711 935 5765 ideo
958 5715 1178 5780 praecipit
1203 5711 1250 5764 ut
1273 5712 1450 5766 nemuu'
1473 5712 1654 5776 dicant,
1679 5711 1854 5764 desunt
1878 5716 1927 5761 in
1942 5711 2109 5762 Morel.

1248 255 1303 309 S.
1342 250 1626 309 JOANNIS
1661 246 2150 304 CllltYSOSTOMl
2196 247 2506 302 ARCHIEP.
2531 246 3060 305 CONSTANTlNOP.

3699 252 3801 306 5'56

2231 364 2485 434 populum
2508 365 2754 426 irrueret,
2781 367 2878 420 etsi
2902 363 3132 436 pericula
3153 375 3206 420 et
3229 367 3373 422 mille
3400 379 3598 425 mortes
3631 371 3805 424 ἰηιιιιι-

2226 467 2434 512 nerent.
2460 455 2624 510 Multa
2649 459 2778 512 enim
2804 458 2959 512 habeo
2992 459 3126 513 vobis
3159 461 3340 526 dicere,
3376 461 3560 531 inquit,
3590 463 3680 516 sed
3704 481 3802 516 non

2227 547 2431 614 potestis
2454 559 2656 617 portare
2683 548 2849 601 modo.
2879 547 3014 615 Quin
3047 550 3204 602 etiam
3234 551 3394 604 multa
3441 551 3507 603 ab
3550 552 3639 606 illo
3663 553 3804 606 diri:

2229 653 2333 692 non
2360 639 2754 708 intelligebant,
2793 655 2912 709 qua:
2955 650 3080 695 ante
3121 655 3331 695 crucem
3377 644 3648 697 manifesta
3698 661 3804 698 non

2226 732 2477 788 reddidit.
2510 734 2862 804 Posteaquam
2890 735 3046 804 igitur
3075 747 3458 801 rcsurrexerat,
3492 748 3616 791 tunc
3656 754 3805 807 quic-

2226 824 2347 878 dam
2371 840 2556 879 eorum
2576 839 2695 895 qua:
2719 825 2925 880 dixerat
2948 827 3343 882 intellexerunt.
3373 827 3499 884 Jure
3518 844 3646 898 ergo
3667 831 3809 884 mul-

2230 920 2295 973 tis
2318 919 2588 987 prarcepit,
2615 933 2683 974 ne
2712 918 2838 974 illud
2871 929 2992 975 ante
3013 921 3186 974 crucis
3215 921 3513 990 passionem
3542 923 3808 989 dicerent,

2227 1012 2441 1082 quando
2470 1027 2537 1065 ne
2563 1026 2722 1066 ausus
2749 1012 2962 1082 quidem
2999 1024 3082 1069 est
3105 1014 3190 1079 iis,
3221 1014 3313 1084 qui
3341 1025 3520 1082 postea
3549 1013 3810 1086 pratdica-

2223 1104 2334 1158 turi
2363 1112 2545 1168 erant,
2593 1105 2771 1158 omnia
2814 1116 2938 1159 ante
2977 1120 3188 1160 crucem
3230 1108 3455 1175 aperire.
3499 1107 3586 1162 20.
3631 1107 3712 1161 Ex
3750 1127 3810 1161 eo

2229 1204 2451 1265 tempore
2473 1197 2618 1266 coepit
2641 1195 2791 1250 Jesus
2819 1198 2940 1267 ipsis
2964 1198 3240 1263 ostendere,
3267 1198 3399 1269 quod
3423 1207 3669 1268 aporteret
3695 1216 3810 1252 eum

2223 1287 2357 1356 pati.
2387 1285 2464 1340 Ex
2493 1302 2721 1356 quonam
2754 1287 3032 1358 tempore?
3057 1287 3188 1343 Cum
3235 1289 3336 1342 hoc
3377 1289 3568 1360 dogma
3614 1291 3666 1344 in
3706 1292 3811 1344 illis

2233 1378 2487 1442 inseruit;
2520 1393 2639 1432 cum
2666 1379 2899 1448 gentium
2928 1379 3131 1432 initium
3155 1378 3376 1434 induxit.
3409 1382 3478 1435 At
3523 1396 3697 1450 neque
3734 1385 3813 1436 sic

2234 1471 2285 1525 id
2327 1470 2468 1541 quod
2496 1471 2770 1526 dicebatur
2799 1472 3180 1528 intellexerunt
3210 1491 3224 1525 :
3258 1473 3567 1540 Eratenim,
3609 1475 3812 1544 inquit,

2229 1563 2556 1619 absconditus
2602 1581 2765 1618 sermo
2794 1566 2856 1618 ab
2891 1566 2960 1619 eis
2989 1564 3153 1636 (Luc.
3189 1567 3274 1622 18.
3304 1567 3439 1637 54);
3483 1577 3538 1622 et
3579 1569 3732 1638 quasi
3763 1568 3816 1622 in

2233 1657 2558 1711 obscuritate
2576 1657 2802 1726 quadam
2826 1657 3192 1724 versabantur,
3227 1659 3527 1714 nescientes
3570 1675 3693 1713 eum
3724 1676 3817 1715 re-

2231 1758 2593 1804 surrecturum
2615 1765 2752 1805 esse.
2786 1751 3120 1821 Quapropter
3151 1753 3201 1804 in
3227 1751 3340 1805 istis
3379 1751 3683 1806 difﬁcilibus
3711 1752 3817 1805 im-

2236 1851 2510 1909 moratur,
2557 1852 2610 1897 et
2646 1858 2945 1898 sermonem
2980 1845 3265 1914 ampliﬁcat
3287 1887 3302 1912 ,
3336 1857 3392 1900 ut
3431 1847 3537 1900 illis
3580 1857 3814 1902 mentem

2235 1934 2456 2002 aperiat.
2487 1943 2542 1988 et
2582 1934 2873 2004 intelligant
2901 1934 3024 2004 quid
3053 1935 3122 1988 sit
3147 1934 3274 1990 illud
3305 1936 3444 2006 quod
3467 1936 3679 1991 dicitur.
3711 1937 3818 1991 Ve-

2237 2041 2353 2078 rum
2386 2024 2506 2079 Non
2535 2024 2909 2092 intellexerunt,
2938 2028 3025 2081 sed
3053 2037 3158 2080 erat
3188 2029 3532 2082 absconditum
3552 2030 3675 2099 ipsis
3703 2046 3821 2083 uer-

2237 2116 2353 2170 bum
2371 2118 2507 2172 istud
2533 2116 2826 2189 (Ibidem);
2869 2134 2967 2174 nec
3002 2119 3267 2175 audebant
3294 2121 3438 2175 illum
3467 2121 3818 2191 interrogare,

2238 2223 2344 2263 non
2375 2217 2548 2262 utrum
2577 2219 2718 2264 esset
2748 2210 3058 2277 moriturus,
3087 2210 3182 2266 sed
3221 2211 3487 2282 quomodo
3513 2221 3570 2269 et
3594 2229 3699 2281 qua
3727 2229 3819 2267 ra-

2240 2300 2401 2354 tione.
2434 2299 2503 2355 Et
2543 2300 2669 2370 quid
2708 2311 2824 2356 erat
2867 2303 2968 2358 hoc
2994 2305 3344 2375 mysterium?
3366 2303 3478 2358 Non
3507 2307 3650 2358 enim
3677 2304 3823 2358 scie-

2239 2390 2386 2455 bant,
2415 2391 2540 2461 quid
2563 2401 2705 2446 esset
2722 2407 3021 2463 resurgere,
3053 2395 3326 2465 multoque
3348 2395 3536 2449 melius
3560 2395 3824 2463 putabant

2239 2498 2358 2539 esse
2410 2499 2514 2539 non
2558 2485 2717 2540 mori.
2751 2485 2976 2557 Ideoque
2995 2487 3112 2542 aliis
3141 2487 3389 2543 omnibus
3413 2487 3735 2557 perturbatis
3763 2502 3826 2541 ac

2240 2573 2623 2642 dubitantibus,
2655 2590 2864 2630 rursum
2895 2577 3105 2642 Petrus,
3160 2585 3344 2648 utpote
3381 2578 3626 2642 fervens,
3674 2581 3828 2632 solus

2239 2679 2401 2719 ausus
2425 2674 2506 2720 est
2537 2665 2636 2721 hac
2659 2665 2727 2720 de
2753 2681 2810 2722 re
2841 2667 2983 2736 loqui
3011 2684 3024 2720 :
3055 2683 3226 2738 neque
3254 2677 3427 2724 tamen
3468 2669 3698 2738 publice,
3729 2669 3826 2723 sed

2243 2769 2524 2820 seorsum;
2555 2755 2604 2811 id
2636 2765 2738 2822 est,
2769 2759 2836 2813 ab
2863 2758 2980 2812 aliis
3007 2768 3244 2814 semotus
3264 2759 3573 2828 discipulis;
3605 2761 3824 2830 aitque:

2243 2847 2331 2901 22.
2365 2847 2626 2918 Propitius
2652 2849 2739 2902 tibi
2775 2850 2864 2915 sis,
2895 2847 3130 2916 Domine,
3176 2867 3277 2906 non
3313 2852 3406 2904 erit
3429 2851 3516 2904 tibi
3545 2852 3658 2904 hoc.
3686 2852 3827 2919 Quid

2246 2940 2346 2994 hoc
2368 2941 2487 2994 e81?
2529 2941 2619 3010 qni
2647 2941 3025 2996 rcvelationem
3052 2941 3254 3006 habuit,
3306 2943 3396 3011 qui
3425 2942 3610 2998 beatus
3633 2944 3831 3013 prsidi—

2243 3039 2394 3086 catus
2421 3039 2522 3098 est,
2549 3031 2633 3086 hic
2672 3031 2850 3086 subito
2888 3032 3070 3102 lapsus
3095 3031 3306 3097 cecidit,
3336 3032 3408 3086 ita
3433 3042 3492 3086 ut
3520 3033 3830 3102 passionem

2245 3124 2405 3177 etiam
2434 3123 2758 3177 timcret?et
2784 3121 2911 3192 quid
2935 3123 3149 3187 mirum,
3192 3122 3236 3176 si
3277 3121 3342 3188 is,
3385 3122 3474 3192 qui
3513 3122 3612 3176 hac
3651 3121 3720 3176 de
3773 3137 3834 3174 re

2247 3230 2352 3270 non
2377 3224 2658 3284 acceperat
2699 3214 3098 3280 revelationem,
3144 3213 3198 3269 id
3241 3229 3426 3285 passus
3446 3214 3550 3268 sit?
3584 3213 3649 3269 Ut
3682 3214 3831 3267 enim

2242 3305 2422 3382 discas
2443 3305 2597 3361 illum
2625 3320 2688 3360 ea
2717 3320 2835 3376 qua;
2859 3320 3018 3376 supra
3046 3305 3185 3361 dieta
3213 3315 3336 3361 sunt
3380 3322 3485 3360 non
3514 3322 3577 3360 ex
3606 3320 3665 3360 se
3698 3321 3833 3376 pro-

2251 3398 2472 3464 tulisse,
2504 3398 2623 3454 vide
2665 3397 2930 3468 quomodo
2951 3399 3002 3452 in
3026 3397 3108 3452 his
3141 3414 3258 3467 quae
3298 3397 3398 3451 sibi
3438 3398 3674 3452 revelata
3719 3413 3831 3451 non

2250 3488 2492 3555 fuerant,
2540 3489 2778 3544 turbetur
2821 3498 2876 3544 et
2914 3496 3214 3554 evertatur,
3261 3497 3315 3543 ct
3341 3488 3534 3542 millies
3563 3487 3834 3541 audiendo

2250 3598 2357 3636 non
2388 3582 2592 3636 noverit
2629 3582 2754 3652 quid
2780 3581 3062 3636 diceretur.
3093 3580 3223 3636 Nam
3249 3580 3391 3650 quod
3430 3581 3593 3635 Filius
3623 3581 3714 3635 Dei
3745 3597 3834 3635 es-

2249 3684 2351 3740 set,
2381 3673 2430 3729 id
2455 3682 2600 3730 certe
2622 3682 2870 3739 noverat;
2899 3674 3022 3743 quid
3044 3683 3218 3728 autem
3241 3674 3309 3727 sit
3329 3672 3636 3744 mysterium
3654 3675 3834 3727 crucis

2248 3774 2303 3821 et
2320 3765 2742 3826 resurrectionis.
2763 3764 2995 3820 nondum
3011 3765 3108 3834 ipsi
3132 3765 3274 3820 clare
3295 3774 3476 3818 notum
3497 3774 3630 3819 erat.
3647 3763 3832 3818 Sermo

2248 3862 2414 3924 enim,
2430 3858 2617 3927 inquit,
2638 3869 2742 3911 erat
2763 3857 2885 3929 ipsis
2908 3859 3150 3912 occultus.
3183 3856 3340 3912 Vides
3364 3857 3508 3910 illum
3523 3856 3644 3925 jure
3673 3872 3828 3910 man-

2250 3947 2426 4014 dasse,
2459 3962 2527 4002 ne
2555 3948 2672 4001 aliis
2691 3947 2965 4002 dicerent?
2989 3946 3117 4001 Nam
3151 3947 3196 4002 si
3229 3961 3320 4001 eos
3355 3961 3487 4017 quos
3512 3946 3564 3999 id
3589 3945 3834 4000 ediscere

2251 4041 2610 4095 necessarium
2639 4049 2758 4096 erat
2793 4042 2862 4095 ita
2899 4040 3154 4106 turbavit,
3191 4039 3315 4110 quid
3352 4056 3456 4094 non
3480 4040 3619 4109 passi
3647 4053 3836 4095 essent

2249 4131 2466 4187 caeteri?
2487 4131 2603 4202 Ipse
2622 4148 2748 4186 vero
2767 4140 2825 4186 ut
2849 4132 3158 4187 ostenderet
3176 4147 3234 4186 se
3259 4147 3361 4186 non
3379 4131 3596 4185 invitum
3615 4130 3682 4185 ad
3703 4146 3834 4200 pas-

2249 4228 2453 4281 sionem
2469 4227 2672 4292 venire,
2690 4225 2976 4295 increpavit
2993 4225 3225 4290 Petrum,
3239 4233 3581 4294 satanamque
3598 4229 3830 4280 vocavit.

2318 4321 2370 4375 4.
2411 4319 2489 4373 De
2525 4335 2670 4373 cruce
2701 4318 2885 4374 Christi
2923 4335 3022 4373 non
3048 4317 3451 4372 erubescendum.
3479 4318 3616 4374 Crux
3636 4322 3833 4390 quoties

2250 4422 2354 4467 tum
2381 4412 2575 4482 publice
2603 4422 2706 4466 tum
2735 4412 2968 4481 privatim
2993 4412 3234 4466 adhibita.
3258 4441 3327 4451 —
3352 4412 3582 4466 Andiant
3628 4412 3718 4480 qui
3765 4411 3834 4466 de

2247 4521 2406 4562 cruce
2441 4504 2638 4560 Christi
2674 4505 3013 4562 erubescunt.
3044 4505 3249 4560 Etenim
3279 4504 3323 4560 si
3363 4504 3678 4576 coryphteus
3716 4505 3830 4568 ille,

2247 4607 2533 4668 antequam
2573 4597 2750 4650 omnia
2793 4597 2958 4666 probe
2999 4596 3194 4661 sciret,
3236 4595 3376 4666 quod
3423 4595 3513 4649 tali
3556 4604 3701 4650 esset
3747 4595 3832 4648 af-

2248 4687 2410 4753 fectu,
2441 4697 2655 4743 satanas
2679 4687 2978 4757 appellatus
3007 4695 3108 4753 est,
3138 4703 3296 4758 quam
3339 4687 3549 4742 veniam
3579 4703 3830 4742 merean-

2249 4788 2337 4835 tur
2375 4780 2452 4834 illi
2492 4779 2602 4849 qni,
2643 4787 2764 4847 post
2809 4787 3007 4833 tantam
3046 4777 3579 4842 demonstrationem,
3611 4791 3835 4830 mcono-

2250 4873 2408 4927 miam
2441 4870 2673 4941 negant?
2695 4870 2918 4937 Quando
2943 4871 3084 4926 enim
3111 4870 3191 4924 vir
3209 4871 3297 4940 qui
3325 4869 3509 4924 beatus
3531 4869 3833 4938 appellatus

2249 4975 2348 5029 est,
2381 4963 2468 5033 qui
2498 4962 2655 5018 talem
2685 4962 2900 5032 protulit
2941 4961 3351 5026 confessionem,
3381 4960 3493 5015 haec
3521 4968 3698 5014 tamen
3736 4975 3833 5013 au-

2249 5055 2347 5119 dit,
2378 5056 2428 5110 in
2459 5055 2638 5109 animo
2668 5065 2852 5124 reputa
2881 5062 3076 5124 quanta
3107 5054 3312 5123 passuri
3343 5052 3448 5107 sint
3487 5053 3542 5116 ii,
3583 5053 3673 5120 qui
3708 5062 3832 5123 post

2250 5148 2349 5203 ista
2377 5147 2688 5218 mysterium
2714 5147 2888 5201 crucis
2917 5145 3268 5215 vilipendunt.
3291 5144 3401 5198 Non
3427 5143 3578 5207 dixit,
3603 5142 3829 5197 Satanas

2251 5255 2345 5309 per
2371 5248 2421 5293 te
2450 5240 2698 5308 loquutus
2739 5246 2854 5304 est;
2885 5237 2998 5302 sed,
3031 5236 3120 5290 9.5.
3165 5235 3301 5289 Vade
3323 5244 3440 5302 post
3470 5250 3568 5299 me,
3598 5243 3826 5288 satanas.

2250 5332 2380 5386 Nam
2407 5331 2652 5400 cupiebat
2679 5328 3016 5384 adversarius
3044 5338 3099 5382 ut
3127 5328 3371 5382 Christus
3391 5341 3494 5379 non
3517 5335 3826 5396 pateretur:

2253 5424 2372 5481 ideo
2414 5425 2490 5479 sic
2518 5423 2858 5478 vehementer
2898 5420 3207 5488 increpavit,
3239 5417 3379 5488 quod
3417 5416 3645 5472 maxime
3670 5416 3830 5471 sciret

2251 5530 2304 5574 et
2336 5519 2478 5572 illum
2505 5525 2562 5572 et
2588 5517 2721 5570 alios
2749 5518 2847 5570 hoc
2873 5516 3044 5584 ipsum
3071 5512 3281 5575 timere,
3307 5526 3480 5580 neque
3512 5509 3667 5564 facile
3698 5508 3826 5564 illud

2252 5610 2552 5663 admittere.
2606 5607 2939 5675 Quapropter
2983 5605 3174 5658 menth
3233 5603 3351 5670 eius
3394 5615 3583 5655 arcana
3630 5599 3830 5654 revelat

2257 5701 2439 5757 dicens
2468 5719 2479 5754 :
2511 5698 2630 5755 Non
2658 5700 2793 5766 sapis
2823 5714 2880 5753 ea
2909 5711 3021 5767 qua'
3057 5695 3149 5750 Det
3174 5704 3309 5763 sunt,
3334 5694 3420 5769 sed
3449 5708 3504 5746 ea
3527 5708 3640 5764 qua:
3666 5690 3816 5745 horni-
