4088 6224
365 314 467 371 537

366 445 505 481 nunt.
528 425 664 495 Quid
696 441 855 495 porro
880 423 1007 478 illud
1034 422 1283 489 cst,.Non
1311 422 1450 491 sapis
1470 439 1528 475 ea
1556 437 1672 490 qua!
1697 421 1788 473 Dei
1807 429 1963 485 sunt,

368 525 455 574 sed
484 538 539 575 ea
568 536 681 585 qum
720 519 1025 573 hominum!
1051 518 1142 571 ille
1188 517 1418 569 humano
1461 526 1513 569 et
1541 525 1752 570 terreno
1781 513 1948 567 ratio-

366 614 507 666 cinio
535 628 644 666 rem
675 612 1005 675 examinans,
1053 610 1267 679 putabat
1311 609 1360 664 id
1388 608 1600 662 Christo
1644 618 1796 675 turpe
1830 622 1949 661 esse

366 715 418 760 et
449 705 781 760 indecorum.
827 704 1000 772 Ipsum
1041 703 1217 771 itaque
1254 718 1479 769 carpens
1523 702 1633 756 ait:
1665 701 1779 755 Non
1812 702 1951 755 inde-

367 809 550 849 corum
582 804 666 849 est
691 810 776 848 me
804 794 944 863 pati:
969 793 1059 847 sed
1083 802 1135 847 tu
1167 792 1945 859 carnaliconsilioitajudicas:

367 885 457 954 qui
488 885 532 939 si
559 884 846 940 secundum
873 884 1035 938 Deum
1063 884 1203 938 dicta
1221 884 1479 945 audisses,
1502 900 1529 936 a
1558 882 1953 936 carnalianimo

368 978 667 1048 expeditus,
698 979 863 1031 scires
894 977 943 1031 id
973 992 1057 1031 me
1082 978 1313 1031 maxime
1338 977 1530 1031 decere
1556 994 1569 1040 ;
1601 986 1655 1030 tu
1685 978 1825 1031 enim
1855 993 1949 1044 pu-

372 1080 471 1132 tas,
505 1070 771 1139 indignam
801 1085 915 1124 rem
943 1084 1083 1132 esse,
1124 1070 1169 1122 si
1211 1068 1264 1122 id
1304 1083 1403 1136 ego
1449 1069 1654 1137 patiar:
1689 1084 1788 1137 ego
1824 1084 1950 1122 vero

372 1164 493 1218 dico
519 1164 635 1225 tibi,
666 1163 856 1217 diaboli
889 1163 1214 1216 voluntatem
1232 1177 1355 1216 esse
1384 1170 1565 1230 utego
1595 1178 1699 1214 non
1734 1162 1903 1229 patiar
1932 1178 1948 1215 ;

370 1273 439 1311 ex
483 1257 764 1311 contrariis
808 1256 1221 1309 sollicitudinem
1270 1254 1386 1321 ejus
1427 1253 1768 1322 reprimebat.
1802 1252 1952 1307 Sicut

370 1347 511 1401 enim
542 1346 799 1401 Joannem
828 1346 917 1414 qui
946 1345 1217 1414 indignum
1248 1343 1461 1397 Christo
1488 1343 1704 1413 putabat
1726 1358 1866 1406 esse,
1905 1343 1948 1396 si

344 1437 505 1491 -abse
524 1435 980 1505 baptizaretur,ad
1004 1435 1054 1489 id
1075 1434 1371 1489 faciendum
1396 1434 1598 1487 induxit
1614 1433 1798 1487 dicens
1822 1452 1833 1486 :
1864 1433 1953 1487 Sic

370 1530 506 1583 decet
552 1546 641 1581 nos
670 1528 884 1599 (Matth.
933 1529 984 1582 5.
1031 1526 1155 1596 15);
1198 1535 1249 1580 et
1299 1526 1395 1594 ipsi
1443 1526 1598 1580 Petro
1640 1525 1801 1593 pedes
1825 1539 1951 1578 suos

370 1621 546 1676 lavare
576 1620 872 1691 prohibenti
899 1619 1050 1685 dixit,
1088 1617 1202 1672 Non
1226 1618 1375 1671 habes
1397 1620 1589 1687 partem
1612 1634 1823 1679 mecum,
1856 1618 1954 1670 nisi

370 1713 520 1780 pedes
565 1723 679 1765 tuos
715 1713 881 1765 lavero
912 1710 1089 1778 (Joan.
1126 1709 1212 1763 15.
1241 1707 1310 1779 8)
1350 1710 1466 1763 :sic
1500 1719 1552 1762 et
1594 1708 1693 1762 hoc
1731 1708 1847 1762 loco
1887 1723 1953 1762 ex

369 1804 652 1858 contrariis
682 1804 853 1873 ipsum
880 1802 1156 1870 repressit,
1184 1809 1236 1855 et
1268 1800 1644 1869 inerepationis
1665 1800 1953 1855 vehemen-

372 1896 442 1948 tia
476 1895 722 1948 timorem
751 1893 1013 1962 passionis
1045 1892 1317 1947 exstinxit.
1358 1892 1634 1947 Neminem
1665 1893 1833 1962 igitur
1861 1908 1967 1961 pit--

372 1986 499 2039 deat
539 1985 926 2038 honorabilium
959 1983 1145 2037 salutis
1186 1994 1382 2038 nostra:
1421 1983 1803 2053 symbolorum,
1837 1999 1955 2053 quae

374 2084 502 2128 sunt
528 2084 689 2142 caput
729 2074 1006 2134 bonorum.
1051 2090 1146 2144 per
1168 2090 1287 2144 qua:
1314 2074 1559 2140 vivimus,
1594 2090 1687 2144 per
1723 2090 1841 2144 qua:
1867 2089 1958 2128 su—

376 2182 498 2221 mus
522 2184 535 2219 :
561 2166 655 2222 sed
686 2182 894 2222 crucem
921 2165 1114 2222 Christi
1145 2168 1292 2239 quasi
1333 2184 1582 2223 coronam
1612 2169 1955 2223 circumfera-

373 2273 494 2312 mus
517 2273 532 2323 ;
566 2272 661 2326 per
680 2273 795 2312 eam
825 2258 965 2314 enim
993 2260 1169 2313 omnia
1195 2275 1319 2329 qua:
1340 2259 1407 2312 ad
1436 2273 1531 2312 nos
1558 2269 1799 2327 spectant
1831 2274 1953 2328 per-

373 2350 643 2404 ficiuntur.
696 2349 753 2404 Si
816 2352 1120 2421 regenerari
1168 2361 1456 2421 oporteat,
1506 2366 1636 2407 crux
1677 2352 1862 2415 adest;
1909 2352 1954 2406 si

372 2441 600 2512 mystico
620 2440 715 2494 illo
731 2441 851 2495 cibo
872 2443 1080 2506 nutriri,
1098 2442 1141 2496 si
1160 2442 1414 2507 ordinari,
1439 2452 1492 2496 et
1515 2444 1557 2497 si
1580 2442 1789 2513 quidvis
1811 2443 1955 2498 aliud

372 2532 696 2601 faciendum,
726 2532 1098 2603 ubique-nobis
1141 2534 1291 2590 adest
1326 2534 1430 2591 hoc
1471 2536 1705 2591 victoriae
1741 2537 1957 2609 symbo-

371 2623 501 2677 lum.
532 2623 733 2678 lilcirco
757 2634 810 2679 et
837 2624 1000 2690 domi,
1030 2635 1084 2681 et
1109 2625 1159 2680 in
1191 2627 1499 2695 parietibus,
1527 2638 1581 2682 et
1603 2628 1653 2682 in
1684 2627 1952 2696 fenestris,

370 2723 425 2770 et
454 2715 505 2769 in
529 2714 703 2771 fronte
728 2725 783 2771 et
804 2716 865 2770 in-
887 2729 1086 2784 mente,
1120 2719 1261 2773 illam
1300 2734 1420 2774 cum
1464 2720 1628 2775 multo
1665 2720 1842 2775 studio
1862 2720 1956 2775 de-

374 2807 673 2877 pingimus.
712 2807 822 2863 Hoo
869 2810 1064 2879 quippe
1115 2810 1322 2880 signum
1375 2821 1457 2867 est
1505 2821 1702 2867 nostra:
1745 2814 1950 2880 salutis,

370 2900 671 2954 communis
699 2898 977 2962 libertatis,
1003 2908 1056 2955 et
1079 2903 1501 2957 mansuetudinis
1530 2904 1736 2957 Domini
1766 2922 1778 2957 :
1806 2902 1956 2959 Sicut

371 2991 477 3044 ovis
519 2991 661 3044 enim
702 2990 770 3043 ad
797 2992 1092 3045 occisionem
1130 2991 1306 3046 ductus
1329 3001 1400 3047 est
1450 2993 1584 3065 (Act.
1613 2994 1667 3048 8.
1699 2994 1787 3048 52.
1823 2993 1951 3048 Isai.

372 3083 462 3137 55.
495 3083 570 3151 η.
599 3082 729 3137 Cum
762 3081 917 3152 igitur
957 3092 1007 3136 te
1040 3081 1238 3152 signas,
1280 3092 1445 3137 totum
1476 3085 1648 3139 crucis
1674 3101 1954 3153 argumen-

375 3186 486 3231 tum
513 3176 704 3246 cogita,
734 3177 1013 3246 exstingue
1031 3177 1161 3230 iram
1185 3191 1476 3244 omnesajue
1498 3193 1685 3247 pravos
1708 3177 1951 3231 aﬂ’ectus.

373 3268 504 3321 Cum
534 3276 584 3322 te
610 3269 807 3337 signas,
840 3270 1002 3322 multa
1032 3267 1219 3322 fiducia
1257 3270 1485 3322 frontem
1517 3276 1659 3321 tuam
1690 3269 1855 3337 reple,
1886 3268 1953 3321 li-

373 3360 557 3414 heram
590 3357 747 3413 facito
773 3361 1023 3413 animam.
1054 3359 1214 3414 Scitis
1246 3360 1401 3429 plane
1426 3374 1672 3429 qmenam
1699 3359 1807 3412 sint
1834 3374 1955 3428 quae

375 3449 671 3503 libertatem
697 3449 851 3503 nobis
872 3451 1097 3519 pariant.
1120 3447 1246 3504 Ideo
1266 3450 1460 3503 Paulus
1480 3447 1544 3501 ad
1573 3448 1623 3501 id
1651 3462 1747 3501 nos
1762 3447 1956 3502 cohor-

376 3551 515 3605 tans,
546 3541 647 3597 hoc
671 3550 750 3596 est
771 3541 837 3595 ad
864 3542 1160 3596 libertatem
1189 3540 1341 3595 nobis
1356 3549 1754 3609 congruentem,
1781 3539 1955 3594 crucis

374 3646 430 3687 et
471 3633 745 3702 sanguinis
784 3632 1035 3687 dominici
1076 3632 1346 3686 mentione
1406 3631 1577 3697 facta,
1622 3629 1701 3685 sic
1752 3630 1952 3684 habet:

376 3723 572 3790 Pretio,
603 3726 790 3795 inquit,
823 3726 978 3794 empti
1005 3725 1164 3786 estis;
1205 3740 1268 3776 ne
1294 3723 1403 3776 sitis
1440 3723 1569 3775 servi
1595 3722 1852 3776 hominum
1878 3722 1952 3791 (ί.

375 3820 495 3875 Cor.
528 3820 580 3872 7.
605 3819 721 3890 25).
753 3820 957 3887 Cogita,
990 3818 1198 3887 inquit,
1238 3817 1460 3885 pretium
1502 3831 1597 3884 pro
1626 3824 1679 3868 te
1706 3828 1953 3867 numera-

377 3920 508 3977 tum,
538 3919 696 3982 atque
726 3911 918 3965 nullius
949 3908 1180 3962 hominis
1200 3908 1305 3962 eris
1330 3921 1544 3972 servus;
1577 3904 1808 3975 pretium
1829 3918 1957 3958 vero

374 4018 591 4058 crucem
633 4013 806 4056 vocat.
854 4000 1038 4071 Neque
1072 3999 1214 4054 enim
1260 3998 1573 4067 simpliciter
1617 3996 1761 4050 illam
1791 3994 1958 4065 digito

375 4097 661 4153 eﬂ‘ormare
687 4105 916 4165 oportet,
948 4094 1040 4151 sed
1072 4095 1217 4162 prius
1238 4093 1508 4147 voluntate
1535 4100 1589 4144 et
1626 4089 1787 4143 multa
1830 4088 1956 4142 fide.

374 4189 430 4243 Si
486 4188 587 4243 hoc
633 4186 793 4241 modo
845 4186 987 4240 illam
1029 4186 1098 4239 in-
1126 4184 1256 4238 facie
1297 4193 1384 4236 tua
1426 4180 1750 4250 depinxeris,
1781 4179 1955 4233 nullus

378 4282 705 4351 impurorum
747 4279 1047 4333 daemonum
1093 4285 1275 4331 contra
1318 4284 1370 4329 te
1410 4283 1555 4327 stare
1597 4270 1805 4341 poterit,
1831 4284 1955 4323 cum

374 4392 561 4433 ensem
614 4374 791 4429 videat
830 4388 934 4443 quo
965 4372 1152 4425 vulnus
1193 4368 1416 4437 accepit,
1454 4380 1574 4420 cum
1609 4363 1841 4434 gladium
1874 4362 1957 4414 vi-

375 4468 501 4523 deat
528 4482 631 4534 quo
653 4464 796 4518 letali
836 4463 986 4533 plaga
1015 4459 1285 4530 perfossus
1311 4464 1414 4511 est.
1458 4454 1514 4510 Si
1544 4470 1640 4508 nos
1669 4454 1810 4507 enim
1840 4452 1955 4505 loca

379 4560 627 4625 videntes
667 4556 771 4610 nhi-
804 4555 878 4608 rei
921 4553 1214 4613 creduntur,
1260 4546 1750 4617 perhorrescimus,
1781 4542 1954 4610 cogita

376 4650 509 4719 quid
551 4647 760 4717 passuri
804 4647 911 4699 sint
951 4642 1195 4698 diabolus
1232 4651 1285 4695 et
1310 4639 1605 4703 dzemones,
1637 4636 1796 4689 telum
1827 4631 1957 4686 illud

376 4742 640 4803 videntes,
680 4753 787 4809 quo
813 4736 1053 4791 Christus
1084 4741 1247 4786 totam
1285 4732 1491 4784 illorum
1524 4726 1812 4796 potentiam
1851 4724 1962 4778 sol-

376 4834 473 4895 vit,
504 4830 855 4899 draconisque
882 4832 1042 4894 caput
1084 4822 1329 4877 abscidit.
1360 4818 1437 4873 Ne
1465 4818 1641 4887 itaque
1678 4824 1729 4870 te
1765 4814 1960 4885 pudeat

379 4927 512 4977 tanti
552 4921 754 4993 accepti
799 4918 947 4984 boni,
987 4930 1054 4970 ne
1091 4914 1358 4968 Christum
1400 4910 1475 4964 tui
1525 4906 1719 4979 pudeat
1745 4905 1958 4977 quando

375 5016 556 5070 veniet
583 5028 703 5067 cum
730 5010 897 5081 gloria
925 5023 1041 5071 sua,
1081 5014 1134 5060 et
1159 5004 1261 5057 hoc
1286 5004 1494 5073 signum
1536 5008 1661 5053 ante
1685 4997 1957 5053 Christum

375 5105 646 5160 videbitur
699 5102 827 5171 ipsis
877 5098 1140 5154 solaribus
1194 5093 1358 5148 radiis
1407 5089 1758 5161 splendidius.
1810 5087 1960 5143 Tunc

376 5199 526 5254 enim
554 5211 686 5251 crux
710 5193 905 5256 veniet,
936 5197 1223 5258 conspectu
1261 5200 1360 5240 suo
1389 5198 1573 5238 vocem
1607 5183 1874 5244 emittens,
1907 5189 1963 5235 et

377 5290 639 5344 adversus
682 5286 866 5339 orbem
911 5292 1078 5336 totum
1127 5294 1341 5334 causam
1395 5275 1599 5330 Domini
1644 5273 1958 5340 defendens,

379 5382 783 5448 ostendensque
828 5374 960 5429 nihil
1000 5389 1066 5428 ex
1098 5373 1215 5442 ejus
1261 5378 1411 5439 parte
1453 5366 1704 5421 defuisse.
1750 5366 1860 5419 Hoc
1886 5364 1961 5417 sic

376 5490 547 5546 gnum
576 5479 630 5525 8|.
657 5469 916 5539 majorum
946 5474 1248 5521 DOSII'OI'UID
1294 5471 1531 5529 tempore
1555 5467 1609 5512 θι
1637 5470 1751 5510 πενο
1780 5464 1964 5509 ηοδιτο

373 5565 594 5621 clausas
610 5561 817 5631 aperuit
831 5558 1048 5629 januas;
1069 5555 1169 5609 hoc
1186 5555 1391 5623 signum
1409 5559 1664 5604 venenata
1681 5547 1965 5616 pharmace

382 5655 669 5718 exstinxit;
719 5651 820 5705 hoc
845 5650 1029 5703 cicuta:
1057 5648 1162 5701 vim
1206 5645 1394 5709 solvit;
1443 5642 1543 5695 hoc
1585 5652 1965 5694 veneuatarum

386 5747 622 5805 ferarum
641 5755 851 5801 morsus
864 5739 1085 5799 curavit.
1108 5737 1236 5793 Nam
1254 5734 1305 5791 si
1314 5743 1490 5807 portas
1511 5730 1797 5788 inferorum
1834 5743 1965 5800 apo-

1461 306 1522 361 IN
1563 301 1965 360 MATTHJEUM
2006 300 2232 357 HOMIL.
2276 301 2404 356 LIV.
2448 303 2517 354 al.
2561 300 2648 356 LV

3539 301 3637 357 5’58

2056 423 2181 483 ruit,
2210 422 2535 477 sicariorum
2563 422 2698 476 ostia
2728 422 3005 485 rcseravit,
3034 428 3086 476 et
3114 419 3347 490 paradisi
3362 434 3515 474 reuov
3528 421 3637 472 avit

2056 511 2372 582 ingressum,
2390 515 2432 567 si
2449 513 2643 568 diaboli
2663 529 2852 569 nervos
2878 513 3092 569 rescidit
3113 535 3125 568 :
3144 512 3268 583 quid
3286 514 3475 567 mirum
3494 513 3537 566 si
3555 513 3636 565 le-

2056 603 2209 661 tifera
2227 605 2529 675 pharmaca,
2552 604 2709 669 feras,
2730 606 2935 676 aliaque
2959 604 3264 676 hujusmodi
3283 607 3637 674 superaverit?

2126 697 2180 751 5.
2216 697 2330 751 Hoc
2358 713 2483 767 ergo
2514 698 2567 751 in
2612 708 2789 753 mente
2816 707 2902 753 tua
2936 698 3174 767 insculpe
3196 739 3210 764 ,
3246 707 3299 752 ct
3338 698 3636 752 animarum

2055 796 2355 840 nostrarum
2418 788 2641 841 salutem
2687 789 3026 857 amplectere.
3090 788 3211 842 litec
3264 788 3457 858 quippe
3507 804 3638 842 crux

2054 879 2237 934 orbem
2262 882 2496 935 servavit
2540 890 2591 936 et
2618 884 2912 948 convertit,
2947 898 3183 937 errorem
3224 884 3456 952 expulit,
3500 884 3639 939 veri-

2057 980 2214 1024 tatem
2244 972 2481 1035 induxit,
2519 983 2712 1026 terram
2740 976 2928 1028 caelum
2974 975 3176 1034 effecit.
3209 977 3448 1031 homines
3479 993 3637 1046 ange—

2055 1061 2135 1114 los
2153 1060 2403 1118 reddidit.
2421 1063 2477 1116 Vi
2506 1066 2678 1117 crucis
2707 1064 2978 1120 daemones
2996 1082 3101 1119 non
3134 1067 3266 1120 ultra
3295 1067 3638 1134 formidandi,

2056 1154 2150 1209 sed
2197 1154 2520 1224 despiciendi
2568 1168 2728 1223 sunt;
2781 1174 2975 1228 neque
3007 1175 3152 1213 mors
3200 1176 3345 1215 mors
3377 1169 3494 1226 est,
3545 1161 3638 1216 sed

2054 1264 2305 1303 somnus:
2329 1264 2422 1318 per
2447 1266 2657 1305 crucem
2684 1269 2801 1321 quat:
2823 1253 2973 1307 nobis
3000 1255 3441 1320 adversabantur,
3462 1255 3638 1308 omnia

2055 1338 2201 1393 humi
2247 1340 2449 1409 dejecta
2480 1343 2876 1398 conculcantur.
2910 1344 2962 1399 Si
2988 1346 3108 1414 quis
3136 1361 3261 1414 ergo
3307 1345 3449 1399 dicat
3502 1347 3593 1399 tibi
3627 1387 3642 1410 ,

2054 1432 2446 1490 Crucilixumne
2472 1434 2703 1489 adoras?
2732 1436 2848 1491 lana
2874 1451 3022 1499 voce,
3054 1436 3205 1491 hilari
3234 1438 3378 1491 vultu
3410 1453 3638 1507 respon-

2055 1526 2144 1591 de,
2178 1525 2356 1580 Adero
2377 1569 2391 1593 ,
2416 1542 2515 1582 nec
2541 1526 2798 1582 adorandi
2828 1528 2985 1582 finetn
3016 1527 3223 1583 faciam.
3254 1529 3310 1583 Si
3341 1529 3543 1594 rideat,
3574 1530 3643 1585 de

2056 1614 2171 1683 ejus
2200 1614 2401 1669 insania
2429 1616 2693 1687 lacrymas
2717 1616 2899 1673 funde.
2944 1618 3152 1674 Gratias
3179 1635 3274 1688 age
3305 1620 3541 1675 Domino
3574 1620 3641 1675 de

2059 1705 2217 1759 tantis
2262 1707 2532 1762 beneficiis
2553 1751 2567 1773 ,
2598 1723 2717 1779 qua:
2748 1710 2863 1765 sine
2888 1711 3091 1765 caelesti
3113 1712 3435 1767 revelatione
3464 1728 3530 1767 ne
3555 1713 3641 1767 δὶα

2056 1813 2208 1853 scere
2233 1799 2444 1869 quidem
2476 1800 2593 1871 quis
2622 1801 2807 1871 possit.
2844 1801 2968 1856 Ideo
2988 1818 3178 1872 nempe
3205 1803 3290 1855 hic
3320 1802 3489 1867 ridet,
3522 1804 3641 1873 quia

2058 1890 2307 1946 Animalis
2336 1894 2485 1947 homo
2528 1910 2628 1947 non
2658 1895 2869 1964 percipit
2912 1911 2970 1947 ea
2996 1910 3108 1965 quae
3138 1893 3362 1965 Spiritus
3382 1904 3499 1947 sunt
3545 1894 3641 1964 (1.

2060 1982 2176 2037 Cor.
2200 1983 2252 2036 2.
2280 1983 2399 2054 14).
2428 1984 2560 2038 Nam
2585 1993 2641 2039 et
2672 1984 2817 2053 pueri
2840 1985 2915 2039 sic
2932 1984 3108 2040 solent
3131 1982 3295 2050 aflici,
3315 2000 3436 2039 cum
3456 2000 3642 2054 magna

2059 2072 2299 2145 quaedam
2330 2082 2385 2127 et
2415 2074 2670 2128 mirabilia
2701 2073 2930 2129 viderint
2955 2092 2967 2128 :
2997 2075 3042 2128 si
3073 2074 3326 2130 infantem
3354 2076 3419 2129 ad
3446 2086 3646 2146 myste-

2059 2165 2195 2219 rium
2226 2164 2581 2220 introduxeris
2601 2205 2617 2230 ,
2659 2165 2872 2221 ridebit.
2905 2166 2996 2221 llis
3032 2168 3266 2237 puerulis
3291 2168 3494 2223 similes
3523 2178 3643 2228 sunt

2056 2258 2280 2327 gentiles
2302 2272 2317 2321 ;
2350 2257 2458 2312 imo
2480 2257 2561 2312 his
2578 2272 2788 2327 quoque
2805 2266 2928 2313 sunt
2956 2258 3023 2312 im
3032 2259 3391 2327 perfecuores.
3418 2261 3646 2331 Ideoque

2058 2352 2394 2419 miseriores,
2429 2353 2571 2424 quod
2619 2368 2724 2409 non
2766 2352 2817 2408 in
2850 2355 3165 2419 itnmatura,
3193 2354 3285 2409 sed
3335 2354 3386 2407 in
3412 2353 3650 2425 perfecta

2058 2454 2235 2512 aetate,
2255 2448 2445 2503 eodem
2475 2464 2580 2519 quo
2609 2448 2758 2519 pueri
2784 2447 3303 2512 modoafliciautur;
3323 2457 3663 2516 quapropter:

2057 2538 2212 2592 venia
2242 2548 2367 2594 sunt
2396 2539 2614 2611 indigni.
2640 2539 2749 2596 Sed
2781 2554 2879 2594 nos
2907 2540 3049 2594 clara
3078 2554 3373 2608 magnaque
3401 2552 3528 2591 voce
3554 2547 3644 2627 ,εει

2060 2629 2295 2685 clamore
2324 2631 2563 2687 adhibito
2609 2631 2880 2696 dicamus;
2932 2632 3041 2685 imo
3071 2630 3271 2700 majore
3300 2646 3419 2685 cum
3456 2628 3645 2687 fiducia

2059 2722 2104 2775 si
2159 2721 2387 2791 gentiles
2437 2736 2624 2777 omnes
2675 2722 2849 2777 adsint
2881 2740 2893 2776 :
2920 2721 3121 2777 Gloria.
3154 2730 3332 2775 tiostra
3368 2735 3496 2775 crux
3525 2728 3642 2783 est,

2059 2822 2219 2882 caput
2264 2813 2523 2868 bonorum
2554 2814 2827 2881 omnium,
2876 2813 3066 2869 ﬁducia
3109 2823 3163 2869 et
3190 2828 3407 2868 corona.
3441 2812 3643 2867 Vellem

2056 2919 2178 2959 cum
2210 2905 2372 2960 Paulo
2399 2920 2557 2974 posse
2585 2905 2763 2960 dicere
2794 2923 2806 2959 :
2841 2905 2946 2959 Per
2966 2922 3113 2975 quem
3139 2904 3263 2959 mihi
3288 2904 3504 2958 mundus
3529 2919 3647 2956 cru-

2056 2996 2238 3064 ciﬁxus
2264 3006 2357 3061 est,
2390 3004 2434 3050 et
2461 3013 2551 3068 ego
2575 2999 2763 3050 mundo
2798 2994 2954 3066 (Gal.
2981 2996 3032 3051 6.
3070 2995 3172 3065 M)
3208 3015 3220 3050 :
3253 2995 3345 3051 sed
3387 3012 3491 3049 non
3520 3009 3640 3063 pos-

2058 3101 2176 3141 sum
2226 3088 2469 3157 plurimis
2518 3088 2766 3145 dclentus
2812 3089 3108 3144 affectibus.
3167 3093 3503 3158 Quapropter
3550 3101 3644 3141 vos

2060 3178 2266 3244 hortor,
2286 3189 2339 3234 et
2363 3190 2488 3234 ante
2510 3195 2604 3235 vos
2638 3180 2920 3249 meipsum,
2944 3190 3001 3233 ut
3024 3178 3222 3234 mundo
3246 3178 3640 3247 erucifigamur,

2058 3270 2293 3340 nihilque
2322 3286 2607 3326 commune
2636 3285 2756 3324 cum
2789 3279 2931 3323 terra
2962 3268 3250 3323 habeamus
3270 3309 3285 3334 ,
3317 3267 3408 3322 sed
3450 3282 3644 3337 supcr-

2058 3376 2179 3415 nam
2206 3376 2446 3416 amemus
2474 3360 2692 3431 patriam
2717 3401 2731 3424 ,
2763 3360 2983 3431 gloriam
3012 3360 3153 3414 illam
3172 3401 3189 3427 ,
3223 3358 3359 3416 bona
3387 3358 3641 3413 czclestia.

2058 3454 2186 3507 Nam
2218 3453 2378 3523 Regis
2401 3453 2631 3510 cmlestis
2658 3453 2853 3508 milites
2878 3467 3091 3519 sumus,
3119 3461 3174 3507 et
3202 3452 3366 3507 armis
3391 3451 3645 3521 Spiritum

2059 3544 2197 3601 libus
2245 3546 2530 3600 induimur.
2562 3545 2670 3601 Cur.
2696 3561 2824 3617 ergo
2862 3561 3159 3616 cauponum
3181 3587 3196 3613 ,
3228 3543 3602 3599 circulatorum
3623 3584 3641 3609 ,

2059 3637 2168 3689 imo
2197 3638 2457 3690 vermium
2486 3637 2646 3689 vitam
2677 3637 2927 3705 agimus?
2971 3636 3073 3691 Ubi
3102 3637 3245 3690 enim
3276 3651 3367 3692 rex
3397 3645 3480 3690 est
3508 3674 3525 3701 ,
3571 3634 3643 3689 ibi

2060 3726 2280 3780 militem
2298 3770 2307 3777 .
2321 3740 2440 3780 esse
2463 3734 2693 3795 Oportet.
2733 3725 2867 3777 Nam
2910 3726 3105 3779 milites
3151 3740 3334 3780 sumus
3364 3742 3376 3778 :
3411 3740 3520 3779 non
3550 3739 3644 3778 eo-

2060 3831 2179 3871 rum
2222 3815 2311 3886 qui
2338 3814 2531 3886 longe,
2563 3814 2656 3869 sed
2686 3830 2871 3871 eorum
2903 3818 2990 3885 qui
3031 3830 3197 3885 prope
3240 3823 3384 3870 sunt.
3432 3814 3646 3870 Etenim

2060 3918 2429 3965 rexterrenus
2456 3922 2561 3961 non
2593 3907 2850 3976 permittit
2874 3922 3062 3962 omnes
3090 3907 3142 3960 in
3172 3907 3315 3976 regia
3342 3920 3463 3960 esse
3481 3947 3495 3971 ,
3545 3921 3657 3960 nec

2058 4001 2123 4055 ad
2152 4001 2267 4071 ejus
2293 4001 2457 4056 latera
2487 4002 2810 4064 consistere;
2833 4010 2888 4056 at
2920 3999 3153 4055 caelestis
3192 3999 3281 4054 ille
3310 3998 3427 4053 Rex
3457 4013 3644 4051 omnes

2060 4110 2224 4167 prope
2254 4095 2459 4165 regium
2480 4093 2672 4148 solium
2701 4092 2719 4123 ¹
2755 4093 2866 4147 vult
2891 4092 3103 4146 adesse.
3139 4091 3204 4146 Et
3234 4091 3503 4161 quomodo
3526 4088 3645 4144 fieri

2058 4193 2270 4256 potest,
2301 4186 2536 4255 inquies,
2563 4192 2621 4239 ut
2648 4184 2733 4238 hic
2773 4184 3060 4255 degentes,
3083 4197 3249 4253 prope
3283 4181 3474 4237 solium
3515 4180 3642 4236 illud

2056 4279 2296 4333 stemus?
2325 4279 2458 4345 Quia
2483 4286 2538 4333 et
2557 4277 2752 4332 Paulus
2771 4292 2893 4332 cum
2924 4277 2976 4330 in
3000 4286 3139 4331 terra
3167 4283 3341 4339 esset,
3368 4274 3436 4328 ibi
3464 4282 3645 4328 tamen

2058 4382 2206 4437 erat,
2238 4371 2326 4426 ubi
2380 4371 2659 4440 Seraphim
2689 4380 2743 4425 et
2778 4369 3067 4424 Cherubim
3092 4410 3108 4435 ,
3140 4369 3359 4440 propius
3392 4367 3605 4423 Christo
3626 4409 3642 4432 ,

2058 4483 2216 4538 quam
2244 4466 2501 4521 satellites
2532 4465 2861 4535 Imperatori.
2892 4462 2956 4516 Hi
2986 4477 3214 4531 namque
3247 4476 3389 4529 saepe
3410 4461 3644 4515 circum-

2058 4576 2267 4631 quaque
2312 4558 2638 4629 reSpiciunt;
2684 4557 2775 4612 ille
2816 4571 2945 4610 vero
2993 4554 3134 4610 nulla
3177 4552 3565 4622 imaginationis
3591 4553 3643 4604 vi

2049 4663 2237 4721 ,m0tus
2280 4650 2362 4705 vel
2404 4651 2702 4706 abstractus
2737 4656 2885 4711 erat,
2912 4645 3005 4701 sed
3049 4645 3249 4699 intenta
3293 4651 3470 4697 mente
3512 4641 3646 4712 Regi

2059 4742 2273 4798 Christo
2316 4741 2575 4798 haerebat.
2627 4740 2801 4810 Quare
2830 4738 2874 4793 si
2901 4736 3259 4800 voluerimus,
3296 4748 3394 4789 nos
3433 4748 3647 4802 quoque

2062 4835 2113 4891 id
2142 4834 2455 4906 poterimus.
2484 4832 2613 4887 Nam
2653 4834 2695 4887 si
2720 4832 2957 4886 locorum
2989 4827 3268 4885 intervallo
3297 4833 3533 4881 semotus
3561 4839 3647 4879 es-

2062 4937 2163 4992 set,
2199 4941 2301 4981 non
2333 4928 2449 4981 sine
2469 4940 2627 4979 causa
2658 4923 2771 4978 huc
2791 4921 3087 4990 ohjiceres;
3110 4919 3203 4974 sed
3229 4917 3274 4972 si
3297 4917 3489 4984 ubique
3511 4931 3647 4985 pra:-

2063 5036 2187 5076 seus
2216 5029 2299 5075 est
2319 5060 2333 5085 ,
2362 5018 2501 5088 vigili
2542 5026 2597 5071 et
2637 5024 2841 5070 attento
2867 5021 3012 5068 certe
3040 5011 3279 5081 proxime
3315 5008 3485 5064 adest.
3516 5008 3645 5064 Ideo

2064 5114 2322 5183 propheta
2352 5109 2581 5173 dicebat,
2611 5106 2729 5160 Non
2760 5103 2937 5158 timebo
2964 5103 3099 5155 mala
3117 5101 3354 5169 quoniam
3380 5109 3433 5154 tu
3451 5116 3643 5154 mecum

2064 5224 2115 5263 es
2141 5210 2158 5277 (
2180 5205 2321 5260 Psal.
2351 5203 2443 5260 22.
2474 5202 2546 5272 4)
2579 5218 2594 5254 :
2627 5207 2680 5254 et
2706 5212 2886 5253 rursus
2916 5196 3028 5265 ipse
3066 5194 3204 5248 Deus
3232 5212 3245 5246 :
3278 5191 3416 5246 Deus
3451 5208 3643 5261 appro-

2067 5301 2314 5369 pinquans
2363 5312 2453 5366 ego
2502 5309 2612 5347 sum
2631 5332 2646 5357 ,
2698 5306 2797 5343 non
2848 5286 2986 5341 Deus
3014 5284 3190 5350 procul
3219 5282 3361 5354 (Jer.
3384 5284 3474 5338 ‘25.
3505 5281 3577 5335 23
3595 5281 3640 5351 ).

2065 5392 2213 5449 Sicut
2241 5389 2382 5443 enim
2410 5394 2619 5456 peccata
2643 5398 2738 5436 nos
2764 5381 2832 5435 ab
2862 5379 2951 5433 illo
2978 5378 3316 5446 disjungnnt,
3346 5375 3423 5429 sic
3441 5373 3646 5443 justitia

2068 5501 2166 5540 nos
2196 5480 2434 5555 adjungit
2472 5478 2588 5548 ipsi.
2622 5475 2750 5530 Nam
2777 5474 2850 5528 ait
2880 5491 2892 5526 :
2920 5470 3100 5524 Adhuc
3126 5480 3173 5523 te
3200 5469 3428 5539 loquente
3455 5467 3642 5530 dicant,

2069 5576 2201 5631 Ecce
2229 5573 2408 5627 adsum
2451 5567 2612 5639 (Isai.
2642 5567 2728 5622 58.
2752 5563 2836 5635 9).
2867 5561 2997 5631 Quis
3027 5569 3176 5633 pater
3203 5557 3281 5614 sic
3311 5558 3447 5614 filios
3477 5572 3643 5628 nepo-

2136 5734 2153 5767 ‘
2186 5735 2316 5787 Unus
2332 5727 2500 5787 habet,
2525 5723 2810 5776 dominicum
2833 5718 3024 5771 solium.
