4052 6228
562 337 668 392 539

561 467 745 526 tesque
770 456 945 509 audiat
967 456 1125 527 ?qnte
1153 466 1323 511 mater
1349 457 1415 510 ita
1450 467 1626 526 parata
1661 465 2004 525 promptaque
2033 454 2130 518 sit,

561 566 626 603 ne
657 565 714 604 se
747 549 888 602 ﬁlioli
937 549 1237 603 advocent?
1294 550 1460 605 Nemo
1489 559 1668 613 certe,
1701 565 1804 602 non
1831 558 1997 617 pater,
2029 564 2132 601 non

558 651 748 707 mater,
778 640 872 696 sed
903 640 1042 695 Deus
1072 639 1216 694 solus
1241 642 1451 696 assidue
1472 650 1761 710 exspemat,
1791 639 2054 710 numquis
2076 653 2136 693 se

556 733 967 787 domesticorum
994 732 1235 798 advocet,
1261 750 1357 789 nec
1384 750 1630 804 umquam
1659 742 1715 786 ut
1742 732 1895 786 decet
1918 739 2133 785 vocatus

554 844 581 878 a
615 826 799 891 nobis,
849 843 955 882 non
1008 828 1226 882 audivit.
1282 827 1406 883 Ideo
1437 827 1511 882 ait
1540 846 1551 881 :
1585 828 1763 879 Adhuc
1802 837 1846 879 te
1875 825 2130 894 loquente,

553 935 660 973 non
689 920 1013 990 exspectabo
1038 918 1209 975 donec
1233 920 1432 976 ﬁnieris
1452 962 1464 983 ,
1498 920 1590 975 sed
1630 920 1805 973 statim
1831 918 2130 973 exaudiam.

552 1011 889 1065 Advocemus
924 1011 1099 1082 itaque
1139 1012 1286 1067 illum
1315 1021 1370 1066 ut
1397 1014 1504 1065 vult
1533 1012 1780 1065 advocari
1811 1030 1822 1064 :
1855 1010 2132 1078 Quomodo

552 1104 659 1156 vult
687 1104 862 1173 ergo?
905 1102 1085 1169 Solve,
1113 1104 1319 1173 inquit,
1351 1120 1496 1157 omne
1538 1104 1789 1156 uinculum
1836 1103 2128 1172 injustitiaa,

551 1196 766 1249 dissolve
811 1195 1137 1266 obligationes
1183 1197 1513 1250 violentarunt
1559 1197 1877 1265 pactionum,
1936 1211 2130 1248 omnem

546 1285 850 1353 scripturam
891 1287 1116 1353 iniquam
1144 1286 1427 1339 conscinde.
1460 1284 1662 1356 Frange
1691 1287 1923 1340 esurienti
1950 1303 2131 1354 panem

550 1387 713 1443 tuum,
742 1387 787 1429 et
815 1393 1061 1447 pauperes
1086 1393 1333 1448 vagosque
1360 1378 1513 1431 induc
1545 1379 1596 1432 in
1618 1379 1820 1432 domum
1869 1389 2025 1431 tuam.
2070 1380 2131 1431 Si

548 1466 732 1519 uideris
762 1466 974 1531 nudum,
1003 1466 1142 1535 operi
1168 1483 1299 1533 eum,
1324 1478 1370 1521 et
1396 1468 1688 1523 domesticos
1707 1470 1908 1523 seminis
1928 1471 1999 1522 tui
2028 1486 2129 1522 non

549 1558 852 1625 despexeris.
881 1556 1020 1611 Tunc
1059 1568 1284 1627 erumpet
1326 1561 1624 1613 matutinum
1673 1562 1999 1613 luntentuum
2023 1602 2036 1622 ,
2080 1571 2129 1615 et

549 1648 756 1703 medela
778 1659 876 1702 tua:
897 1666 1014 1704 mox
1033 1651 1256 1703 orientur
1282 1659 1327 1704 et
1353 1652 1548 1720 pt'wibit
1570 1664 1684 1705 ante
1707 1662 1751 1706 te
1766 1654 1967 1721 justitia
1998 1665 2082 1706 tua
2106 1692 2125 1722 ,

547 1752 594 1792 et
621 1740 783 1809 gloria
804 1739 902 1794 Dei
946 1742 1333 1795 circumamiciet
1372 1752 1435 1795 te.
1480 1742 1620 1796 Tunc
1648 1744 1899 1798 invocabis
1924 1762 2001 1798 me
2023 1788 2037 1810 ,
2079 1756 2125 1800 et

546 1832 815 1884 exaudiam
848 1840 913 1883 te.
947 1830 1125 1884 Adhuc
1168 1841 1215 1886 te
1256 1833 1484 1902 loquente
1520 1836 1704 1887 dicam.
1763 1834 1896 1889 Ecce
1945 1837 2125 1890 adsunt

545 1924 563 1989 (
591 1921 714 1976 lsai.
747 1922 835 1976 58.
865 1920 1016 1992 6-9).
1051 1922 1157 1978 Sed
1182 1923 1410 1994 inquies,
1441 1924 1568 1991 Quis
1604 1926 1716 1980 hmc
1745 1928 1919 1981 omnia
1952 1928 2124 1983 facere

542 2012 782 2082 poterit?
810 2012 921 2068 lmo
946 2029 1093 2077 vero,
1134 2014 1220 2070 dic
1242 2031 1443 2085 qumso,
1476 2018 1594 2086 quis
1626 2033 1730 2072 non
1763 2021 1973 2087 potest?
1996 2021 2121 2090 quid

543 2104 685 2156 enim
707 2117 770 2157 ex
798 2102 953 2158 dictis
984 2105 1054 2159 ita
1081 2104 1327 2162 difﬁcile?
1352 2107 1478 2177 quid
1514 2111 1836 2177 operosum?
1861 2112 1986 2181 quid
2017 2127 2122 2167 non

543 2193 746 2249 facile?
790 2195 863 2249 ita
892 2210 996 2250 non
1028 2197 1186 2251 modo
1212 2199 1479 2266 possibilia
1506 2210 1630 2255 sunt
1649 2242 1663 2265 ,
1692 2202 1784 2257 sed
1814 2210 1868 2257 et
1902 2202 2073 2260 facilia
2103 2246 2118 2271 ,

543 2295 599 2338 ut
637 2285 788 2340 multi
815 2300 998 2341 eorum
1044 2303 1345 2343 mensuram
1394 2292 1741 2360 excesserint,
1788 2309 1893 2348 non
1947 2296 2118 2351 solum

542 2377 737 2445 injusta
792 2378 1138 2451 chirographa
1184 2382 1512 2452 lacerantes,
1546 2385 1638 2441 sed
1669 2402 1787 2442 sese
1828 2387 1980 2444 bonis
2011 2392 2120 2446 suis

540 2471 931 2539 exspoliantes;
960 2488 1064 2527 non
1086 2474 1246 2529 modo
1274 2476 1372 2530 sub
1398 2485 1536 2531 tecto
1557 2487 1609 2533 et
1628 2478 1693 2533 ad
1718 2494 1951 2534 mensam
1992 2497 2120 2551 pau-

539 2578 696 2631 peres
716 2565 1055 2633 recipientes,
1073 2566 1166 2621 sed
1193 2568 1353 2622 etiam
1383 2569 1449 2624 ad
1479 2569 1595 2625 illos
1624 2571 1844 2627 alendos
1870 2587 2117 2643 magnum

540 2656 779 2723 corporis
807 2656 1041 2712 laborem
1086 2668 1141 2714 et
1167 2662 1415 2717 sudorem
1443 2665 1829 2733 suscipientes;
1880 2682 1985 2721 non
2029 2683 2120 2723 co-

539 2746 714 2815 gnatis
741 2747 918 2813 modo,
953 2750 1045 2804 sed
1063 2750 1222 2806 etiam
1250 2753 1480 2808 inimicis
1510 2754 1762 2811 beneﬁcia
1780 2768 2111 2827 praestantes.

608 2838 660 2891 6.
688 2838 824 2906 Quid
855 2840 906 2894 in
931 2842 1249 2911 supradictis
1277 2845 1491 2902 difﬁcile
1515 2850 1629 2903 est?
1647 2850 1763 2904 Non
1791 2853 1930 2907 enim
1964 2855 2112 2921 dixit,

537 2928 878 2986 'l'ranscende
922 2942 1163 3001 montes,
1218 2951 1366 2992 mare
1391 2940 1574 3007 trajice
1595 2981 1610 3006 ,
1643 2950 1719 2995 tot
1747 2951 1798 2996 et
1826 2952 1901 2997 tot
1929 2944 2114 3014 jugera

536 3026 695 3071 terra:
738 3018 956 3075 eﬂ‘odias
976 3063 991 3088 ,
1015 3021 1229 3092 jejunus
1252 3024 1343 3078 diu
1370 3040 1615 3095 maneas,
1656 3044 1812 3086 sacco
1840 3043 1890 3087 te
1920 3034 2111 3101 indue;

533 3108 651 3174 sed,
682 3109 931 3167 Proximo
964 3115 1263 3185 impertire,
1295 3133 1482 3188 partem
1513 3121 1733 3192 largire,
1761 3124 1955 3194 injusta
2003 3127 2117 3182 chi-

534 3200 797 3269 rographa
826 3205 1086 3262 rescinde.
1114 3207 1249 3276 Quid
1268 3253 1282 3275 ,
1313 3226 1492 3281 quasso
1511 3254 1525 3276 ,
1554 3213 1634 3268 his
1659 3216 1864 3273 facilius
1889 3220 1912 3272 ?
1963 3220 2113 3289 Quod

534 3290 577 3342 si
608 3289 841 3347 difficilia
866 3295 955 3349 illa
981 3304 1166 3366 putes,
1204 3303 1417 3369 prmmia
1452 3305 1690 3373 respice,
1719 3317 1773 3362 et
1820 3307 1989 3365 facilia
2020 3312 2113 3366 tibi

533 3389 710 3436 erunt.
759 3382 1218 3451 Quemadmodum
1262 3393 1403 3448 enim
1451 3408 1602 3464 reges
1645 3397 1698 3451 in
1748 3397 2112 3470 hippodromis

533 3480 657 3526 ante
682 3471 1018 3531 decertantes
1038 3474 1305 3544 coronas,
1350 3482 1526 3539 bravia
1574 3496 1627 3541 et
1652 3490 1963 3546 vestimenta
2012 3509 2110 3564 po-

428 3610 433 3615 .
531 3572 698 3630 nunt,
730 3566 806 3620 sic
831 3576 883 3621 et
913 3568 1154 3625 Christus
1179 3574 1231 3626 in
1260 3575 1433 3630 medio
1474 3578 1647 3635 stadio
1675 3584 1892 3651 praemia
1926 3588 2107 3655 ponit,

531 3668 595 3707 ac
644 3657 795 3725 quasi
850 3660 1138 3717 multorum
1194 3667 1435 3723 manibus
1482 3686 1575 3740 per
1629 3676 1901 3744 praphcta:
1946 3680 2107 3734 verba

530 3746 799 3814 expandit.
832 3749 908 3804 Ac
937 3767 1091 3824 reges
1118 3756 1331 3826 quidem
1354 3803 1367 3825 ,
1400 3764 1500 3816 etsi
1542 3764 1730 3820 millies
1762 3782 1915 3838 reges
1959 3769 2105 3837 sint,

532 3843 717 3903 utpote
747 3838 1017 3910 homines,
1049 3842 1217 3901 ﬁuxas
1262 3847 1458 3905 habent
1486 3868 1614 3922 opes
1653 3865 1707 3910 et
1736 3856 2105 3915 liberalitatem

527 3942 648 3993 quae
676 3941 961 3987 evacuatur
982 3975 997 3999 ,
1029 3951 1148 4005 quas
1175 3954 1338 4007 pauca
1381 3959 1505 3999 vere
1534 3954 1656 4001 sunt
1677 3990 1693 4015 ,
1725 3950 1887 4005 multa
1939 3953 2107 4010 videri

526 4017 778 4087 student;
803 4022 926 4078 ideo
945 4025 1149 4097 singula
1174 4030 1395 4100 singulis
1419 4036 1674 4093 ministris
1694 4038 1854 4106 dant,
1883 4050 1937 4095 et
1956 4044 2032 4097 sic
2055 4045 2107 4100 in

526 4109 761 4165 medium
792 4113 1094 4184 adducunt;
1121 4133 1306 4178 contra
1328 4142 1451 4181 vero
1480 4129 1593 4184 Rex
1622 4142 1803 4188 noster
1827 4138 2003 4193 omnia
2035 4140 2097 4193 si-

529 4200 637 4291 mul
665 4206 1030 4276 accumulans,
1049 4212 1172 4279 quia
1196 4215 1426 4272 abundat
1450 4222 1656 4291 Opibus,
1683 4225 1815 4281 nihil
1841 4228 1904 4282 ad
1924 4241 2105 4285 σειρη-

527 4290 780 4347 tationem
809 4294 953 4365 facit,
1005 4302 1188 4373 sicque
1234 4306 1287 4360 in
1340 4311 1515 4366 medio
1561 4319 1807 4386 proponit
1855 4335 1946 4384 ea,
1986 4340 2104 4393 qua:

525 4382 765 4449 exposita
804 4385 1061 4447 immensa
1104 4406 1289 4465 erunt,
1349 4403 1630 4476 multisque
1682 4411 1925 4467 manibus
1970 4430 2105 4484 opus

525 4474 628 4579 erit
651 4475 717 4531 ad
746 4493 809 4534 ea
828 4481 1147 4541 exhibenda.
1182 4492 1333 4557 Quod
1361 4506 1417 4549 ut
1438 4474 1661 4566 ediscas,
1686 4502 1874 4560 horum
1897 4474 2101 4579 singula

522 4566 802 4639 diligenter
864 4577 1059 4647 aspice.
1111 4580 1256 4637 Tunc
1311 4601 1535 4659 erumpet
1584 4599 1884 4653 matutinum
1935 4566 2103 4657 litium

522 4668 683 4715 tuum.
739 4665 932 4723 Annon
984 4671 1196 4729 videtur
1237 4693 1399 4734 unum
1443 4698 1561 4739 esse
1589 4686 1953 4749 donum?Sed
1994 4712 2100 4753 non

522 4764 686 4807 unum
717 4765 835 4812 est:
859 4774 982 4816 nam
1012 4765 1176 4822 multa
1214 4768 1356 4825 intus
1386 4773 1545 4830 habet
1570 4777 1773 4847 hravia,
1828 4800 2055 4846 coronas
2080 4835 2096 4859 ,

1271 338 1326 394 S.
1367 339 1639 394 JOANNIS
1676 336 2155 394 CHRYSOSTOMI
2195 334 2506 393 ARCHIEP.
2549 340 3082 403 CONSTANTINOP.
3711 352 3803 410 5i0

2242 464 2538 525 ctcteraquc
2567 459 2802 525 prmmia.
2822 461 3015 528 Quare,
3041 463 3084 517 si
3112 463 3303 532 placet,
3334 464 3417 519 his
3434 466 3681 522 revolutis
3705 470 3804 524 sin-

2241 546 2457 614 gulatim
2482 547 2692 602 divitias
2717 550 2874 606 hasce
2897 553 3265 622 exhibeamus,
3289 566 3542 626 quantum
3580 558 3655 613 fas
3682 561 3802 627 erit;

2242 644 2443 690 tantum
2461 653 2525 692 ne
2542 638 2817 694 deﬁciatis.
2836 644 2913 695 Ac.
2935 644 3105 711 primo
3126 644 3392 701 discamus
3417 648 3541 717 quid
3568 649 3638 703 sit
3663 650 3802 719 illud,

2240 723 2502 796 Erumpet.
2527 728 2709 799 Neque
2731 733 2870 785 enim
2899 734 3049 799 dixit,
3075 736 3382 804 Apparebit,
3412 738 3526 803 sed,
3552 739 3802 809 Erumpet,

2237 826 2292 873 et
2317 818 2645 879 celeritatem
2668 832 2722 878 et
2749 824 2953 894 copiam
2986 826 3139 881 nobis
3166 830 3417 897 ostendit,
3469 839 3521 885 et
3562 844 3802 902 quantum

2237 909 2457 964 salutem
2497 922 2734 967 nostram
2777 914 3044 972 desideret
3064 925 3119 972 et
3148 935 3304 988 quam
3343 924 3533 991 gestiat
3562 924 3692 977 bona
3721 926 3802 979 illa

2239 1000 2502 1067 proferri,
2537 1002 2775 1073 nihilque
2825 1019 2944 1060 esse
2998 1007 3139 1077 quod
3182 1009 3501 1066 iueﬁ’abilem
3559 1014 3799 1084 impetum

2235 1101 2479 1147 coerceat
2522 1113 2535 1148 :
2585 1095 2777 1163 quibus
2822 1097 3069 1153 omnibus
3114 1099 3371 1156 immensa
3420 1118 3605 1164 eorum
3658 1109 3800 1177 copia

2235 1184 2547 1239 ostenditur.
2574 1185 2709 1252 Quid
2738 1195 2914 1243 autem
2945 1190 3075 1245 illud
3104 1202 3220 1260 est,
3251 1193 3556 1249 Matutinum
3576 1197 3602 1249 Ρ
3628 1196 3680 1252 ld
3703 1208 3798 1263 est,

2235 1287 2340 1328 non
2381 1284 2502 1343 post
2532 1277 2877 1333 tentationum
2909 1283 3196 1337 certamina
3227 1325 3240 1347 ,
3272 1301 3370 1341 nec
3397 1298 3513 1354 post
3549 1290 3799 1345 malorum

2234 1368 2504 1420 incursum
2536 1384 2549 1431 ;
2587 1368 2679 1422 sed
2710 1368 2825 1424 lucc
2850 1374 3134 1440 praevenit.
3185 1374 3639 1440 Quemadmodum
3665 1384 3798 1436 enim

2233 1457 2284 1510 in
2309 1456 2569 1512 fructibus
2597 1461 2912 1515 matutinum
2938 1462 3163 1518 dicimus
3207 1465 3259 1519 id
3288 1467 3425 1535 quod
3452 1480 3574 1523 ante
3602 1479 3802 1541 tempus
3828 1497 3847 1513 ο

2230 1556 2468 1615 apparet,
2500 1547 2576 1601 sic
2605 1557 2658 1601 et
2686 1548 2785 1603 hoc
2807 1550 2939 1615 loco,
2960 1554 3280 1609 celeritatem
3309 1573 3491 1612 rursus
3520 1562 3799 1616 ostendens

2232 1637 2302 1689 ita
2330 1636 2483 1700 dixit,
2516 1648 2572 1692 ut
2618 1653 2775 1707 supra
2802 1642 3011 1696 diccbat
3039 1661 3053 1696 :
3082 1645 3259 1699 Adhuc
3289 1658 3336 1701 te
3356 1648 3586 1717 loquente
3605 1654 3762 1705 dicam
3782 1693 3797 1714 ,

2231 1727 2363 1782 Ecce
2397 1728 2596 1782 adsum.
2629 1730 2779 1797 Quod
2811 1733 2984 1788 lumen
3010 1735 3172 1801 dicit,
3202 1739 3359 1808 quale
3386 1740 3597 1795 tandem
3624 1743 3794 1799 ltmten

2228 1818 2346 1871 est?
2390 1818 2505 1873 Non
2550 1820 2651 1874 hoc
2696 1824 2924 1891 sensile,
2956 1825 3051 1879 sed
3079 1828 3219 1881 aliud
3262 1830 3429 1884 multo
3468 1835 3797 1900 praestantius

2226 1924 2331 1979 quo
2356 1909 2542 1964 escium
2564 1951 2579 1977 ,
2608 1912 2824 1981 angelos
2843 1954 2858 1978 ,
2888 1916 3235 1986 archangelos
3253 1959 3266 1982 ,
3293 1919 3580 1976 Cherubim
3598 1965 3612 1988 ,
3641 1921 3799 1980 Sera-

2229 1999 2371 2067 phim
2395 2041 2410 2067 ,
2452 2001 2813 2072 principatus,
2845 2014 3167 2073 potestates,
3200 2008 3456 2079 thronos,
3483 2012 3799 2071 dominatio-

2226 2104 2352 2155 nes,
2384 2090 2686 2146 universum
2736 2096 3026 2150 exercitum
3052 2138 3068 2164 ,
3098 2100 3269 2169 regias
3298 2101 3446 2157 aulas
3474 2114 3529 2159 et
3560 2107 3799 2163 taberna-

2227 2181 2345 2235 cula
2376 2182 2638 2237 videmus.
2661 2182 2793 2237 Nam
2820 2187 2864 2239 si
2892 2186 3089 2243 lumine
3116 2190 3205 2244 illo
3230 2190 3474 2261 dignatus
3500 2194 3665 2251 fueris
3686 2242 3700 2265 ,
3746 2210 3799 2255 et

2225 2271 2339 2326 haec
2361 2272 2563 2327 videbis
2587 2316 2602 2339 ,
2634 2283 2687 2328 et
2732 2275 2972 2344 eripieris
2999 2292 3028 2331 a
3047 2278 3287 2348 gehenna
3310 2324 3325 2348 ,
3354 2298 3383 2336 a
3432 2286 3611 2341 verme
3636 2304 3797 2345 vene-

2226 2374 2382 2429 nato,
2413 2380 2443 2418 a
2486 2364 2715 2420 stridore
2764 2366 3035 2434 dentium,
3067 2385 3096 2423 a
3138 2371 3360 2427 vinculis
3390 2376 3755 2435 insolubilibus
3778 2424 3794 2447 ,

2223 2457 2289 2511 ab
2312 2457 2550 2526 angustia
2571 2467 2626 2512 et
2656 2457 2993 2515 tribulatione
3012 2500 3027 2527 ,
3054 2475 3084 2513 a
3112 2463 3344 2518 tenebris
3363 2465 3752 2524 obscurissimis
3775 2512 3793 2537 ,

2221 2563 2251 2601 a
2280 2548 2598 2603 cruciatibus
2616 2590 2631 2615 ,
2659 2550 2725 2604 ab
2750 2550 2916 2620 igneis
2954 2551 3292 2623 fluminibus,
3321 2570 3349 2609 a
3380 2559 3748 2617 maledictiona
3772 2605 3790 2629 ,

2222 2654 2249 2691 a
2275 2653 2552 2706 pinnarum
2580 2640 2747 2706 locis;
2796 2650 2851 2696 et
2879 2642 2971 2695 illo
2996 2658 3184 2714 perges
3206 2685 3221 2711 ,
3264 2646 3349 2700 ubi
3382 2649 3557 2705 nullus
3604 2652 3792 2723 dolor,

2221 2744 2423 2783 mceror
2449 2730 2625 2784 nullus
2643 2770 2659 2795 ,
2688 2731 2783 2786 sed
2811 2732 2897 2787 ubi
2928 2735 3150 2789 multum
3180 2737 3427 2805 gaudium
3451 2781 3466 2805 ,
3496 2757 3597 2811 pax
3615 2784 3632 2808 ,
3653 2745 3793 2799 cari-

2224 2832 2322 2889 tas,
2352 2824 2553 2892 lattitia,
2586 2826 2791 2881 delicia:
2824 2843 2839 2881 :
2875 2828 2961 2883 ubi
2990 2830 3090 2883 vita
3117 2842 3339 2899 aeterna,
3361 2834 3526 2904 gloria
3552 2836 3795 2892 ineffabi-

2220 2915 2285 2969 lis
2305 2957 2319 2980 ,
2375 2916 2708 2985 pulchritudo
2737 2919 3105 2976 inenarrabilis
3136 2940 3150 2977 :
3184 2923 3271 2979 ubi
3298 2934 3494 2980 acterna
3550 2929 3795 2983 taberna-

2218 3006 2332 3061 cula
2352 3048 2368 3071 ,
2400 3016 2452 3061 et
2479 3007 2644 3077 gloria
2673 3008 2830 3079 Regis
2856 3011 3237 3067 inaestimabilis
3255 3056 3269 3080 ,
3302 3025 3459 3085 atque
3488 3017 3622 3072 batta
3662 3020 3749 3072 illa
3776 3061 3793 3084 ,

2224 3099 2348 3166 Quae
2367 3102 2543 3154 oculus
2571 3117 2669 3155 non
2695 3103 2837 3168 uidit,
2875 3107 3015 3159 auris
3057 3121 3155 3159 non
3181 3108 3401 3171 audivit,
3428 3126 3583 3179 neque
3623 3112 3676 3165 in
3706 3128 3794 3167 cor

2218 3189 2438 3244 hominis
2462 3192 2788 3247 ascenderunt
2817 3193 2906 3265 (l.
2933 3194 3049 3249 Cor.
3073 3196 3127 3250 2.
3159 3198 3228 3267 9)
3256 3214 3269 3250 :
3316 3199 3400 3252 ubi
3430 3215 3658 3269 sponsus
3686 3206 3797 3271 spi-

2218 3282 2443 3346 ritualis,
2475 3292 2525 3337 et
2556 3281 2776 3338 thalami
2800 3285 3061 3353 caelestes,
3086 3288 3317 3357 virgines
3344 3290 3566 3360 fulgidas
3590 3292 3797 3349 haben-

2219 3379 2299 3426 tes
2324 3372 2615 3441 lampadas,
2635 3382 2687 3429 et
2709 3389 2894 3431 omnes
2912 3378 2998 3447 qui
3026 3386 3226 3434 vestem
3249 3379 3446 3436 habent
3467 3384 3754 3452 nuptialem
3775 3426 3789 3439 .

2216 3466 2305 3521 ubi
2360 3466 2539 3522 multae
2566 3467 2773 3523 Domini
2799 3484 2928 3538 opes
2951 3511 2965 3533 ,
3017 3479 3071 3525 et
3100 3474 3455 3541 promptuaria
3507 3475 3671 3545 regia.
3704 3477 3796 3531 \‘i-

2215 3558 2336 3613 den'
2357 3569 2553 3627 quanta
2577 3560 2816 3629 praemia,
2848 3572 2903 3616 et
2929 3570 3127 3631 quanta
3160 3579 3261 3618 una
3286 3579 3412 3620 voce
3433 3567 3794 3635 comprehen-

2214 3650 2402 3706 derit?
2440 3651 2513 3705 Ita
2556 3654 2600 3706 si
2647 3652 2882 3723 singulas
2927 3656 3274 3725 exploremus
3324 3673 3518 3723 voces,
3570 3660 3793 3714 multam

2214 3743 2547 3798 inveniemus
2597 3760 2774 3799 rerum
2825 3746 3031 3815 copiam
3086 3758 3139 3802 et
3187 3749 3400 3819 pelagus
3446 3753 3791 3805 immensum.

2213 3834 2347 3888 Num
2375 3833 2547 3889 adhuc
2572 3835 2956 3904 cunctabimur,
2985 3853 3184 3907 quaeso,
3214 3856 3313 3895 nec
3339 3844 3565 3910 prompti
3587 3844 3796 3898 erimus

2212 3926 2277 3980 ad
2305 3925 2721 3981 misericordiam
2752 3928 2869 3981 aliis
2896 3929 3246 3985 exhibendam
3272 3932 3295 3984 ἲ
3331 3932 3545 3986 Minime
3568 3975 3583 3998 ,
3626 3934 3795 3991 obsc-

2211 4033 2323 4073 cro.
2348 4018 2454 4073 Sed
2484 4019 2691 4075 etiamsi
2732 4020 2909 4074 omnia
2937 4022 3193 4090 projicere
3217 4032 3270 4078 et
3293 4024 3344 4078 in
3374 4026 3542 4093 ignem
3574 4026 3796 4083 mittere

2212 4119 2489 4182 oporteat:
2521 4110 2568 4165 si
2608 4111 2660 4165 in
2706 4111 2910 4181 gladios
2958 4112 3263 4169 incumbere
3290 4155 3305 4179 ,
3339 4116 3383 4169 si
3410 4115 3474 4169 ad
3499 4131 3796 4174 mucrones

2211 4202 2444 4267 insilire,
2476 4202 2518 4257 si
2549 4201 2757 4272 quidvis
2784 4202 2926 4257 aliud
2959 4204 3287 4260 tolerandum
3317 4216 3577 4272 occurrat,
3605 4211 3796 4264 omnia

2210 4292 2362 4346 facile
2390 4291 2621 4346 feramus
2642 4333 2657 4355 ,
2685 4302 2741 4347 ut
2765 4293 2916 4364 regni
2941 4294 3190 4349 cmlorum
3220 4300 3489 4360 amictum,
3518 4307 3574 4351 et
3598 4298 3798 4353 ineffa-

2208 4383 2370 4438 bilem
2398 4383 2540 4437 illam
2570 4383 2791 4452 gloriam
2819 4398 3164 4454 assequamur
3185 4401 3373 4455 :quam
3404 4387 3605 4441 utinam
3630 4390 3796 4443 nobis

2208 4476 2457 4531 omnibus
2485 4476 2719 4531 nancisci
2743 4476 3032 4545 contingat,
3059 4477 3226 4547 gratia
3248 4489 3301 4533 et
3328 4479 3656 4549 benignitate
3686 4481 3798 4534 Do-

2208 4567 2337 4621 mini
2366 4568 2531 4622 nostri
2579 4567 2707 4623 Jesu
2749 4567 2979 4633 Christi,
3009 4569 3093 4624 cui
3120 4568 3285 4639 gloria
3325 4578 3380 4626 et
3422 4570 3796 4640 imperiumin

2207 4660 2400 4715 saecula
2426 4660 2761 4716 surculorum.
2792 4661 2984 4715 Amen.

1755 4965 2101 5034 HOMILIA
2138 4974 2268 5035 LV.
2308 4973 2393 5035 al.
2436 4971 2593 5032 LVI.

518 5087 647 5141 Car.
684 5091 770 5145 l6.
802 5109 854 5146 v.
880 5094 970 5150 24.
999 5095 1141 5151 Tunc
1191 5100 1342 5154 Jcsus
1393 5104 1519 5159 dixit
1553 5107 1811 5177 discipulis
1838 5114 1942 5167 suis
1977 5130 1993 5167 :
2035 5114 2098 5170 Si

586 5180 697 5248 quis
717 5183 824 5235 vult
846 5196 956 5254 post
980 5204 1057 5242 me
1084 5191 1247 5243 venire
1264 5232 1279 5255 ,
1311 5194 1514 5265 abneget
1540 5201 1858 5269 semetipsum
1888 5244 1901 5266 ,
1930 5212 1976 5257 et
2007 5206 2099 5259 tol-

591 5274 663 5325 lat
689 5289 886 5328 crucem
915 5294 1078 5346 suam,
1106 5292 1152 5334 et
1174 5294 1408 5351 sequatur
1434 5303 1527 5340 me.

597 5365 649 5418 1.
675 5367 754 5419 Ad
796 5380 1003 5424 mortem
1045 5377 1273 5443 exemplo
1306 5378 1495 5435 Christi
1524 5384 1689 5451 parati
1712 5400 1816 5439 esse
1840 5386 2093 5441 debemus.

517 5453 743 5512 Clu-istas
771 5460 935 5529 ipsum
965 5465 1101 5533 sequi
1132 5466 1327 5535 inuitat,
1354 5488 1454 5525 non
1493 5474 1666 5542 cogit;
1699 5492 1807 5539 cur.
1837 5477 2098 5548 Abnegare

525 5729 747 5795 audivit,
778 5734 917 5791 Vade
942 5752 1053 5808 post
1088 5758 1184 5809 nte,
1213 5753 1409 5798 satana.
1445 5745 1626 5819 Neque
1664 5750 1804 5806 enim
1835 5752 1963 5807 satis
1994 5750 2090 5808 ha-

2202 5116 2314 5171 buit
2352 5114 2501 5169 illum
2533 5114 2856 5181 increpasse,
2912 5111 3006 5168 sed
3050 5127 3113 5167 ex
3158 5112 3449 5167 abundanti
3496 5112 3801 5169 ostendere

2202 5208 2387 5263 volens
2416 5215 2471 5262 et
2504 5205 2767 5260 dictorum
2797 5202 2941 5259 Petri
2978 5203 3393 5269 absurditatem,
3423 5213 3478 5259 et
3504 5204 3802 5259 utilitatem

2202 5313 2268 5352 ex
2298 5298 2543 5367 passione
2573 5294 2835 5357 futuram,
2867 5295 2979 5358 ait,
3011 5293 3090 5349 Tu
3142 5295 3270 5348 mihi
3306 5294 3473 5361 dicis,
3519 5293 3803 5363 Propitius

2203 5388 2292 5441 tibi
2317 5398 2440 5454 esto,
2477 5402 2578 5439 non
2604 5386 2697 5438 erit
2744 5385 2836 5438 hoc
2871 5385 2957 5438 tibi
2999 5399 3019 5438 :
3068 5399 3168 5455 ego
3202 5400 3327 5438 vero
3355 5383 3447 5437 tibi
3486 5383 3607 5438 dico
3631 5424 3647 5446 ,
3680 5398 3801 5437 nou

2202 5478 2363 5533 modo
2409 5476 2766 5547 perniciosum
2793 5489 2913 5530 esse
2956 5475 3045 5528 tibi
3070 5516 3084 5539 ,
3133 5476 3179 5529 si
3232 5492 3318 5531 me
3345 5474 3622 5544 impedias,
3659 5486 3717 5528 et
3751 5490 3801 5528 sn

2201 5570 2501 5640 passionem
2538 5581 2711 5623 meam
2736 5566 2962 5620 moleste
2991 5564 3151 5633 feras,
3183 5565 3277 5621 sed
3304 5566 3461 5620 etiam
3490 5580 3595 5619 non
3630 5580 3805 5633 posse

2201 5669 2253 5715 te
2275 5660 2502 5715 salutem
2529 5657 2802 5727 consequi,
2838 5656 2939 5712 nisi
2974 5665 3027 5711 et
3068 5657 3180 5725 ipse
3202 5671 3415 5727 semper
3434 5654 3499 5709 ad
3540 5656 3801 5711 morien-

2199 5751 2325 5807 dum
2352 5750 2425 5807 sis
2451 5759 2679 5816 paratus.
2710 5747 2788 5805 Ne
2816 5747 2958 5806 enim
2981 5746 3255 5818 indignum
3281 5761 3340 5805 se
3361 5761 3479 5804 esse
3507 5752 3803 5819 putarent,
