4088 6224
390 326 485 383 liii

388 438 526 509 quod
561 436 682 491 talia
708 440 1011 504 pateretur,
1054 444 1159 483 non
1189 428 1452 498 prioribus
1485 436 1688 480 tantum
1739 424 1916 479 verbis
1943 464 1960 487 ,

388 531 482 584 sed
524 530 684 583 etiam
725 521 1071 593 sequentibus
1123 521 1200 574 rei
1256 519 1534 573 utilitatem
1581 518 1757 572 docet.
1805 514 1959 585 Apud

389 620 649 676 Joannem
675 614 890 685 quidem
919 611 1050 666 dicit
1080 626 1095 664 :
1119 608 1231 664 Nisi
1258 625 1470 681 granum
1498 608 1739 679 frumenti
1773 608 1955 659 cadens

387 715 438 766 in
460 723 651 765 terram
672 718 920 763 mortuum
947 704 1116 774 fuerit,
1157 704 1323 774 ipsum
1346 703 1509 756 solum
1536 710 1702 755 manet
1724 717 1743 765 ;
1767 701 1845 752 sin
1870 714 1958 750 au-

392 816 487 860 tem
516 815 771 859 mortuum
794 802 941 872 fuerit
960 843 975 864 ,
1007 799 1215 853 multum
1244 801 1464 869 fructum
1489 794 1638 861 affert
1665 794 1839 865 (Joan.
1870 793 1956 846 12.

392 896 479 952 24.
512 894 640 968 25);
674 895 760 948 hic
786 909 912 949 vero
936 890 1200 961 copiosius
1238 905 1350 944 rem
1380 898 1614 942 tractans
1636 927 1650 947 ,
1678 902 1781 938 non
1809 884 1875 938 de
1903 898 1962 937 sc

392 991 565 1045 solum
591 997 761 1043 morte
776 983 1194 1041 consummando
1220 983 1473 1052 loquitur,
1504 979 1595 1033 sed
1626 979 1675 1032 id
1708 978 1863 1032 etiam
1894 973 1961 1027 ad

392 1080 678 1148 discipulos
707 1077 967 1133 extendit.
1000 1074 1226 1129 Tantum
1269 1080 1348 1126 est
1378 1070 1519 1125 enim
1542 1069 1617 1124 rei
1649 1070 1877 1131 lucrum,
1906 1073 1964 1119 ut

394 1170 544 1223 vobis
574 1169 720 1238 ipsis,
767 1167 810 1221 si
842 1166 976 1220 mori
1004 1164 1202 1227 nolitis,
1245 1162 1296 1217 id
1318 1162 1633 1216 damnosum
1657 1160 1811 1214 vobis
1839 1158 1910 1212 sit
1941 1174 1956 1211 :

393 1269 576 1321 contra
615 1274 761 1324 vero,
793 1258 837 1311 si
866 1257 933 1311 ad
976 1255 1102 1309 illud
1146 1254 1340 1307 bonum
1371 1253 1538 1322 parati
1565 1252 1701 1307 sitis.
1730 1250 1834 1306 Sed
1859 1250 1960 1305 hoc

393 1353 446 1407 in
476 1350 817 1421 sequentibus
838 1349 1090 1413 ostendit,
1120 1348 1436 1416 interimque
1453 1346 1579 1401 illud
1604 1361 1702 1402 una
1725 1361 1790 1401 ex
1814 1353 1963 1414 parte

393 1445 679 1499 examinat.
711 1444 784 1496 Ac
808 1441 925 1495 vide
950 1440 1217 1510 quomodo
1237 1440 1432 1493 nullam
1464 1440 1700 1506 imponat
1720 1437 1955 1491 necessi-

394 1544 577 1589 tatem.
610 1533 792 1602 Neque
817 1532 959 1587 enim
980 1531 1133 1596 dixit,
1165 1530 1378 1594 Velitis,
1408 1530 1607 1594 nolitis,
1640 1528 1691 1583 id
1732 1541 1827 1581 vos
1859 1528 1963 1594 pati

392 1632 603 1694 oportet
634 1639 649 1676 :
698 1622 791 1677 sed
832 1620 1141 1692 quomodo?
1170 1621 1227 1675 Si
1253 1620 1364 1688 quis
1404 1620 1511 1673 vult
1536 1628 1648 1688 post
1674 1634 1751 1670 me
1777 1616 1962 1669 venire.

392 1714 506 1769 Non
538 1715 642 1768 vim
673 1713 861 1777 infero,
889 1727 993 1766 non
1017 1710 1381 1764 necessitatem
1401 1710 1635 1778 impono.
1663 1707 1755 1761 sed
1778 1706 1960 1759 unius-

394 1807 655 1874 cujusque
696 1804 919 1858 arbitrio
974 1803 1024 1856 id
1069 1802 1313 1869 relinquo
1346 1817 1359 1854 :
1390 1801 1509 1855 ideo
1559 1800 1679 1853 dico
1704 1840 1718 1864 ,
1753 1797 1814 1852 Si
1855 1798 1967 1867 quis

394 1896 523 1949 vult.
560 1894 636 1947 Ad
663 1894 797 1947 bona
820 1907 982 1957 voco;
1015 1908 1119 1947 non
1145 1891 1212 1945 ad
1243 1892 1376 1944 mala
1403 1901 1456 1944 et
1480 1905 1728 1955 onerosa,
1760 1904 1864 1943 non
1897 1888 1963 1942 ad

397 1984 711 2052 supplicium
741 1992 793 2037 et
832 1998 1038 2052 pinnas,
1062 1992 1119 2036 ut
1146 1996 1354 2051 cogam.
1382 1981 1509 2034 Nam
1541 1981 1651 2049 ipsa
1678 1981 1753 2034 rei
1778 1990 1963 2033 natura

399 2086 573 2147 potest
597 2075 662 2129 ad
691 2074 740 2129 id
777 2074 1107 2144 pertrahere.
1138 2074 1261 2128 llzec
1290 2089 1451 2145 porro
1477 2074 1659 2128 dicens
1690 2073 1857 2142 magis
1882 2072 1963 2126 al-

399 2166 630 2221 liciebat.
662 2166 792 2221 Nam
824 2165 915 2233 qui
943 2166 1044 2219 vim
1071 2164 1251 2231 infert,
1280 2180 1421 2235 saepe
1455 2167 1686 2229 avertit;
1719 2166 1806 2234 qui
1840 2181 1967 2219 vero

396 2273 509 2312 rem
540 2256 793 2310 auditoris
832 2256 1050 2311 arbitrio
1078 2256 1363 2325 relinquit,
1392 2258 1558 2326 magis
1586 2256 1836 2321 attrahit;
1869 2272 1964 2326 po-

395 2348 593 2402 tentior
612 2348 804 2416 quippe
826 2357 907 2401 est
928 2348 1069 2400 mitis
1090 2346 1166 2400 rei
1196 2348 1478 2415 expositio,
1504 2363 1660 2415 quam
1690 2348 1961 2401 violentia.

394 2439 519 2494 Ideo
543 2440 750 2495 dicebat
792 2439 909 2504 ille,
956 2438 1016 2494 Si
1035 2441 1146 2509 quis
1185 2439 1306 2492 vult.
1352 2440 1533 2509 Magna
1578 2442 1772 2509 quippe
1816 2448 1960 2503 sunt,

393 2530 582 2600 inquit,
625 2547 743 2600 qua:
788 2530 941 2584 vobis
984 2530 1149 2585 offero
1194 2532 1353 2594 bona,
1384 2540 1437 2585 et
1486 2531 1629 2593 talia,
1678 2540 1736 2584 ut
1783 2531 1848 2584 ad
1902 2546 1964 2585 ea

392 2632 583 2691 sponte
622 2630 884 2676 curratur.
926 2621 1107 2689 Neque
1150 2622 1291 2676 eniut
1320 2623 1363 2677 si
1394 2622 1513 2692 quis
1538 2638 1723 2675 aurum
1754 2608 1954 2691 praebe-

392 2723 497 2778 ret,
530 2723 583 2769 et
613 2715 915 2769 thesaurum
947 2723 1254 2783 exponeret,
1282 2728 1405 2768 cum
1433 2713 1681 2768 violentia
1709 2722 1960 2778 vocaret;

391 2807 438 2861 si
477 2822 600 2860 vero
630 2805 694 2859 ad
740 2805 853 2859 haec
884 2806 999 2861 sine
1029 2806 1274 2860 violentia
1317 2806 1453 2868 itur,
1483 2805 1653 2859 multo
1680 2808 1846 2874 magis
1894 2805 1960 2859 ad

393 2898 625 2952 cwlestia
653 2898 812 2951 bona.
840 2896 948 2952 Nisi
989 2896 1129 2951 enim
1156 2898 1268 2966 ipsa
1298 2898 1372 2951 rei
1409 2907 1593 2950 natura
1624 2897 1714 2951 tibi
1748 2912 1964 2966 persua-

392 2988 518 3043 deat
537 2996 592 3042 ut
615 3002 881 3055 accurras,
903 2988 1012 3058 jam
1041 2989 1231 3059 dignus
1252 3003 1354 3042 non
1378 3004 1437 3043 es
1462 2987 1553 3058 qui
1578 2989 1838 3058 accipias;
1863 3006 1962 3045 ne-

392 3095 518 3149 que,
561 3079 605 3134 si
643 3080 932 3148 acceperis,
983 3090 1127 3134 recte
1170 3080 1306 3135 scias
1331 3089 1561 3149 accepta:
1608 3081 1683 3135 rei
1713 3082 1959 3150 pretium.

393 3173 519 3228 Ideo
547 3188 649 3228 non
677 3173 814 3243 cogit
838 3173 1098 3240 Christus,
1127 3173 1221 3229 sed
1251 3174 1521 3239 hortatur,
1562 3174 1839 3244 indulgens
1864 3190 1963 3229 no-

392 3263 497 3319 bis.
520 3264 650 3331 Quia
673 3268 814 3318 enim
840 3266 1002 3319 multa
1033 3264 1452 3327 insusurrabant.
1479 3280 1545 3319 ex
1563 3266 1653 3319 illo
1677 3266 1817 3321 dicto
1846 3276 1960 3320 tur-

391 3355 523 3417 bati,
552 3355 679 3409 dicit
708 3356 811 3409 illis
844 3376 857 3410 :
889 3354 1002 3409 Non
1032 3365 1112 3409 est
1153 3370 1287 3424 opus
1318 3356 1614 3409 turbatione
1634 3365 1689 3410 et
1712 3358 1957 3426 strepitu.

394 3446 581 3502 Sinon
630 3446 830 3516 putatis
853 3445 904 3500 id
935 3448 1076 3516 quod
1103 3447 1252 3513 dixi,
1283 3448 1329 3502 si
1371 3448 1527 3503 vobis
1575 3463 1791 3518 quoque
1830 3462 1963 3503 con-

392 3542 581 3611 tingat,
612 3540 1085 3595 innumerabilium
1130 3542 1391 3596 bonorum
1428 3556 1549 3597 esse
1582 3555 1825 3606 causam,
1854 3556 1961 3596 non

386 3629 498 3683 vim
530 3627 699 3682 infero
718 3670 735 3694 ,
764 3643 868 3684 non
896 3643 1028 3699 cogo
1052 3668 1068 3695 ,
1095 3629 1187 3683 sed
1216 3644 1337 3683 eum
1363 3630 1452 3698 qui
1480 3629 1628 3698 sequi
1655 3628 1781 3683 velit
1802 3644 1956 3683 voco.

388 3720 468 3776 Ne
498 3722 690 3792 putetis
720 3731 895 3775 autem
932 3720 1080 3788 sequi
1113 3736 1217 3783 me,
1238 3720 1368 3774 illud
1391 3736 1508 3774 esse
1537 3719 1677 3789 quod
1703 3734 1796 3775 vos
1818 3735 1960 3774 nunc

389 3811 582 3875 facitis,
612 3828 730 3867 cum
764 3828 849 3866 me
877 3811 1177 3881 sequimini.
1199 3811 1375 3865 Multis
1402 3812 1505 3864 erit
1543 3810 1697 3864 vobis
1720 3826 1852 3881 opus
1878 3812 1960 3865 la-

389 3902 629 3969 boribus,
676 3904 856 3957 multis
897 3903 1149 3972 periculis
1199 3902 1243 3956 si
1291 3911 1412 3972 post
1450 3917 1534 3957 me
1581 3902 1789 3956 venturi
1817 3903 1957 3956 sitis.

389 3993 505 4048 Non
536 3994 699 4055 enim,
787 3994 963 4057 Petre,
986 3994 1107 4062 quia
1134 4009 1274 4047 nunc
1303 4008 1389 4047 me
1414 3992 1606 4047 Filium
1629 3994 1720 4048 Dei
1749 3993 1956 4047 confes-

390 4099 484 4140 sus
506 4101 583 4148 es,
610 4084 727 4138 ideo
749 4092 948 4138 tantum
974 4084 1139 4138 debes
1163 4100 1391 4139 coronas
1411 4093 1750 4154 exspectare,
1779 4093 1833 4139 et
1864 4101 1961 4154 pu-

390 4186 503 4230 tare
529 4177 579 4231 id
626 4175 719 4230 tibi
767 4190 887 4230 esse
913 4173 979 4228 ad
1025 4174 1251 4246 salutem
1279 4176 1440 4241 satis,
1469 4184 1628 4245 atque
1673 4176 1958 4246 tranquille

388 4278 572 4339 postea
601 4268 815 4338 degere.
846 4282 908 4321 ac
937 4267 981 4321 si
1011 4277 1176 4322 totum
1204 4267 1508 4336 perfeceris.
1536 4269 1756 4323 Possum
1787 4269 1955 4333 enim,

388 4370 571 4430 utpote
606 4360 696 4416 Dei
734 4360 917 4424 Filius,
956 4370 1004 4415 te
1050 4376 1079 4413 a
1127 4361 1387 4415 malorum
1431 4361 1797 4429 experimento
1843 4361 1959 4413 exi-

386 4467 573 4517 mere;
626 4451 750 4505 nolo
776 4459 955 4505 autem
998 4451 1071 4504 tui
1104 4451 1271 4520 gratia
1299 4492 1314 4516 ,
1358 4456 1489 4505 utet
1515 4451 1632 4519 ipse
1670 4451 1866 4516 aliquid
1893 4451 1961 4507 de

389 4553 482 4599 tuo
502 4544 766 4610 conferas,
795 4559 857 4598 ac
882 4543 1158 4615 probatior
1199 4544 1413 4598 evadas.
1456 4543 1637 4614 Neque
1664 4546 1805 4599 enim
1835 4560 1961 4615 ago.

388 4636 605 4692 nothcta
626 4636 745 4706 quis
770 4635 1021 4689 dilectum
1043 4634 1247 4690 habens
1263 4634 1538 4701 athletam,
1559 4636 1690 4689 velit
1709 4652 1958 4706 umquam

385 4727 539 4782 illum
569 4743 634 4782 ex
678 4741 823 4781 mera
863 4726 1030 4796 gratia
1077 4740 1353 4786 coronare.
1396 4725 1489 4781 sed
1530 4741 1597 4781 ex
1637 4727 1866 4797 propriis
1908 4725 1961 4781 id

390 4827 651 4887 prtestare
711 4817 858 4885 cupit
905 4815 1175 4871 laboribus
1202 4855 1217 4881 ,
1262 4815 1488 4887 ideoque
1530 4817 1792 4882 maxime,
1838 4817 1959 4886 quia

386 4911 563 4979 ipsum
598 4908 770 4977 diligit
826 4907 946 4962 :sic
984 4914 1039 4962 et
1082 4907 1325 4963 Christus
1370 4922 1505 4978 quos
1557 4910 1787 4964 maxime
1834 4910 1957 4964 dili-

385 5002 503 5070 git,
550 4999 647 5053 hos
684 5002 796 5053 vult
836 5015 934 5054 suo
979 4999 1171 5053 merito
1216 5014 1336 5054 esse
1386 5000 1704 5067 conSpicuos
1751 5002 1800 5067 ,
1855 5016 1959 5055 non

385 5099 567 5147 autem
592 5107 657 5146 ex
683 5091 796 5146 sola
828 5106 920 5145 sua
945 5106 1067 5160 ope.
1099 5090 1233 5146 Vide
1257 5100 1437 5148 autem
1469 5093 1737 5162 quomodo
1762 5094 1962 5147 oratio-

386 5197 511 5237 nem
538 5197 643 5236 non
670 5195 949 5237 onerosam
974 5181 1230 5251 proferat.
1267 5181 1448 5252 Neque
1472 5185 1613 5238 enim
1641 5184 1691 5237 in
1715 5183 1817 5238 illis
1847 5193 1962 5237 tan-

384 5283 501 5328 tum
537 5274 675 5329 mala
717 5274 1137 5339 circumscribit.
1168 5274 1262 5330 sed
1287 5284 1342 5330 et
1385 5290 1672 5331 commune
1716 5276 1811 5330 toti
1842 5276 1959 5331 orbi

383 5364 580 5433 dogma
603 5364 821 5419 exhibet
848 5365 1033 5419 dicens
1065 5383 1078 5419 :
1104 5364 1166 5419 Si
1184 5366 1297 5437 quis
1319 5364 1443 5433 vult,
1466 5366 1579 5421 sive
1608 5366 1820 5430 mulier,
1850 5368 1961 5422 sive

383 5456 491 5520 vir,
522 5454 635 5509 sive
681 5455 952 5525 princeps,
999 5456 1113 5511 sive
1140 5456 1417 5525 subditus,
1456 5456 1595 5512 hanc
1636 5458 1964 5528 ingrediatur

383 5546 550 5599 viam.
576 5543 904 5617 Videturque
933 5563 1092 5602 unum
1118 5557 1319 5603 tantum
1346 5550 1565 5615 dixisse,
1595 5550 1689 5605 sed
1715 5551 1813 5604 tria
1838 5567 1963 5622 pro-

383 5639 539 5710 ponit
567 5655 582 5691 :
607 5639 877 5708 abnegare
902 5641 1249 5713 semetipsum
1268 5680 1284 5710 ,
1316 5640 1507 5699 tollere
1535 5657 1755 5700 crucem
1781 5660 1956 5714 suam,

506 5732 615 5796 alii,
637 5746 739 5786 esse
760 5733 933 5787 beatos.

1960 308 2187 364 HOMIL.
2234 309 2342 363 LV.
2383 312 2455 365 al.
2500 311 2630 367 LVI.

3538 320 3643 377 562

2069 434 2123 476 et
2185 424 2357 492 ipsum
2384 426 2568 495 sequi;
2599 426 2704 481 duo
2728 436 2904 483 autem
2932 431 3214 501 conjuncta
3241 445 3362 491 sunt
3383 478 3397 500 ,
3430 440 3640 494 tertium

2068 513 2239 566 solum
2273 518 2607 584 proponitur.
2654 518 2759 573 Sed
2791 521 2963 589 primo
2992 523 3264 579 videamus
3298 528 3425 595 quid
3452 530 3521 583 sit
3548 531 3644 584 ah-

2069 619 2262 673 negare
2279 609 2641 676 semetipsum.
2664 610 2817 664 Prius
2842 612 3106 668 discamus
3127 618 3250 682 quid
3277 620 3350 671 sit
3375 620 3641 691 abnegare

2067 696 2310 759 alterum,
2339 705 2394 750 et
2442 707 2565 752 tunc
2610 701 2840 755 sciemus
2869 704 2993 771 quid
3024 704 3093 757 sit
3137 706 3399 776 ahnegare
3445 722 3643 766 semet-

2068 786 2263 855 ipsum.
2305 787 2403 854 Qui
2449 789 2673 860 abnegat
2710 793 2956 860 alterum,
2982 798 3094 851 sive
3124 795 3355 858 fratrum.
3388 801 3498 853 sive
3525 818 3641 857 ser-

2070 894 2215 949 vum,
2251 884 2365 936 sive
2394 884 2554 937 alium
2601 890 2922 956 quempiam,
2952 894 3049 945 etsi
3077 893 3389 962 llagellalum
3431 897 3640 963 viderit,

2070 976 2166 1027 etsi
2197 976 2430 1029 vinctum
2455 1016 2468 1041 ,
2499 977 2600 1031 etsi
2642 978 2707 1031 ad
2734 990 2959 1034 mortem
2982 983 3288 1051 abductum,
3321 989 3644 1057 etsiquidvis

2068 1066 2207 1119 aliud
2236 1068 2542 1135 patientem,
2564 1086 2668 1123 non
2692 1070 2860 1137 adest,
2886 1089 2988 1126 non
3010 1076 3310 1143 auxiliatur,
3333 1094 3435 1133 non
3464 1083 3643 1137 animo

2070 1156 2330 1227 frangitur
2354 1199 2369 1223 ,
2400 1174 2504 1214 non
2557 1161 2671 1228 ejus
2701 1178 2859 1216 causa
2889 1166 3116 1233 patitur,
3147 1178 3326 1235 utpote
3352 1174 3439 1236 qui
3484 1174 3551 1225 ah
3577 1189 3644 1228 eo

2070 1248 2397 1303 abalienatus
2415 1250 2503 1303 sit.
2531 1251 2618 1305 Sic
2639 1251 2815 1321 itaque
2834 1255 2944 1307 vult
2974 1270 3070 1309 nos
3096 1258 3241 1311 nullo
3256 1260 3415 1315 modo
3431 1264 3643 1330 corpori

2068 1353 2306 1408 parcere,
2336 1349 2393 1393 ut
2420 1340 2532 1393 sive
2577 1340 2880 1411 agellent,
2907 1345 3021 1399 sive
3049 1346 3269 1414 pellant.
3316 1352 3430 1404 sive
3462 1362 3638 1419 urant,

2068 1431 2178 1484 sive
2204 1430 2344 1484 aliud
2374 1431 2581 1500 quidvis
2611 1430 2825 1496 faciant,
2855 1449 2959 1487 non
2985 1436 3138 1489 nobis
3171 1452 3471 1505 parcamus.
3503 1440 3635 1494 lllud

2068 1520 2208 1572 enim
2236 1531 2317 1573 est
2344 1536 2580 1589 parcere.
2602 1520 2732 1574 Nam
2754 1523 2910 1576 etiam
2926 1536 3101 1593 patres
3130 1528 3250 1582 [iliis
3268 1536 3390 1584 tunc
3413 1532 3641 1587 maxime

2068 1619 2313 1679 parcunt,
2342 1626 2462 1665 cmn
2504 1614 2769 1679 magistris
2798 1616 3090 1683 tradentes,
3124 1620 3375 1675 mandant
3423 1638 3489 1677 ne
3522 1640 3641 1691 par-

2070 1710 2193 1755 cant
2221 1701 2318 1755 eis.
2350 1702 2424 1755 lta
2476 1712 2527 1755 et
2556 1701 2800 1757 Christus
2838 1721 2853 1758 :
2885 1720 2988 1758 non
3039 1708 3169 1761 dixit
3198 1725 3263 1763 ne
3294 1723 3475 1779 parcat
3518 1716 3640 1781 sibi,

2070 1792 2161 1845 sed
2205 1792 2341 1861 quod
2383 1794 2593 1862 gravius
2639 1802 2740 1858 est,
2778 1795 2997 1865 Abneget
3033 1801 3353 1867 semetipsum
3392 1818 3411 1856 :
3443 1804 3493 1857 id
3538 1817 3641 1872 est,

2070 1885 2204 1939 Nihil
2236 1902 2354 1940 cum
2404 1886 2581 1955 scipso
2630 1902 2913 1941 commune
2943 1889 3157 1954 habeat,
3187 1892 3279 1945 sed
3313 1895 3559 1959 periculis
3585 1913 3642 1952 se

2068 1976 2228 2030 dedat
2270 1987 2323 2031 et
2364 1978 2763 2046 certaminibus,
2809 1989 2965 2047 atque
2988 1981 3078 2036 .ita
3123 1982 3194 2036 sit
3222 1982 3462 2048 allectus,
3497 1997 3549 2039 ut
3594 1988 3639 2042 si

2067 2066 2203 2121 alius
2233 2066 2283 2120 id
2316 2074 2601 2135 pateretur.
2652 2067 2759 2121 Nec
2799 2067 2950 2134 dixit,
2989 2068 3194 2141 Neget,
3230 2073 3358 2138 sed,
3386 2073 3640 2143 Abneget;

2069 2159 2169 2213 hoc
2199 2174 2359 2227 parvo
2386 2159 2746 2213 additamento
2774 2159 2877 2213 vim
2926 2176 3167 2231 magnam
3197 2163 3417 2220 dictioni
3459 2167 3635 2223 allert.

2069 2249 2197 2303 Nam
2230 2248 2494 2317 abncgare
2519 2251 2685 2304 multo
2717 2250 2833 2318 plus
2856 2261 2937 2304 est
2963 2267 3120 2320 quam
3143 2269 3357 2324 negare.

2135 2341 2189 2394 2.
2339 2342 2482 2394 tollat
2535 2358 2731 2395 crucem
2768 2357 2932 2395 suam.
2979 2342 3091 2397 Hoc
3130 2359 3201 2400 ex
3241 2346 3332 2399 illo
3379 2349 3638 2417 sequitur.

2067 2433 2144 2489 Ne
2188 2444 2341 2503 putes
2365 2434 2504 2487 enim
2531 2473 2546 2497 ,
2573 2433 2639 2487 ad
2666 2433 2825 2488 verba
2854 2449 3019 2504 usque
3045 2444 3247 2489 tantum
3276 2447 3331 2491 et
3356 2452 3628 2494 contume-

2066 2528 2165 2583 lias
2203 2538 2260 2581 et
2307 2526 2589 2595 opprobria
2639 2526 2901 2596 abnegare
2931 2528 3161 2596 seipsum
3202 2540 3447 2597 oportere
3473 2546 3490 2586 :
3515 2532 3647 2589 dicit

2065 2634 2338 2690 quouSque
2377 2619 2641 2687 abnegare
2691 2621 3034 2688 semetipsum
3089 2631 3366 2690 oporteat;
3428 2624 3478 2677 id
3531 2634 3633 2690 est,

2065 2724 2231 2780 usque
2268 2711 2336 2763 ad
2389 2718 2615 2764 mortem
2637 2751 2650 2774 ,
2680 2717 2734 2765 et
2773 2719 2997 2765 mortem
3031 2713 3407 2781 turpissimam.
3442 2715 3639 2770 Idcirco

2063 2815 2169 2854 non
2199 2800 2348 2863 dixit,
2391 2800 2631 2869 Abneget
2677 2801 3021 2869 semetipsum
3047 2818 3216 2872 usque
3269 2804 3336 2858 ad
3391 2816 3638 2870 mortem,

2062 2890 2176 2956 sed,
2206 2889 2374 2944 Tolfat
2397 2906 2593 2943 crucem
2618 2907 2781 2955 suam,
2810 2893 3169 2961 turpissimam
3202 2908 3426 2950 mortem
3455 2898 3638 2951 decla-

2060 2998 2218 3047 rans;
2247 2992 2300 3038 et
2341 2984 2482 3053 quod
2510 2999 2615 3037 non
2640 2984 2829 3045 semel.
2860 2995 2951 3038 aut
2978 2984 3093 3048 bis,
3124 2987 3215 3041 sed
3248 3003 3342 3056 per
3368 2999 3528 3043 totam
3559 2990 3637 3046 vi-

2063 3086 2168 3131 tam
2194 3076 2247 3130 id
2273 3074 2573 3131 faciendum
2600 3076 2685 3130 sit.
2716 3075 2998 3145 Perpetuo,
3026 3078 3214 3147 inquit,
3242 3080 3375 3134 hanc
3410 3096 3636 3136 mortem

2060 3168 2424 3233 circumferas,
2471 3177 2525 3223 ct
2548 3167 2784 3237 quotidie
2811 3168 2875 3222 ad
2905 3183 3089 3223 necem
3121 3181 3334 3238 paratus
3377 3173 3474 3227 sis.
3504 3174 3635 3238 Quia

2060 3261 2201 3316 enim
2232 3260 2384 3313 multi
2415 3274 2544 3328 opes
2563 3267 3076 3327 contempseruntet
3096 3262 3419 3329 Voluptatem
3442 3274 3494 3318 et
3519 3268 3636 3334 glo-

2060 3353 2215 3413 riam,
2237 3360 2465 3405 mortem
2491 3364 2618 3404 vero
2641 3364 2746 3403 non
2776 3359 3119 3418 Spreverunt,
3146 3363 3201 3405 at
3223 3354 3511 3409 timuerunt
3541 3373 3634 3427 pe-

2060 3444 2225 3499 ricula
2257 3462 2270 3499 :
2301 3459 2418 3514 ego,
2451 3444 2637 3513 inquit,
2661 3443 2914 3498 athletam
2946 3460 3122 3499 meum
3162 3446 3281 3499 volo
3310 3447 3376 3500 ad
3409 3459 3634 3505 mortem

2061 3550 2228 3604 usque
2269 3550 2502 3605 pugnare
2528 3576 2544 3601 ,
2573 3543 2628 3589 et
2650 3536 2941 3589 certamina
2989 3535 3054 3589 ad
3105 3539 3418 3605 sanguinem
3470 3556 3635 3611 usque

2063 3627 2264 3698 peragi.
2301 3627 2483 3694 Itaque
2509 3627 2552 3679 si
2585 3635 2808 3679 mortem
2844 3628 2993 3680 obire
3039 3638 3303 3695 oporteat,
3331 3642 3384 3685 et
3409 3643 3634 3688 mortem

2063 3719 2420 3788 turpissimam
2439 3757 2452 3779 .
2487 3726 2816 3783 mortemque
2843 3718 3246 3785 exsecrandum,
3276 3722 3505 3789 etiamsi,
3541 3740 3636 3793 pro

2061 3824 2220 3879 prava
2241 3806 2466 3878 quadam
2489 3806 2810 3873 suspicione,
2826 3806 3003 3860 omnia
3025 3818 3234 3875 oportet
3253 3811 3459 3866 fortiter
3473 3814 3633 3883 ferre,

2061 3910 2112 3955 et
2145 3900 2262 3955 ideo
2289 3898 2516 3953 maxime
2540 3898 2826 3975 exsultare.
2859 3896 2928 3950 Et
2951 3908 3185 3968 sequatur
3208 3917 3304 3954 me.
3335 3903 3465 3969 Quia
3493 3907 3633 3960 enim

2062 3990 2174 4045 eri
2233 3997 2405 4059 potest
2450 3998 2505 4041 ut
2531 3988 2620 4056 qui
2661 3988 2858 4056 patitur
2896 4003 2999 4041 non
3043 3999 3295 4057 sequatur
3342 3992 3633 4061 (llnistum,

2059 4096 2179 4136 cum
2222 4094 2327 4133 non
2384 4078 2579 4149 patitur
2610 4090 2825 4146 propter
2869 4079 3039 4147 ipsum
3092 4078 3234 4151 (nam
3268 4083 3519 4148 latrones,
3552 4102 3636 4141 se~

2060 4175 2361 4245 pulcrorutn
2381 4171 2699 4240 expilatores
2718 4180 2774 4224 et
2799 4172 3206 4241 pmestigiatores
3228 4176 3387 4229 multa
3433 4187 3487 4231 et
3512 4194 3636 4247 gra-

2059 4267 2204 4320 viora
2234 4260 2523 4333 patiuntur)
2551 4302 2564 4324 ,
2591 4277 2657 4315 ne
2687 4270 2861 4329 putes,
2889 4261 3132 4317 sullicere
3171 4264 3337 4333 ipsam
3376 4270 3633 4323 malorum

2060 4364 2322 4415 naturam,
2368 4366 2583 4405 causam
2614 4352 2872 4404 malorum
2902 4352 3064 4406 addit.
3095 4354 3347 4421 Quaenam
3392 4360 3479 4413 illa
3518 4363 3635 4415 est?

2061 4445 2128 4500 Ut
2150 4445 2263 4498 lure
2290 4455 2452 4511 agens
2486 4449 2541 4495 et
2577 4440 2782 4510 patiens
2810 4442 2980 4509 ipsum
3021 4447 3296 4512 sequaris;
3338 4458 3395 4502 ut
3423 4463 3626 4520 propter

2062 4539 2231 4607 ipsum
2256 4534 2434 4588 omnia
2462 4532 2709 4602 patiaris,
2754 4542 2807 4586 et
2846 4533 3079 4602 reliquas
3121 4535 3343 4591 virtutes
3370 4539 3631 4596 obtineas.

2060 4628 2190 4682 Nam
2212 4625 2262 4680 id
2290 4623 2549 4695 significat
2578 4621 2727 4687 illud,
2760 4622 3013 4692 Sequatur
3039 4640 3117 4676 me
3128 4641 3148 4689 ;
3180 4625 3249 4679 ita
3272 4636 3326 4680 ut
3347 4643 3450 4682 non
3478 4633 3635 4684 modo

2063 4720 2423 4776 fortitudinem
2450 4718 2500 4771 in
2531 4716 2783 4771 aerumnis
2802 4757 2815 4778 .
2840 4716 2932 4770 sed
2962 4726 3015 4771 et
3036 4718 3413 4774 continentiam
3435 4765 3449 4787 ,
3474 4727 3636 4793 arqui-

2065 4822 2225 4867 tatem
2247 4853 2263 4876 ,
2283 4824 2601 4879 omnemque
2620 4808 3009 4878 philosophiam
3031 4810 3302 4865 exhibeas.
3333 4812 3462 4868 Illud
3493 4819 3633 4872 enim

2061 4912 2143 4959 est
2160 4911 2215 4956 ut
2229 4909 2437 4972 oportet
2459 4900 2606 4968 sequi
2637 4916 2651 4953 :
2675 4908 2728 4953 et
2742 4900 2873 4954 alias
2888 4915 3075 4953 curare
3094 4903 3334 4965 virtutes,
3354 4914 3406 4959 et
3422 4918 3636 4976 propter

2062 4996 2234 5063 ipsum
2252 4992 2425 5046 omnia
2454 4990 2582 5060 pati.
2605 4989 2740 5044 Sunt
2767 4991 2906 5044 enim
2923 4990 3008 5059 qui
3034 4990 3299 5046 diabolum
3321 5007 3634 5064 sequuntur,

2062 5096 2112 5141 et
2143 5086 2256 5139 haec
2286 5085 2553 5153 patiuntur
2576 5124 2591 5148 ,
2619 5091 2673 5135 et
2699 5092 2916 5150 pr0pter
2958 5082 3102 5135 illum
3129 5084 3333 5138 animas
3359 5101 3483 5140 suas
3512 5104 3636 5156 pro.

2063 5177 2231 5240 dunt;
2265 5175 2357 5229 sed
2398 5188 2495 5228 nos
2527 5181 2742 5241 pr0pter
2786 5170 3097 5235 Christum,
3130 5174 3235 5227 imo
3266 5186 3482 5242 propter
3538 5194 3633 5235 nos

2064 5269 2226 5337 ipsos.
2257 5265 2355 5330 llli,
2385 5273 2440 5319 ut
2465 5264 2562 5318 sibi
2587 5264 2713 5332 ipsis
2741 5272 2795 5317 et
2824 5263 2907 5316 hic
2936 5272 2991 5317 et
3015 5264 3121 5317 illic
3143 5277 3403 5331 noceant;
3433 5284 3548 5330 nos,

2064 5371 2343 5429 utramque
2362 5359 2520 5411 vitam
2543 5357 2827 5410 lucremur.
2854 5356 3133 5423 Quomodo
3149 5372 3275 5427 ergo
3292 5374 3396 5413 non
3411 5378 3631 5418 summa!

2064 5449 2224 5505 fuerit
2280 5448 2497 5518 ignavia:
2542 5462 2648 5501 non
2698 5455 2892 5499 tantam
2937 5446 3297 5503 fortitudinem
3351 5451 3631 5521 exhibere,

2062 5553 2310 5615 quantam
2337 5542 2372 5597 ii
2404 5543 2490 5608 qui
2519 5550 2738 5611 pereunt
2764 5541 3034 5605 exhibent,
3056 5551 3112 5595 et
3138 5540 3273 5608 inec,
3301 5560 3419 5597 cum
3445 5556 3520 5599 tot
3540 5564 3632 5601 co-

2064 5635 2211 5691 ronis
2253 5633 2439 5688 donari
2471 5632 2807 5688 debeamus?
2835 5631 2995 5701 Atqui
3043 5634 3195 5687 nobis
3223 5636 3366 5688 adest
3393 5634 3638 5694 Christus

2064 5726 2370 5796 auxiliator,
2412 5724 2516 5782 illis
2558 5738 2735 5781 nemo.
2782 5720 2896 5778 [Ioc
2932 5736 3094 5795 porro
3130 5733 3455 5797 praeceptum
3492 5744 3643 5783 uian-
