4052 6228
509 326 615 382 553

512 442 655 497 (lavit
679 481 695 506 ,
736 454 859 497 cum
904 438 1049 494 misit
1084 450 1181 494 eos
1208 435 1392 492 dicens
1429 452 1444 489 :
1493 433 1559 488 In
1588 434 1718 487 viam
1763 431 1982 504 gentium
2020 445 2083 482 ne

515 534 755 588 obieritis.
790 530 940 585 Mitto
977 528 1121 585 enim
1151 544 1237 583 vos
1258 528 1386 582 sicut
1410 542 1524 580 oves
1568 525 1699 578 inter
1725 521 1893 593 lupos.
1929 520 1993 574 Et
2017 521 2086 573 ad

515 623 751 695 prasidcs
792 631 839 675 et
881 636 1023 691 reges
1064 618 1316 674 ducemini
1342 616 1551 690 (Matth.
1594 615 1681 671 10.
1722 616 1776 671 5.
1809 614 1897 668 16.
1948 613 2084 679 i7);
2130 674 2139 683 ι

515 730 654 770 nunc
697 722 874 768 autem
912 712 1041 767 illud
1080 710 1293 780 gravius
1321 718 1376 764 et
1422 709 1600 763 aerius
1627 708 1908 777 expressit.
1938 706 2089 761 Tunc

513 809 654 862 enim
690 814 913 861 mortem
942 812 1143 858 tantum
1182 801 1395 857 dicebas
1422 818 1437 859 :
1466 800 1554 856 hic
1575 815 1713 855 vero
1727 800 1887 854 etiam
1917 799 2091 853 crucis

515 897 838 951 mentionem
870 895 1010 959 fecit,
1040 903 1094 948 et
1121 894 1295 948 crucis
1315 901 1581 962 perpetuae
1607 908 1627 945 τ
1648 905 1771 945 nam
1794 891 1899 955 ait,
1921 888 2090 942 Tollat

513 1004 712 1041 crucem
736 1002 922 1051 suam;
951 985 1003 1040 id
1038 992 1139 1048 est,
1182 983 1341 1038 Ferat
1377 996 1608 1052 semper,
1649 989 1703 1035 et
1732 988 1926 1051 portet.
1960 977 2093 1033 Illud

513 1093 674 1148 porro
701 1076 877 1131 facere
900 1076 1107 1132 solebat
1126 1074 1341 1143 ubique,
1365 1087 1471 1127 non
1502 1072 1573 1126 ab
1598 1071 1750 1124 initio
1772 1080 1826 1125 et
1849 1068 2096 1135 exordio,

514 1170 607 1226 sed
649 1170 847 1225 sensim
893 1178 947 1225 et
979 1168 1230 1238 paulatim
1276 1166 1473 1234 majora
1506 1172 1768 1233 praecepta
1813 1161 2089 1225 inducens,

516 1277 583 1315 ne
606 1261 876 1313 auditores
904 1256 1265 1327 reigravitate
1311 1256 1671 1310 turbarentur.
1704 1251 1908 1309 Deinde
1927 1294 1941 1317 ,
1970 1252 2092 1322 quia

516 1353 568 1406 id
604 1352 742 1421 quod
773 1350 973 1405 dictum
1012 1346 1186 1403 fuerat
1211 1389 1226 1413 ,
1254 1347 1444 1401 durum
1472 1359 1595 1400 esse
1633 1344 1943 1407 videbatur,
1973 1342 2101 1397 vide

516 1440 788 1509 quomodo
821 1441 872 1492 in
912 1438 1259 1508 sequentibus
1293 1436 1455 1491 leniat
1484 1435 1634 1497 illud,
1667 1443 1933 1504 ponatque
1958 1448 2095 1503 pra:-

522 1534 625 1587 mia
661 1531 887 1586 sudores
917 1528 1260 1597 superantia;
1286 1542 1457 1597 neque
1490 1527 1709 1595 prazmia
1738 1534 1963 1589 tantum,
1997 1523 2091 1579 sed

518 1624 767 1694 nequitia
795 1622 1055 1691 supplicia
1089 1638 1101 1671 :
1132 1620 1183 1673 in
1212 1619 1403 1689 quibus
1431 1620 1597 1688 magis
1633 1627 1899 1682 versatur,
1928 1631 2089 1686 quam

520 1718 573 1771 in
598 1716 735 1780 aliis,
776 1714 1025 1783 quoniam
1068 1726 1174 1765 non
1206 1710 1275 1764 ita
1319 1709 1579 1763 bonorum
1610 1707 1783 1788 dona,
1817 1718 1875 1761 ut
1908 1722 2096 1777 pmna-

521 1825 639 1863 rum
662 1806 1124 1868 comminationes,
1149 1804 1344 1858 multos
1371 1802 1439 1857 ad
1465 1817 1647 1856 sanam
1676 1811 1906 1856 mentem
1938 1801 2095 1855 redu-

520 1914 643 1954 cere
665 1897 861 1951 solent.
891 1894 1272 1949 Animadverte
1303 1907 1465 1964 porro
1502 1892 1770 1961 quomodo
1812 1891 1934 1945 hinc
1966 1891 2099 1944 inci-

521 1990 630 2059 piat
654 1998 711 2044 et
740 1987 791 2042 in
828 1986 1057 2056 idipsum
1088 1986 1318 2040 desinat.
1366 1984 1457 2040 25.
1494 1983 1808 2051 Quicumque
1836 1984 1969 2036 enim
2018 1998 2103 2036 vo-

524 2082 671 2136 luerit
696 2082 919 2134 animam
958 2095 1105 2133 suout
1127 2079 1319 2132 salvam
1362 2077 1548 2147 facere,
1592 2076 1760 2146 perdet
1790 2091 1898 2129 eam
1935 2091 1955 2128 :
1981 2074 2097 2144 qui-

523 2189 731 2242 cumque
757 2170 1028 2241 perdiderit
1055 2170 1277 2223 animam
1323 2184 1468 2221 suam
1511 2175 1716 2236 propter
1752 2182 1848 2229 me,
1889 2164 2105 2217 inveniet

526 2282 654 2319 eam.
685 2264 775 2319 26.
812 2262 948 2330 Quid
970 2262 1100 2316 enim
1127 2260 1328 2330 prodest
1355 2260 1546 2313 homini
1568 2259 1611 2312 si
1641 2256 1884 2310 mundum
1906 2258 2108 2309 univer-

527 2372 637 2410 sum
665 2356 886 2409 lucretur
912 2393 928 2418 ,
957 2353 1141 2406 animle
1164 2368 1279 2405 vero
1304 2365 1410 2403 sua:
1448 2350 1797 2402 detrimentum
1841 2347 2063 2416 patiatur
2082 2346 2108 2400 ?

528 2458 613 2502 aut
634 2462 783 2517 quam
812 2446 950 2499 dabit
975 2444 1125 2498 homo
1173 2442 1613 2497 commutationem
1651 2457 1744 2511 pro
1764 2440 1935 2493 anima
1975 2439 2111 2493 sua?

530 2538 583 2593 Id
607 2548 689 2592 est
735 2554 748 2590 :
790 2535 908 2590 Non
944 2534 1085 2605 quod
1126 2533 1276 2587 vobis
1316 2548 1418 2587 non
1456 2546 1691 2602 parcam,
1746 2532 1853 2584 imo
1882 2534 2111 2584 maxime

529 2641 756 2697 parcens
784 2626 898 2680 haec
925 2625 1200 2696 praecipio.
1237 2623 1367 2677 Nam
1395 2625 1483 2691 qui
1516 2624 1684 2692 parcit
1705 2623 1813 2676 lilio
1841 2636 1959 2686 suo,
1992 2635 2112 2689 per-

530 2720 609 2773 dit
638 2717 939 2786 illum;'qui
987 2732 1091 2770 non
1122 2716 1310 2784 parcit,
1348 2724 1526 2769 servat
1550 2729 1695 2768 eum.
1750 2714 1902 2780 Quod
1948 2714 2108 2767 etiam

533 2808 747 2878 sapiens
792 2805 1006 2875 quidam
1047 2805 1256 2859 dicebat
1305 2803 1407 2859 :Si
1430 2804 1732 2873 percusseris
1767 2802 1931 2869 [illum
1974 2812 2115 2855 tuum

535 2901 692 2969 virga,
710 2914 812 2950 non
834 2896 1072 2950 morietur
1103 2896 1362 2949 :rmimam
1390 2903 1555 2947 autem
1572 2895 1682 2963 ejus
1709 2910 1740 2946 a
1757 2903 1915 2946 morte
1935 2893 2115 2959 eripies
2162 2910 2167 2913 ·

537 2989 719 3056 (Prov.
769 2988 859 3042 25.
913 2987 1040 3052 id);
1096 2999 1160 3040 ac
1212 3000 1443 3050 rursum,
1499 2985 1599 3051 Qui
1644 2984 1909 3055 refrigerat
1951 2984 2116 3052 ﬁlium

536 3096 706 3144 suum,
737 3078 909 3149 ligabit
949 3078 1155 3132 vulnera
1202 3078 1310 3147 ejus
1350 3076 1536 3147 (Eccli.
1584 3076 1669 3131 50.
1699 3077 1754 3145 1)
1791 3094 1803 3129 :
1838 3076 1934 3130 hoc
1957 3076 2115 3131 etiam

537 3172 589 3224 in
637 3170 872 3224 exercitu
904 3169 982 3223 ﬁt.
1013 3168 1141 3223 Nam
1167 3169 1210 3222 si
1256 3168 1362 3222 dux
1422 3182 1643 3238 parcens
1672 3168 1945 3233 militibus,
1975 3168 2119 3223 intus

537 3263 716 3332 iubeat
762 3276 976 3331 semper
1003 3275 1254 3322 manere,
1288 3270 1393 3313 tam
1435 3260 1629 3315 milites
1669 3275 1825 3330 quam
1873 3261 2005 3315 alios
2046 3262 2121 3316 si-

538 3354 647 3407 mul
692 3352 1007 3422 corrumpit.
1048 3350 1125 3405 Ne
1169 3350 1327 3420 igitur
1370 3351 1527 3404 etiam
1572 3350 1722 3405 vobis
1753 3351 1878 3405 illud
1915 3353 2123 3406 contin-

540 3453 622 3513 gat
646 3484 661 3508 ,
708 3442 907 3511 inquit,
953 3450 1166 3509 Oportet
1190 3455 1285 3494 vos
1314 3449 1619 3508 perpetuam
1650 3441 1715 3495 ad
1746 3452 1971 3496 mortem
2001 3458 2122 3498 esse

545 3542 780 3603 paratos.
816 3532 949 3586 Nam
979 3540 1033 3586 et
1057 3546 1218 3600 grave
1263 3530 1460 3585 bellum
1510 3546 1630 3585 mox
1676 3534 2025 3588 excitabitur:
2056 3549 2125 3589 ne

544 3640 670 3695 ergo
701 3624 840 3678 intus
865 3623 1075 3689 sedeas,
1092 3622 1183 3677 sed
1205 3624 1289 3677 exi
1314 3633 1368 3678 et
1394 3635 1622 3693 pugnato
1646 3642 1659 3691 ;
1687 3625 1731 3679 si
1758 3625 1810 3679 in
1840 3627 1954 3681 acie
1979 3626 2124 3682 ceci-

545 3717 707 3782 deris,
764 3726 888 3771 tunc
915 3717 1075 3770 vitam
1106 3716 1371 3771 invenisti.
1414 3716 1546 3771 Nam
1594 3718 1638 3772 si
1679 3718 1732 3772 in
1778 3718 1925 3773 hisee
1972 3719 2124 3775 bellis

544 3807 853 3872 sensilibus,
887 3808 977 3877 qui
1027 3816 1304 3877 promptus
1327 3816 1380 3861 et
1422 3819 1636 3877 paratus
1660 3809 1727 3863 ad
1773 3810 1972 3865 caedem
2019 3822 2123 3878 est,

545 3899 633 3955 hic
661 3900 949 3969 praeclarus
974 3900 1113 3954 inter
1137 3908 1360 3954 cancros
1386 3909 1441 3953 et
1470 3900 1696 3954 invictus
1719 3899 1945 3954 habetur
1974 3942 1989 3963 ,
2020 3902 2125 3956 iui-

546 3991 698 4044 micis
741 3988 1118 4043 formidolosus
1144 3996 1262 4051 est,
1293 4002 1613 4056 quamquam
1641 3989 1685 4041 si
1714 3989 1989 4054 moriatur,
2019 4006 2126 4045 non

547 4082 714 4151 possit
739 4097 859 4136 eum
884 4081 1180 4148 Imperator
1207 4080 1483 4142 suscitare,
1511 4095 1606 4149 pro
1633 4096 1740 4150 quo
1764 4097 1910 4136 arma
1941 4085 2081 4154 cepit
2108 4102 2123 4139 :

549 4174 716 4227 tuulto
738 4172 905 4242 magis
937 4172 987 4225 in
1028 4172 1174 4225 hisce
1202 4172 1386 4237 bellis,
1437 4174 1528 4227 ubi
1572 4188 1695 4243 spes
1719 4176 2128 4232 resurrectionis

551 4264 815 4327 habetur,
870 4261 959 4331 qui
1011 4262 1242 4315 animam
1287 4277 1435 4315 suam
1478 4263 1543 4318 ad
1595 4274 1824 4320 mortem
1875 4268 2126 4336 exponit,

551 4352 782 4407 inveniet
835 4366 992 4406 eam:
1025 4353 1216 4421 primo,
1262 4352 1384 4421 quia
1420 4368 1523 4407 non
1566 4356 1674 4409 cito
1719 4357 1994 4423 vincetur;
2038 4373 2127 4413 se-

549 4442 743 4506 cundo,
773 4443 894 4513 quia
919 4442 1020 4498 etsi
1044 4443 1318 4509 ceciderit,
1348 4445 1412 4499 ad
1444 4446 1721 4502 meliorem
1748 4449 1905 4504 vitam
1936 4449 2129 4519 perdu-

558 4536 629 4591 cit
647 4549 785 4589 eam.

620 4628 672 4683 ὅ.
702 4626 902 4682 Deinde
924 4626 1046 4697 quia
1075 4626 1208 4680 dixit
1235 4644 1249 4682 :
1272 4627 1371 4692 Qui
1390 4628 1495 4681 vult
1516 4629 1735 4683 animum
1758 4647 1905 4684 suam
1936 4633 2129 4687 salvam

551 4726 738 4792 facere,
795 4719 968 4789 perdet
1014 4736 1124 4772 eam
1151 4761 1164 4783 ,
1203 4727 1249 4772 et
1286 4721 1580 4788 quicumque
1612 4724 1782 4791 perdet
1804 4764 1819 4788 ,
1874 4724 2085 4779 salvabit
2111 4744 2131 4780 :

551 4813 638 4867 hic
666 4821 719 4868 et
749 4811 855 4867 illic
882 4811 1107 4866 salutem
1138 4818 1193 4865 et
1242 4810 1594 4880 perditionem
1644 4814 1857 4883 posuit,
1905 4831 1971 4870 ne
2014 4820 2131 4887 quis

553 4914 831 4974 utramque
863 4903 948 4959 vel
976 4902 1327 4973 perditionem
1357 4903 1439 4956 vel
1479 4903 1703 4958 salutem
1729 4906 1986 4974 xequalem
2012 4922 2133 4964 esse

551 5004 722 5064 putet,
750 4993 847 5049 sed
894 4993 1042 5048 clare
1082 4991 1288 5059 discat,
1320 5000 1523 5047 tantum
1563 5008 1684 5049 esse
1726 4995 1872 5050 illam
1916 4997 2053 5053 inter
2080 5008 2135 5054 et

555 5084 692 5139 hanc
709 5085 933 5138 salutem
960 5084 1270 5147 discrimen,
1290 5091 1543 5153 quantum
1559 5084 1698 5139 inter
1712 5086 2058 5155 perditionem
2079 5099 2135 5146 et

554 5177 782 5231 salutem
812 5190 827 5239 ;
854 5183 911 5229 et
954 5189 1019 5229 ex
1050 5176 1334 5229 contrariis
1368 5175 1484 5230 haec
1512 5176 1581 5231 ita
1607 5182 1920 5248 comprobat
1949 5198 1961 5234 :
1998 5181 2135 5248 Quid

553 5270 686 5322 enim
728 5267 927 5338 prodest
958 5267 1147 5321 homini
1174 5267 1217 5321 si
1259 5267 1505 5321 mundum
1531 5271 1820 5323 universum
1869 5269 2088 5327 lucretur
2114 5314 2129 5338 ,

553 5360 741 5413 uuiutw
781 5373 896 5412 vero
937 5372 1045 5411 sum
1095 5357 1444 5412 detrimentum
1473 5360 1741 5427 patiatur?
1785 5359 1970 5416 Viden’
1995 5378 2133 5431 quo-

547 5437 718 5506 modo
754 5450 901 5505 salus
930 5459 1115 5503 contra
1140 5449 1229 5519 jus
1256 5449 1441 5520 fasque
1468 5461 1796 5522 comparata,
1821 5463 1876 5508 et
1904 5454 2134 5523 perditio

554 5551 655 5603 est,
679 5551 733 5595 et
756 5542 899 5595 omni
927 5540 1224 5610 perditione
1246 5540 1502 5607 deterior,
1530 5552 1712 5612 utpote
1748 5560 1867 5614 qum
1893 5546 1963 5598 sit
1991 5546 2133 5599 insa-

558 5632 776 5693 nabilis,
807 5632 946 5700 quod
998 5630 1129 5685 nihil
1176 5631 1246 5684 sit
1271 5631 1408 5685 ultra
1432 5671 1447 5696 ,
1490 5648 1595 5701 quo
1622 5650 1684 5690 ea
1715 5636 1882 5703 possit
1908 5635 2135 5691 redimi?

552 5717 663 5778 hec
688 5720 855 5789 dicas,
885 5722 1088 5791 inquit,
1119 5721 1351 5777 animam
1395 5736 1547 5778 suam
1595 5741 1839 5782 servasse
1890 5727 1979 5796 qui
2011 5728 2131 5784 talia

1212 321 1269 377 S.
1306 316 1582 376 JOANNIS
1602 311 2070 373 CiiltYSOSTOMl
2109 308 2423 366 ARClilEP.
2461 308 2987 368 CONSTANTINOP.

3639 305 3652 324 ’
3668 312 3799 369 545.

2199 425 2432 496 pericula
2459 427 2727 488 evaserit;
2761 426 2853 481 sed
2894 441 3015 481 cum
3064 426 3239 481 anima
3280 427 3398 497 ejus
3436 444 3576 497 pone
3608 431 3801 486 etiam

2194 527 2361 572 totum
2401 518 2608 572 orbem.
2634 517 2769 585 Quid
2815 518 2938 572 hinc
2980 518 3097 586 plus
3145 518 3358 573 habebit
3400 520 3490 574 illa
3521 521 3799 589 perdita?

2197 608 2289 662 Dic
2320 609 2469 663 enim.
2509 608 2685 675 mihi,
2710 610 2751 662 si
2792 607 3017 662 famulos
3046 617 3164 663 tuos
3192 608 3404 673 videres
3452 610 3505 665 in
3560 609 3791 665 deliciis

2195 716 2343 765 esse,
2385 709 2546 768 teque
2576 700 2629 753 in
2659 700 2913 754 extremis
2952 700 3109 755 malis
3128 742 3142 766 ,
3174 715 3241 754 an
3268 701 3390 770 quia
3418 701 3672 757 dominus
3701 716 3793 767 es,

2194 793 2318 846 hinc
2340 792 2609 862 quidpiam
2659 801 2715 846 te
2744 791 2936 845 lucrari
2965 792 3231 861 putares?
3259 791 3631 862 Nequaquam.
3665 792 3794 848 Hoc

2194 884 2367 953 ipsum
2395 885 2462 939 de
2492 885 2670 939 anima
2697 886 2893 956 cogita,
2920 901 3041 941 cum
3071 901 3235 941 carne
3266 887 3316 940 in
3348 886 3556 942 deliciis
3593 896 3658 941 et
3697 887 3796 942 di-

2194 975 2337 1028 vitiis
2364 985 2571 1045 agente,
2598 975 2684 1029 illa
2717 976 2943 1030 loturam
2969 978 3253 1045 perniciem
3283 987 3580 1047 exspectat.
3616 978 3795 1045 Quam

2195 1076 2361 1117 autem
2388 1065 2521 1118 dabit
2544 1066 2691 1120 homo
2712 1067 3147 1120 commutationem
3166 1085 3259 1137 pro
3284 1071 3455 1122 anima
3474 1086 3567 1123 sua
3590 1070 3617 1123 7
3642 1070 3795 1124 Rur-

2197 1171 2287 1209 sus
2315 1157 2505 1211 eadem
2539 1158 2589 1211 in
2614 1173 2673 1212 re
2699 1158 2913 1212 insistit.
2943 1158 3077 1212 Num
3109 1159 3290 1225 aliam,
3320 1161 3508 1230 inquit,
3532 1162 3784 1216 animam

2200 1248 2364 1303 habes
2392 1290 2405 1311 ,
2451 1264 2607 1318 quam
2649 1248 2744 1302 des
2788 1264 2885 1318 pro
2914 1250 3087 1303 anima
3117 1250 3242 1302 tua?
3284 1249 3540 1304 Pecunias
3566 1251 3714 1305 enim
3743 1251 3794 1305 si

2202 1337 2521 1407 perdideris,
2537 1338 2665 1392 alias
2684 1354 2783 1407 pro
2794 1338 3003 1392 amissis
3019 1349 3168 1407 potes
3185 1339 3464 1408 supplere;
3482 1341 3723 1411 itemque
3745 1341 3797 1395 si

2200 1430 2433 1494 domum,
2460 1431 2504 1484 si
2522 1432 2785 1497 servos,si
2798 1414 3038 1501 quamvis
3054 1431 3207 1484 aliam
3224 1432 3616 1500 possessionem
3637 1452 3649 1484 :
3670 1431 3796 1486 ani-

2201 1538 2343 1578 mum
2374 1538 2501 1579 vero
2527 1524 2570 1577 si
2599 1525 2910 1592 perdideris,
2940 1524 3094 1576 aliam
3122 1538 3235 1577 non-
3270 1524 3469 1592 poteris
3500 1523 3634 1578 dare
3672 1525 3793 1578 ani-

2205 1629 2343 1667 mant
2368 1632 2379 1666 :
2409 1615 2503 1669 sed
2527 1616 2730 1670 etiamsi
2750 1615 3003 1668 mundum
3033 1614 3253 1682 habeas,
3281 1616 3488 1671 etiamsi
3518 1632 3611 1669 rex
3643 1617 3797 1669 orbis

2203 1707 2420 1771 sis,nec
2447 1706 2489 1759 si
2516 1707 2693 1760 omnia
2718 1721 2835 1775 quae
2864 1707 2916 1758 in
2939 1706 3066 1759 urbe
3096 1714 3240 1771 sunt,
3275 1706 3381 1759 imo
3406 1721 3503 1761 ueo
3528 1707 3570 1761 si
3613 1709 3797 1776 ipsum

2205 1798 2390 1852 orbem
2423 1814 2668 1867 poneres,
2710 1814 2893 1867 posses
2916 1798 2997 1851 vel
3040 1798 3273 1851 animam
3304 1815 3461 1853 unam
3498 1799 3795 1855 redimere.

2208 1887 2407 1957 Ecquid
2438 1889 2627 1942 mirum
2675 1889 2719 1942 si
2744 1889 2794 1941 iu
2822 1888 2998 1941 anima
3029 1889 3101 1942 ita
3129 1890 3217 1954 sit,
3254 1905 3373 1943 cum
3402 1900 3457 1944 et
3481 1892 3532 1944 iu
3563 1907 3799 1960 corpore

2209 1977 2435 2047 idipsum
2468 1979 2772 2049 perspicere
2817 1978 3015 2033 liceat?
3042 1979 3260 2033 Etiamsi
3303 1980 3447 2036 mille
3487 1981 3801 2036 diademati.

2210 2070 2311 2124 bus
2359 2071 2637 2141 insignitus
2667 2086 2843 2137 esses,
2883 2072 2926 2125 si
2975 2088 3169 2141 corpus
3215 2070 3442 2128 haberes
3487 2074 3797 2130 morbidum

2210 2171 2267 2216 et
2309 2163 2600 2217 iucurabile
2622 2206 2636 2227 ,
2667 2177 2770 2217 non
2799 2178 2985 2233 posses
3009 2205 3022 2227 ,
3057 2172 3168 2218 toto
3195 2179 3361 2234 regno
3404 2165 3457 2218 in
3484 2166 3796 2221 mercedem

2210 2253 2336 2307 dato
2362 2296 2379 2320 ,
2434 2255 2713 2309 sanitatem
2762 2257 3001 2324 corporis
3048 2256 3360 2322 restituere,
3400 2258 3606 2312 etiamsi
3648 2259 3800 2316 mille

2211 2361 2431 2415 corpora
2472 2346 2750 2415 adjiceres,
2782 2350 2943 2402 urbes
2995 2357 3154 2417 atque
3199 2351 3473 2419 pecunias.
3513 2351 3601 2405 Sic
3631 2353 3800 2410 etiam

2214 2440 2280 2491 de
2309 2439 2482 2491 anima
2533 2439 2741 2508 cogita;
2789 2438 2897 2493 imo
2936 2440 3102 2494 multo
3129 2442 3297 2511 magis
3325 2441 3395 2497 de
3436 2441 3632 2507 anima,
3673 2458 3801 2498 om-

2215 2532 2476 2601 nibusque
2517 2531 2634 2587 aliis
2678 2531 2917 2598 relictis,
2945 2548 3161 2601 operam
3193 2541 3358 2588 totam
3394 2536 3445 2588 in
3477 2536 3618 2590 illam
3664 2550 3800 2591 con-

2217 2622 2376 2675 feras.

2287 2714 2341 2767 4.
2366 2712 2447 2767 Ad
2462 2730 2545 2768 eos
2566 2714 2651 2783 qui
2678 2713 2891 2768 salutem
2913 2716 3098 2769 anima:
3118 2717 3392 2789 negligant.
3424 2718 3597 2773 Gloria
3617 2722 3809 2775 et'sub-

2218 2805 2403 2857 stantia
2439 2821 2539 2857 una
2570 2804 2744 2859 Patris
2789 2816 2833 2859 et
2881 2805 3025 2860 Filii.
3060 2808 3224 2863 —Ne
3273 2809 3449 2879 itaque
3490 2810 3558 2865 de
3604 2811 3800 2866 alienis

2219 2896 2512 2961 sollicitus,
2563 2898 2787 2966 teipsum
2826 2907 2881 2953 et
2926 2909 3012 2954 tua
3064 2900 3417 2971 negligas:id
3465 2904 3603 2972 quod
3659 2919 3803 2959 nunc

2220 3000 2407 3041 omnes
2447 2985 2653 3041 faciunt
2675 3029 2692 3053 ,
2729 2989 2931 3043 similes
2962 2990 3026 3044 iis
3055 2992 3145 3060 qui
3179 2993 3232 3045 in
3262 2994 3494 3047 metallis
3521 2995 3802 3062 laborant,

2221 3078 2310 3147 qui
2343 3076 2470 3131 nihil
2500 3078 2739 3132 utilitatis
2766 3080 2849 3133 vel
2878 3079 3176 3134 divitiarum
3216 3096 3282 3135 ex
3322 3081 3423 3138 hoc
3461 3083 3642 3139 labore
3679 3100 3803 3139 cars

2223 3177 2349 3235 punt
2384 3184 2398 3232 ;
2430 3167 2523 3221 sed
2552 3168 2774 3222 multum
2803 3169 3129 3237 detrimenti,
3158 3173 3407 3241 quoniam
3436 3173 3625 3228 frustra
3660 3177 3802 3245 peri-

2222 3260 2471 3312 clitantur
2499 3269 2549 3313 et
2580 3275 2678 3328 pro
2708 3261 2828 3315 aliis
2859 3262 3239 3329 periclitantur,
3270 3264 3401 3318 nihil
3431 3282 3497 3320 ex
3522 3266 3804 3323 sudoribus

2224 3361 2278 3405 et
2302 3368 2367 3406 ex
2398 3360 2570 3407 morte
2589 3393 2605 3418 ,
2644 3369 2803 3423 quam
2832 3354 3142 3424 plerumque
3167 3356 3396 3419 obeunt,
3432 3358 3633 3412 fructus
3663 3360 3805 3414 rele-

2225 3455 2425 3497 rentes.
2473 3444 2579 3501 Hos
2623 3444 2775 3498 multi
2822 3460 2963 3500 nunc
3008 3446 3298 3509 imitantur,
3332 3449 3419 3517 qui
3449 3450 3565 3502 aliis
3594 3451 3805 3506 divitias

2226 3543 2496 3605 qttmrunt;
2545 3535 2655 3589 imo
2696 3535 2778 3588 his
2806 3536 3111 3590 miseriores
3133 3546 3277 3603 sunt,
3309 3539 3447 3608 quod
3479 3551 3597 3609 post
3624 3551 3698 3594 tet
3724 3542 3806 3595 la-

2228 3624 2385 3679 bores
2428 3626 2671 3694 gehenna
2724 3638 2819 3680 nos
2860 3635 3151 3696 exspectet.
3206 3626 3312 3683 Illis
3361 3631 3503 3684 enim
3553 3631 3806 3687 sudorum

2229 3715 2387 3770 linem
2414 3730 2561 3770 mors
2591 3715 2781 3771 alfert:
2811 3716 2962 3770 nobis
2995 3726 3169 3773 autem
3212 3718 3417 3774 initium
3460 3721 3607 3777 mille
3638 3722 3810 3776 malo‘

2228 3822 2345 3861 rum
2375 3820 2519 3861 mors
2546 3815 2649 3860 est.
2681 3805 2832 3873 Quod
2862 3807 2904 3861 si
2937 3806 3110 3873 dicas,
3145 3818 3198 3863 te
3223 3809 3438 3864 divitem
3469 3813 3572 3865 tuis
3598 3811 3698 3866 frui
3728 3814 3801 3866 la-

2230 3897 2447 3951 boribus
2468 3937 2485 3962 ,
2514 3896 2738 3951 ostende
2767 3897 3000 3952 animam
3036 3898 3209 3952 laetam
3238 3909 3292 3954 et
3320 3900 3536 3955 hilarem
3558 3943 3572 3967 ,
3606 3913 3661 3957 et
3686 3913 3810 3963 tunc

2232 3989 2283 4044 id
2307 3990 2545 4045 credam.
2573 3990 2821 4046 Omnium
2862 3992 3055 4062 quippe
3093 4009 3211 4063 qua:
3247 3994 3297 4047 in
3342 3994 3494 4048 nobis
3519 4004 3643 4049 sunt
3666 3997 3810 4065 prin-

2231 4096 2358 4152 ceps
2386 4092 2466 4138 est
2505 4084 2680 4136 anima
2707 4101 2720 4136 :
2750 4083 2890 4153 quod
2929 4084 2973 4137 si
3000 4098 3197 4152 corpus
3238 4085 3325 4139 illa
3356 4086 3665 4142 tabescente
3694 4088 3811 4155 pin-

2232 4176 2470 4245 guescit,
2500 4175 2629 4230 nihil
2662 4176 2751 4231 tibi
2785 4175 3030 4230 utilitatis
3070 4175 3229 4228 affert
3284 4174 3369 4228 illa
3423 4175 3750 4235 abundantia
3792 4196 3805 4236 :

2233 4268 2368 4321 sicut
2393 4268 2535 4321 enim
2565 4268 2757 4322 ancilla
2789 4267 3021 4333 laetante,
3049 4267 3180 4320 nihil
3205 4266 3270 4320 ad
3297 4266 3479 4322 heram
3506 4280 3809 4338 pereuntem

2234 4358 2444 4412 ancilla)
2487 4359 2814 4427 prosperitas
2856 4356 3043 4423 affert,
3075 4372 3174 4411 nec
3201 4357 3326 4427 quid
3356 4344 3563 4412 confert
3590 4362 3809 4415 vestium

2234 4461 2452 4504 ornatus
2480 4449 2547 4503 ad
2575 4450 2750 4504 carnis
2779 4449 3175 4513 inﬁrmitatem;
3208 4447 3303 4503 sed
3329 4464 3538 4503 rursum
3562 4450 3701 4505 dicet
3720 4452 3809 4507 tibi

2235 4541 2476 4595 Christus
2501 4560 2513 4595 :
2545 4540 2707 4605 Quam
2730 4540 2867 4593 dabit
2890 4540 3038 4592 homo
3058 4540 3495 4593 commutationem
3523 4557 3615 4609 pro
3645 4544 3811 4597 anima

2234 4636 2369 4685 sua?
2396 4631 2735 4702 prazcipitque
2762 4630 2857 4685 tibi
2879 4644 3110 4699 semper,
3138 4638 3195 4684 ut
3222 4630 3285 4683 ad
3317 4630 3457 4684 illam
3504 4632 3807 4688 servandam

2236 4723 2496 4785 vei-seris,
2529 4722 2777 4788 illamque
2804 4735 2958 4775 cures
2984 4720 3176 4774 solam.
3212 4720 3497 4789 Postquam
3544 4721 3702 4791 igitur
3729 4722 3808 4779 his

2237 4813 2420 4866 verbis
2445 4819 2707 4866 terrorem
2734 4812 2988 4877 incussit,
3022 4811 3281 4865 bonorum
3312 4812 3668 4881 promissione
3690 4830 3809 4869 eou-

2240 4905 2464 4971 solatur,
2496 4904 2578 4959 his
2602 4905 2780 4959 verbis
2804 4923 2816 4957 :
2839 4905 2927 4958 27.
2972 4902 3140 4958 Filius
3169 4904 3300 4957 enim
3331 4905 3547 4958 [taurinis
3583 4915 3810 4961 venturus

2239 5007 2314 5050 est
2336 4998 2388 5050 in
2421 4995 2588 5067 gloria
2629 4995 2801 5049 Patris
2845 5011 2959 5049 cum
2998 4996 3187 5048 sanctis
3224 4996 3415 5065 angelis
3452 4996 3582 5062 suis,
3627 5007 3671 5050 et
3699 5006 3810 5050 tunc

2238 5091 2411 5144 reddet
2437 5090 2703 5159 unicuique
2724 5088 2997 5142 secundum
3019 5104 3171 5158 opera
3193 5089 3320 5157 ejus.
3348 5087 3535 5143 Viden’
3553 5089 3809 5158 quomodo

2237 5182 2404 5251 gloria
2454 5182 2523 5235 sit
2562 5195 2664 5234 una
2696 5179 2867 5234 Patris
2908 5187 2962 5234 et
3007 5177 3168 5232 Filii?
3211 5178 3361 5244 Quod
3393 5179 3436 5232 si
3475 5179 3643 5249 gloria
3671 5196 3803 5247 una,

2240 5270 2576 5326 titanifestum
2609 5280 2691 5325 est
2716 5270 3068 5324 substantiam
3090 5284 3303 5339 quoque
3320 5284 3478 5323 unam
3510 5284 3648 5325 esse.
3680 5270 3805 5326 Nam

2239 5363 2282 5415 si
2327 5363 2377 5415 in
2408 5361 2702 5415 substantia
2749 5376 2889 5423 una,
2950 5358 3252 5414 dill‘ereutia
3307 5366 3391 5413 est
3442 5359 3627 5428 gloria:
3679 5361 3807 5429 (Alia

2236 5454 2433 5522 quippe
2462 5462 2533 5506 est
2574 5452 2739 5523 gloria
2780 5453 2935 5517 solis,
2976 5452 3078 5504 alia
3106 5451 3269 5521 glaria
3303 5451 3464 5512 luna,
3513 5452 3617 5504 alia
3656 5453 3805 5522 gloria

2237 5545 2496 5599 stellarum
2515 5561 2534 5599 :
2562 5544 2709 5598 stella
2751 5544 2885 5597 enim
2917 5560 2950 5596 a
2982 5544 3130 5597 stella
3153 5542 3324 5609 diﬁcrt
3346 5543 3397 5595 in
3424 5543 3586 5613 gloria
3616 5542 3662 5615 [1
3692 5543 3799 5598 Cor.

2242 5637 2334 5692 15.
2368 5634 2478 5707 il].
2511 5644 2565 5689 et
2596 5644 2770 5688 tamen
2801 5650 2906 5703 una
2938 5643 3019 5687 est
3054 5632 3395 5702 substantia),
3428 5634 3689 5703 quomodo
3718 5651 3801 5688 eo.

2241 5744 2393 5799 rum,
2425 5742 2654 5799 quorum
2684 5726 2851 5797 gloria
2879 5741 2982 5781 una
3013 5734 3114 5795 est,
3137 5724 3434 5780 substantia
3460 5726 3663 5781 diversa
3689 5738 3797 5779 esse
