4088 6224
410 269 511 324 545

401 383 826 440 credatur2Non
850 385 995 440 enim
1035 383 1203 453 dixit,
1256 384 1312 439 In
1353 384 1443 439 tali
1489 385 1657 455 gloria
1694 383 1864 454 qualis
1894 393 1976 439 eSt

408 473 579 532 Patris
606 478 774 546 gloria
795 518 811 542 ,
840 486 898 532 ut
924 476 1211 532 discrimen
1240 492 1361 532 esse
1388 478 1705 549 susgiceris;
1755 477 1847 532 sed
1891 493 1981 532 ac-

403 577 621 632 curate,
656 570 708 623 in
739 569 926 623 eadem
958 569 1100 637 ipsa,
1131 568 1336 638 inquit,
1372 569 1539 637 gloria
1568 570 1789 633 veniet,
1822 570 1891 622 ita
1924 578 1979 622 ut

401 678 505 716 una
546 662 841 731 eademque
883 675 1002 715 esse
1041 661 1290 729 putetur?
1317 660 1451 726 Quid
1480 660 1643 729 igitur
1672 662 1862 725 times,
1894 662 1977 715 in-

399 758 535 822 quit,
560 753 739 819 Petre,
770 753 895 806 dum
921 763 1145 806 mortem
1169 752 1358 805 audis?
1385 751 1535 805 Tunc
1556 756 1695 804 enim
1721 768 1805 806 me
1832 752 1978 807 vide-

400 845 481 899 bis
506 845 557 898 in
588 845 757 914 gloria
790 843 983 897 Patris.
1011 842 1065 896 Si
1091 858 1190 911 ego
1221 843 1275 896 in
1303 842 1469 912 gloria
1491 881 1508 907 ,
1533 852 1587 896 et
1614 856 1709 895 vos
1731 843 1782 895 in
1808 844 1973 912 gloria

398 938 567 991 eritis.
600 937 716 990 Non
744 936 884 990 enim
917 951 1004 990 res
1030 946 1219 990 vestra:
1246 945 1368 989 sunt
1392 937 1672 1004 praesentis
1695 936 1816 989 vitm
1837 936 1975 989 limi-

400 1028 539 1082 tibus
568 1027 985 1095 circumscripta:
1015 1048 1028 1082 :
1057 1026 1150 1081 sed
1177 1027 1276 1081 alia
1305 1042 1422 1081 sors
1462 1027 1650 1080 melior
1691 1041 1787 1080 vos
1824 1028 1969 1080 exei-

398 1122 525 1190 piet.
561 1123 806 1176 Attamen
834 1130 1112 1190 postquam
1145 1120 1281 1173 bona
1307 1120 1393 1173 illa
1422 1119 1577 1184 dixit,
1610 1135 1715 1172 non
1742 1118 1828 1173 hic
1853 1118 1973 1172 sub-

394 1212 550 1274 stitit,
583 1211 678 1266 sed
706 1222 759 1267 et
784 1210 1040 1266 terribilia
1073 1211 1390 1277 admiscuit,
1434 1210 1691 1279 judicium
1739 1210 1866 1265 illud
1916 1210 1968 1264 in

394 1302 624 1356 medium
662 1302 952 1361 adducens,
987 1310 1038 1354 et
1071 1303 1306 1355 rationes
1335 1301 1701 1364 inevitabiles,
1748 1312 1967 1356 senten-

393 1393 517 1446 tiam
557 1394 674 1447 sine
700 1394 803 1446 ulla
832 1392 1168 1461 acceptione,
1192 1392 1450 1462 judicium
1480 1394 1618 1462 quod
1660 1393 1831 1461 decipi
1868 1408 1964 1447 ne-

388 1486 524 1554 quit.
559 1485 740 1554 Neque
766 1495 940 1539 tamen
981 1486 1184 1538 tristem
1225 1486 1350 1539 sivit
1394 1487 1613 1540 omnino
1658 1502 1963 1541 sermonem

389 1589 529 1641 esse,
558 1575 652 1630 sed
683 1576 875 1629 bonam
907 1589 1056 1643 spem
1084 1574 1386 1629 admiscuit.
1414 1575 1597 1646 Neque
1623 1577 1768 1630 enim
1795 1576 1959 1641 dixit,

387 1666 539 1721 Tune
570 1675 875 1736 peccatores
903 1667 1115 1736 puniet,
1166 1668 1259 1721 sed
1281 1708 1295 1730 ,
1340 1668 1533 1721 Reddet
1574 1669 1842 1737 unicuique
1879 1684 1962 1721 se-

382 1758 606 1812 cundum
632 1775 785 1828 opera
805 1775 916 1811 sua.
950 1758 1060 1812 Hoc
1087 1771 1244 1827 porro
1267 1759 1402 1812 dixit
1430 1773 1532 1813 non
1564 1758 1721 1812 modo
1749 1768 1808 1811 ut
1834 1772 1961 1827 pec—

381 1850 655 1903 catoribus
701 1849 943 1917 supplicii
986 1850 1296 1903 memoriam
1343 1862 1649 1913 revocaret,
1679 1851 1771 1905 sed
1797 1852 1957 1904 etiam

382 1948 442 1990 ut
469 1939 570 2006 piis
596 1938 901 1990 braviorum
931 1948 983 1991 et
1006 1954 1345 1993 coronarum.
1377 1940 1482 1994 Sed
1510 1942 1599 1995 ille
1625 1942 1869 2011 quidem,
1903 1952 1959 1996 ut

382 2027 555 2081 bonos
600 2027 743 2081 viros
790 2040 1094 2095 recrearet,
1154 2031 1268 2085 haec
1309 2031 1470 2089 dixit:
1502 2046 1601 2102 ego
1627 2044 1802 2087 autem
1829 2048 1948 2103 per-

381 2122 637 2175 horresco
659 2136 874 2189 semper
910 2122 1034 2175 dum
1064 2123 1177 2176 lucc
1203 2123 1361 2177 audio
1390 2139 1535 2178 :-non
1567 2140 1684 2178 sum
1714 2128 1855 2179 enim
1887 2126 1954 2180 de

376 2227 602 2265 numero
630 2214 1070 2268 coronandorum.
1121 2216 1255 2270 Puto
1280 2225 1456 2269 autem
1484 2216 1619 2271 alios
1645 2232 1765 2272 esse
1794 2218 1950 2286 hujus

374 2302 580 2355 timoris
608 2312 660 2355 et
686 2304 943 2371 angustiae
972 2304 1123 2359 nobis
1149 2316 1446 2359 consortes.
1478 2306 1644 2374 Quem
1674 2310 1816 2362 enim
1841 2324 1946 2363 non

371 2405 590 2463 possent
634 2394 747 2449 haec
783 2397 941 2449 verba
973 2407 1174 2452 terrere
1196 2440 1211 2463 ,
1258 2400 1301 2451 si
1334 2399 1386 2452 in
1418 2400 1802 2455 conscientiam
1830 2401 1945 2470 ejus

368 2488 740 2553 immittuntur,
768 2503 924 2558 quem
969 2504 1072 2543 non
1117 2492 1167 2544 in
1218 2490 1494 2546 horrorem
1547 2492 1839 2557 inducere,
1871 2494 1941 2547 ita

366 2588 425 2633 ut
470 2595 778 2648 persuasum
818 2580 1035 2648 habeat,
1080 2583 1234 2638 nobis
1278 2598 1436 2638 sacco
1463 2595 1516 2639 et
1555 2585 1713 2656 longo
1736 2586 1942 2654 jejunio

364 2688 496 2738 upus
518 2687 637 2728 esse
660 2676 825 2744 magis
848 2690 1003 2744 quam
1028 2678 1224 2745 populo
1249 2675 1637 2730 Ninivitarum?
1660 2676 1772 2731 Non
1796 2679 1937 2732 enim

360 2762 428 2817 de
456 2764 602 2818 urbis
643 2766 921 2820 eversione
970 2777 1023 2821 et
1069 2767 1135 2821 de
1178 2768 1445 2821 communi
1501 2768 1712 2822 interitu
1762 2784 1938 2823 sermo

360 2856 515 2910 nobis
542 2862 656 2920 est,
691 2856 782 2911 sed
811 2856 877 2911 de
906 2858 1165 2929 supplicio
1191 2868 1412 2923 aeterno,
1436 2857 1502 2913 de
1525 2845 1645 2929 igne
1673 2861 1761 2929 qui
1784 2874 1937 2913 num-

357 2964 514 3019 quam
547 2950 917 3020 exstinguitur.

426 3041 480 3095 5.
515 3039 880 3095 Monac/torum
922 3044 1033 3098 laus
1063 3054 1109 3098 et
1141 3045 1254 3098 vita
1281 3062 1456 3116 genus.
1483 3074 1555 3086 -—
1579 3045 1704 3101 Ideo
1747 3060 1932 3100 mona-

354 3132 504 3194 chos.
532 3133 620 3201 qui
649 3133 856 3188 deserta
887 3145 1235 3204 occuparunt,
1265 3136 1423 3191 laudo
1451 3148 1503 3191 et
1532 3138 1786 3201 admiror,
1820 3146 1927 3190 tum

353 3222 470 3276 aliis
496 3223 563 3277 de
589 3224 783 3285 causis,
813 3233 927 3278 tum
956 3236 1176 3295 propter
1198 3227 1309 3281 haec
1337 3227 1517 3280 verba.
1548 3226 1676 3280 Nam
1710 3228 1782 3280 illi
1810 3234 1929 3296 post

353 3315 631 3381 prandium
656 3357 669 3378 ,
700 3316 806 3371 imo
835 3332 964 3371 vero
996 3327 1118 3386 post
1148 3333 1354 3372 caenam
1379 3358 1393 3379 ,
1424 3318 1703 3386 prandium
1732 3319 1927 3386 quippe

262 3432 263 3435 η
350 3422 455 3461 non
488 3418 714 3472 norunt;
738 3410 912 3463 sciunt
940 3411 1079 3464 enim
1110 3425 1345 3479 praesens
1372 3420 1579 3479 tempus
1609 3424 1725 3463 esse
1754 3411 1925 3465 luctus

348 3514 408 3552 ac
431 3498 616 3567 jejunii
652 3520 663 3552 :
698 3510 815 3568 post
839 3515 1046 3554 cmnam
1077 3501 1234 3570 igitur
1255 3502 1453 3571 gratias
1480 3502 1587 3555 Deo
1608 3500 1921 3565 referentes,
2008 3562 2011 3565 ὗ

348 3588 486 3643 hanc
538 3601 837 3645 memorant
886 3608 1095 3647 vorem.
1160 3593 1215 3647 Si
1271 3594 1428 3647 vultis
1478 3602 1656 3646 autem
1712 3593 1920 3645 illorum

347 3680 602 3750 hymnum
649 3680 867 3744 audire,
913 3690 972 3734 ut
1008 3682 1153 3735 illum
1192 3698 1291 3737 vos
1323 3682 1626 3750 frequenter
1649 3683 1882 3735 recitetis
1905 3722 1920 3746 ,

344 3780 512 3824 totum
546 3770 695 3825 vobis
718 3771 946 3825 referam
977 3774 1212 3841 ipsorum
1236 3788 1446 3827 sacrum
1470 3774 1756 3835 canticum,
1780 3772 1919 3840 quod

341 3862 419 3915 sic
464 3861 621 3914 habet
648 3880 660 3915 :
686 3861 980 3915 Benedictus
1014 3863 1177 3927 Deus,
1205 3864 1288 3932 qui
1320 3864 1484 3929 pascis
1510 3878 1587 3915 me
1606 3880 1637 3914 a
1655 3864 1921 3933 juventute

340 3969 450 4005 mea
471 3953 600 4021 ',qui
626 3953 717 4006 das
740 3969 906 4007 escam
932 3955 1066 4007 omni
1089 3956 1228 4006 carni
1250 3970 1269 4007 :
1291 3954 1445 4021 imple
1465 3954 1652 4023 gaudio
1677 3964 1723 4005 et
1745 3953 1919 4006 lartitia

339 4059 427 4096 cor
452 4053 678 4096 nostrum
699 4085 712 4107 ,
743 4054 797 4097 ut
831 4061 1024 4113 semper
1048 4062 1243 4099 omnem
1271 4046 1614 4115 suﬁ'icientiam
1643 4046 1877 4098 habentes
1897 4086 1913 4110 ,

338 4132 650 4187 abundamus
674 4135 724 4187 in
746 4151 893 4189 omne
913 4153 1038 4204 opus
1059 4137 1240 4191 bonum
1259 4138 1312 4191 iu
1337 4137 1534 4190 Christo
1553 4136 1583 4189 J
1592 4153 1676 4189 esu
1700 4135 1916 4189 Domino

338 4235 511 4277 nostra
530 4266 543 4289 ,
569 4226 768 4293 quicum
790 4226 878 4279 tibi
900 4228 1084 4297 gloria,
1114 4229 1292 4295 Itonos,
1318 4229 1583 4297 imperium
1606 4244 1718 4280 cum
1741 4236 1915 4281 sancto

339 4316 538 4386 Spiritu
565 4317 617 4369 in
650 4319 855 4371 sarcula.
888 4317 1066 4372 Amen.
1104 4318 1279 4372 Gloria
1308 4320 1397 4371 tibi
1422 4360 1436 4380 ,
1480 4318 1725 4382 Domine,
1752 4319 1915 4388 gloria

338 4411 449 4472 tibi,
480 4420 650 4463 sancte
669 4453 682 4475 ,
709 4412 875 4481 gloria
897 4411 986 4464 tibi
1004 4453 1019 4477 ,
1044 4428 1135 4465 rea:
1155 4454 1168 4476 ,
1201 4414 1317 4482 quia
1346 4411 1525 4465 dedisti
1546 4412 1685 4465 nobis
1704 4412 1839 4464 cibos
1859 4412 1914 4464 in

336 4502 587 4555 ltvtitiam.
621 4501 784 4573 Imple
825 4519 916 4556 nos
957 4503 1154 4572 Spiritu
1194 4514 1400 4569 sancto,
1439 4517 1490 4556 ut
1528 4505 1913 4557 inseniamuriu

334 4604 605 4659 conspectu
626 4602 710 4645 tuo
732 4593 1058 4662 acceptabiles
1079 4636 1093 4659 ,
1132 4610 1224 4647 nec
1252 4595 1445 4661 pudore
1478 4595 1773 4664 afﬁciantur,
1800 4612 1915 4648 cum

334 4682 516 4734 reddes
538 4683 804 4751 unicuique
818 4684 1092 4737 secundum
1119 4702 1272 4754 opera
1292 4702 1406 4738 sua.
1450 4685 1544 4739 Hic
1577 4685 1806 4757 hymnus
1834 4696 1913 4740 to-

335 4782 423 4825 tus
442 4772 778 4828 admirationi
816 4791 938 4830 esse
978 4776 1156 4839 debet,
1201 4778 1428 4831 maxime
1468 4794 1595 4832 vero
1627 4780 1744 4831 finis
1774 4779 1910 4847 ejus.

332 4865 468 4930 Quia
498 4867 641 4920 enim
675 4874 855 4922 mensa
878 4881 931 4922 et
950 4870 1101 4923 cibus
1128 4869 1327 4924 elfusos
1350 4870 1519 4924 reddit
1547 4880 1600 4925 et
1626 4881 1909 4941 aggravat,

333 4957 440 5011 huc
480 4958 678 5011 dictum
711 4961 859 5026 quasi
892 4958 1100 5014 frenum
1131 4961 1397 5029 quoddam
1429 4963 1621 5015 anima:
1650 4976 1913 5031 apposue-

330 5052 455 5095 runt
486 5042 586 5095 hoc
616 5042 813 5095 lmtitize
845 5054 1083 5111 tempore
1104 5086 1119 5105 ,
1164 5060 1285 5099 cum
1324 5044 1510 5111 judicii
1541 5044 1681 5099 diem
1715 5046 1765 5099 iu
1796 5061 1909 5101 me-

331 5134 561 5186 moriam
592 5145 860 5189 revocant.
895 5135 1201 5190 Didicerunt
1241 5138 1382 5191 enim
1424 5137 1568 5206 quod
1612 5153 1800 5208 passus
1829 5147 1911 5192 est

332 5223 647 5291 Israelpost
676 5225 870 5278 lautam
906 5242 1141 5281 mens-am
1169 5247 1181 5281 :
1214 5228 1439 5281 Comedit
1474 5231 1613 5283 enim
1638 5270 1654 5293 ,
1703 5231 1906 5300 inquit,

326 5324 375 5367 et
398 5315 707 5367 incrussatus
726 5325 821 5380 est,
845 5327 889 5368 et
910 5317 1239 5370 recalcitruvit
1260 5318 1471 5371 dilectus
1488 5318 1664 5389 (Deut.
1683 5321 1770 5374 52.
1797 5321 1907 5391 15).

329 5405 538 5459 Idcirco
575 5404 707 5459 dixit
737 5406 979 5477 Moyses:
1013 5405 1138 5460 Cum
1174 5409 1551 5463 manducaveris
1575 5422 1619 5462 et
1645 5411 1822 5464 biberis
1863 5422 1910 5465 et

320 5504 602 5548 saturatus
615 5497 796 5567 fueris,
822 5507 1063 5551 memento
1084 5497 1289 5552 Domini
1309 5497 1406 5552 Dei
1427 5503 1499 5554 tui
1524 5501 1698 5572 (Deut.
1723 5504 1775 5558 6.
1797 5503 1904 5573 il).

393 5679 413 5712 ⁸
443 5674 595 5738 Unus,
618 5680 699 5740 qui
720 5680 877 5740 pascis
900 5692 984 5729 uos
1003 5693 1033 5728 a
1046 5683 1293 5739 Iuventius
1315 5685 1495 5731 nostra.

1430 265 1499 323 IN
1535 262 1936 323 MATTII/EUM
1974 262 2208 324 HOMIL.
2250 271 2361 328 LV.
2401 275 2473 331 al.
2514 277 2640 335 LVI.

3558 295 3660 356 διδ

2088 381 2216 438 Post
2259 402 2496 443 mensam
2541 392 2684 447 enim
2734 393 3061 465 iniquissima
3107 392 3222 457 ausi
3268 403 3493 461 fuerant.
3520 408 3665 466 Cave

2086 475 2246 546 igitur
2272 483 2432 535 etiam
2467 492 2520 537 tu
2550 501 2618 540 ne
2643 487 2818 542 simile
2845 492 2968 559 quid
2997 495 3235 562 patiaris.
3269 497 3489 554 Etiamsi
3518 503 3662 557 enim

2085 583 2184 622 nec
2216 571 2406 639 lapidi,
2456 590 2553 629 nec
2586 590 2716 631 auro
2761 594 2891 635 oves
2935 594 2989 636 et
3032 584 3227 641 vitulos
3272 589 3659 658 immolaveris,

2084 674 2213 714 cave
2240 678 2307 716 ne
2332 663 2424 718 irze
2460 665 2704 723 immoles
2738 672 2967 726 animam
3010 683 3175 741 tuam,
3213 694 3284 733 ne
3322 679 3659 737 fornicationi

2082 751 2329 808 immoles
2372 758 2594 812 salutem
2644 770 2784 815 tuam
2811 803 2826 827 ,
2868 780 3000 820 neve
3038 768 3157 824 aliis
3204 771 3467 826 similibus
3495 775 3657 829 animi

2081 845 2300 899 morbis.
2337 847 2446 903 Hac
2467 852 2607 904 enim
2638 853 2799 907 etiam
2828 855 2895 911 de
2924 872 3085 912 causa
3114 862 3358 917 monachi
3388 864 3499 919 haec
3524 880 3658 934 pra:-

2078 934 2255 1002 cipitia
2306 948 2632 1005 metuentes,
2702 954 2981 1012 postquam
3036 964 3256 1015 mensa,
3316 954 3421 1007 imo
3481 957 3654 1024 potius

2072 1022 2279 1092 jejunio
2340 1030 2419 1081 usi
2473 1041 2597 1084 sunt
2647 1030 2803 1103 (nam
2863 1051 3046 1090 mensa
3102 1039 3334 1107 ipsorum
3390 1022 3650 1113 jejunium

2075 1116 2219 1183 cst),
2267 1120 2528 1173 tremendi
2566 1121 2748 1189 judicii
2789 1140 2851 1178 ac
2893 1125 2996 1180 diei
3039 1127 3176 1182 illius
3222 1134 3533 1187 memoriam
3567 1151 3654 1190 re-

2075 1216 2281 1261 vocant.
2328 1208 2381 1262 Si
2422 1220 2597 1264 autem
2633 1212 2743 1278 illi,
2782 1215 2872 1283 qui
2916 1215 3168 1284 jejuniia,
3192 1221 3540 1288 chameuniis,
3572 1226 3650 1279 vi-

2070 1296 2230 1364 giliis,
2263 1314 2418 1353 sacco
2447 1309 2500 1353 et
2532 1301 2822 1357 innumeris
2861 1306 2980 1360 aliis
3023 1322 3145 1362 sese
3192 1322 3500 1375 macerant,
3544 1314 3643 1368 hac

2072 1394 2247 1441 tamen
2291 1390 2659 1447 admonitione
2686 1394 2959 1464 indigent:
2990 1399 3202 1467 quando
3229 1402 3516 1468 poterimus
3547 1420 3644 1459 nos

2070 1478 2341 1533 moderate
2365 1482 2543 1536 vivere
2566 1524 2580 1548 ,
2612 1484 2699 1552 qui
2731 1500 2942 1539 mensas
2967 1503 3287 1557 apparamus
3326 1493 3469 1547 mille
3507 1510 3641 1548 nau-

2068 1565 2245 1635 fragiis
2274 1580 2495 1625 onustas
2516 1612 2531 1636 ,
2564 1588 2737 1641 neque
2763 1577 2983 1631 omnino
3006 1595 3283 1647 precamur
3306 1583 3391 1636 vel
3415 1585 3468 1638 in
3496 1587 3641 1654 prin-

2065 1657 2205 1726 cipio
2240 1660 2324 1713 vel
2366 1661 2416 1714 in
2466 1663 2612 1717 line?
2652 1665 2854 1720 Idcirco
2883 1678 2939 1722 ut
2968 1672 3238 1742 naufragia
3269 1674 3354 1727 illa
3376 1676 3639 1733 dissolva-

2065 1763 2221 1815 mus,
2266 1751 2518 1819 hymnum
2574 1756 2719 1809 illum
2770 1757 2820 1811 in
2868 1760 3099 1814 medium
3136 1764 3491 1832 adducentes,
3543 1786 3637 1825 ex-

2064 1841 2319 1909 plicemus
2356 1846 2553 1912 omnia,
2578 1856 2635 1901 ut
2674 1850 2795 1917 quid
2827 1852 2957 1905 lucri
2982 1855 3282 1909 commodet
3309 1860 3637 1916 animadver-

2063 1941 2271 2000 tentes,
2321 1938 2625 2007 frequenter
2654 1941 2801 1995 illum
2852 1943 2905 1997 in
2952 1960 3135 2001 mensa
3182 1962 3472 2015 canamus,
3508 1969 3634 2008 vcn-

2062 2024 2261 2094 trisque
2305 2027 2532 2081 insultus
2573 2030 2927 2099 reprimamus
2946 2074 2962 2098 ,
2990 2045 3147 2104 atque
3174 2053 3352 2094 mores
3382 2040 3631 2112 legesque

2056 2118 2363 2188 angelorum
2394 2121 2601 2175 illorum
2630 2124 2679 2176 in
2712 2123 2901 2178 domos
2930 2138 3141 2183 nostras
3172 2130 3502 2189 inducamus.
3528 2137 3631 2191 Par

2054 2219 2199 2263 certe
2242 2210 2459 2275 fuisset,
2494 2220 2548 2265 ut
2576 2212 2664 2267 illo
2694 2218 2788 2267 vos
2824 2217 3160 2272 conferentes
3191 2221 3329 2275 hunc
3360 2224 3628 2281 referrctis

2052 2298 2308 2354 fructum:
2331 2302 2422 2355 sed
2447 2305 2569 2372 quia
2601 2304 2649 2357 id
2677 2320 2779 2359 non
2804 2308 2982 2371 vultis,
3003 2312 3175 2363 verbis
3206 2312 3393 2368 saltem
3430 2320 3626 2373 nostris

2050 2393 2185 2448 hanc
2200 2396 2525 2464 spiritualem
2541 2398 2822 2453 melodiam
2838 2401 3037 2467 audite,
3051 2417 3113 2457 ac
3135 2404 3324 2474 singuli
3342 2417 3455 2474 post
3473 2424 3622 2462 men-

2046 2500 2161 2539 sam
2213 2487 2324 2541 hzee
2359 2488 2518 2543 verba
2546 2489 2814 2557 referant,
2846 2493 2924 2547 sic
2952 2495 3059 2548 orsi
3087 2513 3100 2548 :
3125 2494 3429 2551 Benedictus
3458 2498 3618 2555 Deus.

2048 2576 2405 2644 Apostolicam
2431 2580 2625 2648 quippe
2644 2580 2810 2649 legem
2834 2582 3010 2636 statim
3036 2583 3366 2656 implentqua
3385 2588 3619 2656 jubetur:

2047 2664 2405 2736 Quodcumque
2436 2670 2714 2723 fecerimus
2741 2671 2793 2724 in
2824 2672 2969 2725 verba
3034 2683 3081 2727 et
3119 2692 3295 2745 opere,
3340 2679 3394 2732 in
3420 2682 3621 2734 nomine

2045 2754 2249 2809 Domini
2282 2759 2439 2809 nostri
2474 2759 2600 2811 Iesu
2641 2758 2828 2812 Christi
2870 2761 3150 2831 faciamus,
3185 2767 3378 2834 gratias
3407 2780 3611 2838 agentes

2039 2840 2148 2896 Deo
2194 2854 2239 2896 et
2286 2843 2433 2897 Patri
2477 2862 2567 2914 per
2612 2848 2777 2915 ipsum
2827 2847 3043 2918 (Coloss.
3083 2851 3136 2905 '5.
3181 2854 3294 2922 i7).
3326 2856 3525 2911 Deinde
3556 2869 3613 2911 ut

2034 2933 2321 3003 gratiarum
2367 2936 2507 2990 actio
2551 2952 2655 2991 non
2707 2953 2801 3006 pro
2844 2940 2935 2994 illo
2976 2940 3092 2995 solo
3132 2941 3223 2998 die
3260 2944 3363 3010 sit,
3394 2946 3486 3001 sed
3518 2964 3613 3017 pro

2036 3034 2145 3080 tota
2172 3028 2274 3080 vita
2297 3068 2313 3093 ,
2344 3027 2535 3082 dicitur
2560 3045 2573 3081 :
2603 3028 2704 3094 Qui
2727 3030 2891 3097 pascis
2915 3047 2992 3084 me
3012 3049 3042 3084 a
3054 3033 3315 3103 juventute
3335 3053 3463 3089 mea.
3489 3036 3612 3093 llaec

2033 3134 2245 3189 quoque
2271 3119 2510 3175 doctrina
2544 3122 2908 3191 philosophica
2937 3139 3036 3178 εει.
3062 3126 3170 3180 Deo
3193 3128 3387 3196 quippe
3410 3131 3606 3196 alente,

2032 3229 2138 3268 non
2188 3216 2475 3270 Sollicitum
2522 3232 2641 3271 esse
2687 3228 2919 3286 Oportet.
2968 3220 3099 3274 Nam
3131 3222 3177 3276 si
3205 3238 3328 3292 rege
3359 3225 3449 3279 tibi
3484 3241 3608 3293 pro-

2032 3306 2315 3369 mittente,
2349 3321 2406 3359 se
2449 3306 2541 3360 tibi
2583 3308 2948 3376 quotidianum
2990 3309 3164 3363 cibum
3215 3327 3278 3365 ex
3328 3327 3421 3365 sua
3467 3330 3605 3382 penu

2029 3396 2481 3465 suppeditaturmn
2504 3412 2639 3462 esse,
2664 3399 2963 3455 confideres
2987 3403 3196 3471 utique:
3222 3406 3388 3459 multo
3415 3408 3603 3474 magis,

2028 3487 2073 3540 si
2101 3487 2239 3540 Deus
2263 3496 2496 3555 praibeat
2522 3530 2537 3554 ,
2565 3499 2618 3543 et
2643 3490 2821 3543 omnia
2851 3490 2941 3546 tibi
2970 3493 3116 3561 quasi
3146 3509 3211 3547 ex
3244 3493 3389 3548 fonte
3416 3494 3600 3561 ﬂuant,

2027 3576 2169 3630 omni
2215 3577 2577 3632 sollicitudine
2616 3594 2835 3633 vacuum
2882 3596 3002 3634 esse
3045 3580 3276 3651 Oportet.
3312 3584 3433 3639 Ideo
3460 3590 3602 3641 enim

2026 3665 2141 3718 btet:
2166 3665 2367 3726 dicunt,
2396 3676 2451 3717 ut
2474 3677 2529 3720 et
2556 3668 2762 3734 seipsos
2789 3678 2842 3721 et
2866 3669 3154 3738 discipulos
3180 3673 3243 3724 ad
3272 3690 3484 3728 omnem
3510 3690 3604 3729 cu-

2026 3772 2142 3811 ram
2168 3765 2224 3809 et
2255 3756 2669 3810 sollicitudinem
2712 3759 3011 3826 ponendam
3056 3762 3326 3816 inducant:
3370 3765 3598 3830 Deinde,

2025 3862 2094 3900 ne
2122 3855 2303 3914 putes,
2357 3846 2501 3914 ipsos
2545 3861 2641 3914 pro
2670 3861 2728 3900 se
2757 3856 2959 3901 tantum
3007 3848 3144 3904 hanc
3179 3855 3466 3921 gratiarum
3508 3872 3601 3909 ac-

2025 3940 2222 3993 tionem
2250 3937 2469 4000 referre,
2493 3938 2839 4009 subjungunt.
2868 3940 2967 4005 Qui
2987 3942 3073 3993 dat
3094 3959 3258 3996 escam
3281 3948 3416 3998 omni
3435 3950 3597 4015 carui,

2022 4045 2118 4100 pro
2143 4039 2252 4084 toto
2278 4029 2407 4084 orbe
2439 4031 2535 4100 ipsi
2562 4032 2758 4100 gratias
2787 4043 3038 4100 agentes;
3069 4042 3120 4089 et
3146 4036 3293 4103 quasi
3315 4039 3460 4094 orbis
3485 4041 3600 4094 uni-

2021 4121 2160 4176 versi
2188 4132 2397 4190 patres,
2429 4123 2506 4176 sic
2530 4138 2624 4191 pro
2654 4124 2903 4177 omnibus
2934 4126 3117 4180 laudes
3146 4126 3383 4182 referttnt
3404 4172 3419 4195 ,
3448 4141 3501 4186 et
3530 4133 3597 4188 ad

2020 4232 2199 4270 veram
2226 4230 2345 4269 sese
2386 4216 2767 4269 fraternitatem
2823 4216 3058 4272 incitant.
3093 4218 3274 4289 Neque
3299 4223 3437 4276 enim
3470 4240 3597 4293 pos-

2019 4315 2143 4360 sunt
2163 4306 2280 4359 illos
2301 4306 2497 4367 odisse,
2528 4322 2621 4375 pro
2644 4307 2833 4375 quibus
2861 4308 2927 4362 de
2954 4310 3294 4377 suppeditato
3322 4314 3450 4381 ipsis
3474 4317 3595 4370 cibo

2021 4395 2131 4450 Deo
2157 4394 2355 4463 gratias
2381 4405 2563 4463 agunt.
2596 4396 2782 4448 Viden’
2805 4406 2858 4449 et
2889 4399 3161 4452 caritatem
3188 4416 3280 4467 per
3302 4407 3590 4470 gratiarum

2020 4488 2280 4540 actionem
2314 4484 2619 4546 inductam,
2662 4500 2780 4551 quae
2825 4486 3133 4539 surcularem
3182 4489 3595 4549 sollicitudinem

2018 4577 2198 4644 ejieit,
2246 4585 2354 4628 tmn
2395 4589 2459 4628 ex
2493 4575 2555 4627 iis
2580 4590 2697 4643 qua:
2742 4574 3080 4643 praecedunt,
3127 4585 3236 4630 tum
3280 4595 3348 4632 ex
3383 4581 3594 4649 hisjam

2018 4669 2209 4724 dictis?
2234 4667 2287 4723 Si
2318 4669 2457 4723 enim
2488 4668 2578 4721 dat
2603 4683 2779 4722 escam
2811 4668 2953 4721 omni
2985 4669 3131 4722 carni
3154 4711 3167 4733 ,
3218 4671 3386 4723 multo
3431 4675 3596 4742 magis

2019 4760 2083 4813 iis
2105 4762 2190 4829 qui
2219 4761 2315 4829 ipsi
2358 4760 2550 4813 addicti
2580 4769 2739 4822 sunt;
2772 4775 2892 4812 nam
2926 4759 2966 4811 si
2996 4774 3109 4823 eos,
3134 4762 3221 4828 qtti
3254 4763 3596 4818 szccularibus

2018 4852 2162 4905 curis
2192 4856 2317 4904 sunt
2348 4851 2601 4914 involuti;
2655 4849 2821 4903 multo
2862 4852 3029 4920 magis
3077 4866 3190 4915 eos,
3231 4852 3317 4920 qui
3350 4853 3413 4904 iis
3445 4856 3594 4909 vacui

2018 4952 2174 5001 sunt.
2207 4943 2389 4995 nutrit.
2425 4940 2537 4995 Hoc
2560 4951 2613 4993 et
2639 4939 2880 4994 Cinistus
2911 4944 3235 4994 coiilirtnans
3263 4943 3390 4995 dicit
3417 4961 3430 4997 :
3461 4943 3594 5008 Quot

2019 5032 2302 5102 passeribus
2346 5034 2573 5085 meliores
2614 5032 2727 5083 estis
2770 5047 2854 5083 vos
2886 5029 3036 5099 (Luc.
3072 5031 3157 5083 12.
3192 5030 3274 5099 7)?
3302 5031 3392 5085 His
3423 5036 3596 5089 verbis

2017 5125 2171 5180 docet
2200 5140 2306 5179 non
2343 5138 2461 5177 esse
2499 5121 2765 5176 fidendum
2805 5121 3004 5175 divitiis
3030 5131 3080 5174 et
3108 5131 3264 5175 terra:
3294 5130 3351 5175 et
3378 5125 3596 5178 semini-

2017 5216 2135 5270 bus.
2168 5216 2280 5269 Non
2324 5215 2464 5267 enim
2511 5215 2624 5267 hmc
2655 5221 2777 5266 sunt
2804 5227 2922 5281 qua:
2954 5212 3226 5275 nutriunt,
3254 5213 3348 5268 sed
3377 5214 3593 5269 verbum

2020 5307 2132 5361 Dei.
2172 5306 2264 5359 llis
2285 5305 2443 5359 etiam
2479 5302 2802 5357 Maniclimos
2830 5301 3148 5366 retrudunt,
3191 5314 3245 5357 et
3276 5303 3596 5360 Valentinia-

2018 5416 2135 5466 nos,
2168 5413 2365 5467 eosque
2393 5396 2481 5465 qui
2521 5409 2642 5448 cum
2684 5394 2790 5447 illis
2820 5394 3073 5447 sentiunt.
3108 5392 3222 5448 Non
3252 5395 3392 5448 enim
3424 5407 3596 5465 potest

2020 5490 2104 5543 hic
2134 5489 2307 5541 malus
2349 5498 2469 5539 esse
2517 5485 2689 5545 Deus,
2732 5484 2819 5551 qui
2862 5484 3145 5544 omnibus,
3191 5484 3351 5537 etiam
3390 5500 3448 5539 se
3489 5485 3596 5540 bla-

2018 5578 2443 5650 spbetnantibns,
2476 5577 2611 5630 bona
2644 5590 2738 5628 sua
2762 5573 2991 5628 confert.
3027 5575 3225 5629 Deinde
3247 5576 3482 5643 sequitur
3504 5591 3599 5646 pe-

2018 5673 2136 5729 titio
2159 5689 2173 5726 :
2203 5669 2364 5741 lleple
2389 5669 2577 5741 gaudio
2598 5677 2642 5722 et
2664 5668 2841 5723 ltetitiu
2862 5668 3019 5722 corda
3039 5679 3230 5723 nostra.
3257 5667 3373 5737 Quo
3402 5664 3598 5737 gaudio
