4088 6224
492 292 593 348 517

488 407 655 463 dicit?
678 420 803 460 nam
829 402 1106 459 molari?
1131 401 1313 457 Absit!
1346 416 1519 470 neque
1547 400 1687 454 enim
1712 398 1757 452 si
1787 398 1917 453 illud
1949 397 2061 454 vei—

489 502 600 554 lent
619 542 632 560 ,
661 497 940 553 cacumina
966 496 1228 550 montium
1250 503 1304 547 et
1325 493 1538 548 deserta
1563 499 1946 559 occupassent,
1976 506 2071 545 ne-

486 608 588 663 que
611 606 767 648 sacco
789 598 973 645 essent
1004 588 1211 652 induti;
1260 586 1354 641 sed
1394 584 1527 639 illud
1563 584 1815 653 gaudium
1844 583 2066 646 dicunt,

485 685 627 755 quod
648 698 770 737 cum
804 681 1052 751 praesenti
1083 678 1190 733 vita
1222 677 1353 731 nihil
1381 690 1665 731 commune
1698 675 1894 740 habet,
1935 689 2068 743 gau-

485 779 630 831 dium
678 777 987 846 angelorum
1037 781 1093 828 et
1135 786 1462 840 supernum;
1513 784 1613 823 nec
1660 768 1973 837 simpliciter
2014 768 2067 822 id

487 869 791 939 postulant,
840 867 933 921 sed
974 864 1330 919 abundantius
1357 870 1653 931 expetunt;
1701 877 1805 916 non
1844 861 2065 928 dicunt,

489 960 563 1014 Da
583 1004 596 1025 ,
625 960 740 1023 sed,
774 958 933 1027 Reple
951 999 965 1019 ,
994 972 1095 1010 nec
1124 955 1340 1021 dicunt,
1369 954 1474 1008 Nos
1496 995 1510 1019 ,
1539 953 1655 1018 sed,
1680 954 1843 1006 Corda
1863 964 2068 1006 nostra:

486 1052 588 1106 hoc
635 1053 774 1106 enim
820 1052 1050 1102 maxime
1101 1048 1349 1116 gaudium
1399 1044 1577 1099 cordis
1614 1063 1626 1098 :
1673 1044 1895 1098 Fructus
1932 1047 2066 1097 anim

486 1147 740 1215 Spiritus,
786 1144 1003 1207 caritas,
1048 1141 1313 1212 gaudium,
1346 1155 1447 1207 pax
1492 1137 1639 1207 (Gal.
1671 1138 1721 1192 5.
1765 1137 1880 1208 22).
1931 1136 2065 1204 Quia

484 1239 625 1292 enim
670 1244 946 1303 peccatum
993 1231 1258 1285 tristitiam
1301 1228 1542 1294 induxit,
1585 1237 1867 1297 precantur
1891 1238 1947 1281 ut
1975 1242 2067 1295 per

484 1325 735 1395 gaudium
784 1322 984 1392 jnstitia
1020 1322 1070 1373 in
1100 1320 1228 1389 ipsis
1256 1320 1554 1373 inseratur:
1582 1334 1754 1387 neque
1784 1318 1923 1371 etiim
1962 1318 2068 1372 alio

486 1415 644 1469 modo
668 1414 912 1484 gaudium
937 1413 987 1465 in
1019 1411 1120 1464 illis
1151 1417 1513 1479 generaretur.
1546 1406 1614 1461 Ut
1651 1424 1845 1478 semper
1870 1422 2067 1460 onmem

485 1508 831 1576 suﬁicientiam
866 1504 1098 1556 habentes
1122 1500 1431 1553 abundamus
1453 1501 1505 1553 in
1526 1516 1672 1552 omne
1704 1515 1831 1567 opus
1860 1500 2062 1552 bonum.

490 1599 625 1653 \‘ide
681 1596 1042 1667 evangelicum
1092 1594 1222 1648 illud
1269 1592 1469 1646 dictum
1519 1590 1836 1659 impletum:
1871 1588 2067 1642 Panem

480 1712 715 1756 nostrum
732 1696 1095 1768 quotidianum
1112 1693 1180 1744 da
1202 1690 1348 1744 nobis
1369 1688 1519 1741 hodie
1535 1686 1687 1755 (Luc.
1709 1681 2052 1753 ll.“5).t:ujus

480 1789 868 1864 postulationis
890 1784 1142 1839 eﬂ‘ectum
1170 1789 1395 1851 propter
1420 1776 1721 1847 spiritualia
1755 1781 2047 1864 quaerunt:

485 1859 552 1937 Ut
578 1879 921 1940 abundamus,
947 1875 1217 1944 inquiunt,
1240 1871 1293 1923 in
1312 1883 1458 1921 omne
1481 1882 1607 1934 opus
1621 1866 1830 1918 bouum.
1850 1859 1959 1915 Nec
1974 1859 2054 1912 di-

481 1983 633 2035 cunt,
656 1970 726 2025 Ut
762 1969 1027 2023 iaciamus
1054 1965 1227 2018 solum
1256 1960 1399 2030 quod
1424 1960 1685 2014 debemus
1710 1973 1724 2021 ;
1763 1954 1856 2009 sed
1885 1953 2051 2006 etiam

483 2066 625 2135 plus,
644 2076 806 2132 quam
824 2065 1089 2129 praecepta
1113 2054 1427 2113 continent;
1453 2049 1504 2101 id
1531 2047 1676 2101 enim
1702 2043 1974 2113 significat
1995 2042 2055 2096 il-

483 2133 573 2209 lud
586 2198 599 2220 ,
613 2163 667 2205 ut
684 2149 1029 2204 abundamus.
1042 2142 1147 2196 Eta
1160 2141 1269 2194 Deo
1280 2139 1498 2208 quidem
1514 2133 1889 2189 sullicientiam
1908 2146 2054 2199 qua:-

479 2245 602 2289 runt
629 2237 679 2289 in
711 2235 1029 2289 necessariis
1055 2251 1067 2286 :
1099 2232 1198 2300 ipsi
1222 2246 1349 2285 vero
1380 2232 1564 2284 nolunt
1588 2244 1709 2283 cum
1737 2227 2053 2282 sufﬁcientia

480 2334 685 2379 tantum
717 2325 968 2390 obedire,
1018 2323 1114 2378 sed
1158 2319 1657 2390 supera‘bnndanter
1695 2319 1749 2371 in
1786 2316 2059 2371 omnibus.

484 2418 595 2472 lloc
637 2427 719 2473 est
749 2418 884 2487 frugi
930 2431 1226 2479 servorum,
1275 2414 1373 2467 hoc
1416 2411 1855 2481 philosophorum
1887 2410 2061 2462 homi-

479 2526 605 2565 num
632 2551 645 2571 ,
681 2523 895 2577 semper
938 2516 992 2560 et
1036 2505 1089 2559 in
1131 2503 1379 2557 omnibus
1422 2499 1719 2554 abundare.
1763 2496 1965 2552 Deinde
2004 2505 2061 2552 ut

477 2602 841 2658 infirmitatem
882 2614 1033 2652 suam
1062 2604 1516 2657 commemorent,
1547 2593 1919 2661 fateanturque
1946 2592 2061 2645 sine

474 2706 710 2761 superno
735 2700 866 2743 nutu
899 2689 1033 2743 nihil
1063 2703 1121 2741 se
1151 2700 1311 2756 posse
1341 2695 1618 2739 strenarum
1659 2684 1832 2737 facere
1854 2725 1868 2747 ,
1907 2692 2057 2752 post-

472 2797 631 2851 quam
659 2780 942 2843 dixerunt,
978 2776 1045 2831 Ut
1074 2776 1382 2828 abundamus
1424 2774 1476 2825 in
1516 2789 1662 2825 omne
1686 2789 1812 2839 opus
1855 2774 2057 2836 bonum,

478 2871 804 2939 subjiciunt,
854 2868 919 2921 In
964 2867 1164 2922 Clu-isto
1205 2866 1329 2919 Jesu
1383 2863 1602 2917 Domino
1642 2875 1810 2917 nostra
1858 2864 2058 2933 quicum

479 2965 566 3017 tibi
590 2963 774 3033 gloria,
807 2962 987 3025 honor,
1028 2959 1290 3030 imperium
1328 2959 1382 3012 in
1416 2958 1618 3010 sarcula.
1660 2958 1837 3009 Amen.
1871 2956 2057 3009 Parem

476 3054 737 3125 principio
768 3052 927 3107 finem
961 3068 1051 3122 per
1080 3052 1371 3120 gratiarum
1398 3050 1664 3104 actionem
1695 3058 1898 3102 texunt.

544 3147 598 3201 6.
628 3145 816 3200 Postea
838 3159 965 3198 vero
996 3142 1239 3197 videntur
1278 3141 1426 3210 quasi
1454 3156 1481 3192 a
1506 3139 1767 3209 principio
1792 3139 2050 3207 incipere,

471 3250 521 3293 ct
566 3238 812 3292 eumdem
843 3251 1143 3291 sermonem
1176 3235 1487 3288 continuant
1524 3242 1622 3285 :ut
1666 3240 1719 3286 et
1765 3231 1958 3286 Paulus
2004 3234 2057 3285 in

471 3328 731 3399 principio
761 3327 1011 3396 Epistolze
1039 3326 1187 3395 quasi
1230 3326 1281 3377 in
1331 3323 1773 3393 gloriﬁcationem
1807 3322 2057 3376 desinens

469 3421 540 3473 ait
572 3419 899 3475 :Secundum
924 3415 1227 3470 voluntatem
1255 3414 1349 3467 Dei
1393 3423 1438 3467 et
1470 3413 1661 3477 Putris,
1703 3414 1784 3465 cui
1807 3414 1968 3482 gloria
2002 3414 2056 3466 in

469 3512 674 3572 secula,
705 3525 850 3561 amen
881 3509 899 3577 (
924 3506 1041 3562 Gal.
1067 3508 1118 3561 1.
1143 3508 1196 3561 4.
1226 3504 1296 3576 5)
1324 3523 1335 3558 :
1360 3520 1422 3559 ac
1452 3521 1635 3560 rursus
1653 3506 1794 3575 quod
1820 3513 2053 3559 tractan-

470 3600 596 3653 dum
628 3600 869 3666 Suscipit,
900 3604 1266 3666 argumentum
1294 3595 1534 3649 resumit.
1582 3595 1649 3649 Et
1675 3595 1798 3648 alibi
1826 3609 2010 3649 rursus
2037 3611 2051 3647 :

468 3690 741 3745 Coluerunt
772 3700 820 3743 et
848 3689 1119 3741 servierunt
1165 3697 1409 3740 creatura
1436 3686 1601 3755 potius
1628 3702 1778 3754 quant
1806 3684 2050 3751 Creatori,

466 3782 553 3851 qui
581 3790 650 3834 est
686 3780 967 3834 benedictus
1013 3779 1067 3833 in
1116 3780 1321 3833 amula.
1353 3776 1512 3831 Amen
1542 3778 1731 3848 (Rom.
1786 3781 1838 3831 1.
1892 3777 2003 3850 25)
2034 3796 2049 3833 :

468 3888 573 3925 non
604 3871 835 3924 absolvit
861 3885 1185 3935 sermonem,
1219 3869 1310 3922 sed
1342 3869 1528 3937 pergit.
1561 3868 1638 3922 Ne
1660 3870 1815 3938 igitur
1836 3869 1933 3922 hos
1958 3884 2053 3922 an-

463 3964 609 4033 gelos
639 3966 961 4028 incuSPmns,
996 3962 1146 4031 quasi
1176 3960 1473 4015 inordinate
1498 3960 1710 4024 faciant,
1739 3961 1878 4029 quod
1901 3972 2049 4030 post-

465 4073 622 4125 quam
657 4057 710 4108 in
741 4055 1178 4127 glorificationem
1226 4052 1491 4106 desierunt
1518 4093 1534 4116 ,
1563 4065 1747 4104 rursus
1795 4052 2046 4122 hymnum

464 4160 672 4197 sacrum
703 4144 978 4208 incipiant.
1009 4143 1339 4211 Apostolieas
1364 4142 1505 4196 enim
1551 4150 1844 4210 sequuntur
1880 4143 2043 4212 leges,

463 4249 585 4288 eum
611 4250 639 4287 a
670 4232 1054 4302 glorificatione
1095 4233 1389 4302 incipiunt,
1421 4243 1473 4288 et
1502 4234 1552 4287 in
1587 4234 1728 4286 illam
1755 4233 2003 4289 desinunt
2027 4275 2043 4301 ,

464 4335 752 4395 posteaque
794 4340 978 4379 rursus
1020 4324 1384 4379 exordiuntur.
1441 4325 1774 4393 Quapmpter
1820 4326 2041 4383 dicunt:

462 4415 636 4469 Gloria
658 4417 763 4480 tibi,
794 4415 1038 4478 Domine,
1075 4417 1235 4486 gloria
1259 4416 1365 4480 tibi,
1388 4427 1576 4477 sancte,
1607 4417 1769 4486 gloria
1797 4418 1901 4476 tibi.
1930 4434 2040 4482 rex,

460 4508 578 4575 quia
603 4507 782 4560 dedisti
812 4507 953 4560 nobis
978 4507 1111 4559 cibos
1138 4507 1189 4558 in
1218 4507 1461 4560 lwtitiam.
1493 4505 1607 4560 Non
1638 4507 1779 4560 enim
1809 4524 1906 4576 pro
1930 4523 2042 4561 ma-

459 4599 575 4666 gnis
621 4608 844 4665 tantum,
877 4599 969 4653 sed
1001 4608 1054 4652 et
1084 4613 1178 4667 pro
1210 4599 1439 4652 minimis
1468 4600 1661 4668 gratias
1705 4615 1861 4669 agere
1890 4616 2041 4669 opor-

460 4699 550 4744 tet.
607 4689 815 4745 Gratias
843 4702 1017 4743 autem
1058 4705 1155 4759 pro
1203 4691 1282 4743 his
1317 4700 1511 4759 agunt,
1540 4700 1596 4742 ut
1627 4690 2034 4747 Manichaeorum

459 4779 701 4832 lneresim
730 4769 1088 4848 pudél‘aciant,
1126 4790 1179 4832 et
1210 4794 1395 4832 omnes
1424 4789 1679 4849 quotquot
1719 4793 2032 4849 prmsentem

452 4873 609 4924 vitam
640 4886 758 4924 esse
797 4872 985 4924 malam
1014 4870 1213 4924 dicunt.
1248 4868 1325 4923 Ne
1356 4881 1508 4938 putes
1534 4873 1675 4925 enim
1706 4886 1820 4937 eos,
1851 4874 1938 4942 qui
1966 4874 2031 4929 ad

449 4978 707 5017 summam
734 4962 1118 5033 ρΙιίΙοευῃΙιίιιιιι
1147 4978 1204 5015 se
1229 4974 1477 5015 exercent
1504 4972 1558 5017 et
1584 4974 1821 5017 ventrem
1851 4966 2029 5035 despi-

448 5055 615 5117 ciunt,
644 5069 793 5107 escas
838 5054 1160 5119 abominari,
1186 5064 1241 5106 ut
1272 5054 1303 5106 ii
1335 5052 1421 5122 qni
1455 5068 1511 5107 se
1544 5053 1821 5119 sull‘ncant,
1854 5057 2030 5111 verbis

446 5146 770 5212 supplicibus
788 5146 877 5199 tibi
896 5147 1137 5208 suadent,
1159 5160 1216 5197 se
1235 5161 1337 5197 non
1362 5144 1480 5197 ideo
1499 5160 1527 5196 a
1546 5146 1723 5198 multis
1740 5145 2023 5210 abstinere,

446 5236 581 5306 quod
617 5238 809 5290 tnttltas
838 5237 926 5290 Dei
948 5250 1218 5290 creaturas
1244 5237 1593 5301 detestentur,
1617 5236 1709 5290 sed
1739 5238 1876 5306 quod
1910 5239 2027 5307 phi-

443 5328 738 5395 losophiam
771 5337 1071 5380 exerceant.
1121 5327 1187 5381 Et
1210 5330 1570 5382 animadverte
1617 5329 1879 5397 quomodo
1908 5338 2027 5398 post

443 5420 729 5487 gratiarum
756 5418 1016 5473 actionem
1053 5435 1147 5488 pro
1176 5420 1383 5473 collatis
1413 5419 1546 5474 cibis
1573 5421 1771 5489 majora
1821 5430 2021 5489 petant,

445 5526 543 5564 nec
571 5513 618 5564 in
648 5510 991 5565 saecularibus
1022 5523 1280 5580 persu-nt,
1309 5510 1400 5566 sed
1445 5527 1599 5580 supra
1632 5512 1793 5567 caelos
1829 5528 2020 5567 ascen-

444 5602 590 5664 dant,
609 5603 887 5673 dicantque
912 5623 924 5658 :
957 5602 1121 5673 Imple
1141 5621 1229 5657 nos
1253 5603 1447 5673 Spiritu
1469 5615 1639 5657 sancto
1679 5603 1859 5672 Neque
1878 5606 2018 5659 enim

447 5701 623 5765 potest
646 5696 765 5764 quis
793 5697 1047 5766 praeclare
1068 5712 1125 5753 se
1152 5712 1360 5769 gerere,
1384 5698 1483 5753 nisi
1506 5698 1576 5753 sit
1594 5698 1828 5769 repletus
1847 5699 2013 5769 gratia

1270 287 1327 342 S.
1368 283 1644 342 JUANNIS
1681 282 2150 340 CHRYSOSTOMI
2192 285 2505 343 ARCHIEP.
2546 289 3078 352 CONSTANTINOP.

3652 303 3756 359 ΜΒ

2177 401 2265 457 illa
2289 444 2303 467 ,
2337 412 2396 458 ut
2434 420 2542 459 non
2572 415 2742 473 potest
2770 408 2889 476 quis
2939 418 3211 462 strenuum
3239 417 3322 462 an?
3355 422 3603 478 magnum
3633 412 3756 479 quid

2172 492 2367 559 facere,
2393 497 2490 550 nisi
2517 497 2712 552 Christi
2743 499 2908 568 gratia
2932 500 3157 554 fruatur.
3184 500 3327 554 Sicut
3349 514 3477 569 ergo
3497 499 3756 559 dicentes.

2175 583 2243 639 Ut
2286 587 2599 641 abundamus
2650 590 2704 643 in
2751 606 2897 643 omne
2933 607 3059 659 apus
3102 590 3319 656 bonum,
3347 591 3755 660 subiunxerunt,

2173 674 2239 729 In
2289 676 2487 731 Christo
2528 678 2653 733 Iesu
2687 700 2702 731 :
2726 681 2801 736 ita
2835 692 2888 735 et
2943 683 3027 736 hic
3069 682 3245 736 dicunt
3273 723 3289 749 ,
3324 682 3482 752 Rapta
3518 701 3609 738 nos
3636 684 3758 754 Spi-

2170 767 2273 820 ritu
2296 779 2487 830 sancto,
2512 770 2528 801 ⁸
2544 767 2617 841 [ut
2641 770 2951 824 inveniamur
2977 774 3029 825 in
3056 784 3324 841 conspectu
3365 786 3451 827 tuo
3478 777 3760 845 acceptabi-

2170 858 2261 911 les.
2297 858 2481 913 Viden‘
2506 860 2774 928 quomodo
2797 861 2865 915 de
2910 862 3070 916 rebus
3105 862 3170 917 ad
3201 864 3360 917 vitam
3392 865 3757 933 spectantibus

2172 966 2276 1004 non
2320 962 2601 1020 precentur
2623 994 2639 1017 ,
2671 954 2765 1008 sed
2804 957 3000 1025 gratias
3028 967 3186 1026 agant
3217 966 3422 1012 tantum
3456 976 3468 1011 :
3501 958 3640 1013 circa
3670 976 3756 1017 res

2169 1054 2346 1098 autem
2374 1045 2675 1113 spirituales
2699 1056 2754 1101 et
2780 1050 2979 1117 gratias
3008 1056 3167 1115 agant
3194 1057 3248 1103 et
3274 1051 3593 1118 precentur?
3622 1049 3753 1105 Nam

2169 1133 2243 1187 ait
2271 1150 2285 1186 :
2320 1134 2538 1200 Quterite
2579 1137 2794 1203 primum
2830 1153 3038 1207 regnum
3067 1138 3341 1204 calorum,
3367 1148 3412 1192 et
3454 1140 3561 1193 Iuro
3588 1142 3757 1193 omnia

2171 1226 2474 1296 adjiciantur
2516 1228 2651 1281 vobis
2680 1227 2888 1299 (Matth.
2912 1228 2964 1282 6.
2994 1229 3118 1298 3'5).
3166 1229 3446 1298 Perpendo
3480 1239 3656 1285 autem
3701 1241 3757 1285 et

2169 1317 2325 1371 aliam
2348 1317 2558 1372 illorum
2585 1319 2988 1390 philosophiam.
3019 1319 3085 1374 Ut
3121 1321 3452 1386 inueniamur,
3489 1323 3750 1392 inquiunt,

2168 1408 2221 1460 in
2251 1421 2515 1479 conspectu
2540 1420 2626 1465 tuo
2653 1412 2977 1481 acceptabiles
2996 1452 3012 1477 ,
3046 1428 3134 1465 uec
3183 1413 3377 1482 pudore
3415 1412 3756 1485 ofﬁciumst]

2169 1500 2353 1570 Neque
2382 1503 2525 1557 enim
2552 1517 2823 1568 curamus,
2851 1503 2992 1572 quod
3020 1502 3160 1571 apud
3191 1503 3389 1557 multos
3427 1503 3477 1557 id
3507 1503 3756 1559 dedecori

2170 1592 2324 1645 nobis
2351 1601 2606 1659 vertatur,
2637 1592 2731 1647 sed
2751 1607 3097 1662 quzecumque
3123 1593 3352 1647 dixerint
3382 1593 3452 1647 de
3477 1593 3631 1647 nobis
3661 1593 3756 1647 ho-

2169 1682 2340 1736 mines
2360 1683 2620 1747 ridentes,
2640 1683 3049 1753 exprobrantes,
3069 1700 3136 1739 ne
3155 1683 3481 1739 advertimus
3500 1685 3711 1754 quidem
3738 1701 3753 1739 :

2170 1772 2273 1828 hoc
2297 1789 2459 1827 unum
2490 1775 2883 1841 contendimus,
2915 1791 2982 1830 ne
3011 1785 3135 1830 tunc
3158 1775 3572 1830 confundamur.
3602 1776 3756 1829 Post-

2169 1879 2329 1933 quam
2352 1876 2530 1920 autetn
2564 1865 2678 1920 haec
2706 1865 2974 1930 dixerunt,
3002 1866 3138 1936 ignis
3167 1882 3378 1937 quoque
3402 1867 3618 1922 ﬂuvium
3645 1883 3757 1923 mc-

2168 1967 2396 2020 morant,
2424 1956 2637 2024 pra-mia
2663 1967 2716 2025 et
2746 1957 2943 2011 bravia.
2971 1957 3079 2012 Nec
3108 1957 3310 2024 dicunt,
3338 1956 3416 2013 Ne
3438 1963 3753 2028 puniamur:

2169 2049 2285 2113 sed,
2302 2049 2375 2103 Ne
2396 2047 2797 2103 confundamur.
2819 2050 2928 2104 Hoc
2948 2051 3141 2120 quippe
3163 2050 3315 2105 nobis
3339 2050 3627 2105 terribilius
3650 2058 3750 2116 est,

2167 2152 2325 2206 quam
2352 2139 2613 2207 gehenna,
2644 2139 2689 2194 si
2717 2140 2993 2194 videamur
3012 2140 3296 2216 oll‘endisse
3318 2140 3619 2195 Dominum.
3648 2142 3754 2195 Sed

2167 2232 2289 2299 quia
2327 2230 2522 2284 multos
2557 2246 2622 2284 ex
2650 2232 2999 2285 crassioribus
3032 2232 3133 2286 hoc
3172 2246 3278 2285 non
3335 2240 3534 2286 terrere
3577 2232 3753 2299 solet,

2171 2320 2428 2387 adjiciunt
2454 2337 2468 2373 :
2504 2319 2626 2374 Cum
2665 2322 2842 2375 reddes
2868 2322 3135 2390 unicuique
3161 2321 3433 2375 secundum
3458 2337 3611 2391 Opera
3638 2338 3748 2375 sua.

2172 2411 2353 2466 Viden’
2374 2422 2627 2481 quantum
2652 2413 2806 2466 nobis
2829 2415 3033 2483 prosint
3061 2412 3274 2467 externi
3304 2412 3377 2466 illi
3398 2421 3451 2465 et
3486 2412 3753 2481 peregrini

2166 2503 2465 2557 solitudinis
2483 2504 2647 2568 cives,
2669 2505 2775 2557 imo
2794 2503 3045 2558 caelorum
3067 2502 3247 2557 cives?
3265 2501 3373 2556 Nos
3397 2502 3538 2557 enim
3567 2502 3621 2556 in
3647 2518 3728 2557 ca.-
3743 2534 3755 2546 -

2167 2593 2231 2646 lis
2252 2594 2514 2664 peregrini
2533 2608 2735 2661 sumus,
2757 2604 2910 2648 terra:
2931 2603 3110 2648 autem
3128 2593 3308 2648 cives:
3336 2592 3406 2646 illi
3424 2608 3549 2647 vero
3574 2608 3605 2648 e
3626 2608 3753 2647 con-

2166 2694 2265 2740 tra.
2290 2688 2415 2740 Post
2436 2687 2573 2742 hunc
2599 2687 2852 2758 hymnum
2871 2686 3281 2755 compunctione
3306 2685 3455 2749 moti,
3479 2685 3756 2755 lacrymis-

2164 2792 2266 2845 que
2295 2778 2472 2831 multis
2498 2792 2562 2832 ac
2592 2777 2806 2831 fervidis
2836 2776 3030 2845 perfusi
3052 2817 3065 2840 ,
3096 2774 3165 2829 ad
3194 2790 3438 2829 somnum
3488 2784 3746 2844 pergunt,

2166 2875 2367 2922 tantum
2421 2864 2783 2933 dormientes,
2831 2878 3082 2935 quantum
3136 2866 3264 2919 satis
3301 2874 3383 2920 est
3420 2865 3488 2919 ad
3535 2879 3748 2934 parvam

2164 2959 2445 3028 quamdam
2465 2960 2694 3028 quietem
2725 2958 3055 3029 capiendam.
3090 2958 3431 3026 Rursumque
3472 2965 3655 3011 noctes
3698 2958 3747 3017 in

2162 3051 2280 3106 dies
2306 3061 2516 3106 vertunt
2541 3093 2555 3116 ,
2577 3052 2630 3105 in
2650 3052 2937 3121 gratiarum
2964 3051 3172 3105 actione
3194 3060 3246 3104 et
3269 3051 3556 3119 psalmodia
3588 3052 3746 3103 vitam

2163 3155 2399 3213 agentes.
2424 3143 2533 3198 Nec
2556 3143 2712 3197 modo
2738 3144 2853 3208 viri,
2880 3141 2975 3196 sed
3002 3152 3054 3196 et
3085 3140 3335 3195 mulieres
3359 3140 3494 3194 hanc
3515 3139 3747 3209 philoso-

2162 3240 2338 3308 phiam
2365 3248 2642 3305 exercent,
2670 3254 2785 3307 qu;e
2814 3247 3018 3291 natura:
3052 3236 3420 3290 inﬁrmitatem
3449 3235 3607 3289 animi
3631 3251 3744 3288 ma-

2160 3330 2433 3399 gnitudine
2461 3338 2732 3397 superant.
2785 3327 2988 3381 Pudeat
3017 3326 3173 3395 igitur
3202 3340 3300 3380 nos
3332 3324 3473 3379 viros
3504 3325 3658 3378 talem
3691 3324 3742 3377 in

2162 3421 2292 3489 ipsis
2345 3421 2699 3473 constantiam
2746 3418 3031 3480 videntes,
3064 3428 3416 3472 et-cessemus
3460 3415 3743 3484 cupiditate

2160 3512 2358 3566 moveri
2386 3526 2561 3564 rerum
2592 3510 2953 3579 pratsentium,
2976 3507 3197 3571 umbrae,
3216 3507 3567 3571 somniorum,
3591 3507 3739 3559 fumi.

2157 3601 2289 3655 Nam
2321 3603 2555 3657 maxima
2584 3614 2707 3669 pars
2731 3599 2852 3653 vita:
2890 3609 3087 3653 nostra:
3116 3612 3276 3652 sensu
3306 3612 3490 3652 carere
3512 3596 3736 3650 videtur.

2158 3695 2335 3749 Prima
2364 3702 2496 3747 astas
2543 3691 2706 3745 multa
2746 3691 2899 3759 plena
2926 3700 3007 3743 est
3036 3689 3301 3752 stultitia;
3333 3703 3453 3758 qua:
3503 3702 3629 3741 vero
3674 3690 3740 3741 ad

2157 3788 2365 3840 senium
2396 3785 2601 3853 vergit,
2634 3797 2848 3837 sensum
2886 3782 2937 3835 in
2968 3780 3122 3834 nobis
3154 3780 3479 3835 hebetiorem
3527 3778 3737 3842 reddit;

2155 3876 2527 3932 intermedium
2558 3884 2764 3943 tempus
2788 3874 2949 3928 breve
2978 3884 3081 3935 est,
3105 3886 3211 3941 quo
3239 3886 3400 3926 sensu
3425 3870 3738 3925 deliciarmn

2154 3968 2417 4030 fruimur;
2466 3966 2573 4019 imo
2604 3979 2669 4019 ne
2699 3974 2939 4033 tempore
2980 3962 3193 4032 quidem
3246 3962 3335 4016 illo
3380 3976 3541 4017 sensu
3594 3972 3736 4017 recte

2154 4061 2395 4125 fruimur,
2425 4074 2545 4114 cum
2575 4058 2717 4113 mille
2744 4072 2886 4111 curae
2915 4056 3228 4123 laboresque
3256 4053 3430 4108 adsint
3457 4054 3546 4123 qui
3587 4054 3734 4108 illum

2152 4152 2487 4207 labefactent.
2518 4152 2849 4219 Quapropter
2870 4188 2883 4210 ,
2916 4147 3140 4201 obsecro
3166 4187 3180 4211 ,
3214 4146 3428 4199 iunnota
3455 4159 3505 4200 et
3532 4154 3731 4199 aeterna

2150 4259 2450 4316 quaarnmus
2474 4242 2632 4306 bona,
2651 4252 2705 4296 et
2728 4243 2884 4294 vitam
2914 4255 3032 4309 qua:
3055 4238 3185 4292 nulli
3206 4238 3357 4291 senio
3379 4237 3604 4290 obnoxia
3626 4246 3730 4290 est.

2149 4339 2278 4392 Nam
2301 4346 2475 4405 potest
2494 4336 2652 4391 etiam
2680 4337 2743 4397 is,
2762 4336 2850 4405 qui
2882 4335 2931 4387 in
2953 4332 3165 4387 civitate
3193 4330 3411 4393 habitat,
3443 4333 3731 4384 monacho-

2147 4446 2263 4484 rum
2311 4427 2700 4497 philosophiam
2747 4423 2940 4479 imitari
2972 4439 2987 4480 ;
3021 4431 3196 4491 potest
3248 4421 3455 4474 etiamsi
3506 4436 3728 4475 uxorem

2147 4522 2337 4576 habeat
2364 4530 2417 4575 et
2447 4519 2589 4573 domi
2644 4525 2917 4582 versetur,
2950 4515 3194 4582 precari,
3237 4513 3520 4581 jejuuare,
3574 4527 3726 4565 com-

2144 4613 2321 4682 pungi
2367 4610 2496 4665 Nam
2526 4620 2579 4663 et
2606 4610 2693 4679 qui
2723 4609 2792 4662 ab
2821 4609 2970 4661 initio
2997 4605 3065 4659 ab
3090 4605 3345 4674 apostolis
3372 4604 3723 4658 institueban-

2143 4712 2245 4766 tur,
2274 4703 2542 4756 civitatem
2567 4699 2888 4763 incolebant,
2912 4713 3094 4751 eorum
3120 4696 3207 4766 qui
3232 4696 3281 4749 in
3305 4696 3570 4751 desertum
3595 4710 3724 4749 con-

2139 4804 2413 4850 cesserunt
2443 4794 2689 4861 pietatem
2715 4789 3057 4850 exhibebant,
3091 4803 3188 4842 nec
3230 4802 3336 4840 non
3364 4787 3453 4841 alii
3480 4786 3571 4856 qui
3597 4786 3721 4840 ofﬁ-

2136 4887 2272 4942 cinis
2303 4893 2584 4956 praeerant,
2610 4893 2665 4936 ut
2691 4881 2930 4938 Priscilla
2960 4890 3013 4935 et
3038 4880 3224 4950 Aquila
3250 4880 3267 4948 (
3291 4879 3401 4933 Αιι.
3433 4881 3553 4949 18).
3584 4880 3719 4934 Pro-

2138 4979 2310 5047 pheta:
2338 4990 2548 5045 quoque
2577 4988 2781 5037 omnes,
2809 4983 2861 5025 ct
2888 4985 3079 5024 uxores
3117 4982 3171 5024 et
3201 4968 3390 5025 domos
3429 4970 3715 5038 habebant,

2136 5080 2191 5123 ut
2224 5069 2404 5132 Isaias,
2447 5065 2713 5130 Ezechiel,
2765 5078 3091 5133 magnuSquc
3116 5062 3341 5133 Moyses,
3377 5077 3548 5129 neque
3594 5064 3719 5117 inde

2141 5161 2410 5231 quidpiam
2436 5159 2561 5227 ipsis
2584 5158 2762 5211 danmi
2778 5156 2843 5210 ad
2879 5156 3125 5208 virtutem
3151 5154 3503 5208 exercendam
3528 5169 3717 5207 acces-

2132 5253 2220 5306 sit.
2270 5254 2377 5305 llos
2404 5259 2459 5304 et
2491 5265 2585 5303 nos
2608 5263 2817 5318 quoque
2836 5248 3127 5310 imitantes,
3151 5260 3363 5314 semper
3387 5244 3493 5297 Deo
3512 5245 3713 5313 gratias

2131 5358 2369 5414 agamus,
2394 5355 2607 5411 semper
2630 5342 2800 5410 ipsum
2824 5339 3036 5409 hymnis
3056 5338 3409 5400 celebremus,
3426 5338 3711 5390 coatincn-

2191 5522 2206 5552 ι
2245 5526 2363 5569 Loco
2388 5531 2555 5568 eorum
2578 5530 2687 5579 qua:
2710 5518 2899 5566 uncinis
2920 5513 3207 5566 clauduntur
3230 5512 3503 5579 sic__legitur
3526 5510 3575 5558 in
3596 5509 3704 5579 ιῖλιι.

2125 5583 2206 5651 tis,
2225 5587 2274 5650 ut
2290 5580 2584 5651 inveniamur
2597 5574 2924 5651 iuranspectu
2939 5586 3037 5651 “tuo
3058 5574 3391 5651 arcentrtbiles,
3417 5586 3502 5622 nec
3521 5574 3703 5651 pudore

2124 5634 2409 5714 alﬁciamur.
2432 5643 2715 5714 interposita
2743 5634 2795 5689 et
2817 5642 2862 5687 iu
2890 5639 3032 5714 editis
3045 5638 3295 5714 ctin‘il‘ss.
3315 5648 3407 5714 non
3435 5635 3597 5696 paucis
3619 5634 3699 5682 de-

2127 5700 2423 5767 siderantur,
2453 5711 2650 5769 propter
2683 5700 2955 5749 Graecorum
2977 5700 3414 5751 homoeoteleuton.
