4126 6220
341 314 373 370 ες
386 310 443 371 i9

347 434 579 500 tiaiuque
606 436 660 482 et
684 426 816 480 alias
846 425 1067 477 virtutes
1108 421 1364 482 colamus,
1396 429 1553 506 atque
1579 434 1693 473 eam
1720 434 1839 489 quae
1874 420 1929 474 in

350 523 621 580 montibus
644 521 784 590 viget
808 514 1221 587 philosophiam,
1253 513 1303 566 in
1330 512 1570 566 civitates
1593 511 1926 576 inducamus,

353 625 412 671 ut
455 624 515 669 et
543 611 679 683 apud
713 611 878 664 Deum
929 605 1282 674 aceeptabiles
1306 614 1359 657 et
1396 603 1698 657 hominibus
1725 601 1929 670 probati

350 704 657 770 videamur,
712 711 765 757 et
808 700 982 754 futura
1036 711 1426 766 consequamur
1474 696 1633 762 bona,
1686 695 1851 763 gratia
1880 702 1934 746 et

1415 301 1479 363 IN
1514 301 1919 364 MATTllAiUM
1962 307 2184 364 llUMlL.
2228 307 2361 361 LVI.
2391 306 2461 362 al.
2496 306 2645 362 LVII.

3517 314 3619 368 5L0

2034 418 2355 487 benignitate
2385 418 2595 473 Domini
2638 416 2804 473 nostri
2852 410 2973 473 Jesu
3019 417 3234 482 Christi,
3262 434 3357 489 per
3382 435 3537 490 quem
3565 433 3619 477 et

2034 526 2153 567 cum
2179 527 2283 581 quo
2305 510 2447 565 Patri
2473 511 2661 580 gloria,
2688 509 2879 576 honor,
2901 511 3203 582 imperium,
3231 527 3333 566 una
3350 527 3472 568 cum
3498 528 3620 567 san-

2036 612 2123 656 cto
2151 611 2204 656 et
2232 601 2439 655 vivitico
2468 600 2689 670 Spiritu,
2723 616 2862 655 nunc
2882 609 2937 657 et
2962 618 3175 673 semper
3199 646 3214 671 ,
3242 613 3296 659 et
3324 620 3379 659 in
3427 607 3618 661 smcula

2038 694 2377 747 surculorum.
2408 692 2596 745 Amen.

2738 818 3617 849 Ἠ

1526 980 1529 981 γ
1579 890 1921 964 HOMILIA
1979 901 2139 961 LVI.
2176 902 2262 962 al.
2307 903 2495 962 Lvu.

348 1058 478 1113 tiu.
517 1046 605 1111 l6.
635 1072 684 1107 v.
708 1054 796 1109 28.
824 1052 981 1105 Amen
1003 1092 1019 1117 ,
1050 1054 1196 1102 anteit
1226 1048 1339 1101 dic’o
1367 1048 1503 1100 vobis
1527 1087 1540 1110 ,
1568 1053 1684 1099 sunt
1728 1043 1932 1111 quidam

419 1150 486 1203 de
514 1149 594 1201 hic
616 1143 948 1205 adstantibus,
976 1143 1061 1212 qui
1088 1156 1186 1193 non
1212 1138 1484 1209 gustabunt
1513 1146 1717 1189 mortem
1737 1176 1751 1199 ,
1775 1136 1932 1188 donec

420 1240 635 1294 viderint
664 1236 854 1291 Filium
882 1233 1098 1287 hominis
1122 1233 1393 1285 venientem
1419 1231 1470 1283 in
1500 1246 1652 1299 regno
1676 1244 1787 1282 suo.

423 1332 477 1385 1.
518 1328 775 1397 Quoniam
805 1326 970 1382 multa
998 1324 1067 1378 de
1095 1322 1366 1392 periculis,
1398 1322 1465 1375 de
1486 1330 1685 1385 morte,
1711 1320 1777 1374 de
1807 1334 1928 1387 pas-

349 1424 502 1477 sione
520 1435 612 1475 sua
629 1421 875 1489 loquutus
895 1426 993 1481 eSt,
1029 1430 1232 1469 necnon
1263 1414 1332 1469 de
1355 1413 1501 1468 caade
1524 1411 1924 1481 discipulorum,

352 1516 545 1584 illaque
568 1526 754 1582 aspera
781 1512 911 1580 ipsis
938 1509 1208 1579 prtecepit,
1252 1523 1368 1577 qua:
1394 1508 1444 1561 in
1476 1506 1722 1575 praesenti
1752 1506 1853 1559 vita
1876 1512 1930 1559 et

352 1607 505 1678 quasi
521 1606 574 1660 in
599 1603 843 1659 manibus
860 1609 1035 1665 erant,
1065 1600 1199 1653 bona
1228 1614 1354 1653 vero
1378 1599 1429 1651 in
1454 1614 1548 1666 spe
1578 1603 1631 1651 et
1651 1604 1928 1665 exspecta-

352 1700 536 1752 tione:
561 1707 616 1750 ut
643 1704 759 1750 erat
785 1693 934 1759 illud,
966 1706 1061 1747 eos
1080 1691 1167 1759 qui
1198 1691 1426 1743 animam
1456 1688 1680 1758 perdunt
1718 1694 1932 1740 scrvare

354 1806 498 1855 eam,
530 1798 583 1844 et
606 1798 885 1842 venturum
916 1787 1085 1853 ipsum
1114 1797 1231 1837 esse
1268 1784 1317 1835 in
1352 1782 1573 1850 gloriam
1603 1777 1773 1833 Patris
1811 1779 1930 1842 sui,

354 1893 409 1939 et
441 1882 655 1952 praemia
701 1879 1031 1934 redditurum
1063 1894 1075 1928 :
1105 1891 1224 1929 cum
1270 1874 1435 1927 vellet
1473 1886 1567 1926 eos
1606 1873 1720 1924 visu
1774 1870 1933 1925 etiam

356 1974 617 2028 certiores
643 1971 837 2029 facere,
864 1966 1251 2034 ostendereque
1276 1964 1397 2032 quid
1426 1970 1568 2015 esset
1616 1961 1703 2014 illa
1742 1960 1931 2028 gloria,

360 2074 484 2115 cum
535 2072 634 2129 qua
686 2066 939 2111 venturUs
988 2064 1160 2117 esset,
1202 2061 1454 2123 quantum
1498 2052 1701 2106 scilicet
1745 2065 1937 2120 capere

363 2162 609 2224 poterant
637 2169 648 2203 :
675 2151 725 2203 in
760 2148 1005 2217 pra-senti
1037 2161 1243 2216 quoque
1276 2145 1382 2197 vita
1409 2144 1549 2197 illam
1578 2142 1843 2206 ostendit,
1883 2150 1938 2195 et

362 2243 591 2303 revelat,
619 2251 761 2294 utne
787 2241 855 2293 de
905 2247 1077 2293 morte
1115 2253 1231 2301 sua,
1284 2251 1415 2290 neve
1456 2235 1521 2288 de
1555 2233 1759 2287 Domini
1808 2246 1937 2286 nece

358 2334 623 2395 dolerent,
652 2340 705 2385 et
731 2331 958 2383 maxime
982 2329 1169 2383 Petrus
1192 2328 1279 2396 qui
1308 2341 1423 2379 eam
1450 2340 1592 2395 aegre
1618 2324 1840 2379 ferebat.
1871 2323 1937 2377 Et

359 2425 481 2478 vide
510 2424 632 2493 quid
667 2423 841 2485 iaciat,
875 2430 1148 2491 postquam
1195 2418 1263 2473 de
1296 2417 1535 2489 gehenna
1573 2426 1626 2473 et
1668 2418 1733 2472 de
1771 2431 1937 2486 regno

362 2516 611 2584 loquutus
663 2515 851 2567 fuerat.
899 2512 1031 2567 Cum
1077 2512 1297 2575 diceret,
1343 2510 1441 2578 Qui
1487 2510 1670 2563 invenit
1717 2510 1937 2562 animum

360 2623 506 2661 suam
531 2607 704 2675 perdet
730 2622 860 2668 eam,
892 2614 938 2658 et
960 2605 1048 2675 qui
1068 2602 1346 2669 perdiderit
1388 2602 1611 2655 animam
1643 2616 1787 2656 suam
1815 2617 1935 2670 pro-

361 2711 472 2770 pter
494 2716 593 2765 me,
620 2699 833 2751 inveniet
853 2715 961 2751 eam
992 2696 1169 2765 (Joan.
1195 2697 1280 2751 12.
1309 2696 1431 2767 25);
1462 2698 1778 2764 itertuuque,
1805 2692 1939 2749 Red-

361 2794 442 2847 det
464 2793 730 2861 unicuique
753 2790 1023 2844 secundum
1062 2806 1216 2860 opera
1260 2792 1368 2857 ejus
1413 2789 1432 2859 (
1458 2789 1642 2843 Matth.
1671 2789 1755 2844 l6.
1776 2788 1845 2842 27
1869 2788 1889 2859 )
1922 2806 1935 2842 :

362 2886 480 2940 haec
506 2886 662 2939 ambo
687 2884 993 2939 declaravit.
1018 2884 1217 2938 Etcum
1248 2883 1316 2937 de
1343 2894 1571 2952 utr0que
1587 2881 1828 2949 dixisset,
1852 2896 1941 2936 rc-

360 2991 523 3045 gnum
548 2974 761 3045 quidem
792 2974 1072 3028 videndum
1109 2972 1341 3036 exhibet,
1364 2972 1660 3043 gehennam
1687 2987 1816 3028 vero
1841 2972 1942 3027 mi-

366 3068 526 3121 nime.
558 3066 778 3134 Quare?
804 3066 935 3131 Quia
961 3066 1003 3119 si
1021 3064 1107 3118 alii
1147 3063 1339 3118 ibidem
1378 3063 1667 3117 crassiores
1688 3056 1935 3127 fuissent,

364 3161 416 3215 id
438 3169 583 3215 certe
600 3158 956 3213 necessarium
987 3158 1170 3211 inisset
1196 3175 1209 3221 ;
1243 3156 1362 3225 quia
1393 3170 1520 3209 vero
1567 3150 1640 3208 illi
1675 3162 1827 3209 erant
1849 3169 1940 3208 ac-

358 3254 499 3324 cepti
529 3262 579 3308 et
604 3251 751 3321 probi
780 3252 897 3317 viri,
925 3265 953 3303 a
982 3249 1133 3305 bonis
1161 3249 1279 3303 illos
1300 3248 1596 3303 conﬁrmat.
1620 3247 1799 3318 NeqUe
1826 3247 1939 3302 lucc

363 3362 468 3400 una
497 3346 607 3400 sola
636 3359 795 3398 causa
837 3343 932 3397 t‘uit
978 3342 1092 3396 haec
1120 3340 1547 3403 demonstrandi;
1579 3338 1670 3393 sed
1716 3339 1837 3409 quia
1885 3339 1937 3392 id

362 3438 462 3491 sibi
492 3436 892 3490 cenvenientius
919 3442 1053 3488 erat.
1085 3432 1194 3488 Nec
1224 3443 1397 3486 tamen
1431 3432 1571 3485 illam
1610 3432 1767 3485 aliam
1812 3446 1934 3501 par-

364 3542 469 3583 tem
508 3529 870 3598 praetermisit;
916 3526 1007 3580 sed
1052 3542 1194 3596 sa-pe
1240 3541 1328 3580 res
1370 3526 1487 3578 illas
1529 3524 1594 3578 ad
1642 3522 1936 3593 gehennam

363 3630 666 3693 spectantes
697 3619 809 3674 fere
834 3620 932 3673 sub
958 3619 1125 3673 oculis
1154 3619 1334 3687 ponit;
1368 3627 1424 3671 ut
1445 3633 1563 3670 cum
1592 3608 1778 3670 Lazari
1806 3617 1938 3670 ima-

357 3713 535 3783 ginem
580 3710 807 3775 induxit,
835 3720 889 3765 et
916 3726 1035 3763 cum
1085 3710 1397 3764 memoravit
1425 3724 1568 3766 eum.
1597 3707 1685 3778 qui
1724 3717 1935 3762 centum

359 3805 608 3860 denarios
635 3811 904 3872 exegerat,
934 3812 1092 3872 atque
1115 3801 1355 3855 meminit
1382 3799 1555 3864 illius,
1579 3798 1667 3869 qui
1708 3796 1936 3853 sordidis

358 3907 469 3952 erat
496 3896 711 3951 indutus
742 3896 998 3958 vestibus,
1029 3894 1360 3964 aliorumque
1382 3893 1728 3962 plurimorum
1767 3885 1932 3966 (Luc.

357 3990 446 4044 iti.
472 3986 652 4041 Matth.
674 3987 757 4043 l8.
777 3998 821 4040 et
844 3986 960 4055 2:2).
997 3984 1147 4055 (Cap.
1196 3987 1277 4040 17.
1305 3981 1394 4055 )³1.
1417 3984 1482 4037 Ει
1504 3994 1613 4054 post
1634 3984 1739 4038 dies
1754 3994 1938 4037 sextu-

356 4083 507 4136 sumit
552 4080 797 4145 Petrum,
827 4086 874 4133 et
897 4074 1173 4145 Iacobum,
1220 4087 1265 4131 et
1302 4072 1570 4132 Joannem.
1608 4078 1757 4134 Alius
1782 4094 1930 4144 vero,

355 4173 483 4227 Post
505 4173 617 4227 dies
640 4181 759 4226 octo
783 4167 928 4241 (Luc.
953 4171 1004 4225 9.
1030 4170 1156 4239 28),
1188 4170 1293 4233 ait,
1318 4186 1487 4240 neque
1511 4169 1634 4225 huic
1667 4172 1933 4225 centradi-

351 4268 447 4331 eit,
478 4264 571 4318 sed
614 4280 732 4319 cum
774 4263 864 4316 illo
914 4261 1063 4315 valde
1100 4263 1382 4316 consentit.
1425 4261 1555 4315 Nam
1610 4262 1745 4316 alius
1790 4262 1930 4317 diem

353 4357 520 4420 illam,
551 4356 602 4408 in
631 4370 730 4424 qua
761 4354 1010 4423 loquutus
1038 4360 1138 4418 est,
1167 4362 1461 4416 enumerat,
1499 4351 1731 4422 itemque
1761 4352 1927 4420 illam,

354 4450 404 4499 in
428 4461 531 4516 qua
562 4444 774 4500 reduxit
803 4459 893 4499 eos
918 4460 933 4508 ;
963 4444 1099 4497 alius
1123 4458 1249 4498 vero
1268 4442 1607 4497 intermedias
1635 4443 1803 4497 solum
1829 4459 1930 4514 pn-

347 4538 476 4591 suit.
508 4536 586 4590 Tu
614 4550 739 4590 vero
758 4534 1148 4588 animadvertas
1172 4534 1328 4588 velim
1359 4534 1624 4604 quomodo
1654 4532 1930 4589 Matthteus

351 4628 757 4699 philosophetur
805 4626 901 4696 (a),
945 4625 1069 4679 dum
1102 4639 1195 4679 eos
1223 4640 1325 4679 non
1358 4633 1495 4680 tacet
1532 4625 1617 4695 qui
1649 4622 1746 4679 sibi
1775 4635 1927 4680 ante—

352 4719 511 4789 positi
543 4718 775 4772 fuerunt.
810 4717 920 4771 lloc
973 4729 1026 4769 et
1076 4715 1309 4771 Joannes
1348 4728 1490 4785 saepe
1537 4716 1679 4780 facit,
1707 4716 1929 4771 eximias

346 4814 495 4869 Petri
530 4812 711 4866 laudes
738 4810 1138 4864 accoratissime
1161 4808 1488 4863 describens.
1527 4807 1657 4863 Nam
1691 4804 1854 4865 livore
1876 4819 1930 4865 et

348 4906 547 4962 invidia
568 4918 767 4960 vacuus
808 4914 1021 4973 semper
1063 4912 1179 4957 erat
1224 4899 1414 4956 horum
1455 4913 1759 4956 sanctorum
1800 4902 1929 4958 cho-

346 5016 461 5055 I‘US.

418 5088 825 5160 Transﬁguratio
884 5084 1090 5142 Christi.
1113 5116 1187 5127 —
1213 5085 1512 5155 Assumptis
1552 5087 1728 5156 itaque
1767 5101 1926 5157 cory-

344 5184 535 5255 phzeis,
568 5181 727 5235 Duxit
754 5179 869 5232 illus
895 5179 947 5231 in
988 5188 1204 5231 montem
1234 5177 1486 5230 excelsum
1527 5194 1767 5242 seorsum,
1799 5176 1852 5233 2.
1880 5186 1926 5230 et

340 5276 739 5345 transﬁguratus
789 5281 860 5325 est
895 5280 1013 5324 ante
1049 5286 1129 5323 eos
1161 5286 1179 5322 :
1209 5277 1254 5323 ct
1294 5266 1605 5338 resplenduit
1635 5269 1789 5336 [acies
1818 5267 1926 5339 ejus

339 5370 472 5423 sicut
494 5366 589 5430 sol,
631 5365 921 5418 vestimenta
954 5372 1119 5415 autem
1160 5362 1268 5430 ejus
1311 5364 1447 5430 facta
1486 5369 1602 5413 sunt
1640 5358 1755 5412 alba
1796 5361 1925 5413 sicut

338 5460 451 5511 nix.
478 5456 529 5509 5.
560 5453 626 5508 Et
653 5462 1132 5523 eccchapparuerunt
1157 5452 1227 5503 eis
1256 5448 1455 5521 Moyses
1483 5460 1527 5503 et
1549 5448 1693 5503 Elius
1718 5450 1925 5519 loquen-

338 5560 415 5602 tes
449 5562 562 5599 cum
604 5538 885 5616 ipsoiCur
934 5542 1030 5597 hos
1068 5542 1261 5611 accipit
1312 5539 1505 5597 solos?
1551 5541 1681 5609 Quia
1722 5538 1774 5596 hi
1805 5541 1921 5596 aliis

403 5680 480 5743 (α)
512 5676 830 5743 Philosopbari
855 5675 978 5739 apud
1003 5674 1389 5739 Chrysostomum
1411 5675 1475 5727 de
1490 5674 1747 5740 cujuslibet
1770 5674 1923 5726 virtu‘

336 5741 655 5800 ιίεύκρτριιξυ
678 5741 868 5786 dicitur.

655 5835 932 5898 Parant.
980 5836 1099 5897 Gn.
1147 5828 1368 5899 LV'lll.

2038 1043 2433 1132 priestautiores
2459 1057 2649 1109 erant;
2680 1046 2867 1103 Petrus
2895 1050 3035 1120 quod
3065 1053 3347 1113 admodum
3376 1062 3617 1132 diligeret

2034 1130 2325 1199 Christum,
2377 1134 2498 1189 ideo
2545 1136 3241 1231 prmemiueWIoaTines
3270 1152 3415 1219 quod
3464 1130 3620 1209 valde

2036 1224 2375 1295 diligeretur;
2403 1227 2632 1284 Jacobus
2670 1245 2735 1286 ex
2780 1247 2873 1287 sua
2904 1224 3024 1291 (mm
3055 1236 3220 1295 fratre
3247 1247 3617 1313 responsione,

2034 1316 2246 1383 quando
2265 1317 2416 1410 dixit,
2442 1318 2721 1376 Possumus
2742 1324 2905 1379 bibere
2928 1330 3135 1383 calicem
3158 1331 3371 1402 (Matth.
3394 1336 3483 1391 20.
3500 1337 3615 1410 22);

2034 1420 2206 1477 neque
2232 1408 2299 1463 ab
2325 1408 2423 1464 bac
2448 1414 2793 1480 responsione
2822 1416 3021 1481 solum;
3053 1421 3146 1475 sed
3168 1424 3325 1478 etiam
3353 1442 3419 1479 ex
3444 1408 3620 1497 operi-

2041 1497 2158 1561 bus,
2182 1506 2291 1551 tum
2310 1500 2446 1566 aliis,
2480 1511 2588 1555 ttim
2614 1506 2753 1572 quod
2782 1501 3076 1577 impleverit
3103 1511 3153 1565 id
3182 1517 3321 1584 quod
3366 1512 3574 1573 dixerat
3602 1534 3616 1577 :

2036 1587 2230 1642 Judaeis
2255 1591 2449 1659 quippe
2478 1592 2549 1647 ita
2594 1610 2716 1649 acer
2741 1606 2795 1651 et
2824 1600 3113 1658 vehemens
3158 1621 3276 1661 esse
3308 1609 3612 1677 videbatur,

2041 1686 2096 1730 ut
2126 1678 2363 1734 Herodes
2393 1698 2584 1736 munus
2616 1686 2904 1743 maximum
2950 1706 3009 1745 se
3040 1695 3381 1761 priebiturum
3419 1700 3617 1758 Judmis

2039 1779 2267 1838 putaret,
2291 1773 2334 1825 si
2359 1773 2503 1827 ἰΙΙιιιιι
2537 1777 2805 1833 occideret
2845 1780 2863 1849 (
2893 1782 3007 1837 Act.
3037 1785 3120 1838 l2.
3155 1789 3180 1842 1
3219 1788 3257 1856 ).
3292 1790 3398 1845 Cur
3438 1804 3618 1851 autem

2040 1876 2145 1954 non
2168 1863 2342 1915 statim
2373 1863 2490 1919 illos
2520 1881 2699 1921 secum
2729 1870 2980 1925 adducit?
3016 1874 3094 1930 Ne
3139 1879 3325 1949 reliqui
3372 1881 3612 1954 discipuli

2040 1952 2234 2021 aliquid
2265 1954 2551 2011 humanum
2576 1970 2896 2028 paterentur.
2926 1965 3051 2023 ideo
3073 1986 3138 2025 ne
3163 1974 3375 2029 nomina
3405 1952 3618 2047 quidem

2042 2058 2225 2097 eorum
2254 2048 2472 2115 protulit
2516 2052 2603 2119 qui
2637 2058 2907 2109 ascensuri
2948 2070 3122 2115 erant.
3169 2058 3299 2118 Nam
3337 2068 3619 2126 admodum

2042 2131 2439 2192 desiderasseut
2458 2143 2636 2195 etcteri
2666 2143 2933 2201 Christum
2980 2148 3149 2221 sequi,
3176 2164 3373 2213 tantam
3399 2160 3619 2230 gloriam

2044 2226 2227 2292 visuri,
2252 2239 2306 2283 et
2332 2237 2597 2300 tamquam
2628 2234 2852 2305 neglecti
2883 2238 3193 2301 doluisseut.
3227 2226 3447 2308 Etiamsi
3478 2256 3620 2311 enim

2044 2316 2149 2413 hoc
2186 2324 2532 2391 corporaliter
2572 2332 2801 2387 maxime
2850 2348 3122 2396 ostensum
3159 2342 3338 2413 fuerit,
3388 2358 3622 2410 attamen

2042 2410 2264 2511 multum
2304 2413 2551 2471 desiderii
2597 2414 2649 2474 id
2693 2422 2977 2482 intulisset.
3024 2426 3133 2486 Cur
3179 2410 3354 2492 autem
3391 2440 3442 2495 id
3488 2459 3623 2511 pra:-

2042 2500 2213 2557 dixit?
2264 2505 2331 2561 Ut
2384 2513 2675 2577 paratiores
2728 2527 2781 2571 et
2830 2518 3129 2588 praem‘oniti
3171 2530 3311 2586 circa
3367 2500 3622 2594 visionem

2042 2606 2333 2699 essent,“
2367 2603 2727 2673 pra-dictione,
2766 2620 2817 2664 et
2843 2627 2907 2667 ex
2938 2614 3142 2673 dierum
3166 2638 3388 2679 numero
3415 2632 3625 2699 cupidi-

2045 2693 2152 2783 tate
2179 2689 2390 2745 videudi
2412 2695 2678 2761 ardentes,
2710 2701 2787 2756 sic
2818 2700 2957 2773 vigili
2998 2721 3051 2763 et
3077 2714 3302 2771 sollicita
3327 2689 3505 2778 mente
3533 2740 3624 2783 ao-

2043 2778 2314 2875 cederent.
2362 2785 2469 2839 Cnr
2497 2799 2671 2845 autem
2714 2784 2930 2867 Moysen
2976 2811 3031 2857 et
3075 2804 3241 2863 Etiam
3290 2810 3343 2866 in
3390 2778 3623 2875 medium

2042 2869 2297 2975 adducit?
2322 2875 2499 2975 Dlultae
2521 2895 2739 2950 possent
2763 2888 2939 2945 atl'erri
2969 2898 3166 2963 causae,
3198 2914 3422 2969 quarum

2044 2960 2158 3060 bare
2178 2973 2259 3019 est
2289 2967 2464 3060 :AQuia
2501 2972 2668 3029 tarbte
2697 2972 2966 3049 dicebant,
2989 2986 3076 3041 alii
3101 2960 3268 3045 Eliain
3289 3032 3305 3060 ,
3334 2996 3422 3050 alii
3453 2960 3624 3056 'Jere:

2044 3054 2227 3119 iniam,
2276 3057 2372 3147 alii
2423 3078 2584 3118 unum
2634 3080 2871 3125 veterum
2925 3054 3304 3147 prophetarum
3351 3054 3620 3147 Christum

2042 3160 2163 3248 esse
2190 3146 2416 3248 (μαῖαι.
2448 3156 2534 3210 16.
2566 3150 2697 3230 14),
2730 3162 2849 3218 ideo
2880 3163 2999 3223 illos
3027 3146 3136 3241 iqui
3179 3178 3429 3248 pratelpui
3471 3198 3623 3242 erant

2044 3238 2276 3306 adducit,
2317 3254 2370 3297 ut
2400 3245 2525 3333 hinc
2573 3248 2841 3309 videretur
2866 3238 3120 3327 quantum
3145 3238 3430 3326 discrimen

2044 3343 2228 3422 servos
2252 3333 2390 3389 inter
2408 3348 2460 3391 et
2492 3331 2796 3409 Dominum,
2831 3362 2893 3401 ac
2921 3360 3065 3405 recte
3083 3353 3299 3412 Petrum
3331 3360 3493 3420 fuisse
3510 3331 3622 3422 Ian;
3714 3364 3717 3367 ⁴

2041 3418 2241 3516 datum,
2278 3426 2417 3492 quod
2449 3428 2617 3495 ipsnm
2648 3449 2767 3489 esse
2797 3436 2888 3492 Dei
2923 3440 3112 3499 Filium
3154 3448 3428 3509 confessus
3458 3418 3619 3516 esset.

2044 3510 2197 3611 aliud
2244 3523 2458 3616 qhoque
2503 3518 2825 3616 addendum
2858 3534 3108 3601 suppetit.
3159 3537 3290 3606 Quia
3317 3510 3621 3616 frequenter

2041 3600 2213 3699 5'35""?
2266 3607 2580 3677 arguebat!"
2621 3617 2760 3682 q'md
2814 3600 2979 3689 legem
3038 3600 3621 3699 trattasredereiurret

2042 3691 2605 3789 biflsl’bftluumipsum
2639 3681 2893 3771 putabant
2918 3727 3038 3767 esse
3058 3757 3072 3780 ,
3106 3681 3235 3786 quia
3252 3681 3485 3789 gloriati-1'
3503 3681 3622 3785 ’Pa:

2042 3781 2139 3882 tris
2190 3784 2317 3838 nihil
2367 3788 2432 3841 ad
2458 3805 2517 3843 se
2572 3793 2924 3860 pertinentem
2973 3798 3073 3858 sibi
3120 3781 3431 3882 vindicaret,
3480 3781 3617 3875 dice»

2041 3872 2270 3944 bautque
2303 3894 2316 3930 :
2349 3878 2448 3932 (lic
2477 3897 2575 3936 non
2607 3896 2680 3938 est
2708 3903 2739 3938 a
2768 3886 2895 3957 Deo,
2928 3895 3049 3957 quia
3070 3897 3331 3954 sabbatum
3362 3872 3462 3961 non
3511 3872 3621 3964 ser-

2038 3973 2120 4061 vat
2146 3964 2316 4034 (loau.
2344 3970 2398 4026 9.
2425 3971 2544 4040 l6);
2582 3990 2645 4030 ac
2681 3992 2913 4047 rursum,
2942 3975 3021 4037 De
3054 3986 3182 4041 bono
3221 4008 3369 4061 opere
3407 4014 3505 4052 non
3544 4002 3619 4054 la-

2039 4059 2275 4128 pidamus
2306 4073 2351 4117 te
2370 4106 2385 4131 ,
2416 4066 2504 4118 sed
2526 4068 2588 4120 de
2617 4068 2950 4144 blasphemia,
2980 4089 3025 4132 et
3061 4083 3181 4150 quia
3219 4059 3272 4137 tu
3298 4127 3311 4150 ,
3340 4090 3489 4145 homo
3509 4110 3620 4148 cum

2036 4151 2125 4253 sis,
2150 4154 2275 4221 fucis
2303 4156 2517 4225 teipsum
2552 4158 2710 4214 Deum
2739 4163 2915 4235 (Joau.
2953 4167 3020 4225 10
3062 4165 3189 4242 35):
3216 4186 3269 4231 ut
3290 4183 3533 4240 OStendat
3555 4204 3618 4253 ll‘,

2038 4242 2173 4299 hanc
2200 4258 2481 4320 utramque
2508 4253 2933 4315 criminationem
2978 4278 3043 4318 ex
3090 4267 3283 4325 imidia
3332 4242 3615 4345 proﬁcisci:

2035 4347 2088 4391 et
2114 4352 2172 4391 se
2202 4349 2424 4442 utraque
2470 4344 2521 4397 in
2563 4362 2621 4401 re
2651 4348 2912 4406 insontem
2961 4370 3110 4423 esse;
3143 4376 3315 4432 neque
3362 4384 3420 4422 se
3447 4370 3617 4441 legem

2037 4441 2440 4531 pravartcatum
2468 4449 2603 4501 esse,
2641 4454 2738 4492 nec
2762 4455 2820 4495 se
2851 4441 2947 4496 sibi
2974 4462 3075 4499 non
3108 4463 3486 4520 congruentem
3512 4464 3618 4531 glo-

2035 4523 2169 4617 riam
2199 4523 2524 4588 attribuisse,
2556 4544 2677 4582 cum
2708 4544 2766 4585 se
2792 4532 2993 4589 diceret
3030 4542 3288 4609 aequalem
3316 4546 3493 4617 Patri,
3513 4523 3617 4608 eos

2035 4610 2086 4664 in
2117 4613 2348 4669 medium
2378 4616 2611 4687 adducit,
2644 4623 2732 4691 qui
2765 4622 2816 4677 in
2847 4635 3069 4697 utraque
3099 4646 3156 4686 re
3185 4610 3614 4698 fulserant.l‘iani

2035 4704 2244 4803 bloyses
2274 4708 2445 4778 legem
2478 4712 2720 4780 dederat,
2771 4729 3121 4792 poterantque
3146 4716 3314 4783 .ludiei
3341 4735 3577 4803 cogitare
3600 4780 3613 4799 ,

2033 4798 2247 4871 Moysen
2274 4817 2378 4857 non
2403 4804 2631 4862 libenter
2674 4823 2951 4879 passurum
3003 4814 3166 4874 fuisse
3211 4824 3353 4892 quod
3381 4798 3467 4882 lex
3491 4844 3617 4886 cou-

2032 4892 2350 4960 culcaretur,
2382 4905 2437 4951 ut
2458 4897 2532 4952 illi
2576 4903 2849 4972 putabant,
2882 4922 2982 4962 nec
3022 4910 3199 4966 colere
3245 4916 3481 4983 potuisse
3518 4918 3619 4976 ho»

2032 4996 2169 5078 stem
2205 4985 2318 5056 ejus
2347 4988 2435 5058 qui
2463 4990 2630 5060 legem
2658 4992 2896 5051 dederat.
2930 4990 3073 5054 Elias
3099 5017 3245 5069 vero,
3278 5006 3368 5075 qui
3395 5022 3492 5078 pro
3521 5012 3616 5068 Dei

2029 5076 2206 5170 gloria
2223 5078 2337 5133 zelo
2363 5080 2547 5148 plenus
2568 5095 2700 5148 erat,
2726 5087 2768 5140 si
2798 5087 2907 5143 Deo
2936 5090 3273 5151 adversarius
3298 5076 3612 5170 illel'uisset,

2032 5168 2074 5220 si
2104 5183 2161 5221 se
2188 5169 2352 5264 Deum
2385 5182 2437 5226 ct
2464 5174 2602 5241 patri
2648 5179 2907 5247 aequalem
2951 5181 3088 5236 falso
3136 5184 3380 5258 dixisset,
3407 5168 3613 5264 nequa;

2030 5275 2187 5329 quum
2215 5260 2491 5317 adfuturus
2519 5274 2573 5319 et
2600 5265 2672 5320 illi
2705 5268 3096 5340 obsequuturus
3119 5273 3323 5335 fuisset.

2100 5351 2167 5443 2.
2196 5350 2298 5405 Cur
2328 5352 2529 5423 Moyses
2554 5366 2602 5408 et
2626 5356 2769 5411 Elias
2801 5364 3237 5435 transﬁgurationi
3254 5370 3608 5443 interfuerunt.

2031 5440 2173 5495 Petri
2218 5444 2463 5497 miracula
2513 5448 2677 5501 orbem
2732 5460 2889 5505 totum
2936 5468 3299 5517 converterunt.
3351 5440 3424 5504 -έ-
3475 5466 3609 5522 Cum

2030 5551 2187 5606 supra
2213 5537 2369 5593 dictis
2396 5539 2560 5595 altera
2584 5551 2667 5597 est
2690 5544 2866 5601 adhuc
2894 5546 3117 5606 dicenda
3142 5567 3320 5607 causa.
3350 5557 3608 5624 Queenam

2030 5628 2156 5686 illa?
2180 5630 2252 5688 Ut
2297 5631 2563 5689 discerent
2593 5650 2713 5691 eum
2745 5648 2797 5692 et
2823 5639 2943 5695 vita:
2978 5651 3032 5696 et
3076 5645 3264 5699 mortis
3293 5656 3607 5717 potestatem

2029 5726 2246 5799 habere,
2276 5744 2338 5787 ac
2361 5728 2660 5786 caelestibus
2675 5729 2874 5801 pariter
2892 5740 3053 5805 atque
3069 5742 3297 5793 terrenis
3315 5742 3604 5812 imperare.

3273 5872 3311 5933 ϐ
