4088 6224
468 290 562 343 55'
1211 279 1264 335 S.
1304 278 1579 334 JOANNIS
1614 275 2081 332 CllllYSOS'l‘OMI
2123 278 2433 339 ARCHIEP.
2474 286 2997 347 CONSTANTINOP.

467 406 805 474 Quapropter
829 409 881 454 et
906 413 1024 453 eum
1049 439 1062 461 ,
1092 399 1179 467 qui
1222 407 1461 451 mortuus
1498 405 1612 451 erat
1634 439 1649 461 ,
1679 406 1733 451 et
1758 410 1877 450 eum
1902 435 1918 463 ,
1948 395 2036 466 qui

469 495 702 551 nondum
730 490 954 554 obierat,
989 489 1041 542 in
1070 487 1299 543 medium
1345 486 1576 541 adducit.
1610 486 1856 573 Quintam
1906 499 2036 541 cau-

468 603 581 641 sam
616 588 758 655 (nam
790 593 934 637 certe
980 582 1160 651 quinta
1190 594 1412 634 numero
1434 582 1535 649 est)
1568 579 1720 634 affert
1758 577 2034 648 evangeli-

464 688 568 730 sta.
590 676 843 743 Qiimnam
882 673 968 727 illa
991 672 1110 727 est?
1147 670 1212 725 Ut
1245 671 1418 725 crucis
1456 669 1675 739 gloriam
1708 668 2033 733 ostenderet,

466 770 790 836 Petrumque
841 780 903 819 ac
939 764 1172 833 reliquos
1208 762 1468 816 solaretur
1488 803 1500 824 ,
1531 760 1617 830 qui
1648 760 1945 830 passionem
1975 761 2038 814 ti-

470 858 706 921 mebant,
737 857 1076 925 ipsorumque
1117 852 1323 906 animos
1366 851 1610 920 erigeret.
1641 850 1770 904 Nam
1797 865 1915 903 cum
1941 849 2035 903 illo

468 949 828 1010 advenissent,
862 961 967 1001 non
995 944 1260 1010 tacebant,
1280 942 1373 999 sed
1403 943 1752 1013 loquebantur
1782 941 1851 997 de
1870 942 2033 1012 gloria

471 1054 627 1108 quam
662 1040 677 1069 ¹
705 1036 1065 1105 completurus
1093 1043 1204 1089 erat
1235 1034 1285 1087 in
1324 1032 1616 1088 Jerusalem
1646 1031 1794 1101 (Luc.
1826 1031 1875 1087 9.
1908 1032 2031 1101 5i);

469 1131 520 1185 id
542 1138 644 1197 est,
672 1128 740 1184 de
769 1128 1016 1199 passione
1043 1136 1095 1181 et
1120 1139 1313 1191 cruce;
1340 1125 1417 1180 sic
1445 1126 1586 1179 enim
1618 1124 1784 1193 ipsam
1823 1136 2034 1191 semper

464 1224 682 1267 vocant.
713 1211 895 1280 Neque
916 1215 1037 1265 hinc
1070 1222 1273 1265 tantum
1297 1213 1417 1264 illos
1448 1213 1668 1275 excitat,
1702 1212 1795 1265 sed
1828 1228 1891 1264 ex
1923 1212 2038 1280 ipsa

466 1302 710 1356 virorum
734 1301 952 1362 virtute,
972 1314 1134 1369 quam
1152 1299 1265 1369 ipse
1284 1299 1337 1352 in
1356 1298 1465 1354 illis
1483 1299 1717 1354 maxime
1739 1297 2036 1369 quaerebat.

463 1400 591 1466 Quia
619 1398 759 1453 enim
796 1398 1020 1464 dixerat,
1068 1398 1129 1453 Si
1150 1399 1262 1470 quis
1301 1399 1407 1453 vult
1435 1407 1547 1467 post
1585 1415 1663 1451 me
1689 1398 1868 1459 venire,
1893 1397 2035 1451 tollat

463 1506 661 1564 crucem
690 1505 835 1542 suam
878 1498 926 1542 et
970 1498 1203 1558 sequatur
1243 1504 1338 1553 me,
1366 1502 1492 1553 eos,
1534 1487 1622 1557 qui
1670 1502 1762 1555 pro
1804 1486 1894 1539 Dei
1942 1486 2033 1540 be-

466 1580 751 1650 neplaeito.
780 1589 831 1634 et
854 1596 948 1650 pro
978 1580 1077 1635 sibi
1105 1580 1390 1634 commisso
1434 1581 1626 1649 populo
1662 1578 1804 1632 mille
1834 1587 2032 1632 mortes

464 1671 724 1737 obierant,
759 1670 1059 1724 inmedium
1088 1669 1322 1724 adducit.
1347 1669 1581 1738 Uterque
1630 1669 1769 1722 enim
1800 1668 2029 1722 animam

467 1762 712 1832 perdidit,
748 1770 799 1815 et
828 1762 1025 1815 invenit
1067 1776 1203 1815 eam.
1243 1760 1477 1829 Uterque
1519 1768 1702 1813 contra
1750 1768 2028 1829 tyrannum

461 1864 767 1910 constanter
803 1869 863 1907 ac
897 1854 1061 1907 libere
1104 1852 1279 1917 stetit;
1337 1851 1425 1906 ille
1473 1860 1657 1905 contra
1698 1848 2031 1920 Egyptium,

463 1949 549 2001 hic
575 1956 753 2001 contra
806 1946 1103 2008 Aehabum,
1136 1945 1291 2013 idque
1339 1959 1433 2013 pro
1460 1944 1677 2013 ingratis
1715 1952 1767 1999 et
1816 1942 2029 1998 inobse-

462 2038 746 2110 quentibus
780 2038 1099 2092 hominibus.
1133 2038 1195 2091 Et
1224 2038 1290 2092 ab
1321 2038 1404 2101 iis,
1434 2051 1658 2107 quorum
1702 2036 1856 2091 saluti
1881 2034 2032 2090 advi-

460 2130 712 2200 gilabant,
744 2130 792 2182 in
848 2139 1142 2183 extremum
1187 2129 1288 2183 acti
1338 2137 1461 2183 sunt
1511 2126 1825 2197 periculum,
1874 2134 2034 2195 atque

463 2232 683 2289 uterque
716 2231 772 2273 ut
824 2222 940 2275 illos
989 2221 1056 2273 ab
1100 2220 1396 2274 idololatria
1431 2220 1758 2282 retraheret;
1790 2228 1845 2273 et
1876 2219 2033 2273 ambo

463 2312 646 2380 privati
670 2310 911 2363 homines
938 2324 1058 2364 csse
1084 2308 1398 2364 videbantur
1423 2326 1435 2361 :
1463 2308 1547 2363 ille
1573 2309 1745 2378 lingua
1775 2307 1953 2363 tardus
1979 2315 2034 2363 et

461 2402 583 2456 exili
615 2416 744 2456 voce
772 2409 915 2463 erat;
942 2400 1026 2454 hic
1059 2400 1283 2469 agrestis
1313 2399 1411 2454 viri
1439 2414 1589 2454 more
1614 2399 1803 2468 agebat
1831 2414 1845 2451 :
1876 2400 2031 2451 ambo

461 2508 717 2564 pauperes
744 2492 1027 2546 admodum
1054 2500 1208 2546 erant
1240 2507 1253 2543 :
1286 2506 1403 2543 nam
1438 2505 1610 2559 neque
1643 2489 1851 2559 Moyses
1873 2487 2029 2558 quid-

463 2587 598 2655 piam
626 2585 949 2655 possidebat,
978 2598 1149 2654 neque
1176 2582 1386 2648 Helias;
1421 2581 1584 2653 (quid
1614 2581 1755 2636 enim
1784 2579 1902 2651 plus
1932 2576 2031 2634 ha-

460 2678 592 2743 buit,
619 2693 775 2746 quam
804 2675 1112 2745 melotcn?)
1152 2684 1205 2729 et
1255 2675 1369 2730 haec
1419 2674 1470 2727 in
1517 2674 1681 2729 veteri
1726 2672 1864 2741 lege,
1912 2686 2031 2725 cum

462 2762 693 2823 nondum
776 2777 973 2822 tantam
1034 2767 1303 2837 signorum
1382 2764 1607 2835 gratiam
1684 2762 2031 2832 accepissent.

465 2859 680 2913 Etiamsi
705 2858 844 2912 enim
872 2857 1079 2927 Moyses
1104 2871 1251 2911 mare
1277 2855 1534 2921 diviserit,
1564 2864 1617 2908 at
1646 2854 1833 2909 Petrus
1876 2868 2036 2923 super

460 2966 625 3021 aquas
651 2950 958 3015 ambulavit,
986 2957 1039 3004 et
1068 2956 1277 3003 montes
1308 2947 1592 3002 transferre
1617 2953 1858 3016 poterat,
1892 2959 2035 2998 mor-

461 3043 558 3097 bos
577 3045 747 3096 omnis
776 3041 985 3111 generis
1014 3038 1252 3105 curabat,
1276 3039 1480 3095 feroces
1507 3037 1779 3093 daemonas
1802 3035 2032 3106 fugabat,

462 3149 752 3205 magnaque
803 3133 887 3186 illa
940 3132 1174 3202 prodigia
1216 3146 1311 3201 per
1366 3130 1605 3185 umbram
1673 3128 1912 3198 corporis
1951 3127 2032 3182 sui

461 3228 669 3289 edebat,
704 3234 980 3294 totumque
1025 3223 1209 3278 orbem
1240 3224 1523 3279 convertit.
1579 3221 1634 3277 Si
1682 3230 1858 3275 autem
1890 3218 2033 3275 Elias

463 3329 729 3373 mortuum
786 3316 1098 3381 suscitavit;
1144 3325 1199 3371 at
1242 3315 1316 3370 illi
1364 3324 1643 3370 sexcentos
1689 3313 2030 3376 suscitarunt,

460 3410 666 3464 etiamsi
696 3410 929 3464 nondum
970 3407 1227 3478 Spiritum
1254 3417 1493 3463 sanctum
1536 3408 1881 3477 accepissent.
1914 3405 2034 3461 Illos

463 3507 639 3573 itaque
686 3502 785 3557 hac
831 3502 899 3557 de
947 3516 1103 3557 causa
1157 3502 1207 3556 in
1259 3501 1493 3556 medium
1536 3499 1753 3554 adduxit
1785 3516 1798 3553 :
1827 3498 2037 3555 volebat

462 3596 602 3649 enim
630 3594 915 3664 discipulos
946 3609 1132 3650 eorum
1166 3593 1230 3649 ad
1282 3594 1533 3664 populum
1574 3592 1875 3648 ducendum
1924 3604 2034 3648 stu-

460 3687 604 3741 dium
633 3686 846 3750 imitari,
881 3686 1090 3742 illorum
1117 3685 1490 3751 constantiam,
1520 3684 1822 3740 ﬁrmitatem
1854 3697 2036 3740 :esse-

461 3794 561 3848 que
590 3778 761 3842 mites,
797 3785 855 3831 ut
883 3776 1088 3850 Moyses
1117 3787 1248 3843 erat,
1301 3778 1417 3833 zelo
1455 3778 1643 3849 plenos
1672 3788 1727 3833 ut
1765 3779 1928 3845 Elias,
1955 3779 2033 3834 si-

462 3870 760 3940 militerque
799 3869 1074 3924 sollicitos.
1113 3870 1266 3926 Alter
1295 3870 1438 3925 enim
1490 3869 1805 3925 triennalem
1837 3870 2029 3926 famem

462 3963 580 4017 tulit
606 3973 820 4032 propter
848 3964 1097 4035 populum
1121 3962 1396 4018 Iudaicum
1421 3980 1436 4029 ;
1468 3965 1604 4020 alter
1630 3979 1757 4018 vero
1784 3963 2030 4019 dicebat:

464 4052 521 4105 Si
546 4052 743 4121 quidem
774 4052 981 4107 dimittis
1007 4054 1131 4121 ipsis
1166 4062 1440 4123 peccatum,
1468 4056 1697 4121 dimitte;
1725 4058 1802 4111 sin
1829 4059 2029 4128 minus,

463 4145 573 4196 dele
600 4160 677 4196 me
701 4144 762 4197 de
784 4143 908 4197 libro
937 4161 1083 4213 quem
1111 4146 1354 4216 scripsisti
1385 4146 1404 4217 (
1428 4147 1594 4201 Exod.
1626 4149 1711 4204 '52.
1742 4148 1811 4204 52
1838 4150 1879 4221 ).
1911 4151 2034 4207 Haec

462 4235 637 4288 omnia
668 4235 794 4304 ipsis
824 4251 915 4304 per
939 4236 1073 4291 hanc
1098 4237 1353 4292 visionem
1384 4239 1436 4293 in
1460 4250 1691 4296 mentem
1724 4242 2031 4298 revocabat.

463 4326 592 4380 Nam
625 4327 673 4380 in
705 4326 923 4396 gloriam
957 4328 1099 4383 illam
1130 4328 1348 4386 adduxit
1384 4334 1558 4401 ipsos;
1606 4350 1711 4389 non
1738 4344 1798 4390 ut
1828 4337 1879 4390 in
1926 4336 2033 4393 illis

462 4430 680 4483 starent,
712 4419 803 4474 sed
836 4429 894 4474 ut
922 4431 1211 4477 scamtnata
1242 4424 1584 4479 transilirent.
1612 4425 1834 4494 Quando
1865 4428 2025 4497 igitur

462 4513 726 4576 dixerunt,
755 4512 997 4568 Dicamus
1034 4514 1199 4585 ignem
1226 4515 1289 4571 de
1314 4516 1439 4571 ccelo
1458 4518 1775 4586 descendere,
1823 4532 1877 4577 et
1904 4523 2031 4579 Elim

467 4603 727 4657 recordati
752 4612 891 4669 sunt,
917 4605 1005 4674 qui
1040 4606 1140 4661 hoc
1166 4605 1386 4672 fecerat,
1415 4611 1489 4663 ait
1510 4610 1614 4665 illis
1642 4628 1656 4666 :
1689 4611 1907 4669 Nescitis
1937 4633 2027 4671 cu-

462 4695 542 4762 jus
567 4694 774 4762 spiritus
798 4694 907 4747 sitis
937 4694 1085 4764 (Luc.
1114 4696 1166 4751 9.
1196 4697 1283 4751 54.
1307 4698 1430 4767 55);
1458 4700 1525 4754 ad
1555 4700 1866 4771 injuriarum
1894 4707 2033 4763 obli-

464 4786 670 4839 vienem
704 4784 821 4841 illos
849 4787 1137 4842 adhortans
1163 4790 1231 4845 ob
1257 4790 1631 4850 charismatum
1662 4796 2031 4858 differentiam.

462 4875 537 4929 Ne
566 4885 719 4931 entes
751 4893 849 4933 nos
880 4878 1047 4934 Etiam
1098 4890 1154 4935 ut
1200 4882 1565 4954 imperfectum
1607 4888 1860 4948 damnare
1888 4912 1900 4948 :
1927 4909 2034 4951 non

462 4968 602 5019 enim
631 4968 733 5022 hoc
757 4970 1020 5037 dicimus;
1053 4972 1248 5027 etenim
1276 4974 1561 5033 admodum
1608 4983 1873 5051 perfecws
1896 4999 2030 5042 erat.

463 5058 660 5115 Verum
688 5064 1015 5133 temporibus
1033 5066 1169 5132 suis,
1193 5083 1313 5122 cum
1342 5073 1595 5137 puerilior
1623 5084 1746 5132 tunc
1767 5092 1915 5133 mens
1947 5079 2034 5133 ho-

465 5150 665 5205 minum
697 5163 859 5218 esset,
906 5154 1005 5211 hac
1030 5173 1162 5227 opus
1189 5169 1303 5213 erat
1334 5161 1666 5222 institutione
1700 5184 1858 5224 :nam
1890 5170 2037 5244 Moy-

463 5255 549 5296 sc-s
575 5258 783 5312 quoque
809 5244 907 5299 hac
934 5247 1137 5303 ratione
1153 5249 1415 5318 perfectus
1435 5262 1581 5322 erat;
1609 5259 1703 5313 sed
1731 5260 1847 5329 plus
1866 5264 2025 5334 exigi-

466 5341 551 5384 tur
577 5333 643 5386 ab
670 5335 920 5401 aposwlis
954 5352 1111 5405 quam
1153 5340 1220 5393 ab
1257 5340 1367 5396 illo.
1399 5343 1518 5399 Nisi
1540 5348 1677 5401 enim
1714 5333 2036 5408 abundaverit

452 5420 652 5487 justitia
678 5435 838 5479 vestra
858 5426 972 5496 plus
994 5446 1143 5498 quam
1159 5432 1434 5490 scribarum
1458 5447 1503 5493 et
1523 5438 1917 5510 Pharisteorutn,
1936 5463 2034 5501 non

463 5513 708 5567 t'ttmbitis
737 5517 787 5569 in
816 5534 1025 5586 regnum
1044 5522 1279 5576 caelorum
1311 5525 1519 5598 (Matth.
1548 5531 1601 5585 5.
1624 5532 1733 5603 20).
1761 5534 1877 5591 Non
1894 5538 2033 5593 enim

520 5662 533 5686 ⁸
592 5666 731 5717 Juxta
752 5672 870 5721 alios
888 5681 938 5724 et
962 5676 1077 5725 bibl.
1101 5676 1360 5742 legendum
1390 5694 1485 5746 est,
1510 5687 1569 5735 de
1593 5690 1790 5740 τίτί-εδει(
1810 5705 1967 5758 quem.

3603 305 3711 361 55!

2145 398 2198 450 in
2226 397 2511 471 Egyptum
2546 406 2765 475 ingressi
2789 418 2930 474 sunt,
2962 410 3056 465 sed
3083 412 3134 466 in
3164 412 3344 469 orbem
3369 424 3557 484 totum,
3584 436 3710 492 gra-

2140 490 2259 546 vius
2309 500 2362 545 et
2406 493 2558 562 pejus
2608 495 2854 552 affectum
2893 514 3051 569 quam
3094 498 3326 572 Egyptii
3376 515 3529 562 erant
3557 490 3709 567 :vnon

2142 580 2469 638 Pharaonem
2513 585 2856 656 alloquuturi,
2890 591 2984 646 sed
3015 607 3133 647 cum
3179 594 3388 653 diabolo
3431 604 3710 670 pugnaturi

2141 687 2256 740 Ipso
2281 676 2532 745 nequitiae
2561 689 2804 749 tyranno.
2836 682 2966 736 Nam
3000 693 3269 742 certamen
3314 688 3444 757 ipsis
3484 701 3620 757 erat,
3652 704 3712 749 ut

2142 760 2287 816 illum
2310 764 2603 835 alligarent,
2635 779 2690 824 et
2710 786 2835 826 vasa
2859 771 2975 842 ejus
3017 775 3309 844 diriperent
3347 782 3556 845 omnia;
3582 783 3707 837 illud

2141 868 2266 908 vero
2287 854 2570 924 faciebant,
2596 875 2701 913 non
2726 876 2872 917 mare
2919 863 3235 933 dividentes,
3265 870 3359 923 sed
3387 885 3480 939 per
3507 873 3707 942 virgam

2136 941 2304 999 Jessae
2331 946 2647 1015 profundum
2692 951 2979 1021 impietatis
3004 955 3352 1023 dissecantes,
3382 962 3549 1016 multo
3582 941 3706 1034 gra-

2140 1035 2371 1090 vioribus
2391 1039 2643 1106 agitatum
2674 1041 2939 1099 fluctibus.
2971 1046 3102 1102 Vide
3127 1048 3287 1116 igitur
3310 1059 3441 1119 quot
3480 1066 3707 1122 quanta-

2136 1140 2241 1195 que
2283 1138 2497 1197 essent,
2544 1147 2664 1201 quae
2707 1132 3009 1191 hominibus
3062 1146 3322 1196 terrorem
3363 1144 3703 1201 incuterent:

2136 1230 2301 1278 mors,
2333 1228 2637 1287 paupertas,
2668 1221 2905 1290 infamia,
2938 1226 3081 1295 mille
3103 1229 3262 1294 mala,
3310 1235 3588 1303 magisque
3617 1235 3704 1289 illa

2136 1313 2262 1359 tunc
2290 1307 2560 1374 timebant,
2596 1327 2753 1381 quam
2792 1313 2962 1370 Judaei
2985 1317 3110 1372 olim
3141 1320 3358 1390 pelagus
3381 1323 3531 1378 illud.
3556 1328 3707 1380 Atta-

2136 1409 2257 1449 men
2282 1397 2448 1450 suasit
2475 1398 2576 1453 illis
2604 1409 2658 1453 ut
2684 1400 2798 1456 haec
2825 1406 3002 1459 omnia
3034 1406 3258 1463 ﬁdenter
3272 1412 3705 1480 aggrederentur,

2136 1492 2189 1538 et
2213 1500 2330 1539 cum
2356 1502 2543 1555 magna
2570 1492 2853 1548 securitate
2878 1496 3027 1564 quasi
3056 1512 3149 1566 per
3172 1499 3372 1555 siccum
3400 1503 3706 1561 transirent.

2136 1576 2214 1651 Ad
2247 1576 2357 1630 haec
2387 1579 2543 1649 igitur
2576 1583 2753 1636 omnia
2799 1586 2942 1653 ipsos
2981 1589 3290 1654 concitans,
3343 1593 3461 1647 illos
3488 1595 3710 1652 adduxit

2136 1666 2292 1734 quiin
2320 1666 2494 1724 Veteri
2530 1671 2864 1729 refnlserant.
2911 1676 3047 1743 Quid
3083 1679 3240 1748 igitur
3266 1680 3455 1737 Petrus
3497 1684 3706 1743 fervens

2137 1756 2259 1813 ille?
2284 1759 2335 1813 4.
2367 1759 2563 1814 Bonum
2588 1772 2659 1816 est
2693 1780 2784 1819 nos
2815 1766 2898 1819 hic
2930 1784 3050 1822 esse.
3098 1769 3229 1837 Quia
3267 1775 3407 1828 enim
3451 1776 3707 1843 audierat,

2136 1847 2306 1916 ipsum
2332 1849 2715 1923 Jcrosolymam
2747 1868 3029 1914 venturum
3055 1868 3112 1914 et
3145 1876 3423 1930 passurum
3471 1879 3609 1933 esse,
3643 1883 3710 1922 ea

2134 1938 2203 1993 de
2219 1956 2375 1996 causa
2398 1943 2570 1999 adhuc
2588 1944 2780 2000 timens
2806 1957 2860 2003 et
2880 1958 3134 2015 tremens,
3150 1962 3269 2022 post
3290 1954 3706 2027 increpationem

2136 2030 2279 2087 illam
2307 2049 2410 2089 non
2442 2037 2601 2091 audet
2627 2038 2836 2107 quidem
2864 2041 3123 2097 accedere
3167 2059 3231 2099 ae
3276 2046 3451 2102 dicere
3478 2064 3490 2099 :
3517 2048 3709 2115 Propi-

2136 2122 2233 2177 tius
2259 2124 2343 2177 tibi
2366 2126 2428 2179 sit
2450 2125 2661 2196 (Matth.
2694 2128 2779 2184 16.
2797 2129 2914 2200 εἰ),
2945 2131 3038 2186 sed
3067 2134 3255 2189 timore
3280 2136 3453 2193 adhuc
3496 2150 3707 2208 captus,

2135 2213 2317 2268 eadem
2348 2216 2479 2284 ipsa,
2504 2217 2597 2272 sed
2625 2234 2720 2288 per
2744 2220 2844 2275 alia
2876 2223 3034 2278 verba
3061 2225 3380 2283 subindicat.
3404 2228 3536 2295 Quia
3566 2232 3708 2287 enim

2135 2316 2368 2361 montem
2425 2308 2635 2364 videbat
2685 2320 2739 2366 et
2778 2322 2981 2369 vastam
3035 2316 3397 2387 solitudinem,
3445 2322 3709 2392 cogitabat

2136 2409 2378 2464 magnam
2410 2397 2479 2451 ibi
2533 2401 2869 2457 securitatem
2917 2418 2949 2458 a
2990 2404 3110 2461 loco
3147 2421 3305 2473 esse;
3358 2425 3456 2465 nec
3485 2411 3643 2467 modo
3676 2427 3711 2467 a

2137 2483 2272 2549 loco,
2306 2486 2397 2542 sed
2424 2490 2561 2558 quod
2584 2500 2802 2560 cuperet
2830 2493 3001 2562 ipsum
3031 2511 3136 2551 non
3166 2498 3302 2554 ultra
3322 2500 3709 2573 Jerosolymam

2135 2576 2324 2632 adire:
2358 2580 2465 2633 vult
2514 2581 2656 2635 enim
2705 2598 2824 2637 eum
2866 2585 2937 2639 ibi
2984 2599 3241 2658 perpetuo
3282 2606 3496 2646 manere
3532 2610 3546 2647 :
3591 2592 3713 2648 ideo

2138 2668 2472 2725 tabernacula
2498 2683 2776 2728 memorat.
2824 2674 2881 2730 Si
2909 2677 3050 2732 enim
3081 2679 3183 2735 hoc
3232 2681 3341 2743 ﬁat.
3370 2683 3569 2753 inquit,
3602 2699 3706 2739 non

2139 2758 2270 2814 ultra
2297 2759 2681 2832 Jerosolymam
2705 2767 3088 2836 ascendemus;
3127 2772 3171 2828 si
3213 2788 3319 2828 non
3339 2776 3706 2838 ascendamus.

2138 2850 2224 2905 ille
2248 2867 2353 2906 non
2383 2856 2657 2910 morietur.
2688 2857 2760 2913 lbi
2791 2874 3020 2931 namque
3044 2862 3254 2919 dicebat
3281 2868 3485 2923 scribas
3526 2884 3587 2925 se
3620 2885 3712 2940 ag-

2136 2956 2414 3011 gressuros
2447 2960 2586 3002 esse.
2619 2948 2722 3005 Sed
2749 2966 2851 3006 non
2876 2967 3037 3008 ausus
3058 2964 3140 3010 est
3166 2956 3237 3011 ita
3262 2957 3442 3028 loqui;
3482 2960 3595 3015 haec
3619 2977 3711 3016 au-

2140 3041 2242 3087 tem
2272 3034 2527 3103 perﬁcere
2551 3039 2758 3105 volens,
2790 3058 2979 3100 secure
3016 3046 3228 3102 dicebat
3259 3066 3273 3102 :
3299 3049 3494 3104 Bonum
3521 3062 3593 3106 est
3620 3070 3713 3106 nos

2137 3124 2219 3177 hic
2247 3140 2371 3192 esse,
2407 3127 2494 3181 ubi
2523 3138 2574 3183 et
2596 3128 2805 3202 Moyses
2831 3141 2884 3188 et
2911 3134 3059 3190 Elias
3083 3138 3274 3194 adsunt
3298 3158 3312 3194 :
3341 3140 3502 3207 Elias,
3534 3144 3623 3213 qui
3644 3144 3711 3197 de

2137 3215 2266 3272 caelo
2294 3218 2466 3288 ignem
2489 3219 2541 3274 in
2569 3232 2801 3279 montem
2822 3224 3149 3285 descendere
3169 3230 3348 3299 jussit,
3378 3231 3709 3304 Moysesigue,

2136 3310 2223 3380 qui
2256 3311 2307 3365 in
2332 3312 2606 3383 caliginem
2630 3315 2919 3385 ingressus,
2947 3334 3066 3375 eum
3101 3321 3210 3378 Deo
3240 3322 3488 3395 loquutus
3508 3337 3591 3383 est
3614 3345 3627 3380 :
3654 3338 3710 3383 et

2137 3414 2295 3457 nemo
2318 3402 2449 3458 sciet
2470 3404 2685 3461 ubinam
2706 3423 2911 3464 sumus.

2206 3494 2259 3550 ὃ.
2311 3494 2583 3552 Visdistin‘
2623 3496 2913 3557 ferventem
2967 3501 3160 3559 Christi
3216 3515 3507 3566 amatorem
3552 3511 3576 3564 τ
3634 3510 3713 3567 Ne

2136 3600 2344 3655 quzeras
2381 3602 2539 3658 quam
2578 3590 2811 3660 prudens
2854 3600 2908 3648 et
2948 3604 3225 3651 accuratus
3270 3608 3415 3655 esset
3465 3600 3710 3656 hortandi

2136 3678 2356 3746 modus,
2410 3679 2504 3736 sed
2568 3696 2725 3751 quam
2774 3681 3020 3748 fervens,
3078 3698 3440 3759 quantumque
3492 3692 3711 3747 ardebat

2134 3784 2317 3827 amore
2348 3770 2564 3828 Christi.
2594 3772 2745 3841 Quod
2774 3774 2913 3830 enim
2935 3790 3055 3830 cum
3086 3776 3212 3832 illud
3229 3779 3448 3847 diceret,
3481 3797 3586 3838 non
3614 3800 3712 3853 pro

2135 3863 2317 3934 seipse
2344 3871 2546 3919 tantum
2576 3873 2827 3921 tremeret
2855 3865 2969 3922 hate
2994 3867 3243 3935 dicendo,
3266 3871 3386 3927 audi
3415 3872 3540 3943 quid
3567 3874 3711 3930 dicat

2135 3967 2256 4008 cum
2299 3951 2543 4009 Christus
2583 3963 2809 4010 mortem
2839 3970 2987 4011 suam
3030 3970 3084 4012 et
3129 3958 3348 4015 insidias
3389 3962 3490 4017 sibi
3536 3969 3710 4034 parari

2136 4042 2506 4112 praenuntiavit
2532 4061 2545 4097 :
2573 4044 2805 4099 Animam
2838 4062 2997 4100 meam
3035 4065 3126 4117 pro
3148 4059 3194 4103 te
3220 4067 3406 4120 ponant
3436 4068 3457 4107 :
3492 4054 3535 4107 si
3562 4072 3713 4125 opor-

2136 4136 2286 4190 tuerit
2310 4152 2389 4190 me
2416 4136 2547 4190 mori
2572 4146 2765 4205 tecum,
2797 4155 2895 4192 non
2933 4149 2980 4193 te
3006 4141 3190 4211 negabo
3216 4141 3236 4214 (
3262 4142 3425 4198 Marc.
3458 4147 3543 4202 14.
3574 4148 3636 4204 Si
3664 4150 3709 4219 ).

2136 4226 2271 4284 Vide
2314 4229 2471 4283 etiam
2512 4231 2780 4301 quomodo
2810 4232 2860 4287 in
2910 4234 3099 4289 mediis
3148 4237 3392 4304 periculis
3437 4240 3557 4295 vitae
3600 4256 3714 4299 sum

2136 4333 2321 4390 parum
2360 4322 2678 4376 consuleret.
2705 4322 2875 4379 Tanto
2912 4326 3054 4380 enim
3084 4328 3461 4391 circumstante
3486 4335 3711 4403 populo,

2138 4427 2243 4467 non
2286 4414 2445 4468 modo
2481 4429 2587 4469 non
2614 4416 2837 4487 aufugit,
2882 4418 2975 4473 sed
3004 4420 3189 4475 stricto
3216 4420 3392 4491 gladio
3421 4427 3714 4493 amputavit

2136 4503 2425 4557 auriculam
2474 4505 2613 4559 servi
2653 4506 2966 4562 sacerdotis.
2998 4506 3086 4563 Sic
3125 4509 3214 4563 ille
3245 4526 3349 4565 non
3384 4513 3525 4582 quod
3556 4531 3712 4571 suum

2137 4603 2255 4651 erat
2297 4596 2650 4665 respiciebat,
2697 4598 2789 4654 sed
2842 4615 2939 4670 pro
2985 4602 3240 4672 magistro
3285 4618 3382 4659 suo
3430 4607 3711 4662 tremebat.

2140 4686 2340 4744 Deinde
2376 4689 2497 4758 quia
2543 4689 2785 4745 absolute
2828 4691 3073 4761 loquutus
3114 4691 3315 4759 fuerat,
3368 4694 3434 4750 ad
3480 4707 3712 4753 mentem

2138 4777 2311 4844 redit;
2341 4778 2635 4850 timensque
2665 4796 2730 4836 ne
2752 4796 2936 4837 rursus
2962 4783 3351 4853 increparetur,
3380 4787 3455 4841 ait
3486 4805 3499 4841 :
3530 4786 3592 4843 Si
3616 4789 3713 4857 vis,

2136 4865 2382 4935 faciamus
2411 4872 2492 4926 hic
2522 4874 2617 4927 tria
2641 4875 2981 4940 tabernacula,
3013 4875 3100 4929 tibi
3122 4892 3298 4945 unum,
3334 4877 3505 4950 Moysi
3532 4897 3712 4947 unum,

2138 4970 2184 5014 et
2217 4959 2343 5016 ﬁlia:
2368 4980 2549 5016 unum.
2575 4963 2712 5032 Quid
2756 4963 2907 5028 dicis,
2937 4963 3141 5021 Petrei
3170 4983 3348 5024 nonne
3391 4969 3547 5039 paulo
3586 4982 3713 5027 ante

2148 5072 2178 5112 a
2207 5054 2379 5108 servis
2423 5070 2542 5109 eum
2585 5058 2838 5125 separasti
2863 5057 2886 5110 ?
2914 5073 3007 5112 cur
3033 5073 3151 5113 cum
3193 5062 3365 5117 servis
3394 5062 3553 5118 modo
3580 5080 3712 5119 con-

2142 5143 2437 5199 numeras?
2475 5144 2658 5200 Viden’
2704 5162 2860 5216 quam
2910 5147 3201 5217 imperfecti
3252 5151 3327 5207 illi
3369 5164 3552 5209 essent
3588 5166 3713 5212 ante

2139 5234 2401 5290 crucem?
2435 5234 2568 5289 Nam
2596 5237 2638 5290 si
2686 5236 2843 5292 Pater
2882 5238 3041 5293 Petro
3088 5241 3364 5309 revelavit,
3409 5252 3464 5297 at
3490 5260 3594 5300 non
3621 5247 3712 5301 diu

2140 5325 2515 5381 revelationem
2549 5326 2688 5380 illam
2720 5327 2954 5390 retinnit.
2980 5330 3072 5385 sed
3106 5346 3303 5401 pavore
3329 5334 3568 5389 turbatus
3605 5346 3709 5403 est,

2141 5432 2244 5470 non
2294 5418 2465 5472 solum
2511 5432 2577 5471 eo
2615 5432 2771 5487 quem
2815 5418 2958 5486 dixi,
2990 5420 3082 5475 sed
3125 5423 3283 5477 etiam
3313 5425 3417 5478 alio
3447 5441 3605 5494 quem
3646 5441 3709 5481 ex

2142 5506 2342 5561 visione
2387 5506 2478 5561 illa
2519 5516 2843 5577 susceperat.
2881 5509 2983 5564 Alii
3014 5511 3188 5580 itaque
3230 5516 3568 5584 evangelista:
3610 5515 3712 5571 hoe

2142 5598 2530 5669 signiﬁcantes,
2577 5601 2770 5655 mentis
2814 5601 3216 5668 confusionem,
3265 5621 3364 5674 qua
3414 5607 3707 5661 afﬁcieba-

2147 5698 2250 5756 tur,
2293 5704 2411 5744 cum
2452 5689 2565 5746 haec
2611 5690 2829 5761 diceret,
2859 5707 2924 5747 ex
2953 5708 3146 5763 pavore
3170 5695 3264 5751 illo
3285 5707 3585 5770 susceptam
3622 5696 3704 5751 de
