3990 6216
226 295 337 352 5ῖῶ

228 408 452 464 clarant.
480 400 693 457 Marcus
716 396 928 468 quidem
964 392 1114 459 dicit,
1145 390 1266 445 Non
1295 390 1429 445 enim
1469 386 1653 443 sciebat
1687 384 1807 452 quid

233 503 517 568 loqueretur
566 509 585 548 :
625 489 875 562 perterriti
919 501 1134 556 namque
1176 486 1378 555 fuerunt
1404 480 1421 550 (
1447 479 1612 532 Marc.
1636 476 1690 531 9.
1717 475 1812 545 6).

232 567 399 645 Lucas
421 600 551 639 vero
569 590 850 652 postquam
877 576 1029 641 dixit,
1056 573 1327 627 Faciamus
1354 580 1389 623 tt
1402 571 1449 623 ia
1470 567 1812 629 tabernacula,

230 680 409 736 statim
440 671 737 741 subiunxit,
767 667 1010 723 Nesciens
1034 665 1156 735 quid
1184 665 1368 715 diceret
1404 659 1573 730 (an.
1598 657 1651 712 9.
1685 655 1813 723 55).

235 770 439 828 Deinde
479 766 784 838 signiﬁcans
825 772 878 815 et
905 761 1054 814 illum
1084 766 1139 812 et
1164 757 1296 810 alios
1326 755 1515 808 timore
1544 758 1817 818 correptos

232 863 397 919 fuisse
421 903 437 927 ,
465 860 540 913 ait
588 875 602 910 :
646 854 854 909 Gravati
894 866 1071 906 somno
1114 857 1255 902 erant
1293 862 1311 901 .'
1349 862 1462 899 cum
1504 842 1818 912 evigilassent

230 963 402 1006 autem
423 991 436 1013 ,
470 948 700 1003 viderunt
728 945 941 1015 gloriam
974 942 1086 1010 ejus
1114 937 1291 1012 (Ibid.
1321 954 1369 991 v.
1398 936 1467 989 32
1491 933 1511 1007 )
1537 951 1551 996 ;
1575 946 1817 987 sonmum

234 1059 362 1099 vero
386 1043 472 1095 hic
500 1047 655 1094 vocat
680 1050 929 1105 soporem
957 1033 1105 1087 illum
1132 1030 1221 1100 qui
1258 1045 1322 1084 ex
1372 1028 1464 1081 tali
1499 1026 1705 1079 visione
1734 1038 1821 1076 ac-

230 1138 384 1193 cidit.
416 1135 547 1189 Nam
566 1131 725 1186 veluti
750 1128 887 1184 oculi
918 1142 982 1182 ex
1022 1124 1188 1180 nimio
1219 1122 1424 1192 fulgore
1458 1117 1820 1173 obtenebrau~

236 1240 323 1282 tur
349 1269 365 1291 ,
416 1227 495 1281 sic
532 1234 587 1279 et
631 1223 734 1276 illis
780 1218 976 1275 evenit.
1009 1217 1192 1286 Neque
1229 1213 1373 1269 enim
1419 1226 1521 1265 nox
1550 1218 1686 1274 erat,
1729 1206 1820 1261 sed

236 1320 359 1375 dies
389 1334 404 1369 :
440 1325 497 1371 et
534 1313 803 1368 radiorum
847 1306 1103 1378 splendor
1142 1304 1415 1360 oculorum
1464 1300 1821 1354 inﬁrmitatem

235 1410 512 1482 gravabat.
561 1406 697 1471 Quid
738 1402 948 1473 igitur?
990 1400 1107 1469 Ipse
1148 1396 1366 1467 quidem
1411 1392 1541 1447 nihil
1570 1390 1821 1482 loquitur,

243 1479 414 1571 neque
437 1498 645 1569 Moyses
664 1536 680 1561 ,
713 1508 883 1562 neque
910 1491 1056 1546 Elias
1089 1509 1101 1543 :
1131 1488 1226 1544 sed
1254 1488 1344 1557 qui
1370 1484 1617 1541 omnibus
1656 1479 1826 1549 major

239 1600 297 1645 et
344 1589 448 1643 ﬁde
488 1588 696 1656 dignior
725 1594 840 1645 est,
893 1582 1050 1636 Pater
1094 1594 1279 1634 vocem
1324 1576 1520 1631 emittit
1561 1590 1626 1627 ex
1665 1572 1822 1626 nube.

239 1682 349 1737 Cur
377 1698 445 1736 ex
474 1679 612 1734 nube
634 1679 656 1731 ?
678 1678 768 1732 Sic
794 1691 1007 1744 semper
1037 1680 1259 1741 apparet
1285 1671 1425 1723 Deus
1456 1686 1469 1722 :
1504 1682 1624 1721 nam
1657 1664 1827 1718 Nubes

242 1786 288 1828 et
338 1774 504 1842 caligo
537 1773 590 1823 in
620 1769 835 1822 circuitu
863 1768 974 1836 ejus
1018 1767 1035 1834 (
1065 1764 1211 1817 Psal.
1231 1761 1317 1816 96.
1336 1761 1422 1829 2)
1449 1780 1463 1823 ;
1500 1767 1554 1813 et
1598 1771 1781 1811 rursus
1811 1771 1824 1806 :

246 1866 345 1930 Qui
373 1864 517 1934 ponit
544 1862 695 1915 nubes
718 1874 980 1913 ascensum
1006 1872 1153 1910 suum
1177 1855 1193 1923 (
1222 1851 1598 1920 Psal.105.'5)',
1618 1849 1829 1905 iterum-

242 1974 368 2026 que,
426 1955 671 2008 Dominus
708 1951 841 2005 sedet
881 1951 934 2002 in
978 1947 1107 2002 nube
1148 1947 1243 2000 levi
1269 1944 1287 2015 (
1313 1943 1441 1996 Isai.
1476 1941 1563 1996 i9.
1596 1942 1617 1994 1
1654 1941 1709 2007 );
1742 1946 1827 2003 et,

247 2047 424 2103 Nubes
453 2044 669 2112 suscepit
699 2058 812 2095 eum
843 2038 903 2092 ab
942 2037 1103 2092 oculis
1129 2052 1303 2090 eorum
1326 2034 1343 2103 (
1368 2034 1481 2086 Act.
1516 2033 1565 2086 1.
1590 2029 1663 2097 9)
1694 2046 1706 2092 ;
1740 2039 1791 2082 ct
1812 2069 1826 2092 ,

248 2140 409 2206 Quasi
425 2134 469 2189 Ρ
473 2132 821 2188 iliushominis
844 2131 1043 2185 veniens
1068 2130 1123 2182 in
1159 2126 1369 2181 nubibus
1407 2124 1582 2195 (Dan.
1608 2122 1659 2175 7.
1696 2121 1759 2175 l5
1791 2123 1827 2189 ).

246 2234 317 2289 Ut
348 2234 511 2304 igitur
533 2230 755 2286 credant
783 2229 850 2283 ab
876 2228 994 2296 ipso
1040 2226 1152 2281 Deo
1185 2239 1367 2278 vocem
1398 2222 1560 2286 ferri,
1593 2219 1716 2273 inde
1743 2234 1831 2271 ve-

248 2328 344 2393 nit,
366 2338 427 2383 et
450 2325 619 2379 nubes
644 2321 815 2377 lucida
838 2328 955 2375 erat
982 2337 996 2372 :
1031 2334 1151 2372 nam
1186 2318 1236 2371 5.
1274 2316 1452 2369 Adhuc
1485 2330 1542 2367 eo
1580 2314 1826 2377 loquente,

244 2436 357 2474 ecce
380 2417 535 2472 nubes
573 2415 742 2470 lucida
775 2410 1084 2466 obumbravit
1114 2425 1215 2463 eos.
1250 2406 1314 2460 Et
1356 2422 1467 2460 ecce
1492 2420 1588 2458 vox
1617 2404 1678 2455 de
1706 2401 1833 2454 nube

248 2512 424 2565 dicens
451 2525 468 2564 :
493 2507 594 2563 Hic
625 2514 696 2561 est
722 2504 888 2559 Filius
926 2518 1064 2556 meus
1094 2501 1326 2566 dilectus,
1352 2500 1405 2553 in
1438 2514 1535 2564 quo
1564 2495 1687 2548 mihi
1713 2495 1833 2546 bene

245 2600 534 2670 complacui
555 2615 574 2651 :
601 2597 769 2665 ipsum
801 2594 991 2647 audite.
1021 2590 1249 2659 Quando
1286 2589 1428 2644 enim
1469 2587 1717 2647 tuinatur,
1752 2593 1831 2637 te—

247 2690 537 2747 nebrosam
568 2686 763 2742 nubem
790 2682 1056 2747 ostendit,
1084 2678 1537 2752 quemadmodum
1578 2676 1631 2730 in
1659 2674 1787 2730 Sina
1816 2690 1829 2727 :

251 2780 472 2836 Intravit
500 2778 666 2842 enim,
709 2776 803 2837 ait,
829 2774 882 2828 in
910 2775 1089 2827 nubem
1132 2780 1180 2826 et
1222 2771 1275 2823 in
1313 2768 1580 2839 caliginem
1609 2764 1831 2835 Moyses,

248 2884 296 2927 et
340 2871 483 2926 velut
529 2884 687 2939 vapor
728 2868 802 2920 ita
852 2863 1107 2936 ferebatur
1144 2865 1315 2934 fumus
1346 2857 1650 2927 (Exoddi.
1685 2856 1751 2911 18
1775 2857 1832 2924 );

247 2972 303 3019 et
354 2960 621 3032 prepbeta
660 2958 729 3013 de
775 2956 933 3011 minis
957 2955 1075 3024 ejus
1099 2953 1389 3015 disserens,
1418 2949 1723 3012 Tenebrosa,
1752 2947 1835 3001 in-

247 3054 389 3125 quit,
423 3068 553 3121 aqua
581 3052 634 3104 in
664 3049 876 3103 nubibus
904 3044 1075 3117 aeris(
1103 3043 1243 3099 Psal.
1271 3044 1357 3097 Π.
1390 3040 1457 3096 12
1480 3040 1499 3112 )
1523 3057 1538 3105 ;
1572 3039 1658 3094 hic
1685 3052 1834 3103 vero,

250 3148 372 3217 quia
418 3161 524 3199 nun
576 3152 797 3204 terrere,
832 3139 923 3194 sed
954 3138 1157 3193 docere
1193 3134 1435 3200 volebat,
1470 3133 1637 3188 nubes
1666 3130 1836 3186 lucida

249 3247 353 3293 est.
402 3236 468 3290 Et
494 3235 691 3290 Petrus
714 3231 929 3303 quidem
956 3229 1190 3292 dicebat,
1226 3225 1499 3280 Faciamus
1524 3225 1622 3278 tria
1658 3223 1840 3278 taber—

252 3327 485 3391 nacula;
527 3324 618 3379 ille
644 3336 774 3377 vero
806 3319 1207 3375 tabernaculum
1249 3315 1485 3373 ostendit
1512 3329 1616 3369 non
1650 3329 1838 3368 manu-

252 3422 475 3475 lactnm.
504 3417 629 3471 Ideo
650 3415 719 3470 ibi
744 3413 958 3484 quidem
974 3411 1153 3467 fumus
1180 3419 1282 3475 est,
1305 3420 1360 3466 et
1385 3424 1550 3479 vapor
1578 3407 1837 3470 fornacis;

255 3510 339 3564 hic
364 3524 502 3564 vero
524 3506 614 3561 lux
638 3504 938 3567 ineffabilis,
957 3512 1011 3558 et
1039 3517 1162 3555 vox.
1207 3500 1408 3555 Deinde
1438 3509 1494 3553 ut
1523 3498 1840 3553 ostendatur

254 3616 358 3655 non
414 3598 483 3654 de
526 3612 645 3653 uno.
680 3597 834 3650 trium
876 3593 1188 3663 simpliciter
1228 3592 1361 3657 dici,
1413 3589 1508 3645 sed
1535 3589 1603 3644 de
1629 3588 1843 3643 Christo

256 3704 491 3755 tantum,
533 3704 654 3743 cum
682 3703 783 3741 vox
814 3686 974 3740 allata
1016 3694 1118 3751 est,
1149 3685 1221 3738 illi
1253 3690 1605 3737 recesserant.
1638 3679 1769 3735 Nam
1797 3680 1840 3735 si

254 3783 322 3839 de
342 3796 455 3837 ulto
495 3795 563 3835 ex
589 3780 693 3835 illis
716 3777 916 3832 dictant
947 3775 1152 3841 fuisset,
1184 3788 1292 3828 nou
1328 3773 1419 3828 ille
1450 3772 1732 3826 mansisset
1756 3784 1844 3825 so-

257 3873 375 3936 lus,
428 3870 643 3927 duobus
685 3869 804 3923 aliis
833 3866 1073 3921 remotis.
1102 3865 1178 3936 (a)
1200 3863 1349 3937 [Cur
1374 3878 1501 3933 ergo
1541 3862 1709 3916 nubes
1739 3875 1843 3915 non

254 3963 534 4019 Christqu
571 3960 740 4014 solum
778 3958 1005 4027 operuit,
1029 3957 1121 4011 sed
1147 3970 1336 4010 omnes
1369 3954 1525 4009 simul
1554 3955 1576 4007 τ
1609 3952 1664 4010 Si
1695 3953 1848 4007 Citri-

254 4064 398 4109 stum
454 4050 632 4106 solum
685 4049 1098 4112 obumbrasset,
1138 4057 1378 4117 putatum
1431 4046 1618 4102 fuisset
1672 4045 1845 4114 ipsum

256 4144 539 4199 Christum
592 4142 834 4196 emisisse
890 4155 1096 4195 vocem.
1118 4140 1455 4209 QuaprOpter
1500 4138 1842 4208 evangelista,

259 4245 315 4290 ut
338 4235 446 4289 hoc
475 4234 645 4301 ipsum
667 4232 1029 4295 confirmaret,
1052 4229 1127 4283 ait
1150 4244 1333 4283 vocem
1366 4245 1431 4284 ex
1453 4228 1591 4283 nube
1616 4231 1846 4293 venisse,

259 4326 312 4380 id
339 4336 428 4381 est
447 4365 465 4387 ,
497 4339 562 4379 ex
595 4321 768 4393 Deo.]
810 4321 878 4375 Et
904 4320 1030 4390 quid
1059 4321 1133 4374 ait
1161 4335 1259 4374 vox
1294 4319 1427 4373 illa?
1455 4318 1554 4372 Hic
1582 4329 1654 4373 est
1684 4317 1849 4372 Filius

258 4434 405 4471 meus
446 4416 680 4468 dilectus.
707 4414 764 4468 Si
802 4412 1045 4475 dilectus,
1077 4426 1141 4466 ne
1172 4410 1379 4475 timeas,
1419 4410 1592 4464 Petre.
1626 4410 1850 4478 Oporte-

260 4510 352 4567 bat
380 4507 528 4563 enim
554 4515 605 4560 te
633 4515 685 4559 et
712 4504 956 4558 virtutem
989 4502 1393 4572 potentiamque
1408 4500 1647 4570 ejusjam
1670 4514 1848 4564 nosse,

259 4609 316 4654 et
358 4599 431 4653 de
472 4596 868 4651 resurrectione
902 4606 1019 4649 esse
1064 4593 1344 4648 certiorem
1376 4607 1391 4654 ;
1423 4591 1542 4660 quia
1571 4604 1696 4644 vero
1725 4587 1851 4642 illud

261 4690 529 4760 ignoras,
570 4686 761 4743 saltem
810 4699 878 4739 ex
921 4698 1053 4738 voce
1101 4682 1272 4737 Patris
1319 4679 1569 4735 ﬁdentior
1615 4688 1750 4733 esto.
1795 4678 1852 4733 Si

264 4794 501 4849 namque
528 4786 717 4847 potens
742 4784 824 4831 est
849 4776 1009 4838 Deus,
1042 4784 1101 4829 ut
1128 4788 1254 4831 vere
1278 4783 1467 4843 potens
1491 4781 1607 4835 est,
1636 4771 1851 4841 procul-

263 4872 431 4926 dubio
476 4878 532 4924 et
574 4868 743 4923 Filius
789 4867 1056 4921 similiter.
1107 4865 1185 4920 Ne
1231 4865 1420 4918 timeas
1447 4879 1576 4932 ergo
1605 4863 1762 4917 mala.
1796 4860 1852 4918 Si

265 4972 448 5016 autem
483 4961 585 5013 hoc
616 4957 851 5012 nondum
886 4956 1143 5020 admittis,
1170 4955 1298 5009 illud
1323 4954 1510 5009 saltem
1551 4954 1723 5022 cogita
1745 4993 1758 5012 ,
1787 4952 1853 5005 il-

268 5051 380 5105 lum
403 5062 460 5105 et
488 5049 681 5103 Filium
707 5062 847 5112 esse,
875 5056 927 5101 et
948 5046 1117 5114 diligi.
1142 5043 1243 5098 Hic
1269 5054 1344 5100 est
1372 5044 1537 5110 enim,
1566 5043 1660 5109 ait,
1686 5040 1855 5096 Filius

268 5160 413 5196 meus
458 5142 692 5195 dilectus.
739 5138 792 5193 Si
835 5152 961 5193 vero
1004 5137 1265 5207 diligitur,
1329 5150 1398 5193 ne
1438 5137 1641 5190 timeas.
1690 5133 1855 5188 Nemo

269 5233 418 5285 enim
444 5246 605 5299 quem
648 5229 853 5298 diligit,
884 5228 1085 5297 abjicit.
1115 5226 1193 5280 Ne
1224 5225 1451 5281 turberis
1478 5240 1606 5294 ergo
1639 5242 1653 5281 :
1684 5240 1854 5294 quan-

272 5322 472 5376 tumvis
499 5322 643 5376 enim
679 5320 869 5389 diligas
888 5360 901 5381 ,
931 5334 1036 5375 non
1070 5317 1244 5387 diligis
1270 5334 1390 5371 cum
1424 5326 1480 5369 ut
1507 5316 1663 5369 Pater
1692 5314 1857 5384 ipsius

271 5410 465 5483 diligit.
495 5410 561 5465 In
590 5428 689 5484 quo
728 5411 851 5463 mihi
894 5408 1199 5478 complacui.
1229 5407 1341 5461 Non
1365 5407 1507 5461 enint
1534 5405 1705 5459 solum
1737 5405 1858 5459 dili-

338 5584 415 5645 (a)
449 5589 533 5643 Qui
570 5588 760 5635 uncinis
794 5585 1027 5635 chiuditur
1064 5583 1198 5645 locus
1220 5582 1378 5645 deest
1417 5581 1465 5629 in
1488 5579 1658 5639 Editis,
1681 5584 1769 5645 sed
1793 5594 1859 5645 ex

276 5642 690 5757 ﬂmmeum“
728 5656 833 5696 uss.
870 5653 1136 5709 excerptus
1162 5642 1274 5703 fuit,
1307 5649 1484 5706 estque
1520 5656 1640 5692 sane
1663 5642 1863 5705 alicujus

1219 277 1286 334 1N
1326 268 1731 329 MATTUJEUM
1775 266 2003 322 llOMlL.
2046 261 2179 317 LVI.
2221 261 2291 315 al.
2338 259 2493 315 LV'll.
3393 258 3492 313 me”;

1919 382 1994 453 git
2036 396 2157 436 eum
2183 420 2198 445 ,
2236 379 2356 448 quia
2392 376 2612 446 genuit,
2662 376 2755 429 sed
2802 374 2921 444 quia
2972 383 3024 429 et
3064 374 3284 444 aequalis
3312 384 3394 429 (st
3424 374 3497 428 illi

1922 474 2175 537 omnino,
2222 480 2275 525 et
2303 469 2539 539 ejusdem
2585 467 2891 522 voluntatis.
2927 467 3126 536 Duplex
3172 466 3352 535 igitur,
3394 464 3503 518 imo

1923 564 2110 632 triplex
2160 570 2240 615 est
2290 560 2590 613 dilectionis
2634 567 3006 628 argumentum
3058 574 3072 608 :
3119 557 3240 625 quia
3297 555 3500 613 Filius,

1922 654 2041 721 quia
2070 652 2314 715 dilectus,
2336 651 2453 719 quia
2484 650 2535 703 in
2556 650 2669 717 ipso
2691 649 2787 701 sibi
2806 648 3146 717 complacuit.
3175 646 3311 713 Quid
3344 660 3502 713 porro

1924 745 2187 812 signiﬁcat
2240 742 2367 796 illud
2397 784 2410 805 ,
2446 744 2510 793 ln
2552 757 2647 809 quo
2674 741 2799 793 mihi
2828 741 2947 793 bene
2991 738 3276 808 complacui
3300 738 3326 790 ξ)
3358 740 3433 791 Ac
3462 737 3504 788 si

1924 835 2125 890 diceret
2150 876 2165 900 ,
2216 834 2271 887 ltt
2303 849 2407 902 quo
2435 833 2651 901 quiesco
2671 873 2686 897 ,
2730 847 2833 901 quo
2858 831 3126 889 oblector.
3171 831 3261 899 qui
3291 830 3507 881 oumiuo

1925 927 2145 994 mqualis
2193 924 2318 978 milii
2350 933 2431 977 est
2452 963 2466 985 ,
2495 933 2547 976 et
2577 923 2716 991 quod
2748 938 2905 978 uuam
2934 938 3053 977 cum
3082 921 3236 976 Patre
3263 921 3506 975 volunta-

1930 1026 2034 1070 tem
2080 1015 2294 1079 habent,
2344 1023 2397 1068 et
2444 1012 2583 1082 quod
2616 1013 2779 1066 Filius
2809 1027 3050 1075 manens,
3097 1026 3261 1065 unum
3293 1009 3510 1062 omnino

1928 1106 1996 1159 sit
2050 1121 2172 1159 cum
2218 1104 2491 1158 Genitore.
2527 1101 2746 1171 Ipsum,
2779 1101 2980 1169 inquit,
3014 1100 3201 1153 audite.
3246 1100 3425 1165 Quare
3466 1098 3513 1151 si

1929 1196 2165 1264 cruciligi
2214 1194 2438 1248 voluerit
2465 1236 2479 1259 ,
2530 1207 2595 1247 ne
2624 1193 2870 1246 obsistas.
2899 1191 2952 1245 6.
2995 1190 3061 1242 Et
3096 1190 3352 1244 audientes
3380 1189 3512 1241 ccci-

1929 1287 2107 1339 derttnt
2130 1288 2178 1338 in
2211 1284 2363 1354 facies
2391 1301 2528 1346 suas,
2552 1292 2597 1337 et
2623 1284 2892 1334 timuerunt
2915 1280 3080 1334 valde.
3103 1281 3154 1333 7.
3188 1280 3252 1332 Et
3274 1280 3513 1333 accedens

1929 1377 2116 1441 .lesus,
2149 1377 2306 1445 tetigit
2351 1391 2454 1437 eos,
2502 1384 2545 1426 et
2584 1374 2711 1425 dixit
2751 1388 2769 1425 :
2799 1371 3025 1441 Surgite,
3068 1380 3113 1423 et
3143 1371 3514 1424 nolitetimcre.

1932 1471 1984 1523 8.
2020 1468 2260 1522 Levantes
2297 1478 2465 1519 autem
2491 1467 2662 1518 oculos
2692 1480 2829 1529 suos,
2872 1464 3119 1517 neminem
3149 1462 3377 1518 viderunt
3416 1462 3515 1515 nisi

1932 1562 2093 1614 solum
2114 1559 2311 1613 Jesum.

2004 1655 2055 1708 4.
2089 1652 2367 1719 Quomodo
2407 1651 2523 1707 haec
2562 1651 2842 1705 audientes
2882 1649 3110 1718 perculsi
3158 1648 3335 1703 sunt?
3387 1648 3513 1702 Nam

1934 1744 2159 1799 antehac
2184 1744 2380 1799 emissa
2410 1742 2505 1797 fuit
2534 1757 2637 1796 vox
2670 1742 2788 1797 talis
2831 1741 2882 1795 in
2910 1740 3142 1795 Iordane
3172 1757 3185 1804 ;
3218 1742 3384 1795 turba:
3424 1742 3519 1794 ad-

1934 1845 2105 1901 erant,
2133 1850 2289 1889 nemo
2310 1835 2578 1903 quidpiam
2609 1834 2712 1886 tale
2741 1846 2927 1902 passus
2956 1843 3035 1885 est
3068 1850 3081 1884 :
3110 1840 3371 1900 eLpostca
3398 1847 3517 1884 rur-

1936 1946 2049 1984 sum
2068 1971 2083 1995 ,
2109 1929 2318 1999 quando
2345 1929 2543 1982 tonitru
2569 1926 2763 1980 factum
2792 1925 2953 1979 fuisse
2982 1923 3264 1988 dicebant;
3300 1922 3391 1977 sed
3420 1938 3516 1977 nec

1937 2030 2061 2075 tunc
2083 2020 2209 2090 qttid
2238 2020 2409 2074 simile
2437 2027 2558 2072 sunt
2583 2018 2745 2087 passi.
2770 2014 3048 2082 Quomodo
3075 2014 3235 2083 igitur
3261 2015 3310 2067 iu
3336 2023 3515 2067 monte

1937 2113 2293 2167 ceciderunt?
2326 2111 2456 2177 Quia
2487 2120 2551 2169 et
2576 2109 2806 2164 solitudo
2827 2150 2843 2173 ,
2874 2117 2929 2162 et
2971 2107 3194 2161 altitudo
3225 2107 3439 2172 montis,
3466 2116 3518 2159 et

1937 2206 2087 2274 quies
2117 2219 2304 2274 magna
2346 2212 2495 2267 erat,
2523 2210 2577 2257 et
2624 2200 3019 2269 trausliguratio
3064 2198 3285 2253 horrore
3327 2198 3515 2267 plena,

1938 2307 1987 2353 et
2029 2298 2115 2351 lux
2145 2298 2419 2359 immensa,
2454 2305 2509 2349 et
2553 2294 2721 2349 nubes
2755 2303 2971 2348 extensa
3004 2310 3017 2345 :
3049 2307 3167 2361 qure
3193 2292 3369 2344 omnia
3400 2291 3519 2345 illos

1939 2390 1990 2443 in
2036 2404 2285 2459 paverent
2344 2402 2594 2457 magnum
2649 2385 3013 2453 conjeceruut.
3068 2381 3310 2451 Undique
3352 2392 3521 2435 terror
3579 2440 3583 2445 ,

1939 2483 2206 2539 oriebatur
2229 2521 2242 2546 ,
2274 2489 2329 2536 et
2367 2480 2677 2534 ceciderunt
2708 2478 2876 2531 territi
2920 2475 3078 2531 simul
3114 2487 3167 2530 et
3209 2474 3513 2529 adorantes.

1939 2573 2016 2627 Ne
2059 2588 2217 2641 porro
2246 2572 2406 2625 timor
2435 2571 2522 2625 ille
2549 2570 2591 2623 si
2622 2569 2713 2623 ditt
2744 2568 3063 2631 mansisset,
3094 2581 3271 2620 rerum
3313 2582 3515 2619 mento-

1941 2666 2070 2719 riam
2116 2663 2351 2727 deleret,
2393 2663 2569 2715 statim
2614 2663 2732 2715 illos
2770 2676 2799 2713 a
2832 2670 3034 2714 terrore
3075 2658 3339 2721 liberavit,
3374 2658 3519 2712 solus

1942 2756 2055 2825 ipse
2083 2754 2408 2824 conspicitur
2432 2795 2449 2821 ,
2478 2752 2797 2822 mandatque
2823 2752 2952 2822 ipsis
2984 2760 3039 2804 ut
3085 2751 3283 2804 nemini
3312 2750 3520 2813 dicant,

1940 2846 2111 2900 donec
2151 2863 2178 2898 a
2227 2844 2451 2899 mortuis
2496 2851 2819 2911 resurgeret.
2873 2841 2950 2910 (a)
2994 2840 3047 2895 9.
3101 2838 3527 2894 Descendentibus

1942 2937 2084 2992 enim
2126 2936 2228 2990 illis
2254 2935 2317 2990 de
2359 2944 2559 2999 monte,
2599 2933 2835 3004 praecepit
2860 2933 2931 2986 eis
2971 2942 3026 2984 nt
3061 2931 3247 2986 nemini
3284 2930 3523 2994 dicerem,

1942 3028 2098 3082 donec
2126 3030 2234 3095 ipse
2259 3043 2289 3079 a
2332 3026 2542 3079 mortuis
2569 3034 2865 3094 resurgeret.
2920 3022 3052 3077 Nam
3083 3032 3283 3092 quanto
3324 3021 3526 3089 majora

1943 3118 2011 3172 de
2054 3117 2146 3171 illo
2188 3116 2572 3179 narrabantur,
2621 3124 2767 3169 tanto
2812 3112 3019 3169 creditu
3063 3112 3364 3167 difﬁcilium
3404 3122 3528 3167 tunc

1944 3209 2127 3263 multis
2169 3217 2322 3263 erant
2361 3225 2375 3260 :
2420 3206 2727 3262 scandalum
2772 3214 2949 3260 autem
2991 3206 3167 3259 crucis
3196 3206 3365 3274 magis
3405 3205 3528 3260 inde

1945 3298 2241 3353 crescebat.
2265 3296 2467 3352 Idcirco
2484 3294 2841 3364 tacerejubet,
2874 3310 3046 3364 neque
3064 3294 3400 3363 simpliciter,
3430 3294 3525 3349 sed

1949 3405 2129 3443 rursus
2178 3389 2477 3457 passionem
2526 3402 2984 3450 commemorans,
3039 3401 3102 3439 ac
3150 3385 3262 3440 fere
3313 3400 3528 3439 causam

1947 3480 2130 3535 dicens
2159 3494 2255 3533 cur
2295 3488 2470 3534 tacere
2493 3478 2723 3549 juberet.
2773 3477 2954 3547 Neque
2999 3476 3140 3532 enim
3179 3476 3331 3545 jubet
3376 3492 3530 3536 num-

1948 3586 2107 3640 quam
2140 3570 2253 3624 lucc
2281 3571 2507 3640 cuipiam
2543 3568 2722 3624 dicere
2743 3610 2757 3633 ,
2788 3569 2881 3623 sed
2912 3568 3084 3623 donec
3112 3569 3223 3639 ipse
3253 3584 3281 3622 a
3309 3570 3532 3623 mortuis

1950 3669 2271 3729 resurgeret.
2303 3661 2477 3729 Atque
2513 3660 2600 3716 hic
2627 3658 2768 3728 quod
2806 3659 2996 3713 durum
3024 3671 3134 3713 erat
3170 3669 3367 3720 tacens.
3391 3660 3530 3729 quod

1944 3750 2239 3819 jucundum
2270 3758 2387 3811 erat
2423 3758 2624 3803 tantum
2656 3749 2807 3803 dixit.
2840 3749 2975 3816 Quid
3016 3766 3142 3819 ergo
3173 3761 3352 3819 postea
3382 3753 3404 3804 ?
3432 3766 3530 3804 au~

1953 3858 2056 3896 non
2084 3841 2389 3896 scandalum
2423 3842 2628 3911 passuri
2668 3850 2821 3895 erant
2850 3843 2872 3893 ?
2900 3840 3261 3911 Nequaquam.
3301 3842 3534 3913 Tempus

1953 3949 2164 3997 crucem
2200 3932 2509 4003 prmeedens
2546 3941 2750 3987 tantum
2791 3935 3166 4002 quaerebatur:
3197 3948 3319 3987 nam
3353 3944 3533 4002 postea

1952 4026 2151 4094 Spiritu
2174 4035 2359 4079 sancto
2388 4023 2584 4093 dignati
2612 4033 2753 4085 sunt,
2784 4036 2835 4076 et
2865 4024 3137 4091 signorum
3158 4038 3343 4077 vocem
3373 4025 3535 4079 liabe-

1956 4117 2084 4171 bant
2102 4115 2201 4170 sibi
2229 4116 2670 4184 patrocinantem,
2698 4123 2855 4184 atque
2883 4116 3061 4168 omnia
3076 4130 3207 4185 qua}
3234 4124 3359 4169 tunc
3386 4115 3534 4171 dice-

1956 4208 2084 4263 bant
2109 4206 2455 4275 aceeptabilia
2486 4215 2661 4271 erant,
2689 4220 2811 4259 cum
2840 4219 2926 4259 res
2972 4206 3100 4275 ipsa:
3130 4205 3347 4272 clarius,
3374 4222 3534 4277 quam

1959 4299 2082 4353 tuba
2103 4298 2373 4367 qutelibet,
2402 4297 2520 4366 ejus
2544 4298 2834 4367 potentiam
2861 4298 3234 4367 prmdiearent,
3272 4314 3379 4355 nec
3396 4316 3537 4371 quo-

1960 4390 2099 4459 piam
2132 4388 2520 4443 interveniente
2548 4388 2887 4445 oﬂendiculo.

2028 4479 2214 4534 Christi
2252 4479 2494 4531 adventus
2529 4479 2775 4532 secundus
2812 4496 2963 4548 quam
3002 4481 3269 4550 gloriosus.
3298 4512 3369 4523 —
3395 4482 3535 4538 Nihil

1958 4586 2086 4641 ergo
2110 4570 2363 4639 apostolis
2396 4570 2598 4624 beatius
2621 4610 2638 4635 ,
2666 4570 3002 4640 maximeque
3037 4572 3202 4626 tribus
3230 4573 3330 4626 illis
3356 4574 3445 4642 qui
3487 4575 3537 4627 iu

1960 4661 2099 4715 nube
2124 4660 2301 4729 obtegi
2335 4675 2435 4713 una
2463 4674 2583 4717 cum
2627 4661 2850 4715 Domino
2900 4661 3098 4731 dignati
3151 4671 3295 4721 sunt.
3345 4663 3450 4719 Sed
3496 4666 3542 4720 si

1962 4751 2203 4813 velimus,
2243 4764 2341 4803 nos
2380 4763 2591 4819 quoque
2638 4750 2905 4805 Christum
2952 4752 3250 4808 videbimus
3282 4769 3297 4806 :
3334 4768 3441 4808 non
3487 4766 3545 4807 ttt

1962 4842 2033 4895 illi
2060 4852 2181 4894 tunc
2227 4842 2279 4895 in
2325 4852 2535 4903 monte,
2578 4843 2669 4897 sed
2699 4844 2864 4897 multo
2889 4845 3339 4913 splendidiorem:
3370 4862 3543 4916 neque

1962 4933 2104 4987 enim
2134 4933 2211 4986 sic
2239 4942 2509 5001 postremo
2533 4934 2729 4988 veniet.
2763 4934 2893 4988 Nam
2927 4944 3048 4989 tunc
3070 4936 3343 5006 discipulis
3380 4954 3441 4993 se
3468 4950 3548 4993 at-

1964 5034 2267 5091 temperans
2296 5032 2497 5079 tantum
2522 5024 2859 5093 splendorem
2885 5026 3090 5093 eﬂ'udit,
3113 5038 3368 5097 quantum
3398 5041 3549 5100 pote-

1962 5124 2083 5169 rant
2111 5114 2186 5168 illi
2212 5114 2391 5179 ferrc;
2424 5117 2475 5169 in
2503 5125 2742 5170 extremo
2767 5128 2944 5173 autem
2974 5127 3213 5188 tempore
3248 5122 3299 5175 in
3330 5126 3547 5192 propria

1967 5207 2138 5261 Patris
2164 5208 2333 5276 gloria
2359 5208 2555 5271 veniet,
2589 5224 2693 5263 non
2721 5222 2839 5263 cum
2868 5210 3047 5280 Moyse
3072 5220 3125 5265 et
3155 5213 3266 5267 Elia
3299 5223 3500 5268 tantum
3532 5257 3546 5275 .

1964 5298 2058 5352 sed
2089 5312 2208 5352 eum
2239 5298 2499 5353 immenso
2520 5300 2831 5369 angelorum
2856 5302 3098 5356 exercitu
3123 5344 3136 5365 ,
3166 5317 3285 5357 cum
3316 5305 3539 5359 archan-

1965 5388 2097 5458 gelis
2122 5429 2135 5449 .
2169 5402 2288 5441 cum
2319 5385 2633 5442 Cherubinis
2656 5429 2672 5455 ,
2714 5403 2834 5443 cum
2866 5390 3166 5460 hujusmodi
3212 5394 3549 5452 multitudine

1969 5477 2171 5531 inﬁnita
2194 5493 2209 5542 ;
2232 5492 2338 5531 non
2360 5493 2477 5531 cum
2502 5478 2642 5533 nube
2662 5488 2825 5550 caput
2843 5484 3139 5552 operiente,
3164 5482 3257 5537 sed
3278 5485 3391 5553 ipso
3416 5490 3549 5539 etelo

1968 5576 2261 5623 contracto.
2298 5566 2428 5620 Nam
2457 5568 2727 5623 sicutcum
2750 5568 2959 5637 iudices
2998 5573 3205 5641 publice
3229 5574 3547 5631 sententiam

2032 5702 2105 5765 (a)
2138 5704 2397 5766 Sequentia
2423 5716 2510 5763 per
2536 5704 2947 5759 hettltrotelenttm
2972 5707 3178 5759 deerant
3204 5714 3252 5759 tu
3276 5712 3439 5760 Μητρὶ.
