4126 6220
515 204 619 259 555

510 320 765 391 prolaturi
814 328 957 387 sunt,
1002 320 1091 390 qui
1141 320 1355 376 adstant
1399 322 1619 375 remotis
1667 320 1831 391 velis,
1868 335 1945 374 sic
1976 320 2096 381 illos

512 414 759 467 omnibus
794 410 1203 481 conspiciendos
1246 411 1482 479 praebent
1518 427 1532 464 :
1563 411 1633 464 ita
1661 419 1716 464 et
1760 423 1886 465 tunc
1911 425 2097 465 omnes

512 504 657 561 illum
687 501 963 556 sedentem
994 501 1267 564 videbunt,
1306 510 1359 555 ct
1386 510 1491 554 tota
1517 500 1745 554 humana
1790 511 1974 554 natura
2018 501 2093 554 si-

508 604 700 657 stetur,
734 595 952 664 ipseque
990 610 1087 663 per
1129 609 1189 648 se
1235 593 1340 646 illis
1368 591 1749 661 respondebit;
1786 601 1947 666 atque
1979 590 2095 645 aliis

507 686 651 743 dicet
688 705 701 741 :
747 687 936 754 Venite,
967 687 1211 741 benedicti
1238 685 1409 740 Patris
1455 687 1553 739 mei
1592 700 1611 738 :
1648 686 1830 739 esurivi
1854 686 2021 750 enim,
2048 694 2094 739 et

508 778 718 832 dedistis
767 779 891 837 mihi
930 779 1238 841 manducare
1280 777 1489 850 (Matth.
1520 777 1611 832 25.
1644 777 1736 845 54)
1770 794 1783 830 :
1815 777 1934 830 aliis
1966 790 2094 831 vero

508 870 653 926 dicet
693 889 709 925 :
747 870 891 941 Euge
913 910 931 936 ,
954 887 1092 925 serue
1118 870 1245 925 bone
1271 880 1317 923 et
1337 870 1503 938 ﬁdelis
1527 909 1541 932 ,
1580 886 1731 939 super
1763 884 1925 939 pauca
1950 869 2094 939 fuisti

510 961 697 1029 ﬁdelis,
724 978 876 1030 super
902 963 1063 1016 multa
1094 972 1141 1015 te
1163 962 1463 1016 constituam
1485 958 1643 1028 (Ibid.
1678 975 1724 1013 υ.
1749 959 1867 1027 21).
1893 959 2090 1013 Contra

509 1069 638 1111 vero
663 1054 783 1108 aliis
812 1071 826 1107 :
855 1053 937 1108 Ite
958 1056 1011 1108 in
1043 1056 1211 1124 ignem
1252 1065 1493 1107 ceternum
1520 1062 1753 1122 paratum
1799 1050 2000 1105 diabolo
2044 1060 2092 1104 et

507 1146 703 1216 angelis
721 1146 833 1216 ejus
860 1145 1018 1217 (Ibid.
1050 1162 1098 1199 υ.
1135 1145 1258 1215 41);
1290 1145 1409 1199 aliis
1434 1160 1562 1198 vero
1581 1186 1596 1209 ,
1628 1144 1784 1199 Serve
1811 1159 2023 1213 nequam
2046 1152 2091 1196 et

509 1239 649 1309 piger
674 1237 838 1307 (Ibid.
875 1254 920 1290 υ.
947 1235 1062 1307 26).
1094 1236 1161 1290 Et
1187 1236 1321 1289 alios
1363 1235 1574 1305 quidem
1618 1233 1902 1289 dissecahit
1924 1274 1939 1298 ,
1985 1243 2092 1287 tra-

507 1330 702 1399 detque
734 1328 1051 1393 tortoribus;
1074 1329 1208 1382 alios
1229 1343 1356 1382 vero
1383 1328 1556 1398 ligatis
1585 1327 1829 1381 manibus
1858 1335 1912 1381 et
1939 1326 2089 1396 pedi-

514 1421 612 1474 bus
644 1420 852 1489 iubebit
892 1420 1076 1489 projici
1122 1420 1173 1480 in
1206 1419 1452 1473 tenebras
1495 1418 1807 1473 exteriores.
1860 1418 1927 1472 Et
1972 1426 2091 1486 post

513 1513 741 1569 securim
772 1513 954 1567 fornax
987 1511 1241 1581 excipiet,
1273 1526 1334 1565 ac
1359 1526 1477 1579 qua:
1517 1525 1546 1564 a
1576 1524 1769 1578 sagena
1800 1508 2088 1578 projiciun-

509 1614 614 1669 tur,
647 1604 770 1659 illuc
797 1604 1009 1658 cadent.
1036 1602 1177 1658 Tunc
1189 1603 1317 1673 justi
1338 1600 1596 1671 fulgebunt
1618 1601 1746 1655 sicut
1771 1600 1849 1655 sol
1874 1598 2085 1669 (Matth.

508 1695 597 1749 1'5.
626 1692 749 1765 i5);
780 1695 887 1747 imo
910 1694 1025 1763 plus
1044 1708 1202 1761 quam
1224 1693 1322 1746 sol.
1350 1691 1403 1745 ld
1428 1706 1557 1746 vero
1577 1691 1789 1759 dicitur,
1816 1706 1920 1747 non
1942 1688 2085 1759 quod

507 1786 594 1839 lux
638 1800 823 1853 eorum
867 1786 1025 1845 solari
1072 1801 1165 1853 par
1200 1793 1401 1839 tantum
1424 1784 1528 1850 sit;
1573 1782 1671 1837 sed
1713 1783 1836 1852 quia
1883 1792 2086 1835 astrum

508 1877 708 1937 nullum
740 1876 842 1941 hoc
869 1877 1198 1946 splendidius
1224 1876 1501 1939 habemus,
1531 1875 1601 1929 ab
1641 1874 1744 1929 hoc
1792 1883 1973 1927 notum
2014 1872 2090 1927 fa-

506 1984 629 2025 cere
677 1968 841 2024 voluit
880 1967 1111 2022 futurum
1151 1978 1456 2023 sanctorum
1484 1965 1843 2035 splendorem.
1871 1964 2003 2019 Nam
2035 1965 2085 2018 in

508 2071 689 2115 monte
715 2075 927 2130 quoque
951 2102 965 2121 ,
989 2075 1108 2114 cum
1133 2059 1293 2126 dixit,
1326 2059 1654 2129 Resplenduit
1676 2067 1729 2112 ut
1763 2058 1839 2112 sol
1860 2100 1873 2120 ,
1902 2056 2087 2111 eadem

507 2152 575 2205 de
604 2165 763 2211 causa
790 2151 868 2204 sic
895 2151 1143 2220 loquutus
1169 2158 1271 2205 est.
1298 2148 1429 2203 Nam
1447 2148 1587 2219 quod
1611 2148 1781 2217 major
1807 2148 1899 2201 lux
1921 2155 2086 2208 esset,

508 2256 669 2308 quam
697 2257 757 2296 ea
782 2258 900 2311 qua:
928 2244 979 2295 in
1015 2242 1263 2311 exemplo
1288 2242 1486 2307 fertur,
1533 2241 1798 2296 testiﬁcati
1841 2250 1965 2295 sunt
2003 2240 2087 2294 di—

508 2336 699 2403 scipuli
728 2336 1000 2397 cadentes.
1040 2335 1094 2390 Si
1123 2350 1282 2405 porro
1313 2350 1417 2390 non
1459 2335 1715 2391 immensa
1746 2334 1836 2389 lux
1866 2333 2085 2398 fuisset,

506 2425 600 2479 sed
621 2427 751 2481 solis
776 2426 881 2481 luci
906 2442 1018 2496 par,
1043 2442 1151 2481 non
1170 2426 1507 2492 cecidissent,
1531 2426 1624 2481 sed
1644 2426 1799 2489 facile
1818 2425 2084 2480 tulissent.

505 2518 641 2576 Justi
672 2519 831 2589 igitur
860 2529 984 2574 tunc
1011 2518 1291 2590 fulgebunt
1336 2520 1473 2575 sicut
1509 2519 1612 2586 sol,
1664 2529 1720 2574 et
1764 2519 1882 2589 plus
1925 2533 2087 2589 quam

507 2610 587 2664 sol
621 2622 971 2679 :peccatores
1000 2626 1130 2666 vero
1157 2620 1397 2665 extrema
1444 2611 1729 2681 patientur.
1777 2610 1927 2665 Tunc
1982 2624 2089 2665 non

508 2702 906 2761 commentariis
937 2716 1071 2769 opus
1113 2702 1212 2755 erit
1236 2741 1253 2767 ,
1282 2717 1387 2755 non
1410 2702 1759 2771 argumentis,
1787 2716 1892 2755 non
1936 2701 2088 2757 testi-

511 2794 609 2846 lius
636 2809 651 2846 :
674 2808 796 2846 nam
829 2794 941 2862 ipse
967 2793 1124 2862 iudex
1154 2793 1333 2847 omnia
1357 2802 1459 2858 est,
1503 2795 1675 2857 testis,
1716 2803 2086 2864 argumentum

509 2892 565 2937 ct
587 2882 772 2952 judcx.
806 2882 994 2947 Omnia
1024 2883 1219 2953 quippe
1246 2884 1390 2938 clare
1425 2884 1571 2938 novit
1595 2885 1686 2940 ille
1714 2903 1728 2939 :
1756 2899 1876 2939 nam
1906 2884 2091 2939 Omnia

508 2974 649 3026 nuda
694 2985 740 3027 et
783 2983 957 3042 aperta
1002 2984 1119 3027 sunt
1165 2975 1324 3028 oculis
1370 2977 1479 3046 ejus
1521 2974 1704 3046 (Hebr.
1734 2977 1942 3047 4.13);
1983 2993 2088 3031 non

509 3066 692 3133 dives,
727 3081 830 3121 non
859 3082 1061 3137 pauper
1084 3107 1099 3129 ,
1133 3081 1237 3121 non
1268 3075 1456 3136 potens
1476 3107 1491 3131 ,
1523 3081 1628 3123 non
1666 3067 1937 3133 inﬁrmus,
1983 3082 2089 3122 non

509 3160 725 3227 sapiens
744 3200 758 3221 ,
790 3174 895 3213 non
926 3158 1180 3226 insipiens
1199 3198 1214 3223 ,
1244 3172 1347 3211 non
1374 3171 1581 3225 servus,
1612 3173 1719 3213 non
1746 3158 1900 3225 liber,
1934 3174 2091 3214 nemo

509 3249 619 3307 illic
655 3247 949 3317 apparebit,
998 3248 1091 3302 sed
1138 3247 1223 3302 his
1273 3248 1514 3317 personis
1551 3250 1826 3315 contritis,
1868 3265 2089 3319 operutn

510 3350 714 3397 tantum
740 3355 961 3395 examen
1003 3340 1123 3393 erit.
1152 3339 1282 3393 Nam
1313 3339 1357 3394 si
1378 3340 1435 3394 in
1461 3339 1708 3409 iudiciis.
1740 3356 1859 3395 eum
1882 3341 1999 3410 quis
2024 3341 2092 3395 de

511 3430 793 3501 tyrannide
840 3440 931 3484 aut
982 3430 1050 3484 de
1102 3432 1247 3485 crede
1288 3445 1505 3485 causam
1550 3430 1721 3496 dicit,
1770 3432 2091 3503 quicumque

512 3524 695 3589 fuerit,
722 3524 836 3578 sive
865 3521 1167 3593 prtefectus,
1198 3523 1311 3577 sive
1329 3522 1537 3587 consul,
1559 3523 1675 3578 sive
1699 3523 1906 3593 quidvis
1925 3524 2088 3589 aliud,

512 3617 692 3671 omnia
718 3616 932 3670 avolant
959 3614 1183 3685 insignia
1210 3614 1501 3685 dignitatis,
1532 3624 1586 3670 et
1612 3616 1699 3686 qui
1727 3615 2091 3685 deprehensus

512 3720 595 3766 est
612 3750 628 3777 ,
659 3718 933 3765 extremas
957 3708 1046 3763 dat
1073 3722 1258 3779 pmnas
1282 3724 1298 3763 :
1325 3707 1493 3764 multo
1519 3710 1689 3779 magis
1724 3708 1795 3764 ibi
1822 3723 1910 3764 res
1937 3709 2007 3764 ita
2032 3724 2092 3769 se

512 3801 744 3856 habebit.

582 3895 635 3949 5.
683 3893 852 3947 Virtus
894 3890 1062 3962 facilis
1081 3932 1097 3957 ,
1123 3890 1343 3960 nequitia
1368 3904 1598 3943 onerosa.
1645 3887 1833 3943 Contra
1860 3905 2089 3946 usuram.

509 4013 583 4025 _
610 3983 665 4037 id
688 3998 756 4037 ne
781 3982 894 4048 ﬁat,
923 3995 1201 4051 ponamus,
1231 3979 1475 4041 obsecro,
1506 3978 1748 4033 sordidas
1795 3987 2007 4047 vestes,
2037 3989 2092 4036 et

510 4073 792 4127 induamur
837 4085 985 4126 arma
1040 4070 1192 4134 lucis,
1249 4077 1303 4123 et
1354 4068 1520 4138 gloria
1571 4068 1663 4122 Dei
1709 4070 1923 4124 amiciet
1968 4084 2089 4125 nos.

512 4164 650 4230 Quid
675 4164 817 4217 enim
844 4177 909 4217 ex
934 4162 1214 4230 pneceptis
1242 4175 1402 4230 grave
1421 4160 1446 4211 ‘l
1464 4158 1589 4229 quid
1610 4174 1714 4213 non
1746 4159 1899 4216 facile
1914 4160 1938 4214 ?
1953 4162 2091 4217 Audi

517 4257 675 4325 igitur
699 4253 824 4323 quid
844 4252 983 4307 dicat
1002 4253 1255 4321 prepheta
1275 4292 1290 4317 ,
1318 4260 1372 4306 et
1401 4262 1525 4305 tunc
1555 4250 1859 4305 facilitatem
1887 4251 2091 4307 intelli-

516 4365 608 4420 ges
635 4367 648 4403 :
682 4347 856 4417 Neque
892 4347 935 4400 si
971 4345 1305 4399 incursaveris
1332 4385 1348 4409 ,
1377 4343 1522 4413 quasi
1570 4343 1851 4408 circulum,
1903 4344 2093 4398 collum

517 4453 677 4503 tuum,
705 4450 750 4493 et
769 4454 970 4493 saccum
992 4447 1039 4491 et
1067 4438 1281 4490 cinerem
1305 4434 1651 4501 substraveris,
1674 4452 1833 4506 neque
1851 4436 1923 4489 sic
1946 4452 2094 4490 seca-

514 4532 590 4595 bis
600 4531 853 4602 jejunium
879 4528 1212 4597 acceptabile‘
1235 4528 1360 4583 :sed
1381 4528 1518 4581 solue
1545 4542 1692 4581 omne
1715 4528 1968 4581 uinculum
1996 4528 2095 4582 ini-

516 4624 719 4693 quitatis
743 4664 757 4688 ,
803 4621 1018 4675 dissolve
1060 4620 1386 4689 obligationes
1431 4618 1762 4672 violentur-um
1804 4621 2094 4691 pactionum

516 4715 668 4786 (lsai.
702 4713 789 4769 58.
820 4714 873 4769 5.
908 4712 988 4782 6).
1017 4709 1150 4766 Vide
1194 4709 1464 4780 prophetae
1491 4709 1825 4777 sapientiam.
1856 4710 2095 4770 Onerosa

517 4792 668 4881 prius
710 4804 887 4876 posuit
930 4814 986 4859 et
1034 4801 1284 4867 sustulit,
1318 4811 1372 4855 et
1418 4816 1449 4855 a
1502 4801 1823 4856 facilioribus
1868 4805 2093 4860 salutem

515 4898 771 4966 consequi
796 4902 965 4965 rogat,
996 4892 1306 4956 ostendens,
1354 4906 1459 4945 non
1505 4891 1717 4947 labores
1766 4892 1954 4960 Deum,
1999 4895 2094 4951 sed

515 4987 873 5055 obedientiam
899 4998 1211 5055 exposcere.
1245 4982 1445 5038 Deinde
1474 4992 1533 5037 ut
1559 4994 1945 5040 commonstret
1990 4988 2098 5042 vir-

520 5086 688 5131 tutem
726 5076 957 5143 l‘aciletn,
1012 5074 1300 5143 nequitiam
1349 5089 1477 5128 vero
1531 5090 1813 5129 onerosam
1868 5092 2009 5143 esse,
2064 5094 2093 5132 a

518 5168 675 5223 nudis
705 5167 1008 5241 nominibus
1048 5165 1098 5219 id
1140 5163 1384 5219 adstruit.
1412 5162 1659 5234 Nequitia
1682 5166 1821 5219 enim
1844 5205 1861 5231 ,
1893 5167 2092 5237 inquit,

517 5273 601 5317 est
619 5260 886 5315 vinculum
917 5268 971 5314 et
998 5258 1269 5328 obligatio,
1303 5258 1471 5311 virtus
1492 5265 1667 5312 autem
1698 5258 1764 5310 ab
1795 5257 1875 5311 his
1898 5259 2095 5313 libera-

520 5355 596 5409 tio
620 5363 671 5407 et
704 5352 914 5407 solutio.
949 5350 1161 5415 Omnem
1187 5347 1528 5419 syngraphum
1555 5347 1796 5414 iniustam
1827 5348 2051 5416 discerpe
2077 5389 2093 5411 ,

519 5449 781 5501 fmuornm
802 5454 855 5499 et
877 5457 1156 5525 usurarum
1173 5441 1428 5509 rescripta
1449 5440 1526 5495 sic
1549 5440 1839 5510 appellans.
1870 5438 2099 5496 Dissot're

584 5581 598 5610 ¹
637 5574 819 5635 ttorel.,
834 5591 984 5643 neque
1007 5578 1078 5643 sic
1101 5574 1288 5626 vocabis
1305 5571 1601 5643 sacri/icium
1619 5572 1926 5638 acceptabile.
1950 5581 2101 5643 Unus,

522 5652 669 5711 triaue
693 5653 762 5701 εις
791 5636 976 5710 vocabis
1000 5640 1127 5690 diem
1150 5636 1503 5699 accczttabilem.
1735 5636 1740 5638 ⁷
1927 5643 1931 5647 '

1267 203 1323 257 S.
1366 198 1643 257 JOANNIS
1677 196 2149 258 CllRYSOSTOMl
2186 199 2500 256 ARClllEP.
2544 203 3077 273 CONSTANTINOP.

3681 221 3790 278 556

2208 324 2496 390 confractos
2546 324 2600 377 in
2658 326 2983 393 remissione,
3035 330 3260 386 miseros
3313 334 3578 393 νίἀειιίεῡι.
3642 340 3790 397 Talis

2203 412 2397 481 quippe
2440 413 2651 469 debitor
2692 428 2774 472 est
2808 433 2968 473 :cum
3016 422 3204 477 viderit
3247 428 3566 482 creditorem
3593 473 3605 492 ,
3666 435 3787 502 ejus

2202 503 2411 558 animus
2441 504 2717 575 frangitur,
2767 511 3046 581 ipsumque
3089 517 3257 579 magis
3281 532 3436 587 quam
3472 520 3635 575 feram
3670 526 3779 578 l'or-

2203 593 2386 647 midat.
2433 595 2500 649 Et
2544 615 2787 667 pauperes
2830 611 2957 656 tecto
3005 615 3227 659 carentes
3270 609 3419 663 induc
3468 612 3521 664 in
3575 614 3785 669 domum

2202 693 2341 738 tuam
2363 701 2383 749 ;
2411 687 2455 739 si
2474 689 2656 743 videris
2685 692 2896 757 nudum,
2926 697 3064 765 operi
3084 714 3216 762 eum,
3240 710 3286 753 et
3322 705 3553 771 proprios
3574 709 3785 763 seminis

2201 776 2274 828 tui
2307 793 2407 829 non
2433 777 2680 847 despicias
2703 781 2856 849 (Isai.
2890 784 2978 839 58.
3009 786 3084 857 7).
3115 787 3169 841 In
3196 791 3457 846 concione
3490 810 3645 861 quam
3677 812 3781 852 nu-

2202 881 2297 934 per
2342 866 2643 934 habuimus,
2699 886 2820 925 cum
2865 873 2933 929 de
2962 878 3196 944 praemiis
3223 894 3522 948 ageremus.
3564 885 3783 941 divitias

2201 954 2323 1011 inde
2349 968 2528 1025 partas
2553 960 2884 1018 ostendimus
2929 982 2942 1017 :
2990 982 3130 1023 nunc
3160 984 3318 1037 porro
3345 971 3619 1027 videamus
3646 992 3779 1032 num

2197 1045 2322 1113 quid
2352 1061 2417 1101 ex
2451 1051 2731 1118 praeceptis
2758 1052 2973 1109 difﬁcile
2997 1056 3101 1120 sit,
3147 1067 3202 1112 et
3252 1069 3496 1115 naturam
3538 1074 3779 1125 nostram

2196 1146 2431 1204 superet.
2461 1139 2566 1194 Sed
2593 1140 2725 1195 nihil
2754 1142 2929 1198 simile
2958 1144 3321 1214 inveniemus;
3354 1151 3462 1205 imo
3507 1159 3779 1212 centraria

2197 1228 2397 1295 omnia,
2445 1228 2516 1284 ita
2561 1241 2621 1287 ut
2666 1249 2786 1307 qua:
2825 1235 3071 1293 virtutem
3114 1250 3375 1310 spectant,
3402 1260 3646 1315 magnam
3679 1248 3780 1303 ha-

2196 1320 2356 1375 beant
2404 1324 2731 1392 facilitatem,
2786 1339 2972 1384 contra
3017 1346 3165 1399 vero,
3218 1349 3338 1404 quae
3386 1336 3451 1390 ad
3482 1341 3777 1408 nequitiam

2196 1414 2463 1481 pertinent
2486 1456 2503 1482 ,
2550 1417 2779 1474 sudores
2825 1422 3100 1477 maximos.
3136 1424 3272 1494 Quid
3303 1428 3443 1483 enim
3475 1439 3557 1484 est
3582 1432 3778 1489 difﬁci-

2195 1502 2314 1567 lius,
2345 1521 2502 1575 quam
2537 1507 2810 1579 foenerari,
2838 1527 2901 1567 ac
2925 1514 2991 1568 de
3014 1529 3170 1569 usura
3192 1526 3245 1571 et
3269 1520 3599 1586 pactionibus
3628 1526 3777 1580 solli-

2193 1593 2355 1648 citum
2399 1611 2540 1662 esse,
2584 1601 2905 1668 sponsiones
2949 1616 3222 1674 expetere,
3264 1624 3327 1663 ac
3366 1610 3433 1664 de
3461 1613 3774 1682 pignoribus

2193 1692 2433 1741 metuere
2474 1702 2539 1743 ac
2583 1698 2829 1756 tremere,
2871 1692 2940 1749 de
2988 1707 3151 1759 sorte,
3195 1699 3263 1754 de
3309 1702 3647 1771 syngraphis,
3703 1706 3775 1760 de

2193 1774 2509 1841 fautoribus,
2537 1781 2604 1836 de
2632 1785 3006 1853 sponsionibus
3028 1788 3080 1841 ‘1?
3104 1788 3260 1845 Tales
3304 1794 3427 1846 s'unt
3472 1810 3558 1848 res
3602 1811 3774 1855 sarcu-

2194 1866 2353 1922 Iares.
2390 1869 2512 1924 Hmc
2555 1887 2673 1942 quae
2708 1874 2914 1929 videtur
2956 1879 3246 1948 excogitata
3291 1884 3548 1938 securitas
3593 1888 3774 1956 suspi-

2197 1959 2437 2015 cionibus
2468 1962 2620 2031 plena
2642 2005 2658 2028 ,
2689 1974 2742 2019 et
2766 1968 3000 2021 omnium
3028 1968 3362 2040 fragilissima
3403 1984 3512 2041 est;
3557 1977 3773 2033 miseri-

2192 2048 2427 2105 cordiam
2493 2063 2669 2109 autem
2714 2071 2964 2113 exercere
3008 2059 3163 2115 facile
3212 2072 3295 2117 est
3312 2066 3354 2131 ',
3404 2067 3473 2122 ab
3518 2070 3775 2141 omnique

2198 2139 2559 2197 sollicitudine
2602 2144 2810 2200 liberat.
2856 2146 2935 2203 Ne
2978 2150 3137 2220 igitur
3188 2152 3395 2209 alienas
3442 2139 3775 2216 calamitates

2195 2230 2550 2298 negotiemur,
2580 2249 2650 2290 ne
2671 2236 2725 2290 in
2748 2237 2954 2293 lucrum
2982 2249 3248 2319 vertamus
3277 2245 3364 2301 illa
3391 2262 3508 2316 quae
3547 2249 3614 2304 ad
3665 2253 3771 2305 mi-

2193 2318 2540 2375 sericordiam
2568 2334 2832 2392 spectant.
2863 2327 2990 2384 Scio
3014 2330 3265 2400 quidem,
3294 2336 3492 2390 multos
3522 2337 3636 2393 haec
3658 2356 3772 2399 non

2194 2408 2422 2467 libenter
2447 2414 2632 2468 audire
2657 2432 2671 2468 :
2697 2417 2790 2471 sed
2816 2419 2943 2488 quid
2971 2435 3036 2476 ex
3066 2422 3277 2478 silentio
3303 2424 3435 2480 lucri
3461 2429 3775 2486 accederet?-

2193 2501 2250 2558 Si
2282 2513 2507 2571 taceam,
2534 2516 2591 2562 et
2613 2511 2811 2565 nemini
2842 2512 3137 2569 molestiam
3159 2517 3338 2573 verbis
3366 2518 3587 2575 inferam
3611 2561 3627 2582 .
3661 2539 3774 2581 non

2194 2604 2384 2666 potero
2434 2613 2529 2668 per
2575 2601 2848 2657 silentium
2898 2619 2994 2660 vos
3036 2621 3065 2661 a
3113 2610 3372 2677 supplicio
3407 2626 3630 2678 eruere;
3659 2615 3769 2671 imo

2194 2686 2320 2742 hinc
2347 2691 2524 2744 omnia
2566 2696 2834 2748 contraria
2860 2697 3113 2751 eveniunt
3141 2716 3155 2753 :
3184 2701 3443 2769 supplicia
3470 2714 3771 2773 augentur,

2196 2788 2358 2849 atque
2385 2783 2691 2850 hujusmodi
2737 2785 2971 2852 silentii,
3003 2804 3107 2841 non
3139 2804 3237 2843 vos
3263 2800 3465 2846 tantum
3495 2834 3510 2858 ,
3544 2794 3636 2849 sed
3666 2811 3771 2866 ego

2194 2870 2354 2925 etiam
2384 2887 2569 2940 poenas
2593 2873 2797 2929 darem.
2824 2876 2905 2931 Ad
2936 2877 3063 2946 quid
3090 2880 3249 2949 igitur
3268 2883 3554 2938 verborum
3575 2885 3769 2941 adula-

2196 2960 2290 3023 tio,
2322 2963 2535 3030 quando
2555 2964 2645 3019 illa
2669 2965 2736 3019 ad
2762 2968 3088 3035 operandum
3118 2971 3250 3025 nihil
3264 2972 3415 3040 juvat
3436 3016 3450 3039 ,
3479 2976 3586 3030 imo
3606 2978 3770 3034 etiam

2196 3052 2402 3106 nocet?
2454 3054 2595 3122 quod
2643 3054 2849 3110 lucrum
2900 3059 3065 3114 verbo
3113 3060 3346 3116 laetitiam
3380 3104 3397 3129 ,
3447 3080 3508 3120 re
3551 3066 3768 3123 dolores

2193 3141 2430 3199 afferre?
2467 3161 2624 3201 aures
2660 3148 2965 3205 demulcere
2989 3161 3045 3205 et
3077 3154 3310 3208 animam
3337 3155 3596 3225 supplicio
3620 3158 3770 3212 addi-

2193 3236 2351 3292 cere?
2393 3237 2517 3292 ldeo
2541 3254 2761 3296 necesse
2801 3250 2886 3297 est
2928 3242 3015 3298 hic
3058 3245 3260 3313 dolere,
3310 3263 3384 3304 ne
3432 3249 3540 3304 illic
3583 3267 3771 3321 poenas

2194 3326 2400 3387 demus.
2432 3327 2564 3384 Nam
2592 3333 2790 3401 gravis,
2819 3335 2994 3403 gravis
3019 3346 3164 3392 certe
3184 3346 3241 3393 et
3258 3341 3479 3396 omnino
3503 3345 3770 3400 curandus

2195 3418 2412 3474 morbus
2455 3420 2746 3476 Eeclesiam
2790 3423 3001 3481 invasit.
3038 3426 3136 3493 Qui
3170 3428 3521 3497 prohibentur
3570 3435 3653 3489 vel
3699 3452 3766 3491 es

2190 3509 2351 3579 initis
2376 3511 2648 3569 laboribus
2678 3518 2927 3585 pecunias
2950 3521 3306 3589 accumulare,
3339 3524 3443 3579 imo
3466 3527 3555 3596 qui
3576 3527 3772 3596 iuben.

2196 3608 2283 3654 tur
2310 3616 2442 3671 opes
2468 3619 2593 3659 suas
2612 3607 2795 3675 egenis
2826 3610 3038 3679 aperire
3058 3651 3074 3678 ,
3107 3626 3173 3666 ex
3203 3613 3427 3669 aliorum
3459 3630 3774 3688 paupertate

2194 3692 2465 3749 ditescunt
2489 3736 2504 3761 ,
2537 3699 2836 3766 speciosam
2866 3703 3105 3769 rapinam
3132 3706 3498 3775 exwgitantes
3542 3720 3595 3764 et
3636 3712 3774 3769 bene

2194 3783 2485 3843 caloratam
2508 3788 2803 3845 avaritiam.
2826 3790 2904 3845 Ne
2924 3792 3052 3847 mihi
3075 3806 3322 3850 externas
3348 3797 3493 3868 leges
3517 3801 3769 3869 obiicias:

2196 3877 2511 3947 publicanus
2554 3882 2697 3935 enim
2748 3882 2915 3953 legem
2945 3884 3088 3939 illam
3118 3889 3438 3944 exteriorem
3470 3903 3687 3959 servat,
3721 3906 3776 3949 et

2197 3975 2375 4036 tamen
2419 3969 2511 4026 dat
2553 3987 2757 4041 pinnas.
2800 3973 2950 4050 Quod
2989 3977 3147 4037 etiam
3178 3994 3278 4034 nos
3322 3982 3616 4050 patiemur,
3671 3986 3775 4041 nisi

2195 4058 2502 4117 desinamus
2532 4079 2791 4133 pauperes
2814 4076 3078 4136 atterere,
3129 4080 3183 4124 et
3213 4073 3452 4140 penuria:
3497 4079 3776 4143 egestatis-

2195 4168 2302 4223 que
2338 4156 2620 4212 occasione
2658 4168 2887 4230 sumpta,
2926 4160 3234 4231 impudente
3262 4164 3405 4219 abuti
3433 4181 3613 4221 usura.
3649 4167 3776 4225 ldeo

2196 4244 2339 4299 enim
2388 4248 2638 4315 pecunias
2684 4248 2879 4318 babes,
2911 4259 2968 4307 ut
2998 4264 3361 4322 paupertatem
3405 4259 3622 4325 solvas,
3667 4275 3775 4318 non

2197 4344 2256 4391 ut
2277 4351 2397 4392 eam
2423 4339 2726 4407 opprimas;
2759 4351 2815 4396 tu
2844 4356 2974 4397 vero
2993 4386 3011 4413 ,
3038 4346 3188 4413 quasi
3218 4362 3373 4415 Opem
3405 4346 3583 4404 ferens
3606 4391 3622 4416 ,
3651 4367 3775 4405 ma-

2193 4431 2367 4501 jorem
2414 4430 2577 4487 infers
2619 4434 2974 4490 calamitatem
3001 4477 3017 4503 ,
3063 4447 3118 4493 et
3147 4439 3516 4495 liberalitatem
3549 4446 3773 4511 pecunia

2200 4524 2407 4581 vendis.
2446 4524 2627 4580 Vende
2647 4567 2662 4591 ,
2695 4541 2799 4582 non
2830 4538 2953 4582 veto
2976 4570 2994 4595 ,
3030 4530 3123 4585 sed
3152 4546 3250 4600 pro
3280 4547 3443 4602 regno
3468 4534 3724 4589 caalorum
3757 4554 3771 4590 :

2200 4630 2269 4683 tte
2300 4631 2516 4684 parvum
2543 4618 2771 4687 accipias
2796 4620 2975 4689 aperis
3002 4620 3219 4692 hujusce
3247 4624 3481 4691 pretium
3500 4666 3516 4690 ,
3551 4642 3768 4682 usuram

2200 4707 2540 4773 centesimam
2572 4706 2679 4781 (a),
2712 4709 2805 4764 sed
2834 4710 2993 4765 vitam
3039 4712 3415 4770 immortalem.
3444 4718 3550 4771 Cur
3574 4733 3777 4787 pauper

2201 4808 2257 4861 et
2305 4816 2507 4871 egenus
2552 4804 2650 4857 es?
2700 4818 2794 4857 cur
2843 4805 3016 4873 pusilli
3044 4807 3225 4872 animi,
3275 4818 3331 4863 ut
3375 4826 3561 4881 magna
3609 4828 3775 4883 parvo

2202 4893 2377 4960 pretio
2394 4893 2627 4947 evendas
2654 4933 2670 4959 ,
2711 4903 2766 4947 et
2815 4910 2913 4964 pro
2958 4894 3175 4952 caducis
3220 4901 3459 4967 pecuniis
3486 4901 3582 4957 des
3606 4944 3620 4966 ,
3650 4918 3775 4960 cum

2200 4991 2476 5052 oporteret
2507 4998 2602 5052 pro
2641 4998 2808 5053 regno
2832 4984 3063 5040 vendere
3102 5000 3316 5057 semper
3344 4995 3635 5046 manente?
3679 5010 3776 5049 cur

2203 5076 2313 5147 Deo
2364 5075 2577 5143 relicto,
2623 5074 2849 5146 humana
2892 5078 3154 5134 lucraris?
3196 5096 3292 5136 cur
3336 5081 3499 5139 divite
3540 5085 3726 5140 relicto
3754 5126 3772 5155 ,

2265 5264 2285 5321 ³,
2318 5262 2507 5327 Morel.,_
2527 5260 2589 5311 de
2612 5260 2845 5327 [tartarum
2865 5256 3211 5327 sparsionibus.

2265 5318 2286 5357 ί
2320 5331 2464 5383 Unus,
2489 5318 2764 5384 impendere
2790 5318 2945 5384 autem
2966 5318 3109 5379 facile
3130 5324 3219 5372 est.

2267 5386 2339 5448 (a)
2371 5382 2488 5435 Erat
2530 5382 2673 5447 pet-ro
2689 5382 2948 5448 centesima
2972 5394 3131 5448 usura:
3149 5396 3341 5448 genus,
3368 5396 3465 5444 quo
3504 5383 3585 5444 qui
3612 5382 3655 5431 in
3681 5383 3770 5433 fab

2203 5443 2295 5496 nus
2314 5443 2639 5509 accipiebant,
2658 5443 2862 5503 singulis
2880 5445 3130 5492 mensibus
3158 5443 3472 5509 centesimam
3495 5443 3642 5492 scrtis
3663 5456 3769 5506 par-

2201 5517 2303 5559 tem
2325 5507 2591 5565 solverent,
2630 5508 2694 5556 ita
2719 5513 2773 5553 ut
2793 5512 2989 5554 centum
3020 5507 3268 5555 mensibus
3299 5513 3481 5555 sortem
3500 5511 3768 5566 aequarent.

2204 5574 2282 5637 De
2303 5573 2506 5633 reliquis
2526 5563 2817 5637 centesqu
2825 5568 3096 5637 generibus
3115 5567 3220 5615 vide
3237 5582 3380 5630 supra
3412 5568 3459 5615 in
3493 5563 3775 5637 praefatione

2100 5640 2105 5659 λ
2205 5636 2260 5685 ad
2280 5629 2499 5703 quartum
2522 5638 2738 5695 'romum,
2759 5629 2865 5711 \'._
