3990 6216
250 306 363 361 557

247 418 470 495 pauperi
497 420 795 476 molestiam
820 419 1002 485 infers,
1022 426 1073 473 et
1094 417 1401 487 Iargientem
1424 426 1837 487 prtelercurrens

248 532 383 569 cum
410 517 615 583 ingrato
648 523 797 581 pacta
831 512 965 565 inis?
995 511 1091 565 Ille
1120 510 1344 565 reddere
1373 510 1719 578 concupiscit,
1750 509 1835 562 hic

255 621 405 675 :2ng
432 604 629 659 reddit.
664 604 761 658 Hic
804 606 886 658 vix
914 603 1262 657 cmtesimum
1293 612 1570 667 numerat;
1599 601 1687 655 ille
1713 616 1838 655 cen-

251 698 460 765 tuplum
490 707 541 748 et
587 711 809 763 regnum
856 695 1127 747 caelorum.
1182 693 1277 746 llic
1321 709 1442 746 eum
1487 693 1740 747 conviciis
1783 700 1837 745 et

250 787 616 847 contumeliis,
667 787 755 840 ille
799 802 919 839 eum
961 785 1205 839 laudibus
1230 796 1281 839 et
1307 785 1588 840 encomiis.
1622 784 1713 837 llic
1743 782 1834 837 libi

250 878 509 931 invidiam
562 877 740 944 parit,
796 876 882 929 ille
933 876 1022 929 libi
1064 890 1290 929 coronas
1338 876 1520 929 nectit.
1553 875 1645 927 llic
1671 875 1755 927 vix
1783 875 1833 928 in

251 969 361 1025 hoc
400 970 632 1034 sarculo,
666 969 757 1023 ille
802 978 853 1022 et
881 967 933 1020 in
963 967 1065 1021 hoc
1091 977 1145 1021 et
1174 969 1224 1021 in
1258 967 1453 1021 futuro.
1485 968 1677 1021 Annon
1707 981 1835 1034 ergo

247 1069 511 1121 extrema:
557 1057 842 1113 dementia:
887 1065 990 1123 est,
1040 1072 1109 1111 ne
1158 1059 1296 1111 scire
1337 1057 1548 1127 quidem
1592 1056 1835 1109 lucrari?

250 1152 400 1218 Quot
446 1149 667 1205 faenoris
710 1164 869 1203 causa
920 1158 1116 1202 sortem
1154 1150 1313 1202 etiam
1354 1148 1682 1203 amiserunt?
1709 1156 1838 1216 quot

252 1252 479 1313 propter
504 1255 691 1297 usuras
719 1242 770 1294 in
800 1241 1032 1310 pericula
1062 1241 1390 1295 inciderunt?
1416 1252 1543 1309 quot
1587 1248 1640 1295 et
1681 1254 1739 1293 se
1784 1249 1838 1294 et

251 1335 393 1391 alios
419 1334 469 1387 in
497 1342 791 1386 extremam
826 1339 1186 1401 paupertatem
1218 1330 1528 1400 dejecerunt
1557 1329 1625 1385 ob
1654 1330 1834 1385 incre-

250 1425 472 1481 dibilem
501 1425 819 1478 avaritiam?

325 1518 382 1573 6.
409 1518 485 1573 Ne
514 1518 643 1571 mihi
673 1518 874 1572 dixeris
898 1558 912 1582 ,
944 1516 1089 1570 illum
1120 1517 1276 1571 talem
1304 1516 1529 1571 libenter
1552 1516 1793 1584 accipere
1817 1557 1833 1583 ,

252 1620 310 1665 et
351 1610 421 1664 de
466 1609 668 1663 faenore
724 1608 947 1677 gratiam
992 1607 1208 1661 habere.
1250 1606 1376 1660 Illud
1421 1608 1561 1660 enim
1611 1621 1703 1673 per
1751 1607 1835 1659 iu-

250 1702 639 1757 humanitatem
686 1708 829 1755 tuam
888 1700 1083 1754 evenit.
1128 1699 1257 1753 Nam
1305 1710 1356 1754 et
1404 1699 1668 1754 Abraham
1714 1714 1836 1753 cum

251 1812 476 1850 uxorem
525 1794 767 1848 barbaris
816 1792 1050 1856 tradidit,
1105 1792 1322 1845 insidias
1371 1792 1485 1845 illas
1515 1792 1613 1844 sibi
1658 1800 1837 1859 gratas

248 1889 485 1943 reddidit
511 1886 676 1957 (Gen.
708 1885 793 1940 12.
825 1887 890 1938 ιδ
908 1886 958 1954 );
989 1900 1093 1938 non
1122 1885 1383 1947 libenter,
1417 1883 1509 1939 sed
1540 1884 1608 1937 ob
1637 1870 1834 1938 metum

252 1980 570 2035 Pharaonis.
600 1979 688 2033 Sic
714 1978 873 2032 etiam
918 1992 1117 2046 panper
1140 2017 1155 2039 ,
1187 1978 1306 2045 quia
1354 1993 1412 2032 re
1453 1976 1616 2045 gratis
1659 1978 1835 2030 oblata

251 2073 477 2140 dignum
522 2070 668 2125 illntn
735 2084 839 2121 non
897 2082 1125 2130 censes,
1176 2067 1244 2122 de
1289 2068 1603 2123 crudelitate
1640 2070 1836 2138 gratias

250 2180 416 2235 agere
462 2163 688 2233 cogitur.
733 2160 814 2215 Tu
845 2170 1021 2214 autem
1053 2159 1183 2215 mihi
1228 2159 1444 2223 videris,
1474 2161 1570 2213 sia
1598 2160 1837 2230 periculo

250 2256 561 2325 quempiam
589 2254 911 2314 vindicares,
942 2252 1243 2306 mercedem
1276 2261 1328 2305 te
1358 2253 1455 2305 hac
1480 2252 1547 2306 de
1577 2267 1737 2306 causa
1768 2253 1838 2308 ab

252 2346 346 2399 illo
387 2346 749 2414 ﬂagitatorum
799 2358 940 2397 esse.
988 2342 1171 2405 Absit,
1202 2341 1427 2411 inquies.
1474 2342 1611 2409 Quid
1658 2343 1835 2398 dicis?

250 2436 381 2490 Cum
409 2452 441 2489 a
464 2435 646 2504 majori
666 2434 806 2487 malo
832 2433 1047 2496 liberas,
1067 2447 1171 2487 non
1196 2434 1274 2487 vis
1296 2434 1550 2502 pecunias
1571 2435 1785 2504 exigere
1812 2451 1828 2489 :

248 2534 376 2588 dum
413 2524 512 2602 pro
554 2546 612 2585 re
637 2530 848 2584 minore
878 2537 1077 2582 tantam
1108 2526 1328 2582 exhibes
1352 2527 1835 2583 inhumanitatem?
1876 2560 1884 2568 -

249 2624 362 2679 Non
417 2622 564 2676 vides
608 2630 866 2691 quantum
909 2618 1034 2673 huic
1075 2618 1154 2672 rei
1200 2618 1444 2671 imminet
1466 2617 1832 2686 supplicium?

249 2730 353 2767 non
409 2711 565 2765 audis
608 2710 732 2764 illud
784 2710 833 2763 in
866 2708 1042 2763 Veteri
1084 2708 1244 2762 etiam
1273 2707 1617 2761 Testamento
1648 2708 1830 2776 prohi-

247 2806 360 2862 beri
395 2803 575 2874 (Deut.
602 2802 733 2873 l5)?
762 2800 868 2856 Sed
891 2800 1017 2870 quid
1049 2799 1201 2853 multi
1246 2800 1664 2854 cauSiIicantur?
1696 2801 1830 2855 Dum

246 2897 432 2951 lienus
465 2893 689 2961 accipio,
738 2891 807 2945 do
852 2890 1091 2960 pauperi.
1142 2889 1286 2944 Bona
1316 2889 1497 2954 verba,
1528 2890 1598 2944 mi
1631 2889 1828 2955 homo;

249 2984 561 3056 hujusmodi
612 2982 871 3039 sacriﬁcia
918 2997 1023 3035 non
1069 2980 1184 3035 vult
1230 2981 1389 3036 Deus.
1439 2981 1517 3035 Ne
1560 2982 1729 3052 legem
1762 2984 1830 3037 ita

244 3077 449 3133 callide
489 3073 691 3129 eludas.
744 3072 931 3127 Melius
977 3078 1060 3126 est
1104 3072 1318 3140 pauperi
1348 3087 1451 3127 non
1477 3071 1607 3127 dare
1630 3114 1644 3136 ,
1671 3089 1828 3142 quam

244 3169 365 3224 inde
424 3176 691 3238 sumptum
719 3165 847 3219 dare
889 3182 901 3217 :
943 3165 1063 3234 quia
1102 3164 1385 3233 pecuniam
1423 3164 1583 3229 justis
1626 3175 1827 3234 partam

243 3260 520 3317 laboribus
543 3272 685 3326 saepe
707 3256 887 3310 reddis
913 3255 1145 3323 iniquam
1172 3254 1240 3308 ob
1271 3255 1481 3323 iniquos
1508 3254 1668 3321 fetus,
1698 3271 1759 3310 ac
1777 3257 1825 3310 si

241 3355 357 3423 quis
390 3350 675 3407 fecundum
706 3357 916 3403 uterum
952 3356 1107 3417 cogat
1129 3346 1441 3416 scorpiones
1467 3362 1676 3416 parere.
1721 3349 1824 3402 Ec-

240 3446 363 3513 quid
399 3444 575 3513 Iegem
608 3441 699 3496 Dei
730 3440 1002 3495 memoro?
1028 3441 1215 3493 Annon
1248 3452 1341 3493 vos
1371 3439 1467 3508 ipsi
1488 3439 1676 3494 sordes
1700 3439 1825 3494 illud

241 3552 359 3591 esse
411 3533 625 3589 dicitis?
652 3533 707 3588 Si
734 3543 912 3588 autem
953 3546 1049 3587 vos
1094 3530 1182 3601 qui
1220 3530 1425 3585 lucrum
1473 3529 1717 3593 refertis,
1755 3532 1826 3585 ita

240 3627 515 3690 statuitis;
557 3625 728 3695 cogita
770 3639 927 3693 quam
977 3624 1113 3677 Deus
1152 3622 1220 3676 de
1261 3622 1411 3677 vobis
1438 3620 1572 3676 feret
1612 3631 1827 3677 senten-

242 3721 399 3775 tiam.
427 3718 579 3784 Quod
610 3718 653 3771 si
682 3716 812 3772 velis
836 3724 1087 3770 externos
1114 3714 1441 3783 legislatures
1470 3713 1822 3781 interrogare,

238 3808 430 3863 audies
484 3808 606 3862 illos
658 3806 709 3860 id
764 3813 1020 3861 extrema:
1070 3804 1414 3872 impudentiae
1459 3816 1579 3858 esse
1616 3810 1821 3871 putare.

236 3900 404 3954 Certe
434 3898 502 3953 iis
542 3898 631 3967 qui
680 3896 963 3967 dignitates
1009 3904 1300 3964 occupant,
1336 3894 1530 3964 quique
1568 3893 1822 3949 Senatum

238 4005 496 4062 magnum
525 3989 875 4051 constituunt,
904 4001 1008 4041 non
1037 3986 1164 4042 licet
1190 3985 1490 4055 hujusmodi
1533 3986 1682 4040 lucro
1728 3984 1822 4040 de-

240 4082 556 4141 honestari;
586 4080 681 4135 sed
712 4080 795 4135 lex
823 4079 959 4149 apud
992 4078 1109 4132 illas
1138 4086 1253 4144 est,
1301 4093 1419 4147 qua:
1460 4077 1511 4132 id
1556 4076 1820 4147 prohibet.

240 4172 526 4242 Quomodo
557 4172 715 4241 igitur
735 4185 839 4225 non
871 4168 1193 4224 horrendum
1223 4168 1412 4234 fuerit,
1434 4168 1480 4223 si
1509 4184 1612 4224 non
1639 4183 1821 4239 parem

1249 300 1313 355 IN
1352 298 1756 355 MATTHIEUM
1797 294 2026 353 HOMIL.
2070 299 2222 354 LVII.
2264 301 2334 356 al.
2375 301 2557 362 LVIII.

3420 316 3524 372 558

1942 415 2140 469 caelesti
2172 417 2366 472 civitati
2389 419 2649 476 honorem
2677 422 2879 481 tribuas
2903 467 2917 490 ,
2954 427 3164 496 qualem
3193 429 3524 501 Iegislatores

1938 509 2297 565 Romanorum
2338 514 2542 567 senatui
2571 514 2841 581 tribuunt,
2869 517 2961 572 sed
2988 520 3246 576 minorem
3276 524 3407 579 cado
3435 542 3523 578 re-

1940 602 2079 658 feras
2124 622 2280 674 quam
2316 616 2504 670 terrm,
2548 623 2718 677 neque
2745 618 2797 663 te
2829 610 3022 676 pudeat
3050 620 3208 666 tanta:
3241 617 3523 683 turpitudi-

1940 695 2065 749 nis?
2107 697 2240 763 Quid
2274 698 2414 751 enim
2458 698 2693 753 insanius
2721 699 2913 765 fuerit,
2960 719 3117 769 quam
3158 706 3201 758 si
3245 708 3361 775 quis
3405 710 3522 764 sine

1942 796 2102 848 terra,
2137 787 2249 841 sine
2274 788 2469 856 pluvia,
2495 790 2609 843 sine
2633 801 2812 844 aratro
2833 793 3097 847 seminare
3124 796 3389 851 voluerit?
3412 798 3519 855 Ilac

1938 875 2004 930 de
2034 892 2190 930 causa
2224 878 2421 931 zizania
2443 919 2456 943 ,
2490 895 2607 945 quae
2651 881 2755 949 igni
2785 883 3038 938 tradenda
3066 895 3189 940 sunt
3218 927 3234 952 ,
3276 898 3481 943 metunt
3501 932 3517 956 ,

1938 967 2026 1036 qui
2056 966 2249 1021 malam
2280 966 2579 1037 huiusmodi
2609 971 2981 1040 agriculturam
3013 962 3404 1046 excogitarunt.

2016 1057 2290 1112 Faenorum
2320 1060 2525 1113 danma.
2557 1091 2628 1099 —
2657 1062 2847 1116 Annon
2880 1066 3059 1118 multm
3088 1079 3211 1121 sunt
3235 1069 3392 1137 justte
3421 1087 3516 1125 ne-

1936 1148 2297 1217 gotiationes?
2327 1165 2595 1220 agrorum,
2623 1167 2862 1221 gregum,
2885 1165 3269 1219 armentorum,
3301 1175 3521 1215 manua-

1938 1239 2064 1293 lium
2114 1240 2390 1307 laborum,
2441 1243 2718 1312 sulersqne
2765 1246 2839 1297 rei
2873 1246 3148 1302 familiaris
3183 1253 3353 1305 cura?
3378 1253 3517 1319 Quid

1938 1328 2137 1383 insanis
2166 1340 2221 1383 ut
2244 1331 2422 1400 spinas
2463 1333 2655 1386 frustra
2683 1332 2958 1388 demotus?
2996 1337 3060 1389 At
3092 1336 3294 1393 fructus
3322 1351 3479 1396 terra:
3499 1385 3515 1410 ,

1938 1419 2146 1490 inquies
2166 1462 2179 1484 ,
2206 1422 2384 1476 multis
2406 1433 2528 1477 sunt
2547 1426 2756 1479 casibus
2790 1426 3041 1492 obnoxii,
3065 1430 3305 1498 grandiui
3326 1474 3341 1496 ,
3368 1436 3517 1487 rubi-

1936 1511 2074 1580 gini,
2104 1512 2358 1567 imbribus
2389 1515 2601 1568 nimiis?
2626 1514 2728 1570 Sed
2760 1532 2865 1571 non
2899 1527 2974 1572 tot
3001 1520 3241 1585 casibus,
3268 1534 3397 1590 quot
3421 1526 3518 1580 fte-

1938 1619 2057 1657 nns.
2086 1603 2215 1658 Nam
2246 1606 2498 1674 quidquid
2529 1606 2595 1660 ibi
2625 1608 2896 1675 acciderit,
2926 1610 3152 1664 reditum
3184 1613 3519 1669 solummodo

1937 1693 2113 1758 laedit,
2141 1703 2282 1749 sorte
2310 1696 2550 1760 interim,
2584 1697 2703 1752 sive
2741 1713 2869 1766 agro
2915 1712 3163 1755 manente
3205 1702 3390 1759 illaesa.
3422 1704 3519 1760 Hic

1937 1801 2066 1840 vero
2096 1788 2245 1841 multi
2274 1803 2416 1857 smpe
2446 1790 2498 1842 in
2528 1789 2637 1858 ipsa
2660 1798 2804 1844 sorte
2826 1792 3151 1861 naufragium
3186 1797 3324 1862 passi
3357 1809 3514 1851 sunt:

1938 1885 1992 1930 et
2016 1886 2299 1945 antequam
2332 1878 2583 1933 damnum
2627 1879 2833 1935 accidat
2854 1922 2866 1944 ,
2898 1881 2949 1935 in
2978 1893 3230 1950 perpetua
3260 1885 3516 1941 sollicitu-

1938 1965 2061 2020 dine
2114 1978 2408 2022 versantur.
2450 1968 2581 2022 Nam
2628 1970 2919 2025 faenerator
2971 1988 3257 2042 numquam
3312 1990 3370 2029 re
3420 1992 3513 2031 sna

1938 2059 2145 2122 fruitur,
2174 2061 2266 2115 sed
2295 2061 2451 2115 etiam
2483 2062 2693 2132 quando
2722 2061 2893 2117 foenus
2915 2064 3152 2131 affertur,
3172 2082 3276 2121 non
3298 2070 3512 2139 gaudet,

1937 2153 2077 2221 quod
2117 2164 2400 2220 proventus
2437 2154 2685 2220 accedat,
2728 2155 2820 2210 sed
2864 2156 3048 2221 dolet,
3094 2159 3235 2227 quod
3280 2165 3513 2218 nondum

1938 2253 2133 2298 sortem
2164 2254 2414 2316 exaequet
2440 2260 2593 2301 usura
2614 2287 2630 2312 ,
2658 2261 2719 2301 ac
2757 2246 3062 2318 priusquam
3098 2248 3185 2304 hic
3214 2249 3351 2306 fetus
3375 2263 3515 2309 totus

1939 2335 2193 2403 prodeat,
2222 2335 2369 2389 illum
2396 2344 2562 2390 totum
2602 2351 2792 2405 parere
2831 2336 3046 2401 nititur,
3080 2337 3276 2393 foenora
3311 2340 3363 2395 in
3393 2358 3511 2398 sor-

1937 2434 2044 2483 tem
2068 2438 2387 2483 converlens
2410 2470 2425 2493 ,
2455 2439 2509 2484 et
2537 2430 2643 2483 vim
2673 2427 2909 2484 inferens
2938 2438 2994 2483 ut
3023 2430 3292 2487 abortivos
3316 2435 3513 2503 vipera:

1935 2527 2117 2588 partus
2142 2519 2284 2573 edat.
2314 2518 2463 2574 Talia
2505 2527 2650 2574 certe
2694 2527 2819 2573 sunt
2862 2518 3101 2587 ftenora,
3144 2538 3262 2591 qua:
3306 2539 3510 2579 animas

1934 2609 2179 2666 miserius
2203 2608 2396 2664 rodunt
2422 2618 2477 2665 et
2506 2609 2739 2664 lacerant
2762 2648 2776 2672 ,
2803 2623 2963 2680 quam
2990 2610 3207 2681 viperae.
3230 2610 3342 2667 Hoc
3371 2614 3510 2684 inju-

1933 2702 2091 2755 stitia:
2121 2701 2387 2756 vinculum
2417 2709 2502 2756 est
2531 2717 2544 2753 :
2576 2701 2690 2755 haec
2728 2699 2977 2771 obligatio
3023 2702 3373 2758 violentarnm
3418 2723 3511 2774 pa-

1944 2785 2209 2840 ctionum.
2230 2785 2330 2850 Do,
2350 2786 2547 2856 inquit,
2572 2803 2677 2841 non
2698 2798 2758 2842 ut
2774 2790 3029 2858 accipias.
3050 2789 3144 2843 sed
3162 2801 3217 2843 ut
3232 2794 3385 2859 plura
3402 2791 3517 2846 red-

1943 2877 2061 2933 das.
2082 2878 2147 2932 At
2166 2876 2307 2933 Deus
2326 2889 2470 2933 vetat
2496 2880 2547 2932 id
2571 2882 2818 2950 accipere
2845 2883 2988 2953 quod
3020 2884 3215 2938 datur:
3238 2884 3393 2950 Date,
3427 2885 3511 2938 in-

1943 2972 2079 3040 quit,
2100 2971 2230 3032 illis,
2246 2988 2277 3023 a
2294 2970 2480 3040 quibus
2498 2972 2633 3025 nillil
2654 2974 2888 3042 accipere
2910 2975 3134 3043 speratis
3150 2974 3299 3042 (Luc.
3326 2974 3378 3030 6.
3393 2975 3510 3042 35);

1944 3070 1999 3115 tu
2018 3076 2147 3115 vero
2166 3061 2287 3131 plus
2307 3078 2469 3130 quam
2488 3062 2707 3117 dederis
2724 3063 2895 3133 exigis
2920 3083 2933 3118 :
2962 3075 3015 3118 et
3044 3065 3188 3134 quod
3223 3080 3329 3118 non
3359 3066 3511 3119 dedi-

1942 3152 2037 3217 sti,
2066 3160 2122 3206 ut
2141 3152 2382 3206 debitum
2406 3152 2500 3205 tibi
2525 3153 2673 3223 cogis
2697 3169 2983 3207 numerare
3001 3171 3123 3209 eum
3144 3157 3235 3224 qui
3260 3168 3507 3212 mutuum

1929 3248 2153 3317 accepit.
2188 3246 2249 3300 Et
2282 3254 2434 3315 putas
2465 3244 2588 3299 hinc
2614 3242 2707 3298 tibi
2728 3256 2858 3312 opes
2881 3241 3084 3311 augeri,
3114 3256 3176 3296 ac
3206 3256 3301 3311 pro
3322 3244 3513 3311 Opibus

1930 3343 2107 3411 ignem
2154 3338 2243 3392 tibi
2287 3335 2536 3394 accendis
2580 3333 3085 3404 inexstinguibilem.
3116 3332 3267 3401 Quod
3300 3350 3366 3389 ne
3396 3334 3509 3400 ﬁat,

1930 3433 2029 3491 hos
2054 3432 2315 3487 frenorum
2337 3438 2517 3501 partus
2540 3429 2707 3483 malos
2722 3436 2777 3483 et
2796 3428 3002 3498 iniquos
3023 3427 3415 3493 exscindamus,
3429 3444 3515 3484 ex.

1929 3525 2191 3579 siccemus
2221 3521 2362 3578 hunc
2400 3520 2754 3590 perniciosum
2779 3528 2990 3574 uterum
3011 3559 3027 3585 ,
3050 3534 3113 3574 ac
3138 3533 3261 3574 vera
3288 3534 3512 3589 magna-

1928 3632 2031 3687 que
2070 3619 2212 3670 lucra
2254 3624 2456 3669 tantum
2490 3628 2889 3683 persequamur.
2910 3610 3164 3677 Qutenam
3204 3612 3318 3671 hzec
3347 3613 3515 3667 sunt?

1928 3706 2219 3762 Audiamus
2244 3704 2464 3763 Paulum
2483 3703 2767 3765 dicentem,
2790 3702 3009 3770 Magnus
3028 3710 3101 3756 est
3120 3716 3337 3772 quwstus
3358 3704 3515 3771 pietas

1926 3815 2039 3855 cum
2064 3797 2354 3868 suﬁicientia
2371 3796 2388 3866 (
2400 3797 2416 3849 I
2434 3795 2587 3850 .Tim.
2602 3794 2653 3849 6.
2671 3794 2747 3862 6).
2768 3793 2858 3848 His
2877 3794 3035 3864 igitur
3061 3803 3266 3848 tantum
3282 3794 3515 3850 ditemur

1926 3891 2147 3956 divitiis,
2170 3897 2228 3942 ut
2253 3896 2307 3942 et
2334 3886 2420 3941 hic
2448 3884 2829 3955 tranquillitate
2852 3882 3108 3948 fruamur,
3128 3892 3183 3938 et
3200 3884 3368 3938 futura
3385 3900 3513 3938 eon-

1927 3997 2213 4053 sequamur
2226 3980 2383 4042 bona,
2402 3978 2567 4049 gratia
2578 3976 2964 4047 etbenignitate
2982 3974 3187 4029 Domini
3203 3976 3367 4030 nostri
3386 3974 3513 4030 Jesu

1928 4074 2147 4141 Christi,
2169 4073 2252 4128 cui
2282 4072 2444 4142 gloria
2469 4080 2521 4124 et
2548 4068 2827 4140 imperium
2869 4082 2989 4121 cum
3026 4066 3186 4121 Patre
3227 4077 3280 4120 et
3313 4063 3511 4136 Spiritu

1927 4175 2133 4232 sancto,
2152 4180 2289 4221 nunc
2301 4173 2595 4232 etsemper,
2616 4168 2670 4215 et
2689 4159 2741 4213 in
2759 4157 2950 4212 sa-cula
2968 4155 3305 4211 saculorum.
3322 4156 3509 4212 Amen.

2384 4296 2647 4305 ——~—

1383 4376 1727 4437 HOMILIA
1779 4377 1966 4437 LVII.
2010 4374 2096 4436 al.
2143 4372 2361 4433 LVIII.

239 4522 366 4577 ειν.
402 4521 493 4575 17.
518 4518 683 4574 v.10.
720 4518 787 4571 Et
827 4518 1255 4587 interrogaverunt
1304 4533 1417 4571 eum
1460 4518 1694 4585 discipuli
1719 4519 1828 4588 ejus

308 4612 533 4664 dicentes
575 4623 594 4661 :
643 4606 778 4672 Quid
818 4608 971 4677 igitur
1010 4607 1181 4661 dicunt
1217 4606 1392 4661 scriba:
1415 4648 1430 4672 ,
1477 4608 1609 4673 quod
1655 4607 1823 4663 Eliam

309 4710 543 4769 oporteat
574 4700 788 4767 primum
814 4700 981 4752 venire
997 4699 1023 4751 ?

312 4792 362 4845 1.
394 4790 512 4845 Non
560 4804 687 4858 ergo
720 4804 749 4842 a
771 4788 1057 4858 Scripturis
1083 4787 1134 4842 id
1154 4788 1410 4852 sciebant,
1439 4790 1531 4843 sed
1558 4791 1745 4845 scribae
1773 4790 1823 4844 id

244 4881 348 4935 illis
386 4879 697 4943 narrabant,
725 4887 776 4932 et
812 4878 925 4930 haec
962 4877 1141 4946 opinio
1179 4877 1232 4931 in
1277 4878 1462 4947 vulgus
1487 4877 1826 4936 circumfere-

242 4973 396 5029 batur
415 5012 431 5035 ,
470 4970 608 5023 sicut
634 4980 687 5023 et
716 4968 784 5023 de
811 4968 1042 5024 Christo.
1076 4967 1197 5023 Ideo
1223 4968 1552 5023 Samaritana
1576 4969 1785 5031 dicebat
1808 4988 1821 5023 :

242 5059 458 5115 Hessius
497 5059 650 5121 venit,
686 5068 731 5110 et
768 5074 882 5111 cum
932 5059 1154 5123 venerit,
1196 5059 1282 5111 ille
1327 5060 1641 5115 annuntiabit
1686 5060 1825 5115 nobis

240 5150 411 5201 omnia
434 5149 451 5217 (
475 5147 633 5201 Joan.
658 5147 711 5201 4.
735 5147 807 5216 5)
838 5165 849 5199 :
895 5158 948 5201 et
979 5148 1050 5201 illi
1083 5148 1477 5217 interrogabant
1524 5149 1780 5209 Joannem
1806 5191 1821 5215 ,

243 5237 386 5299 [Ilias
416 5254 467 5292 es
508 5246 582 5301 tu,
604 5245 691 5288 aut
726 5236 968 5306 praplieta
994 5236 1169 5307 (Joan.
1196 5238 1246 5291 I.
1272 5237 1403 5304 2|)?
1429 5238 1580 5300 Nam.
1610 5250 1665 5293 ut
1692 5240 1821 5303 dixi,

243 5329 357 5383 lnec
383 5328 566 5397 opinio
593 5327 886 5381 invaluerat
912 5336 963 5382 et
984 5327 1051 5382 de
1070 5328 1283 5382 Christo
1309 5339 1357 5383 et
1387 5328 1453 5383 de
1477 5328 1624 5395 Elia;
1654 5346 1825 5401 neque

242 5419 314 5474 illi
371 5430 521 5474 recte
571 5420 687 5473 hate
738 5419 1235 5488 interpretabantur.
1293 5419 1580 5491 Scriptura:
1627 5422 1822 5492 quippe

242 5509 379 5565 duos
401 5521 618 5567 narrant
642 5508 839 5563 Christi
876 5510 1170 5573 adventus;
1201 5509 1341 5565 hunc
1369 5511 1456 5579 qui
1483 5512 1589 5579 jam
1628 5512 1742 5575 fuit.
1772 5522 1825 5567 ct

245 5600 512 5655 Iutarum:
552 5613 683 5669 quos
725 5601 1028 5670 significans
1070 5600 1264 5655 Paulus
1299 5600 1543 5655 dicebat:
1576 5600 1824 5672 Apparuit

247 5691 409 5763 gratia
435 5689 531 5744 Dei
571 5692 812 5747 salutaris
853 5690 1078 5745 omnibus
1116 5689 1419 5760 hominibus,
1451 5692 1680 5746 erudiens
1711 5708 1819 5759 nos,

1936 4530 1992 4573 ut
2017 4520 2318 4589 abnegautes
2345 4517 2645 4582 impietatem
2674 4524 2719 4567 et
2743 4514 3007 4567 stt-calaria
3040 4511 3289 4565 desideria
3312 4552 3324 4573 ,
3354 4511 3516 4563 sobrie

1931 4619 1978 4664 et
2005 4616 2143 4679 juste
2180 4618 2226 4662 et
2267 4608 2346 4676 pie
2373 4607 2591 4659 vivamus
2636 4603 2773 4673 (Tit.
2808 4603 2863 4656 2.
2899 4604 2983 4656 11.
3017 4600 3134 4671 12).
3165 4600 3302 4655 Ecce
3351 4616 3512 4653 unum

1931 4700 2236 4755 adventum.
2263 4698 2397 4752 Audi
2419 4695 2686 4766 quomodo
2710 4703 2764 4748 et
2784 4693 3005 4748 alterum
3029 4701 3209 4761 posma
3238 4690 3473 4745 declaret
3497 4704 3510 4742 :

1933 4792 2295 4860 Exspectantes
2320 4790 2513 4844 beatam
2540 4804 2678 4857 spem
2701 4829 2715 4853 ,
2740 4794 2784 4840 et
2817 4788 3083 4839 adventum
3104 4783 3275 4853 magni
3305 4782 3394 4836 Dei
3424 4782 3439 4812 ¹
3468 4791 3514 4835 et

1935 4882 2219 4938 Salvatoris
2248 4882 2409 4935 nostri
2440 4878 2563 4931 Jesu
2592 4876 2778 4932 Christi
2808 4874 2978 4942 (Ibid.
3010 4890 3057 4927 v.
3088 4874 3200 4945 15).
3236 4872 3513 4942 Propheta:

1932 4989 2141 5045 quoque
2177 4983 2458 5041 utrumque
2484 4968 2765 5023 adventum
2790 4973 3117 5019 memorant:
3149 4972 3308 5032 atque
3336 4962 3511 5028 unius,

1932 5065 2021 5133 qui
2052 5064 2318 5119 secundus
2359 5070 2462 5126 est,
2496 5072 2879 5130 prmcnrsorem
2908 5056 3087 5109 dicunt
3134 5053 3364 5107 futurttm
3394 5066 3513 5106 esse

1933 5153 2121 5208 Ellam.
2146 5152 2344 5206 Prioris
2368 5164 2497 5205 vero
2520 5147 2880 5210 fuitJoannes,
2902 5160 3059 5216 quem
3072 5142 3314 5198 Christus
3342 5142 3513 5197 Eliam

1933 5246 2153 5301 vocabat
2185 5262 2197 5297 :
2241 5260 2345 5297 non
2388 5241 2527 5311 quod
2560 5239 2705 5294 Elias
2736 5246 2898 5299 esset,
2929 5236 3018 5290 sed
3047 5234 3187 5306 quod
3216 5234 3333 5303 ejus
3359 5232 3515 5287 mini-

1931 5340 2149 5393 sterium
2199 5336 2463 5405 impleret.
2490 5331 2637 5387 Sicut
2666 5330 2806 5386 enim
2840 5329 2927 5384 ille
2969 5342 3264 5397 przeeursor
3301 5326 3403 5380 erit
3431 5339 3516 5380 se-

1931 5428 2087 5487 cundi
2116 5426 2392 5484 adventus.
2418 5424 2485 5477 ita
2514 5433 2567 5478 et
2594 5422 2678 5476 hic
2704 5420 2895 5491 prioris
2925 5419 3040 5473 fuit.
3063 5418 3167 5472 Sed
3198 5416 3386 5471 scriba:
3416 5416 3515 5470 ista

1930 5519 2331 5580 confundentes,
2354 5515 2707 5587 populumque
2734 5521 3114 5584 Pervertentes,
3137 5508 3275 5563 illius
3292 5515 3514 5575 tantum,

1995 5700 2012 5733 ¹
2048 5697 2158 5749 Duo
2182 5703 2311 5759 διες..
2335 5697 2380 5745 et
2403 5691 2661 5744 adventum
2683 5691 2849 5758 gloria:
2866 5687 3029 5753 magni
3057 5687 3157 5739 Dei.
