4126 6220
525 306 628 365 559

524 436 639 491 sive
686 429 906 489 secundi
945 427 1297 484 meminerunt
1317 467 1333 489 ,
1361 439 1423 478 ac
1448 422 1696 478 dicebant
1722 419 1863 491 plebi
1890 438 1904 475 :
1936 419 1992 476 Si
2024 420 2110 475 hic

525 536 666 581 esset
690 522 954 585 Christus,
986 517 1222 588 Oportuit
1245 516 1412 569 Etiam
1458 511 1777 582 praecedere.
1804 510 1926 565 ldeo
1946 509 2105 563 disci-

528 615 633 681 puli
660 614 736 666 sic
762 612 1047 680 loquuntur
1077 628 1089 661 :
1123 606 1257 671 Quid
1284 614 1356 658 est
1384 602 1520 673 quod
1561 603 1735 655 scriba:
1762 602 1952 664 dicunt,
1977 601 2111 668 quod

531 705 694 760 Eliam
735 710 962 769 oporteat
994 700 1211 768 primunt
1250 696 1453 749 venire?
1482 694 1590 748 llac
1619 694 1686 748 de
1722 708 1879 747 causa
1925 692 2108 746 l’bari-

527 794 618 847 sati
649 792 715 846 ad
738 791 995 846 Joannem
1021 789 1314 849 miserunt,
1346 794 1397 839 et
1427 783 1819 852 interrogabant
1844 799 1856 834 ε
1891 779 2036 834 Elias
2058 798 2110 835 es

527 895 580 935 tu
616 880 813 951 (Joan.
848 872 905 935 1.
929 879 990 932 21
1026 877 1080 946 )?
1107 876 1301 929 nullam
1339 873 1532 943 prioris
1575 872 1832 928 adventus
1877 872 2106 926 mentio-

527 988 647 1028 nem
692 972 965 1026 iacientes.
1008 968 1175 1034 Quam
1212 981 1339 1035 ergo
1379 964 1698 1019 solutionem
1740 963 1915 1018 attulit
1955 961 2110 1016 Chri-

524 1062 675 1116 stus?
700 1060 850 1127 Quod
872 1059 1073 1114 scilicet
1104 1057 1245 1112 Elias
1273 1064 1528 1109 venturus
1566 1055 1634 1107 sit
1671 1064 1794 1108 ante
1818 1053 2105 1108 secundum

523 1166 676 1204 suum
716 1150 1021 1212 adventum,
1049 1157 1103 1201 et
1144 1160 1283 1199 nunc
1309 1145 1417 1211 jam
1450 1144 1591 1198 Elias
1633 1143 1806 1207 venit;
1834 1142 1912 1196 sic
1948 1141 2107 1196 Joan-

523 1257 644 1295 nem
676 1254 871 1294 vocans
895 1236 1024 1292 .llic
1052 1239 1197 1292 venit
1217 1234 1471 1296 EliaS..Si
1496 1248 1621 1287 vero
1642 1230 1925 1287 Thesbiten
1957 1247 2104 1300 qua:—

523 1347 630 1397 ras,
682 1330 878 1383 veniet.
937 1328 1058 1382 Ideo
1104 1325 1314 1380 dicebat
1349 1341 1363 1377 :
1396 1323 1541 1377 Elias
1584 1324 1762 1388 veniet,
1792 1333 1837 1376 et
1885 1321 2105 1375 restituet

525 1420 711 1471 omnia.
746 1419 997 1485 Quaenam
1026 1415 1246 1470 omnia?
1273 1414 1399 1479 Quae
1423 1412 1709 1466 Malachias
1738 1411 1995 1482 prOpheta
2025 1410 2105 1464 di-

521 1508 673 1561 cebat
700 1526 711 1560 :
747 1506 949 1559 Mittam
970 1506 1098 1558 enim
1122 1503 1254 1557 vobis
1271 1502 1441 1556 Eliam
1469 1500 1750 1566 Thesbiten,
1778 1501 1863 1569 qui
1882 1500 2105 1553 restituet

521 1616 607 1651 cor
638 1598 797 1668 patris
822 1599 891 1650 ad
917 1598 1103 1665 ﬁlium,
1136 1612 1197 1649 ne
1236 1595 1434 1648 veniens
1455 1592 1730 1663 percutiam
1755 1600 1939 1644 terram
1965 1589 2106 1642 radi-

525 1664 667 1739 citus“
696 1688 712 1755 (
737 1684 867 1738 Mal.
913 1686 965 1739 4.
994 1684 1089 1754 5).
1127 1683 1307 1737 Viden’
1345 1682 1734 1736 accurationem
1783 1681 2105 1749 pr0phetica:

525 1773 917 1842 praedictionis?
948 1772 1078 1837 Quia
1123 1772 1263 1824 enim
1302 1770 1559 1824 Joannem
1610 1770 1778 1823 tiliam
1826 1777 2104 1821 Vocavcrat

519 1867 758 1921 Christus
788 1866 856 1920 ob
885 1865 1160 1918 ministerii
1189 1864 1588 1917 similitudinem
1615 1903 1630 1927 ,
1665 1878 1730 1916 ne
1761 1870 1972 1930 putares
2003 1860 2103 1915 hoc

520 1959 689 2026 ipsum
717 1970 858 2009 nunc
885 1970 912 2007 a
945 1957 1198 2025 propheta
1224 1953 1325 2009 dici
1346 1994 1361 2019 ,
1391 1952 1505 2021 ejus
1537 1952 1758 2019 patriam
1788 1950 1988 2005 addidit
2016 1949 2101 2003 di-

521 2063 686 2114 cens,
731 2046 1016 2100 Thesbiten.
1069 2044 1301 2099 Joannes
1344 2058 1474 2098 vero
1520 2043 1767 2097 Thesbita
1820 2056 1923 2094 non
1964 2047 2100 2093 erat.

522 2137 676 2192 Aliud
700 2137 858 2191 etiam
886 2138 1090 2205 insigne
1118 2136 1283 2199 addit,
1315 2150 1436 2188 cum
1466 2134 1613 2197 dicit,
1644 2132 1726 2186 Ne
1747 2133 1943 2187 veniens
1982 2147 2100 2200 per-

522 2229 701 2281 cutiam
738 2237 921 2281 terram
949 2228 1210 2290 radicitus,
1245 2226 1534 2280 secundum
1576 2225 1689 2293 ejus
1716 2224 1998 2277 adventum
2040 2222 2102 2276 il-

523 2328 626 2373 hnn
667 2319 956 2373 terribilem
987 2318 1281 2372 declarans.
1319 2317 1375 2370 ln
1425 2317 1594 2384 primo
1638 2316 1779 2370 enim
1822 2330 1928 2369 non
1958 2312 2102 2368 venit

519 2419 797 2481 percutere
850 2421 1065 2464 terram.
1101 2408 1219 2461 Non
1247 2409 1375 2461 enim
1406 2406 1516 2461 veni
1540 2447 1554 2469 ,
1585 2405 1773 2475 inquit,
1802 2414 1856 2457 ut
1877 2404 2102 2475 judicent

519 2501 792 2564 mundum,
822 2500 909 2554 sed
936 2511 987 2552 ut
1023 2500 1217 2552 salvum
1245 2500 1428 2569 faciam
1460 2496 1652 2566 (Joan.
1696 2495 1781 2549 12.
1823 2496 1889 2550 47
1916 2495 1955 2566 ).
1992 2495 2102 2549 Hoc

520 2610 644 2664 ergo
674 2594 800 2647 dicit
828 2592 1128 2662 significans
1148 2634 1162 2655 ,
1186 2590 1474 2645 Thesbiten
1505 2596 1785 2643 venturum
1816 2602 1937 2643 esse
1978 2597 2101 2643 ante

517 2687 800 2739 adventum
832 2686 979 2738 illtun
1011 2685 1061 2736 in
1090 2698 1193 2751 quo
1223 2682 1480 2752 judicium
1510 2682 1617 2735 lict.
1641 2680 1864 2734 Causam
1892 2693 2102 2749 quoque

516 2792 610 2831 cor
637 2788 886 2830 venturus
916 2776 985 2829 sit
1021 2776 1195 2828 docet.
1229 2776 1481 2840 Quianam
1509 2775 1595 2827 illa
1624 2772 1747 2827 est?
1782 2772 1850 2826 Ut
1889 2770 2102 2825 Judxeos

518 2869 728 2923 inducat
755 2868 819 2921 ad
845 2867 1166 2921 credendum
1197 2867 1248 2919 in
1273 2865 1563 2928 Christum,
1583 2880 1650 2917 ne
1677 2864 1765 2917 illo
1790 2863 2101 2918 adveniente

515 2974 704 3013 omnes
734 2958 968 3011 funditus
991 2966 1225 3025 pereant.
1249 2957 1583 3024 Quapropter
1613 2954 1664 3008 id
1694 2954 1796 3007 illis
1819 2954 1869 3006 in
1903 2968 2103 3007 memo-

518 3051 648 3106 riam
680 3066 936 3105 revocans
962 3050 1090 3103 dicit
1120 3066 1133 3101 :
1168 3048 1231 3104 Et
1280 3049 1503 3102 restituet
1543 3047 1737 3110 omnia;
1771 3044 1820 3099 id
1861 3056 1961 3109 est,
2004 3044 2100 3099 Ju-

515 3144 752 3198 dmorum
775 3144 862 3213 qui
896 3152 1019 3197 tunc
1048 3149 1390 3210 supererunt,
1407 3139 1826 3195 incredulitatem
1848 3137 2094 3206 corriget:

517 3236 741 3305 ideoque
788 3234 1187 3289 accuratissime
1219 3232 1465 3302 loquutus
1505 3240 1606 3285 est.
1636 3229 1752 3283 Non
1779 3229 1917 3282 enim
1944 3227 2096 3291 dixit,

515 3326 781 3380 Restituet
824 3340 916 3379 cor
956 3324 1048 3377 lilii
1094 3338 1216 3393 erga
1250 3331 1453 3391 patrem
1479 3362 1494 3387 ,
1524 3320 1616 3376 sed
1642 3362 1657 3387 ,
1694 3318 1863 3372 Patris
1892 3334 2011 3389 erga
2036 3318 2101 3387 ﬁ-

513 3416 655 3469 lium.
679 3414 812 3483 Quia
835 3415 975 3468 enim
1002 3413 1170 3467 Juda-i
1207 3422 1385 3483 patres
1409 3419 1561 3465 erant
1588 3411 1970 3480 apostolorum,
1998 3408 2101 3463 hoc

514 3506 616 3559 sibi
648 3505 777 3569 vult,
805 3504 1065 3558 Restituet
1092 3503 1157 3557 ad
1193 3502 1439 3570 dogmata
1473 3501 1699 3554 ﬁliorum
1728 3515 1967 3564 suorum,
1999 3498 2102 3554 hoc

514 3605 617 3661 est,
647 3595 1031 3664 apostolorum,
1060 3610 1153 3649 cor
1194 3603 1396 3663 patrum
1436 3594 1691 3662 ipsorum,
1720 3589 1822 3646 hoc
1863 3600 1946 3646 est
1982 3589 2101 3644 ani-

514 3704 659 3743 tnutu
680 3687 881 3743 Judaici
908 3688 1139 3758 generis.

582 3777 808 3832 Joannes
828 3777 1057 3848 Baptista
1076 3777 1216 3831 Elius
1239 3775 1583 3829 dictus.——l‘2.
1607 3773 1734 3828 Dico
1753 3783 1919 3827 autem
1939 3772 2096 3837 vobis,

518 3868 661 3923 Elias
679 3872 793 3940 jam
833 3870 981 3934 venit,
1014 3879 1060 3921 ct
1087 3886 1187 3923 non
1229 3876 1565 3938 cognoverunt
1595 3882 1727 3931 eum,
1759 3866 1848 3918 sed
1876 3868 2101 3935 fecerunt

512 3965 564 4017 in
585 3980 642 4016 eo
666 3979 987 4032 qna'cumque
1016 3963 1294 4015 voluerunt.
1319 3961 1406 4015 Sic
1431 3970 1477 4013 et
1504 3959 1670 4012 Filius
1696 3959 1908 4011 hominis
1931 3974 2100 4027 passu-

514 4071 601 4113 rus
629 4064 699 4107 est
717 4053 776 4105 ab
800 4054 945 4120 ipsis.
980 4053 1065 4106 15.
1092 4051 1232 4105 Tunc
1261 4049 1633 4114 intellexerunt,
1657 4049 1792 4110 quod
1812 4049 1873 4101 de
1900 4047 2102 4102 Joanne

514 4142 608 4203 hoc
624 4142 828 4201 dixisset
850 4142 936 4193 eis.
962 4141 1179 4193 Etiamsi
1200 4155 1296 4193 nec
1317 4140 1526 4203 scribae,
1544 4154 1642 4192 nec
1660 4138 1946 4206 Scriptura:
1987 4137 2101 4192 hinc

514 4232 755 4284 dicereut
786 4247 798 4282 :
833 4230 928 4283 sed
975 4231 1096 4299 quia
1127 4238 1181 4283 et
1218 4230 1501 4294 acutiores,
1526 4237 1579 4281 et
1605 4227 1669 4281 ad
1716 4243 1776 4281 ea
1806 4243 1922 4297 qua:
1951 4226 2099 4282 dice-

516 4321 708 4375 bantur
736 4322 1048 4375 attentiores
1074 4331 1245 4383 erant,
1273 4322 1380 4374 cito
1409 4320 1799 4374 intellexerunt.
1821 4319 2097 4375 Undenam

518 4411 569 4465 id
611 4411 986 4465 intellexerunt
1014 4410 1299 4481 discipuli?
1328 4409 1443 4464 Jam
1472 4409 1679 4464 dixerat
1706 4410 1783 4463 eis
1807 4451 1821 4474 ,
1868 4407 1989 4478 Ipse
2027 4418 2100 4465 est

518 4499 661 4555 Elias
699 4501 784 4568 qui
812 4512 1048 4553 venturus
1092 4509 1203 4564 est;
1248 4499 1332 4554 hic
1360 4515 1487 4553 vero
1515 4498 1661 4564 dicit,
1688 4497 1807 4551 lam
1833 4501 1963 4552 venit
1991 4515 2009 4564 ;
2047 4509 2100 4553 et

515 4606 747 4655 rursum,
782 4590 923 4644 Elius
942 4591 1099 4645 veniet
1129 4600 1174 4645 et
1202 4591 1424 4645 restituet
1449 4590 1618 4643 omnia
1644 4589 1857 4658 (Matth.
1879 4591 1962 4644 Η.
1986 4588 2096 4660 Η).

514 4684 620 4740 Sed
649 4701 716 4740 ne
757 4684 1003 4750 turberis,
1045 4697 1216 4753 neque
1256 4697 1493 4736 errorem
1525 4682 1576 4735 in
1609 4681 1766 4737 dictis
1791 4682 2097 4751 suspiceris,

515 4779 560 4833 si
608 4777 766 4833 modo
793 4788 1072 4830 venturum
1118 4790 1276 4839 esse,
1318 4773 1477 4828 modo
1518 4775 1727 4828 venisse
1769 4774 1928 4829 dicat.
1977 4773 2100 4829 llaec

515 4872 693 4926 omnia
734 4885 857 4925 vcra
889 4879 1010 4924 sunt
1033 4884 1047 4933 ;
1073 4883 1197 4922 nam
1225 4882 1344 4921 cum
1373 4867 1497 4921 dicit
1529 4866 1697 4921 Eliam
1729 4876 2007 4921 venturum
2046 4874 2102 4921 et

518 4962 887 5016 restituturum
919 4972 1040 5013 esse
1071 4957 1249 5011 omnia
1273 4998 1288 5021 ,
1317 4956 1384 5010 de
1414 4956 1528 5025 ipso
1567 4955 1681 5010 Elia
1713 4956 1962 5027 loquitur,
2007 4956 2100 5012 de-

516 5066 622 5121 que
650 5050 821 5104 futura
849 5047 1152 5104 Judworum
1182 5048 1531 5102 conversione
1554 5063 1568 5111 ;
1598 5061 1718 5100 cum
1746 5058 1921 5102 autem
1950 5048 2098 5113 dicit,

518 5138 640 5211 Ipse
658 5152 729 5196 est
754 5142 837 5211 qui
875 5151 1108 5195 venturus
1137 5148 1278 5206 erat,
1307 5151 1523 5208 propter
1552 5139 1830 5193 ministerii
1858 5139 2103 5197 similitu-

518 5233 698 5289 dinem
744 5233 1001 5288 Joannem
1033 5233 1200 5287 Eliam
1233 5240 1408 5287 vocat.
1441 5231 1570 5285 Nam
1597 5231 1868 5301 prophetae
1917 5248 2103 5301 quem-

517 5343 621 5397 que
649 5343 827 5399 regem
862 5329 1052 5383 virtute
1081 5328 1279 5383 clarum
1316 5328 1568 5382 Davidem
1600 5329 1876 5391 vocabant,
1910 5337 1965 5384 et
2005 5328 2099 5383 Ju-

521 5417 671 5473 daaos
701 5417 963 5487 principes
989 5417 1367 5481 Sodomorum,
1394 5432 1457 5471 ac
1487 5419 1621 5471 lilios
1640 5416 1970 5487 IEtliiOpum,
2014 5418 2099 5473 id-

520 5525 625 5578 que
663 5526 726 5564 ex
768 5524 977 5563 morum
1007 5508 1376 5562 similitudine.
1407 5507 1557 5562 Sicut
1578 5508 1721 5561 enim
1765 5508 1851 5562 ille
1879 5508 2098 5563 secundi

522 5600 780 5654 adventus
810 5614 1107 5667 prmcursor
1151 5598 1357 5653 futurus
1377 5608 1478 5663 est,
1504 5597 1571 5652 ita
1596 5597 1681 5653 hic
1707 5597 1863 5667 primi
1892 5597 2010 5653 fuit.

592 5691 645 5745 2.
670 5692 849 5764 Neque
876 5692 994 5748 ideo
1016 5699 1215 5747 tantum
1246 5690 1416 5747 Eliam
1454 5706 1594 5762 saepe
1624 5701 1777 5749 vocat
1803 5691 1971 5759 illum,
2002 5691 2096 5748 sed

1194 296 1256 351 'S.
1296 290 1573 350 JOANNIS
1599 287 2065 370 CHRYSOSTOMI
2106 286 2420 343 ARCHIEP.
2459 286 2990 345 CONSTANTINOP.

3692 296 3798 354 560

2214 409 2271 453 ut
2290 397 2537 453 ostendat
2558 414 2616 453 se
2643 414 2765 454 cum
2788 400 2954 453 veteri
2992 398 3107 465 lege
3132 399 3416 454 admodum
3445 402 3794 473 concordare,

2213 501 2261 545 et
2296 490 2435 546 hunc
2474 490 2762 546 adventum
2793 492 3083 546 secundum
3124 491 3452 562 prophetiam
3490 508 3630 550 esse.
3674 494 3797 552 Ideo

2211 581 2482 651 subjungit
2505 599 2519 634 :
2560 580 2744 650 Venit,
2770 594 2817 636 et
2841 599 2941 636 non
2969 593 3302 651 cognoverunt
3328 599 3440 636 eum
3459 625 3474 649 ,
3504 594 3551 637 et
3576 589 3796 656 fecerunt

2211 674 2256 726 ei
2280 689 2602 742 quaeautque
2624 673 2905 728 voluerunt.
2938 672 3074 741 Quid
3102 672 3205 727 sibi
3231 673 3343 727 vult
3362 673 3511 741 illud,
3532 674 3796 740 Qua-cum-

2209 779 2305 819 que
2343 763 2673 816 voluerunt“?
2701 763 2753 816 In
2788 778 3057 818 carcerem
3104 771 3418 829 truserunt,
3459 767 3795 821 contumeliis

2216 853 2521 915 allecerunt,
2548 851 2878 917 occiderunt,
2905 860 3064 921 caput
3092 852 3143 905 in
3175 852 3324 906 disco
3351 852 3604 907 tulerunt.
3635 853 3726 909 Sic
3747 864 3796 908 et

2211 942 2378 997 Filius
2415 943 2631 997 hominis
2660 959 2903 1014 passurus
2936 952 3007 997 est
3034 942 3096 995 ab
3140 943 3283 1013 ipsis.
3320 943 3500 998 Viden'
3524 945 3794 1013 quomodo

2211 1049 2393 1088 rursus
2418 1042 2719 1104 opportune
2746 1033 2850 1087 illis
2882 1033 3181 1103 passionem
3202 1048 3352 1088 suam
3380 1046 3790 1105 commemorat,

2208 1139 2273 1178 ex
2298 1123 2517 1178 Joannis
2541 1124 2785 1193 passione
2812 1137 3054 1194 magnam
3090 1125 3193 1179 illis
3218 1124 3448 1180 ail‘erens
3465 1126 3790 1181 consolatio-

2209 1214 2363 1269 nem?
2387 1213 2569 1282 Neque
2592 1214 2715 1268 hinc
2740 1222 2961 1278 tantutn,
2987 1215 3079 1269 sed
3110 1214 3250 1284 quod
3274 1215 3433 1269 etiam
3467 1231 3657 1286 magna
3684 1227 3792 1271 sta-

2209 1305 2299 1358 tim
2348 1305 2601 1359 miracula
2640 1304 2783 1359 edat.
2814 1304 2945 1359 Nam
2990 1319 3112 1359 cum
3144 1305 3211 1359 de
3239 1306 3483 1374 passione
3521 1307 3787 1376 loquitur,

2204 1394 2485 1449 confestim
2528 1394 2790 1448 mirabilia
2820 1404 3012 1463 patrat,
3041 1405 3097 1450 et
3120 1404 3401 1465 antequam
3429 1396 3481 1450 id
3518 1396 3787 1465 loquatur,

2207 1495 2261 1539 et
2290 1493 2565 1553 postquam
2599 1484 2851 1553 loquutus
2899 1492 3015 1551 est,
3044 1484 3096 1539 id
3121 1485 3261 1552 quod
3289 1500 3432 1555 saepe
3452 1486 3787 1542 observatur.

2209 1573 2348 1627 Tunc
2387 1575 2559 1644 igitur,
2589 1575 2778 1643 inquit,
2807 1576 2955 1643 carpit
2992 1576 3266 1641 ostendere,
3293 1577 3428 1645 quod
3451 1586 3700 1643 oporteret
3743 1588 3790 1631 et

2205 1683 2317 1719 eum
2344 1667 2481 1719 abire
2505 1666 2895 1736 Jerosolgmam,
2916 1676 2961 1718 et
2987 1666 3168 1728 occidi,
3188 1674 3235 1719 et
3254 1666 3412 1719 multa
3442 1668 3546 1737 pati
3569 1667 3784 1734 (Matth.

2206 1757 2291 1812 l6.
2321 1757 2435 1825 2|).
2465 1756 2605 1810 Tunc
2627 1799 2643 1821 ,
2674 1757 3051 1827 quandonam?
3079 1757 3302 1823 Quando
3330 1758 3383 1813 in
3422 1760 3669 1816 confesso
3692 1761 3790 1815 fuit

2204 1848 2373 1917 ipsum
2401 1862 2521 1903 esse
2547 1845 2815 1902 Christum
2846 1857 2899 1903 et
2926 1847 3119 1901 Filium
3140 1848 3249 1902 Dei.
3271 1849 3476 1903 Rursus
3499 1850 3549 1903 in
3578 1861 3785 1914 monte,

2202 1938 2417 2008 quando
2448 1938 2635 1992 miram
2665 1938 2768 1993 illis
2796 1938 3052 1993 visionem
3084 1938 3344 2002 exhibuit,
3376 1954 3497 1994 cum
3523 1940 3589 1994 de
3617 1940 3786 2010 gloria

2203 2030 2368 2099 ipsius
2395 2029 2741 2099 loquerentur
2773 2029 3064 2099 prophetae,
3094 2030 3394 2100 passionem
3423 2030 3553 2100 ipsis
3577 2046 3787 2085 memo-

2202 2119 2357 2173 ravit.
2390 2119 2676 2189 Postquam
2702 2119 2842 2174 enim
2872 2119 3092 2173 Joannis
3134 2118 3408 2174 historiam
3438 2130 3784 2187 narraverat,

2201 2211 2472 2280 subjunxit
2500 2228 2515 2264 :
2549 2210 2639 2266 Sic
2676 2219 2723 2264 et
2749 2209 2914 2265 Filius
2943 2210 3157 2265 hominis
3191 2227 3434 2281 passurus
3460 2222 3532 2266 est
3556 2213 3620 2265 ab
3638 2213 3783 2282 ipsis.

2200 2302 2308 2357 Nec
2334 2301 2557 2357 multum
2586 2311 2767 2371 postea
2786 2342 2800 2364 ,
2827 2316 2948 2356 cum
2985 2301 3281 2356 daemonem
3309 2301 3484 2372 eiecit,
3514 2319 3670 2371 quem
3699 2302 3785 2357 di-

2201 2392 2391 2460 scipuli
2422 2393 2689 2459 expellere
2716 2407 2819 2445 non
2849 2400 3128 2460 potuerant
3154 2409 3168 2445 :
3199 2402 3324 2446 tunc
3360 2394 3523 2458 enim,
3565 2392 3692 2446 Cum
3732 2395 3787 2447 in

2203 2482 2469 2537 Galilaeam
2509 2491 2884 2547 reverterentur,
2930 2482 3119 2551 inquit,
3149 2482 3277 2536 dixit
3316 2485 3385 2537 eis
3424 2481 3575 2536 Jesus
3602 2499 3619 2536 :
3646 2481 3787 2535 Tra-

2201 2576 2394 2629 dendus
2434 2584 2506 2627 est
2531 2573 2698 2628 Filius
2727 2574 2942 2628 hominis
2970 2574 3022 2627 in
3049 2590 3229 2628 manus
3265 2575 3521 2628 hominum
3550 2585 3787 2643 peccato-

2200 2681 2332 2725 rum,
2345 2675 2393 2718 et
2407 2663 2632 2717 occident
2646 2679 2778 2728 eum,
2801 2672 2846 2716 et
2864 2664 3007 2716 tertia
3026 2663 3108 2717 die
3124 2675 3343 2734 resurget
3366 2662 3607 2736 (HatthJ
3621 2666 3671 2719 7.
3691 2664 3783 2719 21.

2199 2754 2329 2823 22).
2360 2754 2471 2809 Hoc
2500 2763 2677 2808 autem
2719 2752 2965 2820 faciebat,
3005 2762 3063 2807 ut
3095 2754 3458 2823 magnitudine
3495 2756 3785 2810 miraculo-

2201 2863 2319 2901 rum
2360 2846 2561 2901 doloris
2588 2861 2865 2902 excessum
2907 2847 3200 2911 minueret,
3230 2857 3285 2901 et
3316 2848 3626 2903 omnimodo
3662 2848 3785 2902 illos

2202 2936 2507 3003 solaretur,
2552 2936 2996 3007 quemadmodum
3053 2938 3153 2993 hoc
3183 2938 3300 2992 loco
3345 2948 3516 2993 morte
3562 2939 3785 2995 Joannis

2200 3038 2615 3083 commemorata
2659 3043 2903 3098 magnam
2948 3029 3075 3097 ipsis
3116 3028 3533 3084 consolationem
3582 3030 3777 3084 attulit.

2199 3117 2253 3173 Si
2280 3119 2398 3188 quis
2426 3134 2552 3172 vero
2585 3118 2778 3173 dixerit
2808 3136 2821 3171 ε
2851 3118 2958 3172 Cur
2984 3135 3087 3173 non
3110 3120 3271 3173 etiam
3300 3135 3442 3174 nunc
3469 3120 3638 3174 Eliam
3663 3135 3786 3175 sus-

2199 3209 2380 3263 citavit
2415 3217 2469 3263 et
2509 3209 2673 3274 misit,
2702 3224 2823 3263 cum
2866 3217 2943 3263 tot
2973 3219 3219 3280 tantaque
3248 3210 3386 3265 bona
3426 3211 3544 3279 ejus
3580 3211 3782 3265 adven-

2202 3310 2310 3355 tum
2358 3299 2739 3356 testiﬁcentur?
2766 3300 3207 3370 reSpOndebimus
3226 3343 3241 3366 ,
3272 3300 3395 3371 quia
3423 3316 3566 3355 nunc
3593 3300 3777 3366 etiam,

2200 3407 2321 3447 cum
2372 3392 2654 3447 crederent
2694 3392 2864 3461 ipsum
2905 3390 3176 3446 Christum
3236 3405 3359 3447 esse
3403 3390 3615 3456 Eliam,
3667 3406 3777 3445 non

2201 3482 2744 3538 tamencrediderunt
2785 3483 2857 3537 ei.
2887 3481 3020 3537 Nam
3050 3482 3153 3534 Alii
3180 3522 3195 3546 ,
3248 3482 3455 3552 inquit,
3512 3481 3683 3535 Etiam
3733 3492 3781 3536 te

2199 3572 2413 3637 dicunt,
2464 3572 2553 3625 alii
2595 3570 2871 3626 Jeremiam
2917 3569 3131 3642 (Matth.
3176 3570 3263 3626 16.
3294 3571 3407 3641 tt).
3452 3571 3613 3640 Atqui
3641 3571 3779 3625 inter

2198 3665 2457 3721 Joannem
2486 3674 2540 3720 et
2566 3664 2735 3719 Etiam
2758 3664 2960 3719 nullum
2990 3673 3105 3719 erat
3144 3664 3432 3720 discrimen
3458 3706 3472 3730 ,
3510 3665 3611 3719 nisi
3638 3674 3777 3720 tem-

2201 3762 2347 3830 poris
2383 3769 2609 3814 tantum.
2637 3758 2914 3827 Quomodo
2941 3773 3091 3829 ergo,
3115 3758 3343 3827 inquies,
3376 3767 3505 3813 tunc
3522 3757 3780 3813 credituri

2199 3853 2349 3906 sunt?
2376 3852 2532 3907 Certe
2559 3851 2651 3906 ille
2677 3861 2799 3906 tunc
2820 3850 3065 3906 restituet
3090 3851 3289 3917 omnia,
3321 3866 3430 3905 non
3451 3849 3611 3904 modo
3635 3845 3776 3919 quod

2200 3955 2359 4001 notus
2390 3945 2496 4009 sit,
2530 3945 2623 3999 sed
2655 3943 2796 4015 quod
2844 3945 3014 4013 gloria
3055 3943 3251 3998 Christi
3303 3943 3371 3997 ad
3411 3944 3559 3998 illum
3611 3956 3780 4011 usque

2198 4039 2339 4094 diem
2369 4038 2655 4094 admodum
2688 4036 3019 4093 extendenda
3050 4045 3103 4091 et
3128 4035 3368 4105 augenda
3399 4037 3507 4099 sit,
3556 4043 3611 4089 et
3637 4034 3777 4104 apud

2199 4147 2386 4186 omnes
2420 4131 2533 4185 sole
2575 4128 2902 4197 splendidior
2929 4128 2998 4181 sit
3023 4126 3215 4181 futura.
3244 4125 3373 4181 Cum
3400 4126 3575 4195 itaque
3602 4125 3779 4178 veniet

2200 4221 2308 4286 ille,
2336 4230 2609 4290 postquam
2651 4228 2793 4273 tanta
2843 4217 3175 4287 princesserit
3226 4216 3585 4281 existimatio,
3626 4224 3771 4269 tanta

2198 4310 2524 4379 exspectatio
2549 4349 2564 4375 ,
2590 4308 2774 4363 eadem
2804 4309 2915 4379 ipsa
2940 4307 3236 4377 prmdicans
3266 4347 3281 4371 ,
3318 4316 3373 4360 et
3401 4305 3585 4361 Jesum
3627 4307 3648 4336 '
3676 4321 3776 4359 an-

2200 4400 2483 4467 nuntians,
2515 4398 2720 4455 facilius
2758 4398 2899 4453 dicta
2927 4398 3068 4452 illius
3094 4397 3407 4465 suscipient.
3439 4397 3570 4451 Cum
3597 4408 3773 4451 autem

2199 4491 2347 4558 dicit,
2372 4489 2494 4543 Non
2513 4498 2845 4560 cognoverunt
2873 4505 3006 4554 eum,
3034 4497 3088 4543 et
3117 4488 3234 4542 illos
3251 4502 3509 4542 excusare
3537 4487 3769 4553 videtur,

2199 4591 2253 4639 et
2281 4596 2386 4638 non
2415 4582 2491 4637 sic
2519 4581 2681 4636 modo
2705 4595 2798 4636 eos
2847 4579 3178 4646 consolatur,
3220 4578 3314 4633 sed
3338 4578 3479 4649 quod
3527 4578 3768 4633 ostendat

2199 4691 2258 4731 se
2287 4675 2481 4745 injuste
2509 4688 2788 4745 passurum
2816 4686 2934 4727 esse
2962 4714 2976 4738 ,
3006 4681 3060 4727 et
3084 4670 3224 4741 quod
3259 4671 3426 4725 tristia
3456 4671 3545 4724 illa
3567 4670 3776 4725 duobus

2199 4765 2467 4821 miraculis
2495 4765 2826 4834 obtegantur,
2877 4762 2972 4817 illo
3018 4762 3069 4817 in
3099 4770 3277 4818 monte
3318 4762 3463 4817 edito
3508 4803 3523 4829 ,
3569 4770 3625 4817 et
3672 4762 3777 4818 alio

2201 4865 2326 4911 tunc
2340 4854 2563 4910 edendo.
2588 4854 2680 4909 llis
2696 4868 2857 4923 porro
2874 4851 3090 4919 auditis,
3120 4867 3227 4908 non
3255 4852 3586 4922 interrogant
3606 4852 3777 4917 illum,

2199 4948 2532 5018 quandonam
2566 4946 2711 4999 Elias
2741 4954 2995 5000 venturus
3022 4945 3110 5008 sit,
3144 4945 3257 5000 sive
3294 4944 3364 5000 ob
3387 4960 3673 5001 maerorem
3700 4944 3785 5002 fu-

2198 5050 2332 5095 turte
2360 5037 2639 5107 passionis,
2679 5037 2792 5092 sive
2820 5037 2961 5105 quod
2996 5036 3094 5106 ipsi
3119 5037 3386 5092 timerent.
3428 5035 3583 5107 Saepe
3621 5052 3771 5091 nam-

2199 5144 2303 5198 que
2318 5143 2437 5183 cum
2460 5126 2639 5181 vident
2662 5125 2806 5179 illum
2825 5126 2967 5179 clare
2994 5124 3137 5195 loqui
3157 5131 3318 5190 nolle,
3343 5134 3523 5181 tacent
3537 5114 3777 5180 demum.

2199 5220 2329 5278 Cum
2361 5220 2519 5290 igitur
2557 5219 2608 5272 in
2636 5217 2847 5273 Galilaea
2883 5218 3216 5272 versantibus
3256 5217 3501 5283 diceret,
3527 5216 3777 5271 Futurum

2201 5318 2271 5364 est
2298 5318 2351 5363 ut
2381 5308 2546 5364 Filius
2572 5308 2789 5364 hominis
2813 5307 3063 5372 tradatur,
3098 5316 3146 5361 et
3186 5307 3413 5361 occident
3456 5323 3571 5362 eum
3596 5348 3613 5373 ,
3653 5307 3776 5361 sub-

2196 5400 2403 5471 junxit,
2436 5399 2503 5453 Et
2544 5399 2826 5463 contristati
2851 5408 2966 5455 sunt
3012 5398 3162 5452 valde
3200 5413 3221 5452 :
3258 5398 3400 5469 quod
3441 5397 3779 5454 subindicant

2263 5579 2280 5608 ι
2314 5582 2439 5639 ttae,
2466 5572 2584 5634 quid
2602 5570 2697 5639 sibi
2727 5570 2826 5622 vult
2862 5569 3005 5634 illud,
3049 5590 3072 5621 ι
3098 5584 3410 5639 qutvcumque
3455 5571 3727 5632 vohternnt,
3747 5584 3775 5616 δ

2197 5637 2377 5688 desunt
2400 5636 2448 5684 in
2473 5634 2635 5684 Morel.

2264 5699 2285 5729 ¹
2319 5705 2460 5757 Unus,
2484 5693 2656 5760 ﬁlium,
2676 5709 2780 5759 pro,
2806 5703 2989 5749 Jesum.
