4126 6220
424 383 517 442 sui

420 500 527 551 duo
565 499 933 567 evangelista);
985 494 1193 550 Marcus
1230 494 1444 564 quidem
1472 494 1641 548 dicit:
1681 492 1993 564 lgnarabant

419 589 641 653 verbum,
675 604 763 641 nec
790 587 901 640 ausi
925 595 1041 640 sunt
1065 586 1211 639 illum
1233 586 1540 655 interrogare
1570 584 1763 655 (Marc.
1791 582 1844 639 9.
1877 581 1993 646 32):

421 680 589 735 Lucas
632 695 760 733 vero
806 678 977 733 :Erat
1015 678 1358 732 absconditum
1400 680 1462 731 ab
1492 678 1563 732 eis
1590 716 1604 739 ,
1654 693 1717 730 ne
1760 676 1995 729 sentirent

421 772 567 827 illud.
599 788 686 824 nec
713 772 825 823 ausi
845 781 1093 824 suntcum
1120 771 1432 839 interrogare
1458 772 1591 822 circa
1618 769 1815 823 verbum
1843 767 1991 831 (Luc.

422 861 471 915 9.
498 861 619 930 45).
664 861 749 915 14.
800 860 922 914 Cum
950 861 1193 913 venissent
1231 869 1396 913 autem
1426 860 1494 913 ad
1533 860 1761 925 turbam,
1792 859 1995 911 accessit

424 950 487 1002 ad
525 967 636 1003 eum
663 951 810 1003 homo
835 967 965 1021 genu
993 952 1197 1018 flectens
1241 960 1357 1003 ante
1383 967 1493 1003 eum
1516 991 1531 1016 ,
1572 959 1615 1003 et
1637 951 1805 1002 dicens
1838 964 1856 1001 .'
1894 947 1995 1000 Da-

416 1043 571 1105 mine,
596 1041 824 1093 miserere
846 1041 952 1108 ﬁlio
976 1057 1105 1104 meo,
1139 1042 1375 1107 quoniam
1410 1042 1657 1094 lunaticus
1678 1050 1768 1105 est,
1795 1048 1843 1091 et
1866 1040 1997 1092 male

420 1141 631 1199 patitur.
664 1132 812 1200 Step3
837 1132 967 1183 enim
994 1132 1131 1183 cadit
1162 1132 1215 1183 in
1244 1132 1430 1201 ignem,
1464 1142 1510 1185 et
1534 1148 1667 1200 sa'pe
1692 1133 1744 1184 in
1770 1147 1950 1201 aquam
1976 1147 1995 1183 :

429 1222 517 1274 I5.
552 1231 599 1273 et
625 1221 780 1274 obtuli
807 1238 917 1274 eum
946 1222 1208 1293 discipulis
1233 1224 1363 1290 tuis,
1392 1233 1438 1277 et
1472 1240 1570 1277 non
1594 1233 1860 1293 potuerunt
1880 1240 1993 1276 eum

420 1329 615 1365 curare.
641 1313 790 1366 Hunc
818 1314 1087 1369 hominem
1118 1315 1272 1369 valde
1304 1316 1354 1368 in
1384 1314 1486 1369 ﬁde
1514 1316 1781 1369 inﬁrmum
1809 1323 1991 1368 osten-

420 1405 493 1457 dit
522 1405 790 1475 Scriptura
827 1424 840 1458 :
884 1406 933 1459 id
974 1406 1114 1476 quod
1155 1423 1219 1461 ex
1264 1407 1444 1462 multis
1473 1408 1644 1476 palam
1689 1416 1770 1461 est
1818 1427 1831 1461 :
1882 1415 1990 1460 ttun

418 1494 558 1561 quod
595 1495 841 1549 Christus
879 1496 1059 1559 dicat,
1107 1494 1291 1551 Omnia
1335 1499 1593 1566 possibilia
1620 1508 1734 1551 sunt
1775 1498 1993 1550 credenti

422 1583 612 1652 (Marc.
644 1584 696 1639 9.
728 1584 817 1637 2'2.
838 1587 930 1654 95)
965 1602 978 1649 ;
1005 1595 1113 1639 tum
1140 1587 1281 1655 quod
1314 1589 1357 1642 is
1388 1591 1473 1657 qui
1501 1590 1759 1653 accessit,
1810 1589 1950 1641 dicat
1976 1628 1991 1649 ,

423 1676 626 1743 Adjuva
656 1678 1052 1730 incredulitatem
1084 1696 1243 1731 meum
1270 1694 1289 1741 ;
1332 1680 1437 1732 imo
1465 1680 1622 1734 etiam
1653 1695 1715 1733 ex
1758 1694 1823 1732 eo
1851 1677 1992 1748 quod

419 1768 662 1823 Christus
688 1771 915 1824 dmmoui
961 1771 1236 1839 praecipiat
1260 1812 1273 1833 ,
1316 1786 1382 1825 ne
1413 1772 1545 1825 ultra
1570 1773 1732 1826 intret
1760 1773 1810 1825 in
1834 1787 1990 1834 eum;

420 1876 482 1913 ac
511 1877 722 1915 rursum
750 1903 765 1926 ,
812 1864 952 1931 quod
981 1865 1141 1915 homo
1172 1863 1257 1916 ille
1282 1861 1495 1916 Christo
1524 1863 1663 1916 dicat
1688 1904 1702 1926 ,
1744 1862 1805 1916 Si
1833 1872 1990 1933 potes.

424 1953 500 2002 Ac
526 1951 731 2017 inquies
756 1990 769 2012 ,
796 1951 839 2004 si
870 1951 1013 2005 illius
1043 1952 1383 2006 incredulitas
1410 1954 1461 2007 in
1488 1968 1647 2007 causa
1683 1954 1806 2017 fuit,
1854 1954 1993 2022 quod

424 2039 634 2091 daemon
661 2054 764 2092 non
789 2040 1001 2106 exierit,
1025 2055 1119 2094 cur
1139 2053 1353 2095 accusat
1377 2042 1707 2112 discipulos?
1729 2043 1794 2098 Ut
1819 2053 1997 2098 osten-

424 2127 511 2180 dat
541 2142 633 2182 eos
658 2144 812 2197 posse
844 2171 858 2195 ,
911 2131 1118 2185 etiamsi
1164 2147 1322 2186 nemo
1407 2149 1533 2191 cum
1574 2135 1679 2190 tide
1717 2137 1983 2205 adducat,

424 2232 595 2285 a~gros
621 2232 826 2271 curare.
865 2217 930 2273 Ut
974 2219 1114 2273 enim
1157 2235 1300 2289 saepe
1340 2221 1644 2276 accedentis
1687 2222 1820 2277 ﬁdes
1865 2224 1996 2277 satis

434 2309 526 2359 fuit
558 2309 624 2361 ad
671 2310 929 2377 postulata
954 2312 1039 2365 vel
1068 2327 1096 2364 a
1125 2311 1418 2366 minoribus
1448 2314 1773 2382 impetranda
1798 2354 1813 2379 ,
1844 2315 1921 2369 sic
1944 2324 1996 2368 et

422 2399 692 2465 operantis
715 2414 856 2468 saepe
877 2402 1046 2454 virtus
1073 2401 1167 2455 fuit
1188 2402 1337 2465 satis,
1360 2403 1851 2457 sineaccedentium
1870 2404 1991 2468 ﬁde,

422 2489 486 2541 ad
514 2491 764 2545 miracula
811 2492 1086 2561 patranda.
1120 2492 1242 2547 lltec
1268 2494 1427 2549 ambo
1478 2495 1529 2546 in
1572 2493 1860 2563 Scripturis
1901 2499 1995 2549 dc-

424 2589 787 2634 monstrantur
814 2600 827 2636 :
855 2582 1133 2637 Cornelius
1162 2584 1302 2638 enim
1342 2584 1455 2638 sola
1486 2583 1591 2640 tlde
1620 2586 1843 2655 gratiam
1872 2585 1995 2657 Spi-

424 2668 559 2723 ritus
577 2672 798 2725 attraxit
818 2671 955 2737 (Act.
980 2674 1070 2741 10)
1104 2692 1118 2729 :
1151 2675 1219 2729 ab
1236 2673 1455 2740 Elisaeo,
1478 2676 1695 2729 nemine
1725 2677 1995 2739 credente,

423 2768 678 2814 mortuus
711 2765 1008 2819 suscitatus
1028 2780 1110 2821 est
1128 2768 1202 2833 (4.
1224 2766 1582 2837 Reg.13.21).
1602 2766 1733 2821 Nam
1757 2769 1847 2835 qui
1872 2785 1996 2834 pro-

418 2847 691 2916 iecerant,
744 2866 846 2904 non
874 2867 935 2905 ex
968 2852 1099 2917 fide,
1126 2855 1218 2908 sed
1251 2856 1320 2907 ob
1346 2867 1544 2911 metum
1577 2867 1777 2913 temere
1818 2860 1994 2929 proje-

427 2950 614 2994 eerunt
636 2982 651 3006 ,
679 2952 733 2995 et
758 2942 1049 3010 perieulum
1094 2954 1392 3001 metuentes
1435 2948 1680 3017 fugerunt
1713 2968 1726 3003 :
1768 2950 1813 3003 is
1841 2952 1953 3020 ipse
1975 2993 1991 3017 ,

421 3030 509 3101 qui
541 3032 805 3101 projectus
831 3034 930 3089 fuit
956 3078 969 3100 ,
1001 3046 1239 3092 mortuus
1262 3049 1377 3093 erat
1401 3082 1415 3106 ,
1454 3057 1624 3112 exque
1655 3045 1765 3097 sola
1799 3046 1992 3101 virtute

423 3125 557 3177 sacri
586 3126 847 3193 corporis,
879 3138 1118 3182 mortuus
1148 3133 1459 3185 resurrexit.
1489 3132 1639 3189 Unde
1665 3136 1837 3203 palam
1868 3146 1951 3191 est
1974 3179 1988 3203 ,

420 3212 705 3283 discipulos
734 3216 1022 3271 imbecillos
1045 3218 1245 3285 fuisse;
1278 3230 1328 3276 at
1364 3237 1471 3277 non
1496 3240 1718 3279 omnes:
1750 3242 1870 3282 nam
1900 3243 1986 3282 co.

421 3304 612 3360 Iunium
641 3306 745 3360 illa:
774 3323 877 3361 non
907 3308 1143 3364 aderant.

502 3476 553 3529 5.
593 3478 694 3531 Sed
731 3479 941 3535 aliunde
972 3483 1090 3537 vide
1128 3484 1358 3540 hominis
1415 3488 1835 3562 impudentiam,
1864 3508 1998 3561 quo-

432 3568 591 3622 modo
636 3570 685 3624 in
727 3585 1014 3642 conspectu
1056 3577 1221 3631 turbze
1267 3578 1446 3633 Jesum
1501 3592 1769 3649 precetur,
1818 3595 1998 3637 contra

432 3662 719 3732 discipulos
758 3665 1021 3735 loquens:
1060 3683 1181 3723 nam
1228 3671 1343 3725 ait:
1386 3672 1546 3726 Attuli
1585 3690 1699 3726 eum
1742 3676 2002 3742 discipulis

429 3755 546 3813 tuis,
578 3763 623 3807 et
653 3772 750 3808 non
781 3767 1046 3824 potuerunt
1070 3775 1184 3811 eum
1210 3777 1406 3814 curare.
1439 3761 1542 3816 Sed
1568 3762 1809 3817 Chri~tus
1838 3765 2001 3819 disci-

430 3844 582 3911 pulos
608 3860 731 3899 suos
764 3848 933 3915 palam
964 3863 1223 3904 excusans
1244 3892 1258 3915 ,
1286 3852 1540 3919 majorem
1568 3855 1641 3907 illi
1666 3856 1873 3924 culpam
1906 3859 1996 3910 tri-

428 3935 572 3998 huit,
604 3934 783 3990 dicens
812 3955 823 3990 :
855 3938 942 3992 ’16.
978 3938 1021 3991 0
1062 3942 1315 4008 generatio
1354 3943 1614 3998 incredula
1653 3956 1698 4000 et
1728 3963 1954 4016 perversa
1980 3992 1995 4015 ,

426 4041 676 4094 usquequo
705 4026 955 4081 vobiscum
974 4046 1057 4083 ero
1075 4031 1099 4083 ?
1115 4047 1216 4085 nou
1247 4031 1388 4086 hunc
1413 4035 1583 4089 solum
1605 4036 1905 4105 alloquitur,
1933 4055 1999 4093 nc

427 4114 661 4169 turbaret
687 4132 828 4179 eum,
852 4118 943 4172 sed
974 4129 1027 4173 et
1055 4134 1241 4175 omnes
1268 4122 1501 4178 Jmlaeos.
1530 4124 1718 4179 Multos
1748 4127 1888 4180 enim
1920 4130 1995 4181 of-

425 4205 600 4259 fensos
626 4206 785 4261 fuisse
808 4210 1092 4266 verisimile
1113 4222 1227 4276 est,
1260 4214 1499 4283 maleque
1521 4214 1587 4269 de
1608 4216 1880 4284 discipulis
1908 4235 1996 4271 su-

423 4296 653 4363 spicatus
692 4312 829 4353 esse.
870 4299 1002 4353 Cum
1032 4311 1209 4355 autem
1239 4302 1402 4369 dicit,
1439 4304 1704 4374 Usquequo
1746 4308 1994 4361 vobiscum

422 4404 507 4439 cro
532 4388 556 4440 Ρ
583 4389 815 4443 ostendit
840 4400 1093 4457 quantum
1124 4405 1350 4449 mortem
1387 4406 1615 4465 optaret,
1645 4406 1697 4451 et
1724 4398 1994 4453 desidera-

422 4488 503 4531 ret
529 4478 648 4532 hinc
670 4481 892 4550 migrare
917 4499 929 4546 ;
955 4484 1158 4554 sibique
1189 4502 1292 4540 non
1319 4482 1570 4558 crucifigi,
1598 4489 1693 4543 sed
1714 4506 1833 4545 cum
1868 4492 1993 4560 ipsis

420 4571 617 4623 versari
651 4574 926 4627 molestum
956 4590 1095 4630 esse.
1128 4577 1235 4631 Nec
1258 4588 1536 4633 contentus
1568 4580 1856 4646 iucusasse,
1880 4585 1950 4636 ait
1976 4601 1987 4634 :

421 4659 609 4726 Alferte
633 4663 731 4715 huc
757 4664 916 4729 ipsum
938 4668 1004 4718 ad
1031 4684 1143 4731 me;
1173 4668 1563 4737 interrogatque
1594 4670 1762 4733 illum,
1793 4683 1991 4741 quanto

420 4758 657 4818 tempore
686 4752 931 4808 detentus
960 4768 1122 4823 esset,
1151 4765 1201 4809 et
1221 4756 1515 4827 discipulos
1538 4776 1815 4826 excusans,
1847 4774 1899 4816 et
1930 4764 1992 4816 il-

417 4842 524 4894 lum
556 4842 607 4895 in
634 4857 779 4911 spem
808 4845 997 4899 bonam
1029 4862 1209 4917 agens,
1244 4857 1302 4901 ut
1326 4849 1585 4912 crederet,
1615 4866 1673 4904 se
1700 4867 1729 4904 a
1758 4852 1897 4906 man
1924 4853 1988 4907 li-

417 4930 730 4987 berandum.
759 4936 931 5002 Ipsum
961 4953 1088 4992 vero
1116 4938 1342 5007 discerpi
1375 4940 1499 4994 sinit
1524 4982 1537 5003 ,
1570 4957 1679 4996 non
1708 4944 1774 4996 ad
1804 4955 1986 4999 osten-

413 5022 663 5076 tationem
687 5023 827 5093 (quia
845 5028 981 5080 enim
1001 5030 1150 5083 turba
1169 5030 1484 5096 conﬂuebat,
1506 5032 1798 5102 increpavit
1817 5036 1985 5107 eum),

411 5110 505 5165 scd
536 5124 750 5181 propter
778 5114 947 5184 ipsum
976 5128 1176 5186 patrem
1196 5161 1211 5184 ,
1240 5130 1292 5173 ιιι
1321 5136 1440 5175 eum
1470 5121 1670 5177 videret
1693 5124 1984 5182 daemonem

414 5203 611 5257 turbari
638 5207 861 5274 ecquod
892 5207 1036 5261 illum
1067 5221 1345 5275 vocasset,
1373 5213 1448 5266 sic
1474 5213 1659 5269 saltem
1692 5215 1850 5270 futuri
1884 5218 1983 5271 mi-

411 5295 573 5349 raculi
616 5294 770 5350 fidem
807 5299 1123 5367 susciperet.
1161 5300 1422 5368 Quoniam
1464 5320 1587 5359 vero
1621 5305 1754 5359 dixit
1793 5306 1880 5359 ille
1905 5346 1920 5371 ,
1953 5322 1982 5360 a

407 5401 575 5451 puero
600 5398 837 5440 vexatum
861 5404 998 5455 esse,
1029 5402 1101 5453 et,
1126 5390 1186 5445 Si
1210 5402 1368 5462 potes,
1391 5393 1575 5463 adjuva
1596 5412 1690 5456 me.
1713 5396 1844 5450 dixit
1870 5397 1979 5463 ille,

409 5473 596 5527 Omnia
620 5477 879 5543 possibilia
905 5490 1018 5532 sunt
1045 5482 1263 5534 credenti
1291 5481 1480 5549 (Marc.
1510 5484 1562 5538 9.
1588 5484 1761 5538 20-22
1780 5488 1797 5555 )
1819 5527 1831 5549 ,
1863 5503 1984 5540 rur—

403 5581 521 5617 sum
566 5566 710 5619 illum
754 5568 1057 5638 objurgans.
1103 5572 1167 5625 Et
1200 5572 1409 5641 quando
1452 5573 1693 5641 leprosus
1720 5576 1885 5642 dixit,
1918 5576 1980 5632 Si

402 5658 497 5721 vis,
528 5665 667 5723 potes
696 5673 773 5709 me
802 5659 1046 5713 mundare
1074 5659 1222 5730 (Luc.
1253 5661 1305 5717 5.
1341 5661 1424 5715 l2.
1456 5661 1575 5733 IS).
1604 5664 1717 5733 ejus
1749 5673 1978 5733 potesta-

401 5762 508 5804 tem
544 5753 854 5805 testificatus
877 5795 890 5819 ,
926 5754 1069 5807 illum
1112 5755 1329 5809 laudans
1365 5764 1419 5810 et
1446 5757 1641 5811 dictum
1689 5758 1812 5812 illud
1843 5773 1974 5812 cou-

402 5840 623 5896 ﬁrmans
647 5842 798 5911 dixit,
830 5842 974 5911 Volo,
998 5846 1261 5903 mundare.
1286 5846 1505 5914 Quando
1531 5856 1703 5904 autem
1736 5850 1816 5903 hic
1846 5848 1972 5903 nihil

1413 378 1475 436 IN
1515 376 1919 434 MATTHAEUM
1960 375 2187 431 IIOMIL.
2229 374 2383 430 LVII.
2424 378 2493 431 aI.
2540 372 2713 431 LVIII.

3572 387 3678 442 562

2103 489 2265 559 ipsius
2295 498 2554 559 potestate
2573 488 2788 561 dignum
2813 491 3038 562 loquens
3059 492 3209 561 dixit,
3225 495 3287 550 Si
3312 507 3469 566 potes,
3494 500 3680 569 adjuva

2102 598 2198 646 me,
2224 581 2341 636 vide
2370 582 2632 649 quomodo
2661 582 2808 636 illum
2836 585 3083 655 corrigat,
3118 588 3283 658 utqui
3313 601 3495 643 contra
3520 607 3676 660 quam

2103 687 2198 741 par
2226 680 2341 726 erat
2366 672 2689 740 loqueretur.
2724 674 2860 740 Quid
2890 676 3028 729 enim
3057 677 3171 730 ait?
3202 677 3263 731 Si
3293 689 3431 748 potes
3455 682 3674 751 credere,

2101 765 2269 817 omnia
2296 766 2552 834 possibilia
2581 775 2698 820 sunt
2726 768 2944 821 credenti
2965 784 2985 831 ;
3015 768 3065 822 id
3094 779 3175 824 est
3193 812 3206 831 ,
3230 771 3395 825 Tanta
3430 789 3544 827 mea
3573 779 3677 828 vir-

2102 866 2185 908 tus
2214 865 2294 909 est
2320 898 2332 917 ,
2364 867 2417 908 ut
2446 865 2498 909 et
2526 856 2615 910 alii
2646 872 2765 911 meo
2805 859 3019 913 nomine
3046 862 3250 929 possint
3297 864 3546 918 miracula
3580 880 3676 933 pa-

2102 955 2262 1000 trare.
2310 947 2488 1015 Itaque
2537 947 2579 1000 si
2627 956 2679 1001 tu
2722 948 2909 1004 credas
2940 960 2996 1003 ut
3039 961 3249 1020 oportet
3276 954 3492 1009 credere
3519 998 3533 1019 ,
3564 959 3677 1026 ipse

2100 1054 2309 1108 quoque
2338 1055 2525 1094 curare
2553 1049 2705 1107 potes
2731 1052 2783 1095 et
2812 1040 2951 1095 hunc
2975 1054 3028 1097 et
3052 1043 3185 1098 alios
3216 1046 3427 1102 multos.
3462 1047 3526 1102 Et
3557 1063 3674 1103 eum

2100 1129 2211 1183 lucc
2238 1130 2474 1194 dixisset,
2505 1130 2888 1185 dmmoniacum
2914 1133 3175 1187 liberavit.
3194 1135 3273 1189 'I‘u
3303 1152 3429 1190 vero
3461 1154 3526 1191 ne
3555 1139 3676 1194 inde

2101 1228 2299 1273 tantum
2317 1220 2432 1287 ejus
2453 1221 2837 1289 providentiam
2854 1232 2907 1275 et
2928 1223 3326 1278 beneficentiam
3345 1225 3673 1293 consideres,

2097 1309 2188 1362 sed
2219 1311 2375 1363 etiam
2404 1325 2468 1363 ex
2492 1310 2583 1363 illo
2613 1319 2853 1381 tempore
2879 1327 2984 1382 quo
3007 1316 3271 1368 concessit
3295 1316 3434 1369 intus
3457 1333 3676 1372 manere

2096 1398 2413 1455 daemonem.
2445 1400 2552 1454 Nisi
2574 1401 2713 1455 enim
2744 1416 2928 1470 magna
2952 1410 3076 1457 tunc
3100 1404 3427 1472 providentia
3453 1406 3541 1459 ille
3562 1421 3677 1461 ser-

2098 1498 2249 1543 vatus
2272 1490 2474 1556 fuisset,
2502 1491 2703 1558 jamdiu
2728 1493 2991 1560 periisset.
3023 1492 3152 1547 Nam
3178 1504 3229 1547 et
3253 1495 3303 1548 in
3332 1496 3503 1564 ignem
3527 1496 3674 1551 illum

2097 1582 2430 1649 conjiciebat,
2462 1582 2651 1651 inquit,
2682 1594 2735 1636 et
2760 1584 2811 1637 in
2840 1599 3046 1652 aquam.
3076 1586 3172 1652 Qui
3197 1602 3319 1640 vero
3348 1588 3395 1641 id
3423 1588 3676 1655 audebat,

2097 1672 2377 1726 occidisset
2405 1672 2585 1740 utique
2617 1674 2716 1726 nisi
2746 1675 2799 1726 in
2828 1683 2971 1727 tanto
2999 1678 3173 1729 lurore
3202 1676 3407 1731 frenum
3437 1678 3510 1731 illi
3533 1679 3671 1733 Deus

2099 1763 2392 1831 injecisset:
2415 1762 2553 1831 quod
2582 1772 2635 1817 et
2660 1763 2735 1816 illi
2763 1764 2904 1832 passi
2931 1764 3169 1828 fuissent,
3200 1766 3287 1835 qui
3315 1768 3437 1820 nudi
3471 1783 3563 1835 per
3582 1768 3675 1823 de-

2097 1862 2237 1906 serta
2260 1850 2566 1917 currebant,
2591 1861 2644 1906 ct
2669 1852 2930 1921 lapidibus
2950 1868 3069 1907 sese
3090 1855 3432 1923 impetebant.
3458 1858 3608 1921 Quod
3629 1860 3672 1913 si

2097 1943 2382 1998 Iunaticum
2405 1953 2574 2007 vocet,
2597 1960 2665 1999 nc
2693 1944 2919 1999 turberis
2938 1962 2950 1997 :
2971 1960 3089 1999 nam
3116 1945 3193 1999 sic
3214 1955 3365 2000 vocat
3387 1947 3551 2002 tilium
3570 1949 3680 2002 dac-

2099 2035 2325 2089 moniaci
2356 2043 2522 2104 pater.

2170 2123 2404 2177 Lunatici
2428 2141 2517 2177 cur
2542 2124 2612 2177 sic
2641 2124 2781 2181 dicti.
2817 2125 3033 2191 Quidam
3055 2128 3215 2180 sancti
3244 2138 3433 2181 montes
3451 2137 3675 2181 transtu-

2099 2215 2282 2271 lerunt.
2305 2244 2377 2254 —
2399 2213 2505 2270 Cur
2532 2230 2660 2284 ergo
2685 2215 2814 2269 dicit
2834 2217 3177 2286 evangelista,
3208 2217 3383 2285 ipsum
3414 2218 3671 2273 quaticos

2098 2306 2293 2359 multos
2336 2306 2653 2361 curavisse?
2698 2306 2774 2359 Ex
2820 2307 2961 2376 vulgi
3005 2307 3255 2376 opinione
3292 2308 3370 2362 sic
3416 2308 3667 2378 loquitur.

2099 2397 2314 2451 Dzemon
2342 2399 2532 2467 quippe
2555 2407 2612 2452 ut
2634 2398 2732 2452 hoc
2755 2400 3074 2454 elementum
3092 2401 3463 2466 calumnietur,
3485 2416 3673 2456 secun-

2097 2486 2221 2541 dum
2255 2488 2393 2541 luna:
2419 2502 2631 2541 cursum
2665 2488 2861 2541 invadit
2893 2488 3154 2552 homines,
3187 2498 3242 2543 et
3266 2488 3485 2543 dimittit
3515 2506 3530 2543 ε
3563 2506 3668 2544 non

2098 2576 2237 2645 quod
2268 2577 2350 2631 illa
2392 2577 2441 2631 id
2477 2588 2746 2646 operetur,
2774 2577 2910 2632 absit
2938 2595 2952 2637 ;
2985 2578 3077 2632 sed
3110 2578 3159 2631 id
3190 2579 3355 2633 efticit
3384 2595 3477 2648 per
3503 2579 3668 2633 vafri-

2100 2666 2223 2721 tiem
2259 2667 2467 2721 daamou
2492 2709 2507 2731 ,
2536 2676 2592 2721 ut
2630 2668 2680 2722 id
2717 2669 2982 2723 elemento
3027 2670 3266 2739 imputet.
3302 2671 3529 2741 Ideoque
3560 2673 3673 2728 haec

2099 2759 2224 2812 falsa
2255 2760 2435 2828 opinio
2464 2760 2599 2827 apud
2646 2761 2955 2829 insipientes
2986 2761 3237 2825 invaluit,
3271 2766 3452 2831 sicque
3477 2763 3668 2827 delusi,

2099 2847 2197 2901 hoc
2227 2850 2442 2901 nomine
2466 2848 2737 2903 ila-monas
2780 2850 3077 2917 hujusrnodi
3108 2851 3378 2920 appellant
3408 2870 3419 2906 :
3450 2853 3499 2907 id
3531 2853 3669 2922 quod

2097 2937 2313 2990 minime
2354 2952 2534 2990 verum
2573 2946 2675 2990 est.
2714 2939 2798 2991 l8.
2840 2938 2982 2991 Tunc
3008 2949 3318 2993 accesserunt
3343 2942 3574 3012 discipuli
3603 2945 3671 2997 ad

2095 3042 2204 3078 eum
2229 3037 2435 3093 secreto,
2460 3038 2504 3079 et
2525 3029 2953 3097 interrogaverunt
2980 3046 3113 3093 eum,
3144 3047 3235 3083 cur
3263 3047 3361 3085 non
3392 3035 3671 3101 potuissent

2094 3117 2192 3185 ipsi
2215 3118 2490 3171 desomnem
2512 3118 2708 3180 ejicere.
2735 3118 2997 3173 Timuisse
3022 3119 3147 3172 mihi
3170 3121 3435 3188 videntur,
3459 3138 3525 3176 uc
3543 3138 3671 3177 con-

2094 3223 2298 3263 cessam
2324 3210 2420 3263 sibi
2443 3210 2664 3278 gratiam
2688 3210 2979 3263 amiserint.
3010 3210 3328 3265 Potestatem
3351 3213 3491 3266 enim
3511 3228 3667 3269 acce-

2097 3311 2281 3369 perant
2320 3312 2502 3355 contra
2545 3302 2779 3370 impuros
2807 3301 3100 3357 dmmonas.
3149 3302 3273 3357 Ideo
3302 3303 3666 3373 interrogant,

2104 3408 2348 3446 seorsum
2385 3395 2703 3445 accedentes
2726 3434 2739 3457 ,
2774 3408 2879 3445 non
2922 3394 3064 3461 quod
3096 3394 3480 3448 erubescerent
3512 3394 3673 3461 (cum

2100 3483 2267 3548 eiiim,
2298 3484 2415 3553 ipso
2443 3495 2587 3548 actu,
2614 3483 2993 3556 [impotentiae]
3017 3486 3245 3539 convicti
3278 3485 3530 3550 fuissent,
3564 3502 3672 3539 non

2100 3586 2217 3628 erat
2240 3576 2351 3643 jam
2376 3592 2474 3630 cur
2505 3576 2554 3629 id
2582 3576 2891 3630 confitendo
2922 3578 3353 3646 erubescerent),
3401 3578 3496 3631 sed
3527 3578 3673 3646 quod

2100 3663 2166 3716 de
2199 3679 2397 3717 arcana
2431 3674 2485 3718 et
2515 3680 2707 3732 magna
2744 3682 2801 3718 re
2835 3667 2985 3718 illum
3031 3676 3215 3720 essent
3262 3666 3669 3734 interrogaturi.

2100 3751 2241 3818 Quid
2285 3755 2449 3823 igitur
2494 3755 2792 3809 Christus?
2842 3755 2935 3809 20.
2986 3755 3213 3823 Propter
3245 3758 3673 3809 incredulitatem

2100 3856 2362 3910 vestram,
2416 3848 2511 3899 ait.
2570 3846 2633 3901 Si
2677 3849 2815 3900 enim
2858 3846 3149 3900 habueritis
3186 3849 3345 3917 fidem
3378 3849 3512 3900 sicut
3549 3864 3673 3917 gra-

2101 3951 2223 3987 num
2278 3937 2475 4005 sinapis
2501 3978 2516 4001 ,
2561 3938 2749 3991 dicetis
2802 3939 2969 3991 monti
3006 3939 3157 4003 huic,
3199 3938 3389 3992 Transi
3420 3939 3571 4001 hinc,
3619 3946 3670 3990 et

2101 4028 2364 4091 transibit,
2399 4040 2448 4082 et
2479 4030 2612 4082 nihil
2645 4029 2970 4097 impossibile
3005 4030 3146 4083 vobis
3172 4031 3293 4083 erit.
3326 4028 3479 4095 Quod
3515 4030 3559 4082 si
3586 4028 3670 4080 di-

2098 4119 2275 4183 xeris,
2320 4118 2548 4174 Ubinam
2592 4128 2825 4174 montem
2872 4120 3303 4175 transtulcruut?
3339 4121 3511 4175 dicam
3554 4122 3672 4175 illos

2098 4210 2265 4263 multo
2293 4210 2489 4279 majora
2522 4210 2729 4272 fecisse,
2759 4225 2879 4264 cum
2907 4211 3053 4266 mille
3084 4220 3322 4266 mortuos
3342 4212 3669 4266 suscitarint.

2096 4300 2277 4370 Neque
2316 4302 2455 4368 paris
2499 4302 2771 4369 potestatis
2813 4310 2931 4363 est,
2964 4313 3198 4357 montem
3240 4303 3563 4367 transferre,
3608 4319 3671 4356 ac

2096 4401 2322 4445 mortem
2353 4406 2381 4444 a
2414 4406 2635 4459 corpore
2662 4391 2879 4459 pellere.
2910 4392 3136 4447 Narrant
3164 4403 3282 4462 post
3309 4395 3430 4449 illos
3456 4406 3669 4448 sanctos

2096 4480 2350 4550 quosdam
2382 4480 2484 4533 illis
2512 4480 2763 4545 minores,
2796 4489 3003 4533 montes
3032 4483 3346 4536 necessitate
3365 4483 3667 4551 postulante

2098 4571 2449 4626 transtulisse.
2493 4569 2645 4626 Unde
2686 4570 2880 4639 liqueat
2912 4570 3030 4625 illos
3066 4586 3275 4640 quoque
3322 4573 3669 4626 translaturos

2094 4658 2276 4719 fuisse.
2295 4661 2336 4713 si
2361 4660 2409 4712 id
2434 4660 2718 4713 necessitas
2740 4660 3072 4727 postulasset.
3098 4660 3151 4713 Si
3178 4670 3352 4713 autem
3382 4676 3665 4728 numquam

2096 4766 2314 4805 necesse
2356 4751 2532 4817 fuerit,
2572 4766 2639 4805 ne
2680 4766 2872 4821 arguas
2902 4750 3040 4805 illos.
3082 4751 3328 4820 Alioquin
3355 4758 3531 4805 autem
3560 4766 3663 4804 non

2094 4841 2226 4895 dixit
2255 4841 2389 4911 ipse,
2419 4841 2645 4895 Omnino
2672 4842 3031 4906 transferetis,
3066 4841 3159 4895 sed
3187 4885 3198 4901 .
3230 4841 3284 4895 Id
3320 4840 3578 4909 poteritis.
3610 4842 3663 4895 Si

2094 4948 2252 5002 porro
2296 4949 2399 4987 non
2440 4934 2862 4997 transtulerunt,
2907 4950 3013 4988 non
3056 4934 3195 5003 quod
3245 4949 3351 4987 non
3398 4943 3614 5001 possent
3648 4976 3661 4995 ,

2093 5024 2402 5095 (quomodo
2428 5025 2568 5078 enim
2598 5025 2685 5094 qui
2716 5024 2913 5093 majora
2941 5032 3157 5092 possent
3180 5024 3203 5077 ?
3226 5027 3242 5093 )
3272 5023 3366 5077 sed
3391 5023 3531 5093 quod
3564 5039 3663 5076 nn-

2092 5118 2283 5172 luerint
2311 5117 2507 5186 absque
2538 5118 2870 5172 necessitate.
2906 5118 3080 5172 Potuit
3103 5118 3261 5172 etiam
3288 5118 3339 5172 id
3364 5118 3617 5173 accidisse
3641 5149 3661 5178 -.

2090 5209 2186 5262 etsi
2228 5209 2482 5278 scriptmn
2522 5224 2625 5262 non
2652 5208 2847 5274 fuerit;
2880 5224 3049 5278 neque
3072 5210 3213 5264 enim
3238 5212 3413 5264 omnia
3439 5226 3556 5281 qua:
3584 5212 3659 5266 illi

2088 5300 2305 5356 edidere
2332 5302 2579 5355 miracula
2610 5303 2802 5369 scripta
2829 5310 2971 5354 sunt.
3002 5302 3148 5357 Tunc
3178 5317 3335 5371 porro
3362 5302 3526 5356 multo
3564 5303 3659 5357 im-

2088 5391 2433 5461 perfectiores
2464 5400 2636 5445 erant.
2679 5391 2811 5457 Quid
2860 5392 3056 5461 igitur?
3085 5407 3151 5446 an
3194 5394 3425 5447 nondum
3459 5403 3656 5447 tantam

2088 5484 2245 5538 ﬁdem
2284 5482 2583 5536 habebant?
2616 5482 2729 5536 Non
2758 5482 2939 5551 utique
2968 5482 3266 5545 habebant,
3298 5500 3468 5553 neque
3497 5482 3655 5538 iidem

2087 5576 2185 5646 ipsi
2227 5590 2437 5641 semper
2475 5574 2621 5628 fuere
2649 5592 2660 5627 :
2695 5574 3115 5643 auzmdoquidcm
3149 5576 3335 5630 Petrus
3364 5590 3503 5629 nunc
3532 5576 3657 5630 bea-

2084 5675 2169 5721 tus
2199 5666 2532 5735 praedicatur,
2573 5681 2711 5720 nunc
2749 5666 3084 5735 increpatur;
3116 5668 3308 5737 reliqui
3349 5682 3475 5722 vero
3504 5668 3654 5736 quasi

2082 5758 2392 5825 insipientes
2428 5768 2719 5821 arguuntur
2763 5758 2832 5813 ab
2876 5759 3027 5827 ipso,
3071 5759 3210 5828 quod
3255 5759 3558 5828 parabolae!
3586 5758 3655 5812 de

2084 5847 2346 5905 fermento
2372 5865 2479 5905 nou
2511 5849 2915 5906 intellexissent.
2961 5848 3193 5922 Contigit
3229 5863 3405 5907 autem
3442 5859 3501 5906 ut
3528 5860 3655 5907 tunc
