4126 6220
442 332 548 386 565

440 446 688 516 discipuli
715 442 1078 499 imbecillitate
1104 442 1406 497 laborarent
1438 458 1452 496 :
1480 440 1557 494 sic
1580 440 1723 495 enim
1752 448 1878 494 ante
1902 454 2025 495 cru-

440 555 557 594 cem
579 547 633 593 et
656 538 956 607 passionem
982 535 1208 590 fuerant.
1239 533 1334 588 Hic
1358 548 1517 603 porro
1537 532 1604 588 de
1624 533 1897 602 signorum
1919 532 2027 589 ﬁde

442 630 692 700 loquitur,
723 637 779 683 et
806 628 1015 697 sinapin
1048 625 1300 690 adhibet,
1330 635 1391 679 ut
1415 625 1532 694 ejus
1557 625 1875 680 ineffabilem
1908 625 2019 680 vir-

440 729 606 775 tutem
655 719 937 788 signiﬁcet.
983 718 1130 773 Licet
1169 717 1310 771 enim
1364 716 1506 771 mole
1559 716 1777 770 minima
1825 716 2024 787 sinapis

441 813 684 867 videatur
704 827 823 867 esse
850 854 864 875 ,
901 812 1007 865 vim
1033 819 1208 865 tamen
1253 808 1414 864 habet
1449 821 1684 863 atomum
1717 810 2021 864 maximam.

442 903 652 958 Docens
695 903 872 973 igitur,
916 904 1176 956 sinceram
1219 900 1377 956 ﬁdem
1414 900 1495 953 vel
1528 900 1800 954 minimam
1830 915 2028 973 magna,

440 1010 632 1065 posse.
665 994 871 1064 sinapin
908 998 1294 1049 commemorat
1324 1009 1338 1043 :
1373 1000 1545 1060 neque
1571 989 1659 1045 hic
1682 990 1904 1061 gradum
1946 990 2020 1043 si-

438 1097 608 1154 stens,
631 1098 842 1142 montes
865 1086 1088 1154 addidit,
1108 1094 1162 1140 et
1188 1085 1323 1140 ultra
1348 1098 1661 1154 progressus
1685 1082 1851 1136 dixit:
1873 1080 2023 1137 Nihil

437 1179 574 1232 vobis
600 1177 908 1248 impossibile
935 1179 1045 1231 erit.

506 1270 563 1325 4.
593 1268 816 1339 Spiritus
836 1270 1009 1322 t-irtus.
1037 1265 1245 1336 Jejuuio
1265 1275 1309 1319 et
1334 1267 1559 1320 oratione
1577 1281 1703 1333 opus
1727 1273 1799 1317 est
1819 1267 1886 1317 ad
1911 1264 2019 1317 dies

437 1376 615 1414 manas
635 1360 912 1430 pellendos.
934 1388 1002 1399 —
1022 1358 1101 1412 Tu
1124 1374 1250 1412 vero
1276 1357 1364 1412 hic
1389 1358 1600 1411 illorum
1631 1355 2018 1426 philosophiam

438 1452 672 1515 mirare,
701 1461 754 1505 et
794 1450 1021 1520 Spiritus
1062 1450 1308 1503 virtutem
1348 1466 1362 1501 :
1401 1448 1791 1518 philosophiam
1817 1489 1833 1514 ,
1876 1447 2019 1517 quod

436 1555 591 1596 suam
615 1542 978 1610 impotentiam
1009 1556 1113 1595 non
1136 1540 1521 1595 occultaverin't
1546 1555 1561 1603 ;
1590 1538 1817 1608 Spiritus
1846 1538 2017 1591 virtu-

436 1641 543 1686 tem
569 1672 583 1695 ,
616 1631 757 1701 quod
797 1646 891 1685 eos
911 1670 926 1697 ,
957 1631 1043 1700 qui
1075 1646 1173 1684 nec
1210 1630 1366 1684 ﬁdem
1404 1629 1539 1684 sicut
1566 1644 1789 1698 granum
1820 1627 2019 1697 sinapis

437 1723 743 1791 habebant,
778 1724 856 1778 sic
890 1723 1139 1793 paulatim
1168 1721 1453 1787 extulerit,
1487 1730 1543 1774 ut
1594 1719 1716 1775 ﬁdei
1757 1720 1928 1774 fontes
1965 1728 2019 1773 et

435 1815 648 1869 flumina
665 1815 714 1867 in
730 1812 832 1868 illis
846 1812 1183 1868 scaturirent.
1203 1812 1293 1867 21.
1314 1810 1481 1866 Genus
1502 1822 1668 1864 autem
1691 1811 1784 1864 hoc
1800 1827 1900 1864 non
1919 1811 2014 1877 eji-

434 1909 583 1972 ritur,
612 1906 711 1961 nisi
745 1906 800 1960 in
840 1906 1068 1959 oratione
1102 1913 1150 1958 et
1191 1904 1395 1974 jejunio
1419 1943 1434 1967 ,
1467 1902 1663 1971 adjecit
1692 1902 1781 1956 ille
1807 1920 1819 1954 :
1846 1914 2015 1971 genus

433 1997 733 2051 daemonum
756 2012 915 2050 omne
928 1997 1076 2059 dicit,
1102 2011 1206 2051 non
1230 2004 1431 2049 tantum
1447 2010 1614 2065 genus
1636 1995 2012 2049 lunaticorum.

432 2086 620 2142 Viden‘
651 2086 924 2157 quomodo
949 2087 1136 2156 jejunii
1165 2086 1366 2141 semina
1395 2086 1568 2153 jacit?
1596 2086 1703 2140 Nec
1734 2086 1863 2140 mihi
1893 2102 2014 2140 raro

432 2178 678 2247 exemplo
711 2177 857 2232 dicas
877 2218 891 2240 ,
920 2178 1177 2247 quosdam
1215 2178 1332 2231 sine
1365 2176 1569 2247 jejunio
1600 2176 1872 2231 daemonas
1900 2177 2013 2246 eje-

432 2269 590 2323 cisse.
618 2268 747 2322 Nam
776 2269 821 2324 si
852 2282 986 2322 unus
1010 2276 1103 2321 aut
1130 2267 1264 2321 alter
1295 2266 1621 2334 increpando
1645 2266 1722 2320 sic
1744 2266 2013 2335 expulisse

435 2367 699 2425 narretur,
733 2358 845 2412 ﬁeri
876 2358 1061 2427 nequit
1087 2366 1144 2411 ut
1172 2358 1216 2411 si
1248 2358 1294 2412 is
1320 2357 1408 2427 qui
1436 2356 1486 2410 id
1511 2357 1707 2425 patitur
1731 2357 1781 2410 in
1808 2356 2014 2411 deliciis

432 2452 594 2515 vivat,
621 2452 688 2506 ab
716 2450 817 2506 hoc
846 2465 1096 2520 umquam
1127 2448 1309 2504 furore
1337 2449 1609 2503 liberetur.
1636 2446 1846 2516 Jejunio
1870 2447 2011 2500 enim

428 2554 485 2599 et
513 2545 752 2599 oratione
782 2543 1016 2598 maxime
1041 2558 1174 2613 opus
1198 2550 1279 2596 est
1305 2542 1377 2605 ei,
1400 2540 1489 2611 qui
1519 2540 1620 2593 hoc
1644 2539 1831 2593 morbo
1859 2537 2011 2593 labo-

428 2645 530 2689 rat.
563 2635 665 2690 Sed
691 2636 734 2689 si
766 2634 869 2689 ﬁde
894 2649 1025 2703 opus
1057 2644 1171 2698 est,
1206 2633 1435 2702 inquies,
1467 2646 1563 2685 cur
1587 2646 1721 2698 opus
1745 2639 1827 2683 est
1851 2638 1906 2684 et
1924 2628 2011 2697 je-

426 2724 615 2794 junio?
638 2725 771 2791 Quia
793 2738 914 2779 cum
946 2723 1048 2777 ﬁde
1070 2722 1330 2791 jejunium
1359 2737 1462 2774 non
1484 2735 1699 2789 parvam
1731 2719 1878 2772 addit
1908 2718 2010 2771 for-

431 2818 710 2872 titudinem
745 2833 758 2868 :
799 2815 1188 2884 philosOpliiam
1227 2813 1423 2883 quippe
1464 2826 1709 2879 magnam
1758 2810 1927 2871 indit,
1957 2818 2011 2863 et

433 2908 682 2977 angelum
712 2922 777 2960 ex
809 2905 1024 2959 homine
1054 2904 1237 2969 efﬁcit,
1266 2913 1459 2957 etcum
1491 2903 1819 2969 iucorporeis
1842 2900 2010 2954 virtu-

429 3000 569 3055 tibus
596 3006 829 3068 pugnat;
858 3011 1041 3051 verum
1064 3011 1169 3049 non
1198 2994 1393 3049 suflicit
1414 2992 1563 3058 illud,
1592 2993 1684 3047 sed
1712 2991 1833 3046 addi
1855 2992 2013 3046 debet

431 3090 602 3145 oratio
620 3129 636 3155 ,
664 3105 782 3160 qua:
812 3090 977 3143 etiam
1006 3096 1206 3157 prweat
1234 3094 1463 3155 oportet.
1499 3084 1625 3138 Vide
1654 3100 1781 3152 ergo
1810 3091 2009 3152 quanta

429 3184 567 3239 bona
608 3198 674 3238 ex
710 3190 935 3250 utroque
972 3180 1272 3250 gignantur.
1304 3177 1437 3244 Quia
1469 3176 1611 3229 enim
1643 3176 1732 3245 qui
1764 3184 2011 3244 precatur

429 3285 489 3329 ut
514 3275 690 3335 decet.
719 3282 773 3328 et
808 3272 1013 3341 jejunat
1034 3311 1048 3335 ,
1081 3283 1187 3323 non
1224 3268 1407 3321 multis
1448 3266 1681 3335 indiget;
1715 3265 1802 3334 qui
1830 3273 2006 3318 autem

426 3383 532 3422 non
569 3366 747 3420 multis
783 3365 1017 3433 indiget,
1063 3378 1166 3416 non
1211 3361 1447 3429 pecunia:
1476 3373 1660 3412 amans
1695 3357 1888 3423 fuerit;
1919 3359 2009 3428 qui

428 3460 669 3528 pecunia:
692 3473 878 3511 amans
900 3472 1003 3509 non
1026 3464 1127 3516 est,
1156 3454 1220 3506 ad
1247 3453 1636 3520 eleemosynam
1667 3466 1864 3520 pronus
1886 3452 2005 3505 erit.

429 3552 528 3616 Qui
564 3550 769 3619 jejunat
794 3588 809 3613 ,
838 3548 1004 3601 levior
1033 3556 1115 3599 est
1138 3554 1188 3598 et
1216 3544 1364 3612 quasi
1391 3543 1595 3607 alatus,
1624 3543 2010 3611 vigilanterque

431 3650 569 3703 orat,
589 3640 757 3694 malas
776 3637 1251 3707 concupiscientias
1270 3636 1577 3704 exstinguit,
1603 3635 1878 3703 Deumque
1896 3633 2007 3701 pla-

427 3743 534 3797 cat,
556 3733 750 3787 elatam
776 3732 1006 3785 animam
1036 3728 1298 3783 humiliat.
1332 3727 1457 3783 Ideo
1475 3727 1697 3796 apostoli
1728 3725 1839 3780 fere
1862 3739 2007 3780 sem-

431 3840 527 3894 per
546 3823 879 3894 jejunabant.
905 3822 1005 3889 Qui
1030 3836 1192 3875 orans
1217 3819 1456 3889 jejunat,
1488 3819 1640 3873 binas
1667 3817 1827 3873 habet
1854 3817 1965 3871 alas
1987 3858 2004 3882 ,

429 3920 564 3988 ipsis
577 3922 749 3973 ventis
770 3922 1020 3973 leviores.
1036 3919 1154 3973 Non
1170 3919 1317 3973 enim
1333 3917 1547 3981 oscitat,
1563 3931 1671 3969 non
1688 3913 2001 3985 pandiculao

430 4016 517 4059 tur
536 4021 634 4061 nec
659 4017 837 4074 torpet
856 4007 1088 4067 orando,
1118 4016 1177 4058 ut
1203 4004 1360 4057 multi
1394 4005 1572 4057 solent
1598 4020 1612 4056 :
1639 4002 1735 4056 sed
1764 4010 1849 4056 est
1873 4002 2000 4070 igne

427 4095 722 4159 ardentior,
745 4105 799 4149 et
829 4104 968 4148 terra
996 4094 1272 4163 superior:
1299 4092 1524 4162 ideoque
1551 4092 1782 4146 maxime
1806 4092 2007 4145 danun-

426 4199 554 4237 num
581 4183 750 4237 hostis
777 4194 832 4237 et
858 4184 1121 4238 inimicus.
1149 4182 1291 4237 Nihil
1321 4182 1461 4237 enim
1496 4183 1761 4251 potentius
1792 4183 2007 4238 homine

428 4273 593 4342 probe
632 4283 837 4328 orante.
879 4273 1011 4328 Nam
1051 4275 1097 4328 si
1135 4274 1328 4328 mulier
1366 4274 1450 4327 illa
1473 4273 1623 4343 (Luc.
1654 4274 1738 4328 18.
1768 4274 1859 4345 5),
1885 4290 2009 4329 cru-

427 4366 600 4420 delem
629 4366 919 4436 principem
941 4409 955 4432 ,
984 4370 1071 4436 qui
1100 4382 1198 4421 nec
1222 4367 1387 4421 Deum
1415 4367 1651 4430 timebat,
1684 4381 1781 4421 nec
1834 4366 2005 4421 homi-

429 4473 549 4513 nem
580 4459 943 4524 reverebatur,
974 4459 1191 4514 ﬂectere
1218 4459 1387 4528 potuit
1409 4477 1422 4512 :
1444 4458 1611 4513 multo
1640 4459 1808 4529 magis
1840 4459 2003 4513 Deum

426 4551 624 4616 ﬂectet,
650 4553 741 4622 qui
767 4552 1073 4624 frequenter
1100 4554 1299 4620 instat,
1326 4552 1417 4623 qui
1448 4551 1620 4607 ventri
1648 4551 1914 4621 imperat,
1940 4569 2003 4608 ac

422 4640 639 4696 delicias
669 4644 834 4712 ejicit.

494 4731 615 4787 Non
658 4734 1020 4803 indulgentium
1065 4736 1277 4789 deliciis.
1319 4735 1530 4791 Gulwet
1554 4738 1811 4792 edacitatis
1840 4738 2000 4793 mala.

418 4853 491 4865 —
518 4825 667 4892 Quod
694 4826 738 4880 si
756 4827 1022 4882 inﬁrmum
1045 4829 1137 4884 tibi
1160 4842 1466 4899 corpusest,
1501 4839 1558 4883 ut
1592 4846 1695 4885 non
1720 4831 1891 4899 possis
1915 4845 2002 4885 as-

419 4917 574 4973 sidue
618 4919 862 4988 jejunare
881 4962 896 4986 ,
923 4930 978 4975 at
1003 4922 1266 4975 inﬁrmum
1300 4936 1403 4975 non
1431 4930 1513 4975 est
1538 4921 1603 4975 ad
1631 4922 1913 4981 orandum.
1939 4933 1994 4977 et

418 5009 486 5063 ad
513 5011 709 5065 ventris
734 5012 950 5067 delicias
976 5015 1324 5081 Spernendas.
1374 5012 1504 5066 Nam
1549 5014 1594 5067 si
1620 5012 1866 5082 jejunare
1893 5028 1997 5067 non

421 5108 592 5169 potes,
621 5110 675 5154 at
715 5112 862 5169 potes
895 5118 996 5157 non
1047 5102 1250 5158 deliciis
1296 5103 1641 5159 incumbere:
1672 5104 1797 5158 illud
1823 5113 2000 5158 autem

421 5205 525 5245 non
558 5207 775 5261 parvqu
796 5204 898 5259 est,
928 5210 1068 5248 occa
1087 5195 1288 5263 jejunio
1310 5196 1530 5249 multum
1556 5196 1715 5250 distat
1740 5213 1754 5259 ;
1783 5196 1873 5250 sed
1892 5195 2002 5250 suf-

421 5284 528 5336 ﬁcit
568 5282 635 5337 ad
664 5283 859 5338 diaboli
889 5286 1117 5340 furorem
1145 5286 1519 5356 dejiciendum.
1555 5285 1694 5341 Nihil
1746 5287 1885 5340 enim
1930 5288 1998 5340 ita

421 5385 565 5428 amat
612 5376 702 5429 ille
725 5417 740 5442 ,
766 5387 823 5430 ut
859 5377 995 5446 gulae
1025 5377 1241 5433 delicias
1270 5387 1325 5433 et
1379 5378 1711 5443 ebrietatem,
1754 5393 1872 5447 qua:
1920 5388 2001 5431 est

417 5466 655 5521 omnium
687 5480 857 5524 mater
894 5469 1173 5524 malorum.
1218 5471 1322 5524 Per
1342 5472 1479 5525 hanc
1503 5470 1628 5524 olim
1656 5469 1920 5524 lsraelitas
1946 5469 2000 5523 in

419 5553 769 5612 idololatriam
799 5559 1018 5629 dejecit,
1039 5577 1130 5629 per
1166 5560 1303 5615 hanc
1326 5560 1628 5615 Sodomitas
1678 5561 1731 5615 in
1784 5574 1999 5615 amores

420 5647 628 5715 iniquos
659 5649 1024 5708 inﬂammavit.
1080 5651 1206 5707 Ha’c
1248 5653 1410 5718 enim,
1442 5654 1534 5719 ait,
1560 5654 1800 5721 iniquitas
1830 5652 1999 5707 Sodo-

419 5753 647 5805 morum;
677 5742 729 5795 iu
758 5746 1011 5814 superbia.
1039 5745 1092 5798 in
1120 5746 1380 5800 saturitate
1409 5745 1574 5816 panis,
1604 5746 1720 5799 etin
1742 5746 1997 5816 prosperi-

1146 328 1201 385 S.
1242 324 1518 383 JOANNIS
1551 325 2024 383 CHRYSOSTUMI
2064 327 2381 387 ARCHIEP.
2420 332 2954 392 CONSTAN'I'INOP.

3607 350 3707 407 36‘

2132 450 2235 497 tate
2270 444 2887 517 luxuriabanturthecli.
2926 450 3011 506 16.
3043 449 3135 522 49)
3169 469 3181 503 :
3215 443 3315 506 hac
3339 451 3533 508 mullos
3584 458 3711 509 item

2130 534 2264 592 alios
2312 539 2542 607 perdidit
2583 542 2945 614 gehennzeque
2976 541 3209 599 tradidit.
3246 543 3382 612 Quid
3411 546 3552 599 enim
3585 550 3710 607 mali

2128 643 2235 682 non
2283 641 2571 699 Oper-antur
2620 635 2823 691 delicia:
2875 637 3105 691 mensae?
3154 638 3405 693 Homines
3432 638 3484 692 in
3518 654 3678 708 porco

2128 732 2475 787 commutant,
2508 736 2560 777 et
2586 728 2760 794 porcis
2790 726 3086 784 deteriores
3106 728 3363 784 efﬁciunt.
3418 729 3550 784 Nam
3581 747 3704 799 por-
3743 766 3755 799 ε

2127 827 2221 867 cus
2252 814 2302 866 in
2331 829 2484 869 cceno
2510 816 2797 882 volutatur,
2834 827 2887 872 et
2911 829 3149 875 stercore
3175 821 3437 885 nutritur;
3465 819 3551 875 hic
3580 832 3707 877 vero

2127 906 2294 975 magis
2318 907 2726 964 abominandam
2754 911 2853 965 sibi
2882 922 3031 981 parat
3061 926 3320 978 mensam,
3352 915 3526 968 coitus
3551 910 3707 970 illici-

2126 1005 2209 1051 tos
2234 1001 2560 1069 excogitans,
2585 1010 2638 1056 et
2666 1002 2877 1072 iniquos
2902 1018 3131 1059 amores.
3170 1004 3267 1058 Hic
3294 1004 3423 1059 nihil
3450 1020 3480 1059 a
3506 1006 3710 1061 daemo-

2127 1090 2278 1145 niaco
2326 1092 2503 1147 differt
2532 1112 2544 1144 :
2575 1110 2695 1147 nam
2746 1095 3027 1163 impudens
3055 1095 3216 1150 simul
3249 1103 3304 1150 et
3333 1095 3567 1151 furiosus
3594 1106 3699 1152 est.

2130 1184 2516 1239 Daunoniacum
2565 1196 2711 1241 certe
2737 1187 2924 1241 saltem
2966 1188 3281 1242 miserantur
3314 1206 3326 1240 :
3361 1186 3501 1242 hunc
3529 1199 3704 1244 autem

2123 1290 2433 1331 aversamur
2458 1287 2510 1332 et
2551 1278 2673 1331 odio
2715 1278 2990 1333 habemus.
3050 1279 3262 1346 Quare?
3316 1278 3449 1345 Quia
3490 1292 3709 1348 sponta-

2125 1382 2284 1423 neum
2322 1369 2424 1423 sibi
2470 1369 2702 1425 furorem
2752 1366 2989 1437 attrahit,
3026 1380 3083 1427 et
3136 1386 3217 1437 os,
3269 1374 3473 1433 oculos.
3522 1388 3701 1435 nares.

2133 1466 2315 1517 munia
2359 1464 2594 1531 denique
2623 1463 2840 1515 cloacas
2880 1460 3063 1513 efﬁcit.
3103 1458 3160 1512 Si
3192 1472 3320 1513 vero
3356 1457 3410 1510 in
3441 1456 3698 1511 interiora

2133 1554 2430 1622 respicias,
2470 1553 2680 1606 videbis
2725 1552 2963 1605 animam
3019 1565 3117 1605 ceu
3168 1549 3346 1604 hieme
3395 1555 3450 1602 et
3498 1546 3702 1616 frigore

2135 1645 2471 1715 congelatum
2514 1654 2568 1698 et
2607 1652 2909 1713 torpentem
2936 1681 2952 1705 ,
2997 1658 3119 1711 qua:
3153 1642 3223 1695 ob
3257 1639 3523 1695 furentem
3556 1648 3698 1692 tem-

2122 1747 2405 1809 pestatem,
2443 1737 2640 1792 nullam
2685 1738 2803 1791 navi
2857 1737 3026 1807 possit
3064 1752 3220 1805 opem
3278 1734 3488 1790 afferre.
3534 1728 3706 1789 Pudet

2121 1836 2266 1885 certe
2286 1843 2373 1887 me
2388 1828 2566 1884 dicere
2595 1843 2714 1896 quae
2738 1828 2874 1883 mala
2905 1837 3014 1881 tum
3041 1825 3166 1882 viris
3195 1835 3303 1880 tum
3336 1827 3644 1881 mulieribus
3670 1842 3702 1881 a

2121 1920 2336 1990 crapula
2364 1920 2636 1989 pariantur
2663 1936 2675 1971 :
2708 1918 2837 1973 illud
2858 1934 3040 1972 eorum
3081 1918 3421 1972 conscientia:
3439 1917 3702 1987 relinquo.

2120 2029 2239 2083 qua:
2284 2014 2463 2068 omnia
2505 2012 2906 2067 accuratissime
2944 2012 3110 2066 novit.
3144 2009 3281 2076 Quid
3328 2025 3455 2064 vero
3493 2010 3705 2079 turpius

2120 2103 2265 2158 ebria
2289 2102 2533 2165 muliere,
2561 2102 2642 2157 vel
2679 2117 2798 2172 qua:
2821 2102 3233 2170 circumquaque
3258 2096 3467 2154 fertur?
3494 2098 3705 2165 Quanto

2120 2194 2261 2248 enim
2285 2193 2543 2248 inﬁrmius
2571 2208 2664 2247 vas
2689 2201 2790 2259 est,
2820 2201 2966 2246 tanto
2990 2190 3161 2259 majus
3190 2189 3554 2257 naufragium;
3582 2190 3699 2245 sive

2120 2285 2287 2341 libera
2309 2286 2419 2349 illa,
2444 2284 2557 2338 sive
2579 2283 2769 2338 ancilla
2796 2284 2885 2337 sit.
2927 2280 3059 2337 Nam
3093 2280 3255 2337 libera
3288 2283 3338 2335 in
3370 2280 3546 2336 medio
3589 2294 3706 2334 scr-

2117 2393 2303 2431 verum
2334 2374 2541 2429 theatro
2572 2375 2797 2444 turpiter
2822 2388 2882 2428 se
2907 2374 3083 2442 gerit:
3114 2370 3415 2442 ancillaque
3457 2372 3705 2426 similiter

2119 2471 2258 2526 inter
2306 2485 2491 2524 servos
2512 2487 2525 2522 :
2549 2480 2708 2537 atque
2740 2466 2812 2521 ita
2834 2465 3052 2527 faciunt.
3084 2472 3142 2519 ut
3166 2463 3305 2519 dona
3339 2464 3429 2519 Dei
3456 2464 3707 2533 blasphe-

2119 2573 2330 2618 utentur
2356 2563 2424 2616 ab
2445 2559 2838 2631 insipientibus.
2858 2557 3050 2613 Multos
3075 2558 3216 2612 enim
3234 2556 3413 2621 audio,
3432 2570 3552 2610 cum
3580 2555 3699 2610 haec

2118 2655 2252 2707 mala
2276 2652 2632 2722 conspiciunt,
2663 2651 2921 2713 dicentes,
2951 2650 3162 2704 Utinam
3190 2662 3296 2701 non
3322 2658 3466 2703 esset
3491 2648 3697 2701 vinum.

2116 2742 2160 2797 Ο
2188 2744 2474 2796 amentiam
2499 2742 2513 2795 l
2543 2760 2577 2795 ο
2604 2740 2948 2796 stoliditatem
2983 2739 2996 2792 !
3023 2738 3156 2793 Aliis
3190 2738 3534 2807 peccantibus
3555 2777 3572 2803 ,
3607 2738 3700 2792 Dei

2116 2834 2254 2888 dona
2283 2834 2619 2888 criminaris?
2645 2844 2698 2887 et
2722 2842 2918 2903 quanta
2947 2832 3061 2886 haec
3090 2832 3292 2886 insania
3319 2832 3334 2884 !
3367 2834 3446 2885 An
3489 2833 3694 2895 vinum,

2117 2926 2187 2979 mi
2210 2924 2394 2991 homo,
2424 2925 2526 2980 hoc
2548 2925 2742 2979 malum
2766 2924 2965 2980 efﬁcit?
2994 2924 3109 2979 Non
3137 2922 3317 2978 viuum
3336 2964 3351 2987 ,
3376 2923 3469 2979 sed
3501 2924 3701 2978 intem-

2117 3015 2357 3086 perantia
2377 3031 2564 3070 eorum
2585 3016 2674 3086 qui
2703 3016 2831 3071 vino
2858 3017 3167 3073 abutuntur.
3195 3014 3287 3069 Dic
3308 3024 3454 3085 ergo,
3483 3015 3698 3071 Utinam

2117 3123 2221 3162 non
2267 3117 2411 3163 esset
2437 3109 2670 3164 ebrietas
2689 3151 2704 3177 ,
2732 3124 2830 3165 nec
2858 3119 3039 3164 essent
3068 3109 3173 3163 ilhe
3199 3108 3438 3163 ciborum
3466 3108 3692 3163 delicias.

2115 3202 2170 3256 Si
2212 3217 2341 3257 vero
2364 3203 2510 3258 dicas
2530 3244 2545 3269 ,
2578 3201 2788 3257 Utinam
2821 3217 2924 3257 non
2949 3210 3094 3257 esset
3131 3201 3311 3255 vinum
3334 3243 3349 3264 ,
3397 3200 3534 3254 ultra
3563 3217 3690 3269 prn-

2113 3311 2327 3366 gressus
2353 3296 2518 3360 dices,
2551 3294 2761 3351 Utinam
2792 3312 2897 3350 non
2929 3303 3072 3350 esset
3099 3295 3291 3349 ferrum
3313 3336 3328 3355 ,
3361 3302 3576 3364 propter
3600 3295 3697 3347 lio-

2114 3389 2367 3453 micidas;
2397 3405 2492 3444 nec
2519 3398 2659 3443 esset
2685 3404 2811 3455 nox,
2835 3389 2904 3444 ob
2924 3388 3066 3444 fures
3091 3404 3105 3451 ;
3130 3403 3302 3456 neque
3324 3387 3412 3442 lux
3431 3396 3592 3452 esset,
3625 3388 3695 3441 ob

2115 3481 2505 3552 sycophantas;
2537 3495 2710 3548 neque
2740 3478 2949 3545 mulier,
2974 3479 3043 3533 ob
3073 3477 3475 3533 fornicationes.
3504 3474 3692 3532 Omnia

2114 3575 2326 3629 demum
2358 3574 2653 3627 sustuleris.

2184 3668 2237 3720 5.
2283 3665 2403 3719 Non
2443 3666 2613 3718 viuum
2644 3662 3014 3717 criminandum
3034 3672 3126 3729 est,
3157 3661 3246 3716 sed
3286 3661 3519 3715 ebrietas.
3542 3690 3614 3701 —
3639 3658 3694 3714 Id

2114 3775 2181 3814 ne
2207 3758 2370 3812 facias
2410 3774 2423 3810 :
2456 3757 2583 3810 illud
2608 3757 2749 3810 enim
2775 3755 2995 3808 satanici
3030 3764 3108 3808 est
3140 3754 3300 3808 animi
3339 3771 3351 3807 :
3383 3768 3482 3807 nec
3506 3754 3689 3808 vinum

2113 3846 2447 3911 crimineris,
2479 3845 2572 3902 sed
2601 3848 2911 3902 ebrietatem
2948 3865 2961 3901 :
3010 3845 3150 3901 hunc
3194 3845 3463 3899 ebriosum
3499 3844 3565 3897 ad
3609 3858 3696 3898 sa-

2111 3955 2234 3994 nam
2256 3948 2487 3992 mentem
2514 3953 2784 3992 reversmn
2813 3936 2918 4000 adi,
2952 3936 3194 3991 describe
3220 3935 3294 3990 illi
3322 3944 3484 3989 totam
3526 3934 3694 4004 turpi-

2112 4028 2350 4084 tudinem
2385 4030 2506 4083 :dic
2534 4029 2627 4094 illi,
2656 4029 2844 4082 Vinum
2872 4028 3053 4083 datum
3082 4036 3164 4081 est
3193 4026 3257 4080 ad
3284 4026 3520 4081 laetitiam
3543 4068 3556 4089 ,
3582 4040 3689 4080 non

2110 4121 2175 4176 ad
2210 4122 2587 4192 turpitudinem
2613 4141 2626 4176 :
2654 4121 2836 4175 datum
2863 4132 2946 4177 est
2975 4128 3030 4174 ut
3057 4120 3345 4185 rideamus,
3378 4135 3481 4173 non
3510 4128 3569 4172 ut
3596 4119 3694 4172 de-

2112 4215 2419 4279 rideantur;
2462 4226 2519 4269 ut
2547 4225 2692 4271 recte
2722 4215 3015 4278 valeamus,
3049 4228 3152 4267 non
3183 4223 3233 4266 ut
3253 4222 3606 4282 :rgtotemus;
3636 4220 3695 4266 ut

2112 4308 2532 4367 imbecillitatem
2574 4308 2812 4378 corporis
2858 4309 3232 4371 instauremus,
3272 4321 3376 4359 non
3423 4313 3479 4358 ut
3530 4303 3695 4358 robur

2109 4406 2270 4459 animi
2298 4401 2626 4472 dejiciamus.
2664 4403 2800 4453 Deus
2821 4408 2872 4454 te
2898 4399 3000 4454 hoc
3027 4412 3245 4452 munere
3277 4395 3575 4459 honoravit,
3599 4408 3695 4449 cur

2109 4513 2172 4551 ex
2222 4495 2573 4551 immoderato
2603 4509 2702 4549 usu
2742 4492 2965 4562 teipsum
2997 4490 3361 4546 delionestas?
3400 4486 3535 4543 Audi
3566 4486 3691 4557 quid

2110 4588 2303 4642 Paulus
2346 4588 2522 4642 dicat:
2562 4585 2689 4640 Vino
2736 4587 2931 4638 modico
2969 4592 3104 4637 utere
3142 4591 3346 4651 propter
3380 4579 3694 4634 stomachum

2109 4691 2250 4734 tuum
2276 4723 2290 4745 ,
2322 4690 2368 4734 et
2400 4689 2605 4750 propter
2630 4679 2911 4747 frequentes
2941 4687 3053 4730 tuas
3095 4676 3415 4742 inﬁrmitates
3447 4673 3525 4741 (1.
3556 4672 3689 4725 Tim.

2110 4775 2164 4829 5.
2190 4773 2309 4844 25).
2357 4772 2509 4839 Quod
2541 4772 2582 4826 si
2610 4780 2822 4824 sanctus
2849 4770 2957 4834 ille,
2988 4769 3176 4824 morbo
3196 4768 3462 4832 detentus,
3495 4774 3549 4821 et
3575 4764 3678 4819 fre-

2108 4865 2392 4936 quentibus
2420 4863 2668 4917 laborans
2690 4860 3104 4922 inﬁrmitatibus,
3138 4858 3262 4913 vino
3282 4874 3388 4912 non
3423 4857 3700 4921 utebatur,

2108 4957 2279 5011 donec
2303 4956 2352 5009 id
2376 4954 2627 5023 magister
2655 4952 2832 5023 jussit,
2855 4967 2957 5021 qua
2978 4951 3133 5005 venia
3164 4950 3312 5020 digni
3344 4964 3442 5003 nos
3466 4949 3694 5010 erimus,

2108 5051 2196 5119 qui
2219 5063 2352 5102 sano
2377 5061 2604 5116 corpore
2622 5046 2754 5101 ebrii
2777 5044 2999 5098 sumus?
3025 5042 3100 5098 Illi
3131 5042 3362 5106 dicebat,
3392 5041 3599 5096 Modico
3622 5042 3693 5093 vi-

2108 5159 2173 5196 no
2199 5152 2337 5195 utere
2364 5149 2565 5210 praptcr
2590 5136 2903 5192 stomachum
2946 5147 3085 5189 tuum
3115 5144 3161 5187 et
3193 5134 3513 5201 inﬁrmitates
3546 5140 3686 5192 tuas:

2108 5246 2348 5291 nostrum
2377 5249 2506 5288 vero
2530 5231 2748 5303 singulis
2775 5231 2952 5286 dicet:
2982 5229 3118 5284 Vino
3150 5227 3359 5282 modico
3389 5235 3538 5280 utere
3566 5239 3691 5293 pra-

2109 5340 2225 5401 pter
2250 5330 2641 5393 fornicationes,
2662 5326 2735 5396 (a)
2762 5324 2999 5397 [propter
3028 5323 3320 5392 frequentia
3346 5316 3690 5388 turpiloquia,

2108 5433 2326 5493 prepter
2346 5433 2568 5476 caeteras
2593 5419 2907 5490 cupiditates
2935 5414 3146 5488 malas,]
3176 5428 3309 5485 quas
3334 5428 3523 5482 parere
3554 5410 3691 5465 solet

2108 5515 2356 5570 ebrietas.
2386 5513 2441 5570 Si
2471 5528 2575 5568 non
2600 5512 2720 5566 ideo
2750 5511 3019 5566 abstinere
3046 5509 3222 5571 vultis,
3246 5506 3434 5561 saltem
3463 5504 3532 5558 ob
3559 5518 3688 5557 con-

2170 5628 2243 5736 (α)
2272 5629 2387 5685 Qua:
2412 5628 2600 5678 uncinis
2616 5624 2920 5683 clauduntur,
2946 5623 3135 5687 adjecta
3158 5628 3269 5670 sunt
3289 5634 3316 5669 e
3342 5618 3517 5669 Codice
3532 5616 3623 5666 691
3642 5617 3699 5660 et

2170 5692 2211 5736 vi
2238 5726 2249 5736 .
2272 5688 2571 5736 Exciderant
2595 5691 2644 5736 in
2684 5686 2968 5736 (Zommeltn.
3010 5695 3062 5735 et
3094 5681 3272 5736 Montf.,
3310 5693 3400 5736 per
3425 5681 3696 5729 humatum-

2107 5681 2249 5739 Savil'.
2272 5681 2571 5740 Exciderant
2595 5691 2644 5739 in
2684 5681 2968 5738 Commeltn.
3001 5681 3062 5735 et
3094 5681 3272 5743 Montf.,
3310 5693 3400 5744 per
3425 5681 3696 5729 humatum-

2110 5756 2295 5803 teuwu.
