4126 6220
272 357 374 412 5θῦ

265 465 442 538 ἦσαν·
486 464 608 518 ἐπεὶ
650 465 742 517 καὶ
785 463 986 534 Πέτρος
1034 461 1127 517 νῦν
1170 465 1267 534 μὲν
1314 464 1692 534 μακαρίζεται,
1734 465 1827 519 νῦν
1867 466 1926 518 δὲ

266 547 586 617 ἐπιτιμᾶται
604 562 618 576 ·
654 545 748 598 καὶ
773 545 823 595 οί
843 543 1018 595 λοιποὶ
1045 541 1099 594 δέ
1124 545 1202 604 είς
1233 543 1416 596 ἄνοιαν
1440 543 1773 598 σκώπτονται
1797 546 1926 616 παρ’

265 627 454 689 αὑτοῦ,
487 627 575 678 ὅτε
606 623 667 676 οὐ
712 622 953 690 συνῆκαν
981 621 1070 673 τὸν
1107 623 1230 690 περὶ
1262 624 1358 692 τῆς
1393 621 1569 692 ζύμης
1593 623 1769 691 λόγον,
1795 627 1927 678 Συν-

266 709 364 780 έϐη
406 706 461 759 δέ
497 705 589 758 καὶ
615 703 734 755 τότε
766 703 892 764 τοὺς
924 700 1168 771 μαθητάς
1208 703 1531 772 ἀσθενῆσαι·
1580 704 1928 774 ἀτελέστερον

265 788 375 856 γάρ
400 785 662 838 διέκειντο
683 781 784 852 πρὸ
808 781 901 834 τοῦ
925 781 1177 850 σταυροῦ.
1221 782 1408 834 Πίστιν
1435 782 1491 834 δὲ
1521 783 1751 836 ἐνταῦθα
1781 783 1928 850 λέγει

265 868 365 936 τὴν
393 863 503 917 τῶν
529 862 788 932 σημείων,
820 861 913 913 καὶ
949 860 1214 923 σινάπεως
1257 861 1546 930 μέμνηται,
1593 863 1694 932 τὴν
1726 863 1928 930 ἄφατον

267 944 435 1014 αὐτῆς
452 941 626 1012 δηλῶν
648 939 893 1009 δύναμιν.
914 940 977 992 Εί
1002 938 1110 1008 γὰρ
1127 939 1220 991 καὶ
1238 937 1314 1008 τῷ
1336 939 1484 1008 δγκῳ
1506 939 1696 1010 μικρὸν
1715 940 1849 994 εἶναι
1868 940 1928 994 τὸ

269 1025 457 1094 σίνηπι
476 1022 642 1081 δοκεῖ,
660 1020 796 1074 ἀλλά
811 1022 875 1090 τῇ
897 1018 1123 1089 δυνάμει
1139 1019 1392 1074 ἀπάντων
1412 1021 1528 1075 ἐστὶ
1550 1021 1925 1092 σφοδρότερον.

264 1101 490 1164 Δεικνὺς
505 1099 703 1164 τοίνυν,
720 1099 800 1152 ὅτι
828 1099 922 1152 καὶ
945 1098 1006 1151 τὸ
1025 1097 1304 1168 ἐλάχιστον
1328 1099 1429 1169 τῆς
1446 1101 1670 1171 γνησίας
1695 1101 1929 1164 πίστεως

270 1179 481 1250 μεγάλα
501 1178 739 1241 δύναται,
772 1175 1012 1247 ἐμνήσθη
1043 1177 1137 1230 τοῦ
1167 1178 1464 1240 σινάπεως·
1497 1180 1591 1233 καί⁵
1615 1180 1736 1233 οὺδέ
1768 1181 1926 1250 μέχρι

264 1261 457 1314 τούτου
491 1260 615 1329 ἔστη
647 1259 823 1328 μόνον,
860 1258 996 1309 ἀλλὰ
1027 1259 1119 1310 καὶ
1148 1259 1246 1328 ὅρη
1267 1260 1592 1329 προσέθηκε,
1619 1262 1711 1314 καὶ
1740 1276 1927 1329 περαι-

265 1342 410 1410 τέρω
440 1339 662 1409 προέϐη.
695 1336 884 1389 Οὐδὲν
911 1335 1040 1404 γὰρ,
1067 1337 1252 1405 φησὶν.
1283 1337 1645 1402 ἀδυνατήσει
1695 1338 1850 1406 ὑμῖν.

333 1421 393 1472 δ’.
436 1419 508 1474 Σὺ
539 1417 594 1470 δὲ
631 1414 910 1469 κάνταῦθα
943 1415 1119 1467 αὐτῶν
1149 1414 1426 1484 θαύμασον
1455 1417 1554 1486 τὴν
1586 1417 1923 1485 φιλοσοφίαν,

265 1498 475 1556 καὶτοῦ
505 1496 818 1566 Πνεύματος
844 1495 944 1563 τὴν
977 1493 1128 1563 ἰσχύν
1155 1511 1168 1524 ·
1203 1494 1301 1565 τὴν
1331 1497 1428 1564 μὲν
1459 1496 1796 1564 φιλοσοφίαν,
1843 1497 1926 1549 ὃτι

265 1581 364 1634 οὐκ
385 1578 624 1649 ἔκρυψαν
647 1575 824 1629 αὐτῶν
851 1573 914 1627 τὸ
937 1573 1224 1642 ἐλάττωμα
1243 1590 1256 1603 ·
1293 1574 1386 1626 τοῦ
1408 1575 1464 1628 δέ
1487 1574 1802 1644 Πνεύματος
1827 1574 1926 1644 τὴν

269 1661 442 1729 ισχὺν,
470 1658 552 1711 ὅτι
579 1656 703 1718 τοὺς
731 1653 854 1707 ούδέ
883 1653 1078 1706 κόκκον
1309 1655 1578 1716 σινάπεως
1619 1655 1662 1686 ¹⁸
1707 1654 1928 1722 ἔχοντας

265 1737 407 1791 οὕτω
427 1734 568 1788 κατά
595 1733 788 1804 μικρὸν
816 1732 1089 1801 ἀνήγαγεν
1121 1731 1188 1797 ⁸⁷,
1219 1731 1294 1794 ὡς
1322 1735 1599 1801 ποταμοὺς
1625 1734 1721 1785 καὶ
1743 1733 1928 1800 πηγὰς

265 1817 322 1868 ἐν
369 1815 551 1877 αὐτοῖς
601 1811 834 1873 πίστεως
879 1809 1184 1862 ἀναδοῦναι.
1243 1809 1315 1862 T6
1357 1809 1424 1862 δὲ
1467 1809 1641 1878 γένος
1672 1811 1714 1842 ¹⁸
1753 1810 1927 1864 τοῦτο

264 1895 374 1947 οὐκ
406 1891 810 1958 ἐκπορεύεται,
842 1889 894 1939 εί
929 1885 1015 1954 μὴ
1058 1886 1128 1939 ἐν
1166 1885 1477 1955 προσευχῇ
1507 1887 1603 1940 καὶ
1636 1889 1885 1954 νηστείᾳ
1909 1905 1924 1919 .

263 1971 324 2025 τὸ
369 1971 479 2022 τῶν
525 1967 794 2034 δαιμόνων
841 1965 1007 2028 ἅπαν,
1053 1965 1114 2016 οὗ
1171 1964 1234 2016 τὸ
1291 1964 1402 2017 τῶν
1467 1966 1928 2037 σεληνιαζομένων

263 2048 440 2115 λέγων
469 2046 646 2117 μόνον.
688 2044 848 2113 Ὁρᾷς
879 2042 996 2104 πῶς
1027 2042 1209 2108 αὐτοῖς
1251 2045 1350 2115 ἠδη
1387 2045 1478 2098 τὸν
1507 2047 1634 2117 περὶ
1675 2048 1930 2117 νηστείας

268 2123 770 2198 προκαταϐάλλεται
805 2119 989 2188 λόγον;
1021 2119 1112 2191 Μὴ
1134 2121 1242 2191 γάρ
1272 2138 1360 2191 μοι
1386 2123 1492 2176 ἀπὸ
1511 2123 1618 2176 τῶν
1646 2123 1928 2188 σπανιζόν-

264 2223 372 2258 των
397 2207 542 2272 λέγε,
565 2203 646 2254 ὄτι
678 2199 818 2262 τινὲς
849 2199 940 2251 καὶ
965 2199 1132 2269 χωρὶς
1160 2200 1409 2267 νηστείας
1441 2201 1709 2266 ἐξέϐαλον.
1734 2204 1796 2256 Εί
1820 2204 1928 2273 γὰρ

264 2285 361 2336 καὶ
395 2282 522 2351 περὶ
550 2279 658 2332 τῶν
690 2275 1063 2346 ἐπιτιμώντων
1109 2277 1265 2329 τοῦτο
1311 2278 1378 2330 ἀν
1419 2280 1562 2332 εἴποι
1598 2298 1682 2342 τις
1721 2283 1764 2314 ¹⁹
1810 2282 1927 2344 ἐνός

264 2381 366 2416 που
403 2361 497 2414 καὶ
526 2358 799 2428 δευτέρου,
838 2354 975 2409 ἀλλά
1011 2356 1283 2424 πάσχοντα
1323 2357 1601 2426 ἀμήχανόν
1631 2376 1758 2411 ποτε
1798 2377 1926 2430 τρυ-

264 2441 450 2511 φῶντα
474 2434 853 2504 ἀπαλλαγῆναι
869 2433 968 2501 τῆς
989 2433 1184 2504 μανίας
1198 2431 1418 2503 ταύτης.
1460 2436 1666 2506 Δεῖγάρ
1691 2437 1926 2505 μάλιστα

261 2519 354 2572 τοῦ
367 2518 686 2586 πράγματος
715 2511 903 2567 τούτου
921 2511 999 2581 τῷ
1014 2513 1059 2543 ¹⁰
1077 2511 1145 2564 τά
1166 2511 1386 2565 τοιαῦτα
1407 2512 1668 2568 νοσοῦντι.
1686 2516 1795 2568 Καὶ
1819 2517 1926 2586 μὴν

263 2601 311 2652 εί
349 2596 579 2658 πίστεως
601 2592 778 2665 χρεία,
803 2591 956 2662 φησὶ,
988 2591 1040 2644 τί
1069 2592 1151 2645 δεῖ
1183 2593 1468 2659 νηστείαςς
1507 2591 1628 2647 ’Ότι
1665 2594 1800 2662 μετά
1826 2595 1927 2662 τῆς

261 2678 494 2738 πίστεως
535 2675 753 2727 κάκεῖνο
779 2671 838 2724 οὑ
877 2670 1076 2741 μικράν
1110 2671 1318 2740 εἰσάγει
1349 2669 1447 2742 τὴν
1483 2672 1652 2744 ἰσχύν.
1687 2675 1796 2727 Καὶ
1819 2674 1925 2746 γάρ

262 2755 581 2826 φιλοσοφίαν
604 2755 646 2784 ’⁸
680 2751 877 2820 πολλὴν
908 2751 1167 2820 ἐντίθησι,
1186 2752 1280 2803 καὶ
1303 2751 1532 2820 ἄγγελον
1558 2753 1618 2818 ἐξ
1635 2752 1922 2822 ἀνθρώπου

262 2831 680 2896 κατασκευάζει,
716 2831 812 2884 καί⁵
847 2832 964 2892 ταῖς
998 2829 1305 2899 ἀσωμάτοις
1344 2831 1604 2902 δυνάμεσι
1641 2832 1920 2884 πυκτεύει-

262 2914 376 2968 ἀλλ“
393 2913 452 2966 οὐ
475 2911 594 2966 καθ’
619 2909 836 2978 ἑαυτὴν,
867 2907 1001 2960 ἀλλά
1025 2907 1107 2960 δεῖ
1125 2909 1216 2960 καὶ
1251 2907 1437 2978 εὐχῆς,
1469 2911 1561 2962 καὶ
1582 2909 1804 2980 πρώτης
1830 2910 1922 2962 εύ-

260 2993 381 3063 χῆς,
419 2992 559 3061 Ὅρα
589 2988 718 3058 γοῦν
733 2989 778 3019 ”
805 2987 906 3040 ὅσα
933 2985 1111 3054 ἀγαθά
1157 2985 1216 3050 ἐξ
1242 2985 1562 3057 ἀμφοτέρων
1595 2989 1821 3056 γίνεται.
1865 2989 1922 3040 ’0

261 3071 371 3142 7&9
393 3070 682 3139 εὐχόμενος
714 3067 788 3130 ὡς
817 3064 944 3136 χρὴ,
963 3067 1055 3118 καὶ
1081 3065 1374 3134 νηστεύων,
1401 3067 1459 3119 ού
1492 3067 1699 3119 πολλῶν
1718 3069 1917 3121 δεῖται·

259 3153 289 3204 6
328 3150 382 3202 δέ
413 3147 620 3200 πολλῶν
655 3145 727 3216 μὴ
754 3144 1002 3214 δεόμενος
1030 3144 1129 3196 οὐκ
1151 3144 1214 3196 ἂν
1245 3143 1454 3210 γένοιτο
1479 3145 1881 3216 φιλοχρήματος
1904 3162 1918 3176 ·

260 3228 353 3281 ό¹⁸
383 3227 457 3298 μὴ
491 3224 909 3295 φιλοχρήματος,
944 3222 1036 3274 καὶ
1064 3221 1200 3292 πρὸς
1225 3222 1592 3292 ἐλεημοσύνην
1625 3225 1922 3295 ἐπιτηδειό-

259 3322 436 3376 τερος.
481 3304 540 3357 Ὀ
583 3299 856 3373 νηστεύων
888 3298 1088 3367 κοῦφός
1131 3302 1247 3353 ἐστι
1280 3302 1371 3354 καὶ
1402 3303 1793 3373 ἐπτερωμένος,
1826 3305 1921 3357 καὶ

264 3384 404 3456 μετά
432 3383 643 3453 νήψεως
676 3379 910 3450 εὔχεται,
959 3380 1050 3431 καὶ
1089 3379 1188 3443 τὰς
1218 3381 1510 3450 ἐπιθυμίας
1547 3382 1792 3436 σϐέννυσι
1820 3384 1921 3447 τὰς

259 3462 507 3533 πονηρὰς
529 3501 543 3525 ,
577 3461 674 3516 καὶ
721 3457 1018 3522 ἐξιλεοῦται
1053 3457 1217 3521 Θεὸν,
1258 3461 1353 3511 καὶ
1399 3464 1645 3514 ταπεινοῖ
1690 3463 1789 3531 τὴν
1817 3461 1919 3531 ψυ-

260 3543 364 3614 χὴν
391 3539 772 3610 ἐπαιρομένην.
803 3536 901 3589 Διά
926 3536 1080 3590 τοῦτο
1105 3538 1200 3590 καὶ
1226 3539 1273 3590 οί
1304 3538 1588 3593 ἀπόστολοι
1621 3540 1706 3594 ἀεὶ
1738 3541 1922 3612 σχεδὸν

260 3623 570 3684 ἐνήστευον.
615 3618 673 3670 '0
699 3617 985 3686 εὐχόμενος
1021 3614 1159 3684 μετά
1185 3617 1436 3686 νηστείας
1462 3617 1652 3680 διπλᾶς
1680 3618 1791 3687 ἔχει
1824 3618 1922 3682 τὰς

260 3701 558 3770 πτέρυγας,
581 3696 675 3750 καὶ
699 3694 806 3748 τῶν
827 3694 1042 3763 ἀνέμων
1069 3693 1248 3746 αὐτῶν
1275 3696 1624 3766 κουφοτέρας.
1656 3696 1790 3749 Ούδέ
1812 3697 1922 3767 7&9

259 3781 537 3852 χασμᾶται
580 3777 674 3830 καὶ
715 3774 1031 3828 διατείνεται
1063 3774 1157 3826 καὶ
1205 3777 1383 3845 ναρκᾷ
1431 3776 1741 3846 εὐχόμενος,
1785 3777 1921 3846 ὅπερ

262 3861 563 3930 πάσχουσιν
587 3857 636 3910 οἱ
663 3854 843 3909 πολλοί
872 3871 886 3883 ·
920 3853 1035 3907 ἀλλ’
1065 3852 1178 3906 ἔστι
1219 3855 1389 3925 πυρὸς
1417 3855 1792 3927 σφοδρότερος,
1827 3857 1922 3910 καὶ

255 3941 358 4011 τῆς
389 3939 492 4007 γῆς
518 3935 807 4005 άνώτερος.
854 3932 946 3986 Διδ
969 3933 1062 3986 καὶ
1090 3932 1323 4003 μάλιστα
1345 3935 1374 3987 6
1403 3935 1642 3998 τοιοῦτος
1671 3939 1782 4000 τοῖς
1807 3936 1917 3990 δαί-

261 4033 420 4090 μοσιν
452 4014 640 4085 ἐχθρὸς
671 4013 764 4066 καὶ
796 4011 1071 4090 πολέμιος.
1124 4011 1291 4066 Οὐδὲν
1320 4013 1429 4084 7&9
1469 4013 1755 4084 ἀνθρώπου
1789 4031 1921 4084 γνη-

259 4089 394 4158 σίως
441 4092 730 4163 εὐχομένου
775 4089 1157 4160 δυνατώτερον.
1211 4090 1273 4143 EI
1317 4092 1424 4162 7&9
1452 4092 1586 4163 γυνὴ
1616 4092 1766 4163 ὠμόν
1797 4111 1920 4148 τινα

256 4177 516 4247 ἄρχοντα,
533 4172 624 4226 καὶ
649 4169 770 4223 οῦτε
795 4167 926 4221 Θεὸν
947 4168 992 4198 ’⁸
1019 4167 1370 4238 φοϐούμενον,
1392 4168 1513 4222 οὒτε
1533 4169 1815 4241 ἄνθρωπον
1835 4173 1919 4226 ἐν·

255 4252 611 4325 τρεπόμενον,
642 4248 856 4318 ίσχυσεν
889 4247 1214 4316 ἐπικάμψαι,
1250 4247 1426 4318 πολλῷ
1456 4248 1654 4320 μᾶλλον
1672 4251 1762 4303 τὸν
1785 4251 1916 4305 Θεὸν

257 4336 619 4389 ἐπισπάσεται
643 4333 671 4385 ό
700 4329 933 4399 συνεχῶς
961 4327 1105 4398 αὑτῷ
1136 4329 1524 4400 προσεδρεύων,
1555 4330 1649 4384 καὶ
1681 4331 1916 4402 γαστρὸς

256 4412 494 4485 κρατῶν,
525 4411 616 4464 καλ⁸
637 4408 844 4482 τρυφὴν
871 4407 1163 4460 ἐκϐάλλων.

331 4493 392 4545 EI
420 4491 476 4544 δὲ
520 4488 742 4550 ἀσθενές
767 4488 814 4518 ’⁸
845 4504 926 4540 σοι
955 4486 1013 4539 τὸ
1040 4487 1218 4558 σῶμα,
1260 4486 1400 4541 ὥστε
1427 4487 1708 4557 νηστεύειν
1747 4489 1918 4558 διηνε-

256 4572 393 4635 κῶς,
424 4569 537 4624 ἀλλ’
564 4569 664 4622 οὐκ
695 4569 774 4630 είς
817 4566 1120 4637 προσευχὴν
1161 4565 1405 4629 ἀσθενὲς,
1435 4566 1554 4619 ούδέ
1585 4567 1718 4636 πρὸς
1747 4567 1917 4638 ὑπερ-

257 4652 416 4720 οψίαν
442 4647 674 4718 γαστρὸς
705 4647 908 4700 ἄτονον.
938 4645 1000 4698 EI
1031 4646 1138 4717 7&9
1171 4647 1264 4698 καὶ
1291 4645 1568 4715 νηστεύειν
1589 4647 1649 4699 οὐ
1672 4646 1914 4707 δύνασαι,

257 4729 396 4785 ἀλλά
433 4727 505 4799 μὴ
527 4726 738 4797 τρυφᾷν
771 4724 1030 4778 δύνασαι·
1065 4725 1125 4776 ού
1169 4724 1361 4794 μικρὸν
1389 4725 1444 4777 δέ
1469 4726 1561 4778 καὶ
1587 4724 1763 4788 τοῦτο,
1795 4725 1915 4778 οὐδέ

258 4808 396 4862 πολὺ
435 4805 684 4877 νηστείας
712 4804 911 4874 ἀπέχον
934 4819 948 4832 ·
989 4802 1101 4856 ἀλλ’
1139 4803 1320 4856 ίκανὺν
1350 4803 1445 4872 μὲν
1471 4803 1740 4855 καὶτοῦτο
1761 4821 1919 4856 κατα·

257 4888 465 4942 σπάσαι
483 4887 527 4919 “
551 4885 645 4938 τοῦ
671 4883 915 4938 διαϐόλου
935 4882 1033 4952 τὴν
1057 4882 1269 4951 μανίαν.
1307 4881 1416 4934 Καὶ
1442 4881 1549 4952 γὰρ
1582 4881 1733 4934 οὐδὲν
1749 4882 1919 4945 οὓτως

256 4967 449 5035 ἐκείνῳ
480 4963 558 5034 τῷ
585 4963 797 5032 δαίμονι
845 4961 1028 5030 φίλον.
1076 4961 1151 5024 ὡς
1183 4959 1360 5032 τρυφὴ
1393 4963 1486 5014 καὶ
1519 4959 1654 5030 μέθη
1679 4977 1694 4992 ·
1733 4960 1916 5031 ἐπειδὴ

257 5047 354 5099 καὶ
404 5041 552 5112 πηγὴ
586 5041 680 5094 καὶ
722 5040 905 5111 μήτηρ
952 5041 1096 5092 ἐστὶν
1139 5039 1391 5093 ἁπάντων
1431 5041 1539 5093 τῶν
1571 5040 1777 5094 κακῶν.
1821 5041 1918 5093 Διά

253 5123 463 5192 ταύτης
492 5119 621 5190 γοῦν
657 5136 785 5172 ποτε
823 5119 947 5182 τοὺς
980 5117 1318 5188 Ἰσραηλίτας
1357 5121 1439 5182 είς
1475 5118 1917 5188 εἰδωλολατρείαν

1334 354 1397 406 I-.\
1438 353 1848 409 MATTHEUM
1891 352 2122 410 HOMIL.
2161 353 2314 410 LVII.
2359 357 2428 410 al.
2463 355 2638 411 LVIII.

3591 363 3698 420 εει

2029 467 2249 520 ἐνέϐαλε
2280 483 2295 497 ο
2334 468 2422 522 διὰ
2458 471 2663 537 ταύτης
2706 470 2831 532 τοὺς
2871 471 3160 542 ὣδομίτας
3212 475 3291 536 είς
3343 477 3694 548 παρανόμους

2025 550 2228 621 ἀνῆψεν
2247 551 2290 581 ⁸⁷
2317 550 2544 620 ἔρωτας.
2582 553 2760 607 Τοῦτο
2783 554 2910 626 γὰρ,
2944 556 3097 625 φησὶ,
3131 557 3197 610 τὸ
3217 557 3491 628 ἁνόμημα
3517 561 3696 615 £066-

2020 651 2154 702 μων
2178 651 2192 664 ·
2240 635 2309 688 ἐν
2325 636 2370 666 ’⁸
2409 637 2824 704 ὑπερηφανίᾳ,
2869 639 2967 691 καὶ
3006 639 3076 691 ἐν
3107 642 3434 709 πλησμονῇ
3481 642 3691 710 ἀρτων,

2027 717 2121 767 καί
2147 719 2450 786 εὐθηνίαις
2480 717 2856 774 ἐσπατάλων.
2889 721 2985 774 Διὰ
3007 721 3208 790 ταύτης
3230 724 3456 793 μυρίους
3478 727 3694 796 ἐτέρους

2025 799 2298 862 ἀπώλεσε,
2350 801 2442 853 καὶ
2479 803 2544 871 τῇ
2579 802 2771 875 γεέννῃ
2812 803 3110 874 παρέδωκε.
3158 805 3223 857 Τί
3255 806 3362 876 γὰρ
3395 807 3495 860 οὐκ
3532 810 3696 879 ἐργα-

2027 883 2176 947 ζεται
2214 883 2380 937 κακὸν
2409 885 2441 953 ή
2473 883 2687 954 τρυφῆς
2733 884 2962 952 Χοίρους
2993 885 3050 948 ἐξ
3082 885 3382 952 ἀνθρώπων
3414 893 3577 952 ποιεῖ,
3603 895 3695 943 κα¹ι

2027 965 2223 1035 χοίρων
2249 964 2482 1035 χείρους.
2519 965 2576 1016 Ὁ
2613 965 2709 1034 μὲν
2743 966 2850 1036 7&9
2885 970 3063 1037 χοῖρος
3094 966 3334 1039 βορϐόρῳ
3360 971 3693 1037 ἐγκαλινδεί-

2025 1065 2134 1112 ται,
2154 1047 2248 1100 καὶ
2271 1047 2460 1117 κόπρῳ
2480 1046 2738 1116 τρέφεται
2757 1067 2769 1078 -
2794 1043 2945 1112 οὗτος
2969 1049 3024 1102 δέ
3040 1051 3252 1123 ἐκείνης
3275 1054 3692 1122 βδελυκτοτέραν

2029 1131 2256 1182 σιτεῖται
2298 1127 2576 1199 τράπεζαν
2599 1129 2677 1191 ⁸⁸,
2731 1128 2906 1198 μίξεις
2943 1132 3173 1185 ἐπινοῶν
3206 1133 3359 1204 [582]
3391 1135 3688 1205 ἀθέσμους,

2028 1213 2122 1264 καὶ
2147 1211 2493 1281 παρανόμους
2524 1212 2750 1281 ἔρωτας.
2802 1212 2858 1265 '0
2884 1214 3122 1277 τοιοῦτος
3153 1217 3306 1268 οὐδὲν
3330 1217 3692 1287 δαιμονῶντος

2025 1294 2329 1364 διενήνοχεν
2351 1309 2367 1323 ·
2400 1293 2596 1363 ὁμοίως
2625 1293 2732 1363 γάρ
2769 1295 3114 1365 ἀναισχυντεί
3148 1297 3240 1350 καὶ
3271 1299 3541 1368 μαίνεται.
3584 1300 3694 1351 Καὶ

2025 1374 2116 1427 τὸν
2138 1391 2236 1446 μεν
2261 1376 2599 1446 δαιμονῶντα
2627 1378 2727 1428 κᾶν
2751 1376 3004 1447 ἐλεοῦμεν
3023 1379 3088 1444 ³⁸,
3124 1380 3310 1431 τοῦτον
3338 1379 3394 1431 δὲ
3426 1381 3694 1449 ἀποστρε-

2027 1459 2240 1528 φόμεθα
2272 1459 2367 1512 καὶ
2403 1457 2682 1528 μισοῦμεν.
2713 1460 2777 1511 Τί
2807 1458 3038 1528 δήποτες
3073 1461 3192 1513 Ὅτι
3228 1460 3547 1530 αὐθαίρετον
3572 1461 3693 1512 ἐπιο

2029 1545 2228 1594 σπᾶται
2263 1541 2480 1611 μανίαν,
2526 1542 2706 1594 καὶτὸ
2751 1541 2942 1610 στόμα,
2981 1543 3073 1595 καὶ
3103 1544 3228 1605 τοὺς
3261 1543 3568 1612 ὀφθαλμοὺς
3598 1543 3694 1595 καὶ

2029 1624 2180 1692 ῥῖνας
2197 1622 2272 1687 ⁸¹,
2316 1623 2411 1674 καὶ
2453 1623 2630 1674 πάντα
2664 1623 2850 1684 ἀπλῶς
2887 1625 3102 1693 ὀχετοὺς
3137 1625 3354 1694 ἀμάρας
3379 1623 3690 1694 ἐργάζεται.

2029 1704 2091 1756 EI
2119 1705 2175 1756 δὲ
2203 1705 2296 1756 καὶ
2323 1703 2391 1756 τά
2421 1703 2568 1756 ἔνδον
2585 1707 2628 1735 ³³
2661 1705 2814 1768 ἴδοις,
2849 1706 2968 1772 ὄψει
2997 1707 3091 1758 καὶ
3119 1707 3218 1774 τὴν
3241 1707 3417 1776 ψυχὴν
3441 1707 3694 1777 καθάπερ

2028 1789 2084 1840 ἐν
2117 1804 2222 1839 τινι
2261 1785 2488 1857 χειμῶνι
2531 1787 2625 1839 καὶ
2675 1785 2872 1857 κρυμῷ
2907 1789 3212 1857 πεπηγυῖαν
3254 1789 3346 1838 καὶ
3384 1787 3689 1856 ναρκῶσαν,

2028 1866 2122 1918 καὶ
2145 1865 2296 1918 οὐδὲν
2328 1864 2388 1918 τὸ
2426 1866 2628 1932 σκάφος
2669 1864 2948 1934 ὠφελῆσαι
2991 1863 3293 1933 δυναμένην
3344 1864 3432 1916 διὰ
3465 1863 3561 1933 τὴν
3597 1864 3692 1916 τοῦ

2027 1943 2292 2014 χειμῶνος
2331 1944 2654 2014 ὑπερϐολήν.
2703 1943 3037 2013 Αἰσχύνομαι
3070 1945 3264 2008 εἰπεῖν,
3302 1943 3402 1996 ὃσα
3439 1943 3544 1995 ἀπὸ
3566 1959 3694 2012 τρυ-

2029 2023 2134 2092 φῆς
2160 2024 2459 2091 πάσχουσιν
2484 2022 2673 2091 ἄνδρες
2687 2022 2732 2053 ³³
2769 2023 2862 2075 καὶ
2887 2023 3143 2088 γυναῖκες
3163 2023 3308 2076 κακά
3329 2037 3343 2052 ·
3385 2019 3464 2091 τῷ
3499 2021 3556 2074 δὲ
3593 2023 3692 2074 αύ-

2027 2101 2134 2155 τῶν
2161 2100 2474 2154 καταλείπω
2501 2100 2780 2164 συνειδότι,
2807 2099 2883 2170 τῷ
2905 2100 3074 2153 ταῦτα
3095 2101 3482 2170 ἀκριϐέστερον
3507 2099 3694 2152 εἰδότι.

2028 2178 2093 2230 Τί
2130 2180 2239 2249 7&9
2264 2179 2611 2251 αίσχρότερον
2649 2180 2904 2245 γυναικὸς
2939 2177 3319 2248 μεθυούσης,ἢ
3362 2178 3546 2241 ἀπλῶς
3585 2195 3692 2231 πα⁴

2029 2258 2517 2330 ραφερομένης³⁸;
2569 2260 2718 2330 ὐσῳ
2773 2260 2881 2330 7&9
2930 2259 3315 2330 ἀσθενέστερον
3369 2259 3427 2311 τὸ
3478 2259 3693 2323 σκεῦος,

2025 2338 2261 2408 τοσούτῳ
2293 2337 2452 2390 πλέον
2493 2337 2554 2390 τὸ
2603 2338 2878 2404 ναυάγιον,
2927 2338 2992 2390 ἄν
3025 2355 3084 2390 τε
3133 2337 3392 2407 ἐλευθέρα
3433 2334 3488 2409 ᾖ,
3527 2336 3590 2390 ἄν
3631 2352 3691 2387 τε

2025 2415 2204 2486 δούλη.
2248 2416 2313 2468 Ἠ
2349 2417 2448 2486 μὲν
2493 2416 2600 2486 γάρ
2639 2416 2897 2486 ἐλευθέρα
2944 2419 2999 2470 ἐν
3038 2417 3186 2486 μέσῳ
3220 2415 3298 2486 τῷ
3346 2417 3556 2487 θεάτρῳ
3584 2417 3692 2468 τῶν

2024 2492 2224 2545 δούλων
2267 2494 2571 2564 ἀσχημονεῖ
2588 2494 2633 2525 ³³
2655 2513 2668 2528 -
2713 2497 2746 2564 ή
2776 2495 2831 2547 δέ
2867 2495 3026 2565 δούλη
3057 2495 3216 2548 πάλιν
3243 2494 3440 2563 ὁμοίως
3488 2494 3689 2564 μεταξὺ

2024 2570 2132 2623 τῶν
2179 2572 2377 2625 δούλων
2405 2589 2418 2604 ·
2463 2573 2558 2626 καὶ
2602 2572 3076 2644 παρασκευάζουσι
3123 2573 3216 2624 τοῦ
3259 2573 3392 2626 Θεοῦ
3441 2575 3508 2627 τὰ
3545 2573 3689 2644 δῶρα

2029 2647 2463 2722 βλασφημεῖσθαι
2494 2653 2644 2722 παρά
2675 2652 2784 2705 τῶν
2814 2653 3075 2722 ἀνοήτων.
3109 2652 3328 2705 Πολλῶν
3361 2652 3489 2720 γοῦν
3510 2655 3691 2706 ἀκούω

2025 2728 2314 2801 λεγόντων,
2343 2730 2470 2782 ὅταν
2501 2729 2673 2782 ταῦτα
2695 2730 2740 2760 ⁸⁸
2769 2731 3038 2801 συμϐαίνῃ
3085 2731 3153 2783 τὰ
3202 2732 3369 2800 πάθη·
3419 2732 3510 2800 Μὴ
3550 2732 3691 2785 ἔστω

2025 2799 2185 2866 οἶνος.
2210 2806 2273 2856 Ὢ
2294 2807 2391 2873 τῆς
2413 2807 2595 2870 ἀνοίας
2617 2807 2630 2857 I
2654 2805 2698 2858 ὣ
2725 2807 2824 2876 τῆς
2843 2799 3265 2878 παραπληξίαςί
3289 2799 3688 2880 ’Ᾱλλωνὰμαρ-

2025 2883 2287 2935 τανόντων
2329 2887 2448 2947 ταῖς
2489 2883 2581 2936 τοῦ
2613 2884 2746 2937 Θεοῦ
2780 2885 3007 2955 δωρεαῖς
3037 2887 3320 2954 ἐγκαλεῖς;
3371 2890 3464 2942 καὶ
3516 2890 3690 2958 πόσης

2022 2959 2180 3013 τοῦτο
2222 2961 2418 3031 μανίας
2443 2978 2457 3026 ;
2490 2963 2580 3033 Μὴ
2617 2962 2725 3033 7&9
2750 2965 2778 3015 6
2807 2959 2948 3026 οἶνος
2977 2965 3248 3035 ἐποίησεν,
3287 2965 3400 3017 ἀλλ’
3429 2968 3461 3036 ἡ
3491 2967 3688 3019 ἀκολα-

2026 3040 2115 3092 σία
2139 3039 2247 3093 τῶν
2272 3041 2648 3095 ἀπολαυόντων
2670 3042 2872 3105 κακῶς.
2892 3043 3025 3096 Είπέ
3044 3044 3242 3107 τοίνυν,
3256 3045 3347 3114 Μὴ
3365 3044 3503 3096 ἔστω
3528 3046 3687 3115 μέθη,

2025 3120 2100 3190 μὴ
2130 3118 2270 3173 ἔστω
2295 3122 2472 3191 τρυφή
2502 3137 2517 3153 ·
2546 3123 2596 3173 εί
2619 3120 2674 3173 δέ
2704 3121 2902 3188 λέγοις,
2923 3121 3012 3190 Μὴ
3037 3122 3176 3174 ἔστω
3195 3119 3358 3185 οἶνος.
3383 3125 3526 3192 ἐρεῖς
3548 3126 3688 3176 κατά

2024 3198 2220 3270 μικρὸν
2261 3199 2587 3270 προϐαίνων,
2615 3199 2707 3269 Μὴ
2749 3199 2890 3251 ἔστω
2927 3199 3168 3269 σίδηρος,
3211 3199 3301 3252 διὰ
3336 3201 3462 3261 τοὺς
3495 3203 3681 3272 ἀνδρο·

2022 3277 2247 3346 φόνους·
2266 3277 2357 3348 Μὴ
2379 3277 2519 3330 ἔστω
2550 3278 2665 3342 νὺξ,
2697 3277 2785 3330 διὰ
2815 3279 2940 3340 τοὺς
2971 3277 3229 3340 κλέπτας·
3259 3279 3352 3348 Μὴ
3381 3277 3520 3331 ἔστω
3551 3281 3690 3347 φῶς,

2021 3358 2109 3412 διά
2145 3358 2272 3420 τοὺς
2301 3357 2657 3426 συκοφάντας·
2693 3356 2784 3428 Μὴ
2805 3357 2944 3410 ἔστω
2973 3356 3130 3428 γυνὴ,
3158 3357 3246 3411 διὰ
3271 3357 3371 3420 τὰς
3403 3359 3646 3428 μοιχείας
3668 3374 3684 3389 .

2021 3437 2116 3490 καὶ
2161 3435 2337 3488 πάντα
2385 3436 2569 3498 ἁπλῶς
2611 3436 2949 3506 ἀναιρήσεις.

2092 3521 2153 3569 ε’.
2209 3515 2368 3568 Ἀλλὰ
2399 3516 2474 3586 μὴ
2501 3514 2643 3568 οὕτω
2675 3514 2819 3567 ποίει
2847 3533 2860 3545 ο
2904 3514 3199 3584 σατανικῆς
3227 3514 3334 3586 γὰρ
3363 3515 3521 3569 τοῦτο
3551 3515 3690 3582 γνῶσ

2025 3613 2132 3668 μης
2156 3612 2170 3627 ·
2204 3598 2336 3666 μηδὲ
2358 3597 2605 3652 διάϐαλλε
2629 3597 2720 3649 τὸν
2747 3593 2908 3660 οἶνον,
2931 3596 3066 3649 ἀλλά
3091 3596 3192 3666 τὴν
3231 3597 3400 3668 μέθην
3426 3616 3438 3629 ·
3471 3599 3565 3652 καί¹
3593 3597 3682 3651 λα-

2021 3675 2131 3728 ϐὼν
2149 3675 2336 3726 τοῦτον
2361 3674 2523 3726 αὑτὸν
2569 3675 2826 3743 νήφοντα,
2863 3674 3176 3744 ὑπόγραψον
3205 3678 3383 3729 πᾶσαν
3405 3677 3569 3730 αὐτοῦ
3588 3677 3689 3747 τὴν

2021 3752 2426 3822 ἀσχημοσύνην,
2448 3752 2542 3805 καὶ
2567 3751 2686 3804 είπὲ
2710 3751 2843 3822 πρὸς
2869 3753 3031 3804 αὐτόν
3051 3769 3064 3784 ·
3099 3748 3252 3816 Οἷνος
3283 3754 3460 3824 ἐδόθη,
3484 3756 3571 3809 ἴνα
3597 3759 3686 3809 εὐ-

2022 3830 2373 3902 φραινώμεθα
2394 3869 2410 3894 ,
2445 3831 2541 3900 οὐχ
2583 3831 2670 3882 ἴνα
2698 3830 3126 3899 ἀσχημονῶμεν·
3165 3832 3251 3884 ἵνα
3283 3833 3546 3902 γελῶμεν,
3589 3837 3686 3906 οὐχ

2023 3911 2109 3964 ἵνα
2152 3907 2469 3979 γελώμεθα·
2512 3910 2598 3962 ἵνα
2639 3909 2988 3980 ὑγιαίνωμεν,
3024 3910 3120 3978 οὐχ
3153 3911 3238 3963 ἴνα
3280 3911 3551 3981 νοσῶμεν·
3599 3915 3684 3968 ἴνα

2021 3990 2305 4043 ἀσθένειαν
2338 3988 2586 4060 σώματος
2608 3987 3050 4058 διορθωσὼμεθα,
3084 3990 3182 4058 οὐχ
3217 3991 3302 4043 ἵνα
3325 3989 3505 4059 ψυχῆς
3531 3994 3686 4061 ἰσχὺν

2022 4069 2428 4139 καταϐάλωμεν.
2471 4067 2725 4138 Ἐτίμησέ
2756 4084 2814 4120 σε
2851 4069 2879 4120 6
2907 4067 3037 4130 Θεὸς
3086 4068 3163 4139 τῷ
3188 4068 3344 4141 δώρῳ
3363 4085 3376 4098 ·
3406 4070 3459 4122 τί
3490 4071 3686 4123 σαυτὸν

2022 4148 2260 4220 ὑϐρίζεις
2305 4151 2370 4219 τῇ
2425 4147 2692 4219 ἀμετρίας
2737 4145 3002 4200 Ἄκουσον
3048 4147 3100 4199 τί
3143 4165 3305 4219 φησιν
3354 4151 3382 4202 6
3437 4149 3682 4212 Παῦλος·

2017 4228 2169 4291 Οἵνῳ
2216 4229 2397 4296 ὀλίγῳ
2437 4227 2560 4295 χρῶ
2605 4225 2703 4279 διὰ
2737 4224 2845 4277 τὸν
2898 4226 3208 4294 στόμαχόν
3243 4244 3360 4281 σου
3425 4229 3520 4282 καί
3575 4227 3687 4293 τὰς

2021 4307 2255 4372 πυκνάς
2271 4325 2386 4362 σου
2415 4310 2752 4372 ἀσθενείας.
2775 4308 2838 4359 EI
2867 4307 2926 4360 δὲ
2952 4310 2980 4360 ό
3006 4306 3161 4376 ἅγιος
3190 4309 3414 4371 ἐκεῖνος,
3430 4309 3523 4361 καὶ
3542 4307 3686 4376 νόσῳ

2021 4387 2404 4454 κατεχόμενος,
2446 4387 2540 4439 καὶ⁸
2577 4385 2911 4455 ἐπαλλήλους
2942 4385 3252 4456 ἀρρωστίας
3285 4387 3588 4456 ὑπομένων,
3619 4386 3685 4438 ού

2025 4464 2314 4535 μετέλαϐεν
2338 4465 2502 4527 οἴνου,
2532 4465 2635 4528 ἔως
2653 4465 2694 4496 ³⁷
2721 4463 3016 4533 ἐπέτρεψεν
3038 4466 3066 4516 6
3095 4464 3432 4530 διδάσκαλος,
3465 4465 3584 4518 τίνα
3616 4466 3684 4517 ἂν

2023 4543 2278 4612 σχοίημεν
2301 4542 2626 4612 συγγνώμην
2655 4543 2814 4612 ἡμεῖς
2848 4543 2905 4593 ἐν
2937 4541 3094 4610 ὑγεία
3121 4540 3407 4610 μεθύοντες
3427 4559 3440 4605 ;
3460 4541 3684 4611 Ὲκείνῳ

2023 4622 2122 4692 μὲν
2153 4621 2356 4689 ἔλεγεν,
2391 4623 2546 4688 Οῖνῳ
2586 4623 2768 4690 ὀλίγῳ
2795 4619 2916 4690 χρῶ
2940 4619 3037 4673 διὰ
3065 4619 3172 4672 τὸν
3193 4620 3499 4687 στομαχόν
3527 4636 3642 4673 σου
3663 4637 3678 4650 ·

2022 4701 2052 4754 ὑ
2060 4701 2174 4772 μῶν
2190 4701 2306 4743 ³⁸-⁸⁹
2327 4701 2382 4754 δέ
2400 4701 2612 4772 ἐκάστῳ
2627 4701 2734 4754 τῶν
2753 4698 3054 4772 μεθύοντων
3077 4700 3208 4768 ἐρεῖ·
3228 4698 3366 4767 Οίνῳ
3380 4697 3541 4767 ὀλίγῳ
3564 4697 3683 4768 χρῶ

2018 4780 2105 4833 διὰ
2126 4779 2225 4844 τὰς
2249 4781 2521 4851 πορνείας,
2550 4779 2636 4835 διὰ
2663 4779 2760 4843 τὰς
2795 4779 3006 4841 πυκνὰς
3035 4775 3431 4847 αἰσχρολογίας,
3458 4775 3543 4828 διὰ
3578 4778 3678 4838 τὰς

2019 4861 2208 4932 ἐτέρας
2234 4861 2526 4932 ἐπιθυμίας
2559 4861 2654 4926 τὰς
2686 4861 2956 4933 πονηρὰς,
2983 4859 3106 4929 ἀςή
3143 4857 3277 4929 μέθη
3308 4857 3514 4911 τίκτειν
3551 4857 3678 4909 εἵω-

2019 4946 2129 5000 θεν.
2164 4948 2228 5001 Εἰ
2253 4948 2310 5000 δέ
2337 4949 2411 5020 μὴ
2445 4948 2696 5019 βούλεσθε
2715 4948 2802 5001 διά
2833 4948 3004 5001 ταῦτα
3021 4947 3068 4978 ⁸⁸
3098 4943 3518 5015 ἀπέχεσθαι,διὰ
3543 4942 3680 5011 γοῦν

2016 5033 2114 5098 τὰς
2148 5034 2385 5108 ἀθυμίας
2420 5035 2519 5098 τὰς
2563 5035 2621 5102 ἐξ
2667 5035 2830 5088 αὐτοῦ
2879 5035 2973 5088 καὶ
3016 5032 3112 5094 τὰς
3152 5032 3341 5100 ἀηδίας
3365 5029 3674 5108 Ᾱάπέχεσθε.

2018 5109 2173 5176 Οἶνος
2219 5105 2329 5186 7&9
2377 5115 2457 5178 είς
2509 5113 2660 5186 [585]
2697 5112 3034 5184 εὐφροσύνην
3087 5111 3274 5180 ἐδόθη·
3316 5105 3489 5174 Οἶκος
3529 5107 3676 5179 γὰρ,

332 5219 377 5249 ¹⁶
407 5213 699 5286 σινάπεως]
728 5213 856 5286 adq.
903 5212 1084 5265 πίστιν
1211 5211 1332 5286 ούδέ
1355 5211 1431 5275 ὡς
1454 5228 1518 5286 κ.
1545 5227 1598 5269 σ.
1626 5211 1848 5286 ἔχοντας
1879 5213 2060 5286 πίστιν
2097 5211 2223 5286 30v.
2304 5212 2344 5286 ‘_"
2379 5213 2645 5286 ἐνήγαγεν
2674 5211 2737 5266 G.
2775 5212 2840 5264 M.
2879 5211 3070 5286 ἐνῆγεν
3241 5207 3282 5238 ’⁸
3309 5205 3485 5286 γένος]
3533 5202 3676 5286 εἶδος

349 5287 411 5368 Ιί.
445 5285 515 5338 Μ.
547 5273 780 5368 Iﬁb’gq.
813 5283 942 5368 P03:
961 5282 1192 5368 χησᾶείᾳ
1221 5282 1380 5368 uulgi)
1402 5273 1608 5368 addutl‘n
1629 5273 1921 5368 ᾖροσέθηέις

2025 5273 2571 5368 ιενίιί⁸.“1·⁵ἐ·,¹¹ίί¹’ἒ’
2591 5282 2740 5368 λέγῳ.
2767 5273 3295 5368 νεορρ-έχξιειειειικιιε
3323 5273 3389 5368 ιε-
3414 5273 3670 5368 ωερε

258 5361 301 5390 ¹⁹
327 5358 472 5410 είποι
491 5353 608 5425 τις]
660 5350 832 5416 εἴποις
961 5350 1031 5406 Κξ
1061 5351 1134 5425 Μ.
1166 5350 1184 5425 Ἀ
1229 5354 1274 5384 ²⁰
1301 5350 1371 5406 τά
1400 5367 1512 5425 om.
1536 5350 1610 5425 ϐ,
1629 5350 1698 5425 Μ]

1775 5351 1819 5382 ¹¹
1855 5352 1964 5424 καὶ
1986 5352 2106 5424 7&9
2133 5351 2274 5424 φιλ]

2321 5352 2436 5405 Φιλ.
2468 5352 2582 5422 γάρ
2605 5344 2673 5406 ϐξ
2701 5344 2799 5422 III,
2827 5344 3206 5422 7"7HQII_(_OI‘_I.
3248 5347 3382 5422 Περ)
3417 5344 3677 5422 νηστείαις

253 5429 354 5483 καὶ
385 5413 707 5495 εὐχῆς-’καί
755 5413 898 5495 κατά
941 5421 1336 5495 σπαταλῶντων
1368 5423 1462 5495 καὶ
1521 5419 1921 5495 μεθυόντωνκϐ

2025 5413 2291 5495 ἱαι-Ῑπόσίι
2317 5422 2379 5495 Ι..
2456 5413 2505 5495 '_"
2537 5413 2587 5495 ό]
2623 5422 2757 5495 εᾲίί.
2783 5421 2839 5473 δέ
2869 5419 3023 5495 ΔΕΜ.
3053 5417 3289 5495 V_e_rl):_1_6
3419 5413 3676 5495 φιλοχρῄ·

299 5514 428 5560 ατος
452 5486 655 5550 ’δέειιιιι
685 5494 737 5547 in
760 5493 1147 5563 coddtprzeler
1176 5490 1237 5563 ξι.
1265 5486 1642 5563 δεηιιὶιυι·’καὶ
1671 5492 1906 5563 πρὸς-ὲλ.

2025 5486 2241 5563 [ἰξάλλά
2279 5493 2413 5561 πρὸς
2437 5493 2513 5545 ἐλ.
2545 5486 2893 5563 Ι·1.Ῠάλλά-καὶ
2931 5489 3067 5563 πρός
3202 5486 3268 5540 Μ.

292 5569 342 5622 is
369 5559 430 5620 LL
506 5565 553 5596 "
574 5563 789 5616 ἀσθενεῖ
817 5562 880 5619 G.
1003 5577 1057 5632 p.
1086 5577 1138 5630 p.
1167 5559 1306 5633 ὥστε
1448 5559 1749 5633 νηστεύειν
1776 5561 1846 5633 Μ.
1875 5572 1921 5616 el

2025 5579 2106 5614 u'r.
2138 5562 2200 5616 Κ.

1183 5623 1415 5699 εὐθηνία
1455 5623 1617 5684 ἰιίρῐη.
1653 5634 1696 5712 '_’
1730 5631 1921 5752 ξδελυρ

1102 5718 1150 5754 ιο
1180 5699 1244 5753 Η.
1292 5700 1352 5754 ι..
1381 5687 1462 5754 FI.
1495 5711 1673 5754 ca'lerl
1707 5705 1730 5754 ἐ
1768 5718 1912 5754 smus

2034 5648 2131 5698 ραν
2179 5633 2457 5701 προσίεται
2511 5651 2598 5703 τρ.
2629 5631 2687 5685 L.
2731 5631 3015 5699 Vulgalum
3055 5623 3215 5681 habet
3267 5623 3409 5678 Flor.
3448 5639 3499 5692 p.
3547 5624 3669 5678 18%|.

2025 5699 2153 5754 Edd.
2187 5703 2290 5754 κᾶν
2327 5703 2424 5754 μὲν
2459 5701 2717 5754 ἐλεῶιιεν.
2794 5701 2836 5732 ³³
2873 5697 3044 5754 ῥῖνας]
3075 5697 3171 5754 τὴν
3203 5698 3345 5754 ῥῖνα.
3384 5693 3443 5750 ι..
3483 5693 3552 5748 Μ.
3594 5693 3669 5748 De

1060 5697 1150 5755 Sic
1180 5699 1244 5753 Η.
1292 5697 1352 5754 L.
1381 5697 1462 5754 ΡΙ.
1495 5702 1673 5756 ca'leri
1707 5697 1964 5768 ἐλεῶμὲν.
2018 5697 2153 5756 Edd.
2187 5697 2290 5756 κᾶν
2326 5703 2424 5772 μὲν
2459 5697 2717 5772 ἐλεῶμεν.
2794 5697 2854 5732 Τ
2872 5697 3044 5772 ῥῖνας]
3075 5697 3171 5767 τὴν
3203 5698 3345 5767 ῥῖνα.
3384 5697 3443 5750 ι..
3483 5697 3552 5748 Μ.
3594 5697 3672 5748 De

1060 5771 1099 5802 "
1129 5771 1279 5834 ἐντός
1326 5770 1388 5826 G.
1419 5769 1481 5824 ΙΙ.
1577 5771 1622 5802 ³³
1650 5771 1743 5824 καὶ
1775 5771 1964 5838 ἄνδρες
2000 5769 2062 5824 ΙΙ.
2163 5773 2208 5803 ³⁵
2235 5772 2670 5838 περιφερομένης
2724 5770 2788 5824 G.
2822 5769 2886 5825 II.
2923 5769 3223 5838 φερομένου
3274 5764 3419 5838 Flor.
3457 5764 3669 5838 p._191.

1475 5855 1526 5908 p.
1554 5839 1623 5892 τά
1658 5842 1805 5893 ἀερει
1847 5833 1899 5892 ii:

2025 5840 2085 5908 1|:
2155 5841 2197 5872 ³⁷
2229 5833 2772 5903 Ρυὲι’ἐωςί·οου1ειιι
2825 5841 2890 5894 άν
2922 5833 3118 5902 {It-iuvi,
3156 5837 3469 5908 aucgnﬂlms
3513 5833 3572 5886 L.
3613 5843 3666 5886 et

253 5637 427 5690 invito
451 5635 547 5690 Ge.
622 5635 668 5666 ³⁸
697 5636 780 5688 ὃτι
808 5635 865 5686 ἐν
907 5631 968 5686 L.
1005 5630 1058 5701 ι).
1095 5647 1130 5700 p
1181 5630 1420 5701 εύθηνία
1455 5630 1617 5684 idem.
1653 5634 1696 5664 "

252 5705 440 5776 (Tom.
466 5721 564 5761 xu.
591 5719 642 5774 ι).
676 5704 779 5757 515
822 5702 908 5771 D.)
985 5702 1030 5735 ⁸ο
1060 5703 1150 5755 Sic
1180 5702 1244 5753 H.
1292 5702 1352 5754 L.
1381 5702 1458 5754 ΡΙ.

252 5774 608 5822 sentientibus
642 5774 746 5822 vid.
794 5773 977 5822 adnot.
1055 5771 1099 5802 ³⁸
1129 5771 1279 5822 ἐντός
1326 5770 1388 5822 G.
1419 5769 1458 5822 ΙΙ

250 5770 608 5844 ἐεηιιεηιὶὺυὲ
642 5774 746 5826 vid.
794 5770 977 5826 adIIOI.
1055 5771 1099 5802 ³¹
1129 5771 1279 5834 ἐντός
1326 5770 1388 5826 G.
1419 5770 1481 5824 ll.

253 5847 298 5878 ⁵⁸
330 5846 678 5908 ἀναισχυντεῖ
713 5842 782 5896 Μ.
859 5844 904 5873 ³⁸
937 5841 1160 5894 τοιαῦτα
1194 5839 1256 5894 G.
1293 5839 1356 5894 Il.
1386 5856 1438 5908 p.
1475 5856 1481 5908 ι

255 5915 390 5985 mg.
417 5909 541 5985 οδε.
633 5913 761 5985 1'1"
786 5911 940 5985 ήμῶν
973 5911 1038 5963 ιι.
1069 5909 1148 5963 ιρι.

3348 5485 3392 5515 ⁸⁸
3423 5483 3514 5535 τὸν
3539 5483 3676 5535 Θεὸν

2303 5552 2346 5594 ’δ
2379 5552 2728 5615 καταπαῦσαι
2769 5559 2837 5612 Μ.
2940 5552 2988 5590 ’ί
3015 5558 3217 5628 ἀνῆψεν
3253 5571 3364 5628 σξη.
3407 5552 3472 5607 Κ.
3505 5553 3669 5628 LLM.

2163 5773 2208 5842 ξ’
2233 5764 2670 5842 περιφερομένης
2724 5770 2788 5824 G.
2822 5764 2886 5842 III
2923 5764 3223 5842 φερόμενον)
3274 5764 3419 5842 Flam
3457 5764 3669 5842 p._191.

1226 5911 1272 5940 ⁴⁰
1299 5906 1520 5982 τοιαῦτα
1554 5909 1616 5962 G.
1665 5910 1730 5961 τὰ
1779 5908 1921 5982 τοιαῐ

2045 5907 2109 5964 II.
2140 5910 2403 5982 ἀθυμίας]
2433 5912 2522 5967 διο
2551 5927 2743 5968 omnes
2785 5913 2910 5966 mei.
2943 5907 3237 5980 ἐπιθυμίας
3260 5906 3393 5960 Edd.
3425 5919 3658 5959 consen-

256 5979 422 6042 ιέιεῆῑο
457 5983 587 6044 Reg.
623 5982 744 6036 68.8.
785 5979 906 6035 IILI-c
939 5988 1242 6044 pcrmumta
1277 5980 1381 6033 iam
1414 5979 1650 6032 vidimus
1693 5995 1742 6044 ν.
1773 5979 1876 6031 ‘2“
1908 5980 1969 6030 Δ.
