3990 6216
211 363 325 420 665

209 478 577 550 cupisrcntias
604 486 660 533 et
705 490 928 531 nauseas
968 475 1253 530 abstinete.
1314 475 1501 528 Vinum
1547 474 1690 527 enim
1738 473 1805 527 a.l

211 572 457 626 Letitiam
489 569 672 623 datum
703 579 817 632 est;
859 566 1037 620 Vinum
1058 567 1201 619 enim
1231 566 1454 634 fwti/icnt
1477 581 1564 618 cor
1591 565 1808 618 hominis

205 669 224 730 ί
241 665 387 718 Psal.
418 663 540 717 I03.
576 663 691 730 I5),
719 675 881 730 quam
905 659 1021 730 ejus
1060 659 1307 712 virtutem
1337 672 1430 711 vos
1457 657 1805 712 labefactatis.

205 761 341 822 Qua:
370 755 512 808 enim
557 752 740 806 laetitia
767 751 901 820 ejus.
929 751 1017 820 qui
1052 765 1158 802 nott
1187 759 1269 803 est
1293 747 1345 802 in
1382 751 1579 817 seipse.
1607 758 1657 802 et
1682 762 1806 800 sex-

203 847 384 900 centis
423 845 694 899 cruciatur
713 842 1016 908 doloribus,
1043 841 1222 895 omnia
1249 839 1448 894 circum
1478 839 1605 893 ferri
1635 839 1801 902 videt,

200 937 548 1006 caligineth
587 942 900 1003 occupatur,
932 933 1021 1002 qui
1053 941 1226 1000 egeat,
1259 929 1482 1000 perinde
1521 939 1680 999 atque
1721 927 1803 982 fe-

203 1030 542 1092 bricitantes,
585 1036 644 1082 ut
689 1035 849 1096 caput
878 1025 1045 1094 ipsius
1087 1023 1210 1078 oleo
1249 1021 1630 1091 perfundatur?
1680 1018 1806 1074 I-l:cc

201 1138 314 1174 non
358 1120 614 1174 omnibus
657 1117 798 1172 dicta
838 1131 960 1171 esse
1005 1114 1198 1178 velim,
1223 1114 1332 1168 imo
1374 1111 1665 1166 omnibus:
1698 1127 1804 1165 non

198 1211 349 1280 quod
397 1226 588 1265 omnes
640 1210 974 1264 inebrientur
1000 1225 1015 1261 :
1045 1207 1219 1271 absit;
1251 1206 1344 1260 sed
1379 1205 1498 1275 quia
1529 1204 1800 1258 ebriorum

202 1304 261 1364 ii.
288 1303 383 1372 qui
413 1302 546 1357 ebrii
576 1317 683 1356 non
707 1308 853 1362 sunt,
875 1314 1058 1353 curam
1091 1313 1195 1352 non
1222 1297 1442 1351 habent.
1474 1295 1676 1349 Idcirco
1701 1308 1798 1346 vos

202 1395 387 1463 [unius
433 1394 697 1464 alloquor.
746 1392 837 1462 qtti
867 1391 1031 1446 sobrii
1060 1390 1232 1445 estis:
1268 1403 1388 1442 nam
1433 1395 1487 1442 et
1531 1386 1796 1450 ntedicus,

200 1487 426 1558 rgrotis
451 1486 691 1549 omissis,
720 1485 840 1540 illos
866 1484 958 1554 qui
983 1483 1200 1552 :egrotis
1223 1480 1460 1537 assident
1488 1479 1796 1548 alloquitur.

206 1581 316 1634 \‘os
361 1580 540 1649 itaque
561 1593 752 1647 precor
775 1587 829 1632 et
853 1591 972 1640 oro,
1000 1591 1066 1630 ne
1087 1589 1337 1644 umquam
1369 1571 1470 1626 hoc
1493 1571 1680 1625 morbo
1704 1586 1798 1623 ca-

201 1674 452 1744 piamini,
478 1687 681 1740 eosque
701 1673 794 1740 qui
825 1669 915 1722 illo
931 1668 1162 1738 correpti
1188 1674 1332 1729 sunt,
1361 1664 1587 1717 sollicite
1607 1676 1798 1716 eruere

200 1765 427 1830 curetis,
443 1779 509 1817 ne
520 1763 691 1817 brutis
701 1761 916 1832 pejores
931 1759 1230 1813 videantur.
1256 1757 1343 1810 Illa
1361 1755 1502 1808 enim
1528 1752 1654 1806 nihil
1681 1753 1798 1821 plus

198 1872 361 1926 quam
393 1871 532 1926 opus
558 1864 642 1911 est
657 1862 942 1924 quzerunt;
971 1852 1023 1905 Iti
1052 1866 1179 1906 vero
1198 1850 1300 1903 illis
1323 1845 1796 1902 irrationabiliores

197 1959 347 2013 sunt,
381 1949 471 2017 qui
514 1947 896 2002 moderationis
946 1945 1204 1999 terminos
1257 1940 1540 1995 excedunt.
1585 1938 1796 2006 Quanto

195 2041 343 2094 enim
373 2040 564 2095 melior
588 2040 772 2094 asinus
797 2038 1011 2092 ebrioso
1059 2035 1182 2091 est?
1225 2042 1424 2104 quanto
1469 2032 1658 2084 melior
1698 2044 1792 2083 ca-

197 2133 316 2185 nis?
345 2131 479 2186 Nam
509 2131 621 2185 Ita‘c
643 2129 914 2190 animalia.
941 2137 1240 2196 czctcraque
1265 2123 1442 2179 omnia
1463 2163 1478 2188 ,
1507 2137 1601 2175 seu
1644 2136 1796 2175 enm-

193 2225 384 2286 edant.
411 2238 505 2278 seu
531 2223 733 2286 bibant,
759 2221 1041 2277 terminum
1060 2225 1274 2282 norunt,
1294 2230 1465 2284 neque
1483 2214 1617 2267 ultra
1633 2228 1793 2281 quam

194 2316 327 2368 satis
357 2325 442 2370 est
486 2313 778 2383 procedunt
813 2329 828 2365 :
855 2310 1061 2365 etiamsi
1093 2311 1235 2362 enim
1281 2305 1520 2360 sexcenti
1553 2303 1794 2358 homines

195 2416 477 2475 cogerent,
521 2421 626 2459 non
655 2404 925 2458 excedent
969 2415 1243 2470 tnnquam.
1298 2398 1408 2452 llac
1451 2413 1581 2464 ergo
1634 2395 1685 2449 in
1733 2409 1793 2448 re

198 2499 375 2553 brutis
430 2498 727 2553 deteriores
781 2496 1076 2560 estis;non
1127 2493 1266 2562 apud
1293 2492 1489 2546 mentis
1518 2499 1794 2558 eumpotes

193 2592 407 2654 solum;
438 2588 532 2644 sed
585 2588 745 2642 etiam
792 2585 932 2657 apud
989 2599 1084 2638 vos
1134 2585 1298 2652 ipsos.
1345 2579 1495 2648 Quod
1527 2579 1670 2632 enim
1699 2593 1794 2631 vos

192 2681 422 2736 canibus
446 2691 499 2735 et
525 2681 692 2734 asinis
719 2679 1016 2734 deteriores
1040 2676 1296 2746 judicetis
1322 2674 1446 2727 hinc
1477 2671 1648 2742 palam
1683 2682 1786 2735 cst,

191 2773 336 2842 quod
389 2772 636 2826 animalia
677 2771 824 2827 istaec
867 2783 1154 2837 numquam
1195 2780 1356 2833 cogas
1391 2765 1525 2818 ultra
1575 2761 1789 2814 modum

191 2866 373 2918 cibum
407 2871 739 2927 sumcrc;et
767 2860 811 2914 si
835 2861 955 2931 quis
992 2860 1084 2913 tibi
1122 2849 1340 2923 dixerit,
1367 2855 1479 2910 Cur
1519 2853 1665 2908 hoc?
1713 2852 1791 2906 Ne

192 2954 386 3008 Iamiam
417 2955 505 3008 illa
532 2994 548 3014 ,
580 2951 788 3023 inquies
822 2969 836 3006 :
867 2951 960 3004 tibi
987 2963 1114 3004 vero
1144 2962 1250 3002 non
1282 2944 1396 3016 pari
1425 2943 1632 2999 ratione
1669 2957 1791 3011 pro-

193 3045 369 3101 vides.
419 3045 512 3100 Sic
561 3052 616 3098 te
663 3044 769 3098 illis
814 3042 1054 3096 viliorem
1081 3053 1204 3093 esse
1247 3047 1422 3107 putas.
1457 3044 1612 3104 teque
1640 3033 1788 3086 hisce

190 3138 446 3192 fluctibus
475 3137 729 3206 agitatum
760 3133 999 3204 negligis.
1053 3131 1186 3186 Nam
1232 3143 1338 3182 non
1380 3126 1540 3180 modo
1568 3139 1668 3194 qua
1701 3124 1788 3178 die

188 3230 374 3283 ebrius
401 3244 484 3292 cs,
515 3228 714 3282 damno
761 3225 1010 3288 afficeris,
1040 3221 1136 3276 sed
1187 3219 1488 3290 insequenti
1538 3232 1784 3287 quoque;

187 3335 247 3372 ac
266 3320 409 3372 sicut
431 3326 676 3372 cessante
701 3316 868 3380 febre,
897 3324 1075 3369 manet
1102 3322 1277 3366 tamen
1307 3309 1551 3380 quzedaut
1569 3323 1631 3362 ex
1653 3305 1786 3362 febri

186 3409 458 3477 agritudo
501 3426 515 3462 :
562 3409 643 3463 sic
681 3422 903 3464 excussa
949 3404 1229 3467 ebrietate,
1276 3399 1549 3456 ﬂuctuatio
1607 3408 1785 3452 tamen

187 3501 442 3570 qua-dam
484 3508 649 3555 restat
677 3501 812 3554 etin
841 3497 1022 3552 animo
1062 3504 1116 3550 et
1145 3494 1199 3548 in
1248 3505 1509 3563 corpore;
1533 3491 1784 3545 miserum

1185 361 1248 416 IN
1288 359 1688 417 ΜᾹΤΤΙΙιΕυΜ
1731 360 1792 415 III

1899 361 1956 418 L.
2001 361 2178 419 LVIII.
2219 367 2300 423 al.‘
2332 367 2463 426 LIX.
3397 375 3500 430 566

1914 489 2109 545 corpus
2133 475 2275 547 jacet
2313 479 2632 548 resolutum,
2665 490 2720 537 ut
2765 492 2883 552 post
2935 483 3267 554 naufragium
3297 490 3446 540 navis
3481 504 3496 540 :

1914 581 2142 628 corpore
2169 569 2414 624 miserior
2433 573 2629 636 anima,
2656 575 2836 636 etiam,
2867 591 2908 628 rt
2921 575 3101 628 soluto
3144 577 3256 642 illo,
3289 585 3494 648 tempe-

1914 669 2106 716 statem
2137 664 2352 728 excitat,
2384 671 2440 718 et
2462 665 2804 734 cupiditatem
2829 666 3092 733 incendit;
3119 684 3182 722 ae
3201 683 3323 724 eum
3347 671 3491 724 vitle-

1915 763 2001 804 tur
2028 766 2238 820 sapere,
2265 762 2390 807 tunc
2417 755 2646 809 maxime
2668 757 2882 823 insanit,
2916 759 3119 824 vinum,
3149 761 3312 826 dolia,
3345 762 3494 832 pltia-

1909 841 2008 906 las,
2035 851 2272 897 crateras
2300 844 2351 898 in
2377 845 2750 914 imaginatione
2796 864 3014 902 versans
3058 869 3072 905 :
3103 860 3156 905 et
3187 853 3328 907 sicut
3381 864 3496 921 pmt

1909 941 2277 1002 tempestatem
2323 946 2501 990 manet
2532 937 2702 1005 ipsum
2735 941 3068 1007 tempeStatis
3091 941 3344 996 damnum
3379 961 3390 996 :
3425 947 3494 998 ita

1907 1035 1961 1078 et
2007 1035 2127 1095 post
2176 1026 2490 1081 ebrietatem
2523 1044 2536 1080 :
2565 1042 2629 1082 ac
2668 1030 3116 1098 quemadmodmn
3152 1033 3259 1088 illic
3287 1051 3494 1090 merces

1901 1116 2289 1184 jactantur,sie
2340 1119 2391 1172 in
2450 1119 2710 1175 ebrietate
2739 1121 2946 1190 jactura
2992 1126 3050 1178 lit
3074 1127 3311 1181 omnium
3359 1143 3494 1196 penu

1906 1207 2185 1263 bonorum.
2217 1209 2272 1265 Si
2295 1210 2672 1266 continentiam
2699 1213 2978 1278 invenerit,
2997 1217 3040 1268 si
3063 1217 3342 1285 pudorem,
3365 1235 3491 1287 pru-

1902 1298 2159 1365 dentiam,
2191 1301 2517 1370 a‘quitatcm,
2545 1301 2892 1357 humilitatem
2916 1344 2931 1369 ,
2957 1304 3135 1359 omnia
3167 1307 3220 1362 in
3274 1309 3493 1379 pelagus

1905 1396 2195 1466 iniquitatis
2215 1399 2418 1468 projicit
2437 1400 2688 1455 ebrietas.
2715 1400 2912 1456 Verum
2936 1419 3020 1466 ea,
3041 1421 3159 1473 qtne
3176 1419 3490 1476 sequuntur,

1902 1501 2006 1540 non
2037 1496 2159 1542 sunt
2190 1489 2402 1543 similia.
2439 1489 2509 1543 Ibi
2539 1491 2682 1544 enim
2713 1502 2832 1560 post
2847 1492 3017 1560 ejecta
3039 1509 3204 1549 onera
3233 1496 3382 1551 navis
3414 1499 3482 1551 le.

1899 1579 2016 1630 vior
2038 1587 2090 1632 ct
2116 1579 2357 1646 expedita
2381 1579 2652 1645 redditur;
2689 1581 2775 1636 ltic
2799 1597 2927 1637 vero
2961 1585 3129 1655 magis
3153 1596 3488 1656 aggravatur.

1901 1669 2030 1723 Nam
2063 1670 2179 1725 loco
2207 1670 2509 1724 divitiarum
2538 1687 2753 1726 arenam
2773 1673 3029 1742 recipitet
3055 1691 3248 1746 aquam
3271 1677 3488 1741 salsam,

1900 1769 2171 1831 totamque
2193 1762 2468 1818 ebrietatis
2490 1763 2798 1830 colluviem,
2829 1780 2946 1833 qua:
2967 1766 3144 1820 navim
3167 1781 3288 1822 cum
3306 1779 3489 1824 vecto-

1899 1857 2049 1910 ribus
2077 1865 2130 1909 ct
2154 1857 2511 1926 gubernatore
2540 1858 2648 1912 cito
2676 1857 3011 1927 demergunt.
3070 1859 3147 1914 Ne
3196 1861 3354 1931 igitur
3408 1862 3488 1915 bis

1899 1948 2050 2001 malis
2096 1948 2447 2012 involvamur,
2499 1948 2596 2003 bac
2649 1963 2747 2004 nos
2801 1958 3116 2020 tempestate
3164 1951 3474 2007 liberentur.

1899 2038 2156 2094 Ebriosus
2192 2055 2477 2109 numquam
2512 2051 2686 2109 potest
2720 2055 2941 2111 regnum
2987 2044 3244 2097 Helorum
3276 2043 3478 2099 videre.

1900 2129 2075 2184 Nolite
2103 2147 2289 2193 errare,
2315 2130 2485 2200 inquit
2502 2131 2783 2201 Apostolus
2808 2149 2823 2196 ;
2853 2149 2942 2186 nec
2971 2133 3171 2198 ebriosi,
3192 2150 3281 2188 nec
3310 2135 3477 2188 convi-

1895 2224 2108 2276 ciatoi'es
2146 2240 2355 2293 regnum
2401 2222 2639 2276 cwfornm
2689 2225 3059 2278 Inereditabuut
3086 2227 3164 2296 (I.
3196 2226 3312 2282 Cor.
3345 2227 3398 2282 6.
3429 2228 3481 2280 ει.

1899 2313 2010 2384 10).
2039 2312 2104 2367 Et
2130 2313 2254 2384 quid
2282 2313 2422 2378 dico,
2463 2328 2682 2383 regnum
2703 2316 2956 2368 caelorum
2974 2316 2998 2368 τ’
3017 2318 3142 2370 Post
3167 2318 3480 2372 ebrietatem

1897 2407 2040 2460 enim
2073 2421 2138 2459 ne
2163 2381 2444 2474 putissentia
2467 2405 2680 2474 quidem
2707 2406 2889 2461 videre
2921 2421 3233 2475 possumus:
3255 2409 3486 2464 ebrietas

1895 2499 2090 2566 quippe
2120 2497 2273 2550 nobis
2300 2496 2416 2550 dies
2461 2498 2512 2550 in
2563 2507 2745 2551 noctes
2772 2499 2950 2560 vertit,
2974 2509 3028 2553 et
3055 2499 3227 2556 lucem
3260 2501 3311 2554 in
3331 2511 3454 2555 tene

1897 2589 2060 2653 bras;
2088 2587 2286 2657 apertis
2332 2587 2502 2641 oculis
2532 2587 2665 2642 ebrii
2716 2603 2782 2643 ne
2809 2589 2893 2643 illa
2919 2606 3035 2658 qua:
3071 2590 3137 2644 ad
3169 2589 3333 2660 pedes
3361 2603 3486 2646 sunt

1895 2695 2115 2735 cernere
2141 2689 2384 2750 possunt.
2416 2679 2600 2750 Neque
2623 2681 2674 2735 id
2703 2681 2873 2735 solum
2903 2682 3025 2736 mali
3047 2684 3187 2753 parit
3212 2683 3478 2749 ebrietas;

1897 2772 1990 2827 sed
2022 2782 2203 2841 postea
2252 2771 2328 2825 illi
2369 2771 2642 2840 graviores
2671 2771 2822 2825 luunt
2851 2787 3058 2839 poenas,
3089 2777 3350 2828 titmrores
3395 2790 3482 2827 ra-

1895 2865 2040 2919 tione
2061 2877 2278 2926 vacuos,
2311 2862 2569 2927 furorem,
2599 2863 2989 2934 :cgritudinem,
3020 2863 3337 2935 ridiculique
3363 2880 3484 2919 eva-

1894 2955 2029 3011 dunt
2055 2955 2358 3025 opprobriis
2395 2969 2614 3026 semper
2662 2956 2914 3025 expositi.
2972 2955 3102 3023 Qua:
3146 2956 3298 3011 venia
3327 2957 3486 3026 igitur

1895 3049 1984 3112 iis,
2013 3047 2107 3119 qui
2133 3047 2291 3101 tantis
2308 3061 2430 3102 sese
2455 3047 2608 3101 malis
2631 3047 2907 3101 obruunt?
2937 3046 3088 3101 Nulla
3121 3047 3298 3115 plane.
3329 3047 3480 3102 llune

1893 3156 2021 3212 ergo
2047 3139 2290 3194 morbum
2314 3140 2596 3209 fugiamus,
2618 3148 2674 3194 ιιι
2695 3149 2747 3194 ct
2770 3140 3050 3209 praesentia
3073 3148 3127 3194 et
3142 3139 3314 3193 futura
3344 3142 3482 3195 bona

1893 3248 2309 3303 consequamur,
2356 3233 2526 3302 gratia
2567 3241 2620 3286 et
2673 3232 2995 3302 benignitate
3052 3231 3261 3285 Domini
3313 3234 3481 3286 nostri

1892 3327 2018 3382 Jesu
2063 3325 2283 3386 Christi.
2309 3324 2394 3379 cui
2434 3324 2602 3394 gloria
2631 3333 2685 3379 et
2729 3324 3008 3394 imperium
3065 3339 3186 3379 cum
3234 3324 3390 3380 l‘atre
3430 3339 3483 3380 et

1889 3417 2092 3489 Spiritu
2118 3427 2303 3472 sancto
2333 3415 2384 3471 in
2413 3415 2607 3471 szeeula
2634 3416 2973 3472 saeculorum.
3005 3415 3196 3470 Amen.

1351 3697 1699 3764 HOMILIA
1742 3694 1950 3756 LVIII.
1986 3694 2072 3755 al.
2133 3693 2294 3754 LIX.

183 3860 316 3916 Cn.
352 3860 442 3913 I7.
476 3873 529 3912 v.
566 3855 655 3910 ει.
697 3851 1020 3909 Versantibus
1053 3850 1156 3904 illis
1181 3849 1235 3902 in
1267 3845 1505 3909 Gafifwa,
1541 3843 1672 3897 dixit
1713 3841 1785 3894 eis

251 3952 414 4006 Iesus
446 3966 465 4003 :
500 3946 799 4003 Tradendus
838 3955 910 3999 est
956 3942 1121 3997 Filius
1150 3939 1368 3994 hominis
1405 3937 1457 3991 in
1486 3950 1667 3988 uumus
1693 3933 1785 3986 Ιιο-

257 4046 485 4107 minum,
508 4040 600 4094 29..
627 4050 672 4092 et
711 4037 937 4092 occident
975 4050 1113 4100 cum,
1144 4042 1191 4086 et
1223 4029 1369 4085 tertia
1413 4027 1496 4082 die
1537 4033 1781 4096 resurget.

259 4135 332 4189 lt't
357 4133 642 4186 contristati
668 4141 786 4185 sunt
812 4129 981 4183 valde.

257 4231 315 4282 I.
363 4227 440 4280 Nc
463 4225 702 4278 dicereut
728 4265 743 4289 ,
771 4222 878 4275 Cur
907 4230 1054 4274 lauto
1085 4229 1328 4287 tempore
1358 4215 1444 4270 hic
1473 4211 1786 4269 vet'Sanmr?

188 4333 383 4373 rursus
422 4316 491 4370 de
517 4315 762 4386 passione
792 4313 922 4382 ipsis
969 4309 1200 4379 loquitur
1229 4323 1242 4360 :
1279 4308 1473 4376 quibus
1499 4303 1694 4359 auditis
1721 4318 1788 4356 ne

187 4410 374 4466 videre
400 4408 616 4478 quidem
641 4405 973 4475 Jerosolyma
1017 4401 1284 4456 Volebam.
1319 4399 1451 4454 Vide
1497 4411 1626 4467 ergo
1651 4409 1799 4465 quo-g

189 4507 377 4567 nti-ilo.
410 4510 692 4571 postquam
721 4499 909 4553 Petrus
938 4497 1244 4564 increpatus
1283 4494 1476 4552 fuerat,
1503 4499 1787 4560 postquam

189 4601 404 4670 Moyses
449 4605 504 4649 et
531 4595 706 4657 Elias,
748 4592 815 4647 de
839 4591 925 4646 illa
957 4607 1013 4644 re
1039 4587 1350 4656 colloqnnti,
1378 4584 1602 4655 gloriam
1643 4581 1786 4634 illam

190 4690 615 4760 appellaverant,
639 4694 915 4754 postquam
947 4681 1101 4736 I'ater
1127 4693 1357 4748 superne
1383 4690 1570 4730 vocem
1595 4672 1791 4727 emise-

192 4799 293 4846 ηε,
325 4789 518 4848 totque
541 4776 689 4845 signa
720 4774 856 4828 facta
896 4772 1128 4832 fuerant,
1159 4785 1280 4824 cum
1321 4767 1428 4836 jam
1467 4763 1790 4818 resurrectio

194 4889 222 4927 ε
273 4872 458 4926 vicino
503 4876 650 4924 esset
692 4868 821 4936 (non
861 4867 1007 4921 enim
1059 4873 1300 4916 mortuus
1341 4861 1502 4926 longo
1551 4868 1790 4924 tempore

193 4977 507 5026 mansurus,
535 4960 628 5015 sed
661 4968 780 5029 post
806 4957 1039 5011 triduum
1067 4961 1468 5009 resurrecturus
1487 4947 1626 5013 erat)
1646 4987 1661 5007 .
1691 4961 1788 4998 ne¢

193 5073 296 5125 que
325 5058 405 5110 sic
449 5054 579 5108 illud
620 5052 759 5106 ferre
805 5057 1124 5120 potuerunt,
1153 5043 1250 5101 sed
1303 5041 1598 5097 Contristati
1637 5047 1790 5099 sunt;

196 5168 303 5205 non
332 5150 553 5220 quidem
592 5146 957 5207 mediocriter,
997 5143 1105 5196 into
1142 5139 1301 5192 Valde
1328 5129 1623 5190 contristati
1651 5150 1663 5185 :
1697 5132 1792 5184 id-

195 5259 299 5309 que
321 5245 444 5310 quia
475 5240 741 5292 dit-torum
778 5236 883 5289 vim
914 5231 1247 5303 ignorabant.
1283 5227 1336 5282 Id
1359 5243 1484 5278 vero
1506 5224 1711 5279 Marcus
1738 5231 1792 5274 et

199 5333 369 5386 Lucas
428 5330 799 5390 subitulicant;
842 5326 932 5379 ille
981 5338 1103 5376 cum
1144 5322 1240 5383 ait,
1270 5320 1413 5387 ipsos
1445 5317 1543 5368 boc
1574 5313 1788 5366 verbum

201 5425 496 5492 ignorasse,
522 5433 692 5486 neque
712 5430 872 5469 ausos
889 5413 1054 5468 fuisse
1072 5412 1219 5465 illtun
1241 5409 1570 5475 interrogare
1600 5401 1788 5472 (έυιινιτ.

200 5525 254 5578 9.
284 5524 415 5590 3|);
445 5522 532 5574 bic
559 5533 686 5571 vero
714 5515 920 5576 dicens,
952 5511 1002 5566 id
1029 5506 1398 5564 absconditum
1419 5504 1488 5557 ab
1509 5501 1590 5556 eis
1607 5499 1788 5559 fuisse.

204 5629 267 5668 ne
294 5615 557 5668 sentirent
580 5609 728 5678 (Luc.
751 5609 809 5662 9.
835 5605 965 5674 A5);
1000 5618 1099 5656 nec
1127 5615 1288 5654 ausos
1307 5610 1426 5652 esse
1448 5595 1596 5648 illum
1624 5592 1792 5645 inter--

205 5722 387 5776 rogare
434 5706 579 5759 circa
635 5702 734 5754 hoc
787 5698 1031 5752 verbum.
1081 5691 1238 5762 Atqui
1267 5691 1310 5743 si
1341 5686 1793 5757 ignombant,cur

209 5793 691 5853 t0!)ll'l>l.’tbﬂlllllf?
717 5791 848 5857 Quia
867 5805 971 5844 non
988 5786 1165 5841 omnia
1188 5782 1524 5852 ignorabant,
1548 5776 1786 5832 sciebant

534 5905 809 5961 ΡΑτιιυι..
865 5903 980 5960 (in.
1039 5898 1250 5960 l.\'lll.

1889 3840 2035 3896 enim
2066 3838 2240 3909 ipsum
2268 3837 2583 3893 moriturum
2605 3851 2746 3899 esse.
2779 3847 2834 3892 ut
2856 3851 3000 3906 saepe
3023 3837 3324 3893 audierant.
3350 3838 3481 3905 Quae

1891 3942 2071 3988 autem
2097 3931 2237 3986 foret
2262 3946 2406 3984 mors
2451 3929 2782 3995 bujustnodi;
2812 3930 2952 3999 quod
2981 3931 3088 3984 cito
3114 3930 3368 3985 solvenda
3395 3946 3482 3985 cs-

1892 4034 1995 4087 sct,
2018 4032 2073 4078 et
2106 4021 2246 4092 quod
2277 4020 2398 4074 hinc
2441 4019 2644 4074 infinita
2689 4021 2826 4074 bona
2863 4023 3164 4086 orirentur;
3192 4019 3309 4076 hmc
3340 4035 3477 4077 non-

1893 4117 2020 4172 dutu
2045 4117 2189 4169 clare
2218 4115 2457 4169 sciebant
2495 4131 2509 4168 :
2541 4129 2712 4182 neque
2743 4123 2999 4167 noverant
3040 4129 3161 4182 qua:
3187 4112 3362 4166 futura
3391 4127 3476 4166 es-

1894 4218 1978 4263 set
2007 4209 2093 4261 illa
2124 4206 2467 4262 resurrectio.
2490 4205 2612 4260 Ideo
2638 4203 2926 4260 dolebant:
2950 4206 3149 4260 etenim
3172 4205 3479 4276 magistrum

1895 4299 2184 4354 admodum
2213 4297 2524 4366 diligebant.

1990 4389 2302 4444 Didracfnna
2317 4387 2439 4457 quid
2457 4397 2605 4440 esset.
2624 4415 2693 4426 —
2711 4387 2802 4440 25.
2827 4387 2951 4440 Cum
2971 4399 3138 4441 autem
3163 4389 3406 4444 venissent
3433 4388 3484 4440 in

1897 4483 2240 4552 Caper-natant,
2265 4487 2584 4532 accesserunt
2614 4477 2682 4528 ad
2711 4476 2920 4530 Petrum
2961 4479 3049 4547 qui
3073 4478 3373 4531 didrachma
3397 4494 3483 4530 ac-

1898 4573 2168 4642 cipiebant.
2199 4580 2243 4623 et
2273 4570 2507 4622 dixerunt
2549 4584 2567 4620 :
2627 4567 2871 4636 Magister
2896 4576 3054 4620 vester
3077 4583 3180 4620 non
3221 4568 3365 4620 solvit
3401 4567 3482 4618 di-

1897 4665 2139 4718 druclnmt
2159 4663 2185 4716 .’
2206 4660 2336 4728 Quae
2371 4669 2496 4713 sunt
2517 4659 2634 4712 luce
2667 4657 2976 4711 Didraclmm
2990 4658 3016 4710 .9
3041 4656 3264 4725 Quando
3283 4656 3483 4724 primo-

1896 4757 2072 4827 genita
2100 4752 2468 4824 Egypliorum
2502 4748 2768 4804 interfecit
2790 4750 2948 4809 Deus.
2981 4758 3107 4803 tunc
3139 4748 3332 4802 tribum
3358 4746 3490 4802 Levi

1899 4863 1998 4918 pro
2030 4845 2158 4915 ipsis
2187 4841 2433 4912 accepit(
2463 4841 2626 4895 Num.
2670 4842 2723 4895 3.
2755 4841 2844 4897 '59.
2876 4842 2944 4895 47
2982 4843 3019 4908 ).
3055 4838 3254 4893 Deinde
3285 4840 3404 4906 quia
3443 4841 3492 4894 in

1900 4943 2004 4996 bac
2031 4941 2171 4996 tribu
2198 4937 2375 4992 minor
2401 4935 2633 5002 capitum
2659 4947 2914 4988 numerus
2935 4943 3073 4998 erat,
3103 4947 3259 5000 quam
3289 4930 3483 4999 primo-

1899 5034 2200 5104 genitornm
2231 5028 2370 5098 apud
2415 5026 2631 5083 indutos
2675 5033 2862 5090 esset,
2889 5039 2984 5092 pro
3011 5022 3384 5077 deficientibus
3432 5025 3494 5076 ad

1904 5123 2256 5194 supplendum
2295 5134 2574 5174 numerum
2622 5117 2812 5172 siclum
2839 5115 2997 5185 jussit
3034 5114 3228 5168 deferri
3263 5131 3277 5168 :
3306 5129 3373 5169 ex
3409 5115 3499 5168 illo

1902 5229 2079 5272 autem
2106 5227 2345 5283 tempore
2376 5227 2494 5266 tuos
2534 5209 2776 5274 invaluit,
2798 5220 2854 5262 ut
2882 5206 3237 5280 primogenita
3270 5207 3372 5262 boc
3412 5224 3492 5258 ve-

1896 5308 2053 5378 etigal
2073 5307 2362 5360 solverent.
2414 5303 2545 5368 Quia
2599 5300 2758 5369 igitur
2812 5296 3057 5352 Christus
3104 5296 3494 5366 primogenitns

1897 5411 2091 5460 erat,et
2114 5400 2251 5450 inter
2275 5394 2566 5460 discipulos
2583 5392 2786 5460 priutus
2812 5389 3088 5442 videbatur
3111 5403 3236 5442 esse
3267 5388 3464 5442 Petrus
3481 5429 3493 5447 .

1898 5493 1962 5544 ad
2004 5493 2176 5558 ipsum
2203 5484 2485 5539 accedunt.
2523 5482 2659 5536 Puto
2683 5491 2862 5534 atttem
2893 5521 2906 5540 .
2951 5478 3002 5532 id
3032 5478 3156 5533 illos
3184 5477 3236 5531 in
3265 5478 3381 5546 sing
3396 5475 3492 5530 uli.»

1899 5585 2114 5636 urbibus
2136 5579 2376 5648 exegisse
2402 5595 2415 5630 :
2445 5582 2770 5646 quapropter
2799 5574 2849 5627 itt
2874 5571 3042 5641 patria
3077 5569 3324 5625 adierunt
3340 5586 3406 5623 eu
3420 5585 3494 5631 nt,

1898 5691 2017 5745 qum.
2058 5671 2226 5742 patria
2254 5669 2592 5738 Capernaum
2620 5665 2905 5735 putabatur
2932 5677 3073 5717 esse.
3116 5660 3292 5729 Ipsum
3326 5673 3496 5731 porro

1900 5769 2046 5821 :nlire
2075 5780 2179 5820 non
2210 5762 2365 5828 ausi,
2404 5761 2619 5817 Petrum
2647 5760 3010 5817 conveniunt.
3043 5770 3142 5812 nec
3161 5770 3284 5811 cunt
3343 5759 3497 5810 velte-
3519 5787 3532 5796 μ

3130 5860 3166 5916 ’1
