4126 6220
540 351 646 403 ⁴5ὕ7

547 466 765 528 utentia,
792 463 883 516 sed
910 461 1230 517 moderatius
1266 479 1275 512 :
1311 478 1481 531 neque
1505 462 1646 517 enim
1676 470 1731 518 ut
1757 464 2052 519 criminanti
2071 480 2119 528 s,

548 556 637 609 sed
688 565 744 609 ut
794 554 1184 621 interrogantes
1227 552 1476 607 dixerunt
1518 571 1529 605 :
1563 551 1805 622 Magister
1842 564 1997 607 water
2024 572 2122 607 non

548 647 698 701 solvit
725 645 1064 698 didrachma.’
1089 643 1202 698 Non
1228 645 1371 698 enim
1398 644 1571 698 adhuc
1597 646 1665 700 de
1706 645 1796 698 illo
1823 656 1879 699 nt
1900 662 1993 716 par
2011 658 2124 701 erat

540 738 889 800 sentiebant,
922 736 1015 790 sed
1048 736 1316 790 hominem
1344 752 1463 790 esse
1494 738 1786 805 putabant,
1819 738 1939 793 licet
1972 739 2120 792 illum

546 833 600 884 in
629 832 832 885 honore
854 830 1115 883 haberent
1142 829 1209 881 ob
1251 838 1454 898 patrata
1481 828 1652 897 signa.
1680 829 1815 893 Quid
1850 831 2005 898 igitur
2027 832 2124 885 Pc-

547 924 698 977 trus?
727 922 816 975 24.
842 919 1043 989 Utique,
1073 920 1148 973 ait
1181 937 1193 972 :
1228 920 1331 972 illis
1356 919 1571 988 quidem
1599 920 1751 984 dixit,
1785 921 1952 990 ipsum
1974 924 2121 977 solu-

539 1022 719 1065 turum
746 1025 883 1076 esse,
908 1009 1004 1078 ipsi
1032 1024 1161 1064 vero
1191 1025 1295 1062 non
1323 1008 1477 1073 dixit,
1498 1009 1636 1077 quod
1665 1010 1901 1066 fortassis
1927 1017 2123 1067 erube-

544 1111 716 1154 sceret
746 1100 813 1153 dc
840 1100 1035 1153 talibus
1069 1098 1239 1167 ipsum
1270 1098 1484 1167 alloqui.
1521 1098 1644 1151 Ideo
1673 1111 1980 1155 mansuetus
2010 1102 2119 1168 ille,

542 1194 629 1258 qui
655 1194 830 1245 (Itllltltl
858 1192 1002 1245 clare
1034 1200 1274 1254 noverat,
1300 1193 1631 1261 prart‘cniuns
1663 1194 1806 1245 illum
1838 1195 1949 1247 ait:
1985 1194 2123 1257 Quid

543 1282 632 1333 tibi
655 1282 857 1336 videtur
880 1323 897 1347 ,
944 1281 1175 1336 Simon?
1216 1282 1377 1352 Reges
1419 1293 1564 1338 (ττι-ω
1592 1302 1623 1337 a
1667 1286 1844 1353 quibus
1871 1288 2123 1355 accipiunt

547 1372 787 1423 tributum
827 1373 903 1424 uel
932 1389 1130 1424 censum
1154 1373 1180 1425 ἱ)
1205 1390 1235 1423 a
1263 1374 1383 1439 ﬁliis
1423 1376 1527 1427 suis
1545 1416 1560 1440 ,
1584 1392 1649 1428 an
1682 1376 1743 1428 ab
1768 1376 1946 1429 alienis
1968 1378 1991 1429 ξ’
2015 1377 2108 1432 25.

546 1461 685 1513 Dixit
715 1462 823 1527 ille,
855 1462 927 1513 Ab
958 1462 1155 1514 alienis.
1179 1461 1314 1515 Dicit
1346 1464 1421 1516 illi
1439 1463 1630 1518 Iesus:
1658 1463 1798 1535 Ergo
1828 1466 1970 1520 liberi
1997 1478 2114 1521 sunt

544 1553 660 1619 ﬁlii.
688 1553 763 1606 Ne
793 1562 1001 1622 putaret
1025 1554 1165 1607 enim
1195 1554 1403 1620 Petrus,
1431 1555 1695 1621 Christum
1728 1557 1778 1610 id
1802 1558 1869 1610 ab
1894 1558 1994 1612 illis
2023 1574 2119 1614 au—

549 1645 744 1698 divisse
768 1686 782 1707 ,
816 1645 1067 1713 prteienit
1094 1660 1213 1699 eum
1238 1686 1254 1710 ,
1287 1656 1343 1699 ut
1371 1646 1471 1701 hoc
1512 1648 1681 1715 ipsum
1708 1649 2051 1715 signiﬁcaret,
2070 1658 2123 1705 et

543 1751 643 1787 una
670 1734 913 1787 tiduciam
947 1736 1150 1788 inderet
1181 1752 1287 1790 non
1317 1735 1531 1790 audenti
1553 1747 1707 1791 antea
1727 1738 1794 1792 de
1826 1740 1928 1793 illis
1956 1740 2119 1809 loqui.

545 1826 653 1879 lloe
682 1835 857 1879 autem
904 1827 1015 1880 vult
1062 1826 1366 1896 signiﬁcare
1397 1845 1409 1880 :
1456 1826 1709 1882 lmmunis
1732 1844 1759 1881 a
1790 1844 1951 1885 censu
1982 1846 2118 1886 sum.

540 1918 671 1973 Nam
702 1920 745 1972 si
769 1934 920 1987 rcges
949 1929 1102 1973 terra:
1141 1936 1170 1970 a
1200 1920 1321 1973 tiliis
1346 1920 1455 1972 suis
1478 1919 1604 1973 nihil
1632 1922 1915 1989 accipiunt,
1936 1922 2027 1976 sed
2054 1923 2121 1976 ah

540 2008 727 2061 alienis
758 2026 770 2062 :
802 2007 969 2061 tnulto
998 2006 1163 2076 magis
1192 2023 1276 2061 me
1306 2009 1590 2061 immunem
1617 2025 1735 2063 csse
1758 2011 2008 2079 oportuit,
2031 2013 2119 2081 qui

541 2113 648 2152 non
675 2099 869 2152 terreni
896 2138 913 2163 ,
940 2098 1033 2152 sed
1063 2099 1293 2153 cazlestis
1325 2098 1489 2169 Regis
1535 2099 1698 2154 Filius
1724 2117 1861 2167 sum,
1902 2111 1955 2156 et
1983 2103 2113 2158 Rex.

547 2189 727 2244 Viden‘
754 2190 1175 2260 quomodotilios
1197 2190 1483 2260 distinguat
1508 2207 1537 2244 a
1571 2208 1675 2247 non
1708 2193 1876 2247 litiis?
1914 2193 1970 2249 Si
1993 2209 2121 2249 vero

546 2281 712 2335 Filius
742 2297 847 2334 non
887 2291 1070 2345 esset,
1097 2278 1295 2335 frustra
1331 2284 1633 2350 exemplum
1663 2299 1845 2352 regum
1882 2284 2115 2341 alterret.

538 2372 739 2439 Etiam,
773 2372 979 2442 inquies
1002 2413 1017 2436 ,
1056 2372 1194 2425 tilins
1236 2381 1352 2436 est,
1382 2372 1476 2427 sed
1505 2388 1608 2427 non
1652 2375 1932 2443 genuinus.
1977 2374 2119 2445 Ergo

545 2482 649 2519 nntt
675 2465 812 2518 titius
830 2481 845 2517 :
865 2466 909 2519 si
930 2473 1105 2518 autem
1126 2478 1224 2519 nec
1247 2464 1383 2517 tllius
1404 2479 1501 2518 nec
1520 2467 1801 2536 genuinus,
1828 2481 1933 2520 non
1956 2467 2120 2536 ipsius

538 2572 666 2627 ergo
706 2565 822 2621 est,
850 2555 942 2609 sed
987 2555 1214 2609 alienus.
1259 2553 1314 2610 Si
1364 2555 1603 2621 alienus,
1635 2556 1942 2625 exemplum
1990 2556 2117 2610 illud

543 2649 647 2701 vim
675 2663 824 2702 suam
856 2664 960 2702 non
1003 2646 1182 2702 habet.
1212 2644 1306 2701 llle
1336 2661 1562 2716 namque
1598 2661 1702 2700 non
1748 2645 1812 2699 de
1845 2646 1969 2701 tiliis
2002 2656 2117 2700 tan-

539 2751 673 2808 tum,
692 2742 786 2796 sed
809 2742 874 2797 de
895 2742 1141 2811 genuinis
1157 2741 1409 2809 loquitur,
1431 2739 1497 2795 de
1524 2740 1861 2809 propriis,qni
1879 2757 1997 2794 cum
2023 2756 2116 2810 pa-

542 2833 711 2887 tribus
740 2832 885 2902 regni
910 2840 1356 2887 suntconsortes.
1384 2829 1613 2898 Ideoque
1639 2828 1704 2882 ad
1727 2829 2116 2884 distinctionem

538 2925 746 2978 alienos
768 2923 1050 2992 apposuit,
1090 2923 1171 2978 sic
1194 2927 1391 2976 micans
1432 2921 1552 2976 illos
1576 2921 1721 2991 quia
1761 2922 1972 2991 regibus
2011 2924 2115 2976 nati

541 3031 646 3068 non
673 3022 814 3077 sunt,
847 3014 982 3068 tilios
1011 3028 1140 3068 vero
1163 3011 1290 3068 dicit
1320 3026 1415 3067 eos
1434 3053 1450 3079 ,
1481 3025 1614 3081 quos
1637 3026 1703 3067 ex
1722 3025 1779 3065 se
1802 3023 2114 3081 genuerunt.

536 3106 616 3160 Tu
644 3114 819 3159 autem
848 3104 982 3158 mihi
1028 3102 1299 3174 perpende
1326 3103 1594 3173 quomodo
1636 3102 1926 3157 revelatam
1962 3102 2117 3159 Petro

536 3197 894 3266 cognitionem
926 3196 1050 3251 hinc
1078 3196 1375 3250 continuet.
1411 3194 1588 3265 Neque
1612 3193 1698 3248 hic
1716 3195 1883 3257 stetit,
1903 3195 1997 3250 sed
2024 3212 2119 3266 per

538 3303 832 3342 consensus
863 3286 1077 3342 modum
1108 3287 1209 3341 hoc
1236 3287 1407 3356 ipsum
1437 3284 1718 3355 signiﬁcat,
1749 3285 1800 3339 id
1831 3285 1971 3357 quod
2000 3303 2113 3341 ma-

536 3394 656 3447 gnzl:
688 3379 963 3447 sapientia:
984 3388 1116 3431 erat.
1147 3376 1279 3432 Nam
1307 3391 1428 3432 cum
1455 3376 1567 3431 haec
1597 3377 1848 3443 dixisset,
1876 3379 1951 3432 ait
1981 3397 1994 3432 :
2023 3378 2113 3434 26.

542 3471 609 3524 Ut
636 3481 802 3523 autem
824 3487 922 3524 non
945 3470 1344 3524 scandalizemus
1364 3486 1468 3536 eos,
1494 3470 1618 3525 vade
1645 3470 1713 3522 ad
1739 3486 1894 3535 mare,
1917 3480 1962 3523 et
1980 3471 2117 3525 mitte

537 3563 742 3614 hamum
764 3578 783 3616 :
812 3570 858 3615 et
882 3577 992 3614 eum
1022 3560 1224 3630 piscem,
1248 3561 1332 3630 qui
1362 3561 1552 3628 primus
1574 3560 1875 3627 ascenderit,
1900 3560 2041 3627 tolle,
2069 3571 2116 3615 et

530 3654 583 3706 in
612 3653 701 3706 illo
722 3653 939 3706 invenies
960 3661 1193 3705 stateram
1210 3652 1249 3706 ἐ
1268 3651 1412 3705 illum
1437 3666 1717 3717 assumens,
1735 3652 1804 3706 da
1830 3652 1901 3708 eis
1917 3667 2010 3722 pro
2037 3668 2117 3707 me

533 3757 579 3799 et
610 3757 673 3799 te.
704 3744 893 3799 Videu'
920 3743 1190 3814 quomodo
1219 3757 1390 3813 neque
1426 3752 1667 3809 recuset,
1693 3757 1867 3815 neque
1896 3745 2115 3801 omnino

530 3839 712 3905 jnheat
741 3836 995 3892 tributum
1027 3833 1301 3905 pendere?
1323 3833 1428 3889 Sed
1459 3833 1550 3889 ubi
1574 3834 1725 3905 prius
1752 3834 1989 3891 ostendit
2008 3876 2025 3903 ,
2053 3850 2114 3891 se

530 3946 636 3983 non
667 3943 787 3984 esse
834 3927 960 3982 huic
988 3926 1313 3987 obnoxium,
1363 3936 1489 3978 tunc
1535 3924 1628 3978 dat
1675 3925 1846 3989 illud;
1896 3936 2007 3981 tum
2047 3942 2114 3982 ne

532 4020 604 4074 illi
632 4018 1080 4083 scandalizentur,
1110 4026 1220 4071 tum
1248 4031 1316 4071 ne
1346 4014 1398 4069 hi
1427 4014 1569 4069 idem
1595 4016 1883 4083 patiantur.
1926 4016 2110 4085 Neque

530 4114 673 4166 enim
710 4112 780 4165 ita
802 4110 891 4165 dat
933 4110 1082 4179 quasi
1107 4108 1319 4170 debeat,
1354 4104 1448 4162 sed
1478 4116 1535 4159 ut
1576 4106 1787 4161 illorum
1815 4107 2110 4161 inﬁrmitati

531 4203 797 4256 consulat.

602 4295 657 4346 2.
688 4292 829 4345 Alibi
856 4305 983 4345 vero
1000 4273 1317 4344 scandalum
1351 4290 1678 4353 contemnit;
1712 4300 1769 4344 ut
1800 4306 1921 4345 cum
1948 4291 2017 4347 de
2035 4293 2107 4347 ci-

532 4386 613 4439 bis
635 4384 963 4448 dissereret;
1011 4390 1069 4435 ut
1111 4396 1209 4436 nos
1247 4382 1439 4437 doceat
1470 4382 1725 4450 temporis
1748 4384 2114 4452 opportunita-

532 4484 643 4529 tem
670 4474 957 4543 explorare
986 4482 1235 4541 oportere
1258 4515 1272 4533 ,
1305 4473 1499 4541 quibus
1528 4488 1621 4540 par
1641 4481 1724 4527 est
1746 4472 1991 4526 scandala
2013 4473 2111 4528 de-

531 4571 763 4638 spicere,
785 4566 866 4621 vel
897 4581 1003 4620 non
1025 4566 1321 4635 despicere.
1355 4567 1426 4620 Ex
1460 4565 1621 4619 modo
1648 4564 1772 4618 item
1804 4565 1996 4629 dandi,
2028 4581 2112 4620 se-

532 4666 722 4730 ipsum,
744 4657 832 4726 qui
855 4670 1044 4723 nempe
1061 4656 1147 4714 sit.
1166 4655 1418 4709 ostendit.
1441 4654 1549 4708 Cur
1572 4655 1711 4707 enim
1736 4671 1839 4709 non
1864 4671 1926 4709 ex
1952 4670 2111 4725 repo-

526 4756 645 4810 sitis
673 4750 826 4820 jubet
850 4744 1102 4801 daritUt
1126 4786 1143 4813 ,
1174 4744 1315 4815 quod
1338 4745 1448 4814 jam
1475 4744 1617 4810 dixi,
1645 4744 1696 4797 in
1726 4745 1826 4798 hoc
1861 4760 1920 4800 se
1951 4747 2112 4801 lteum

530 4847 903 4897 universorum
933 4852 1055 4893 esse
1086 4846 1142 4892 et
1188 4836 1319 4890 mari
1362 4837 1629 4906 imperare
1677 4837 2004 4891 Ostenderct.
2056 4838 2111 4892 Id

524 4940 635 5007 jam
667 4937 1123 4989 demonstraverat
1148 4928 1362 4999 quando
1390 4944 1537 4982 mare
1568 4928 1879 4997 increpavit,
1907 4938 1962 4982 et
1988 4944 2110 4984 cum

531 5030 746 5083 Petrum
782 5024 941 5093 jussit
970 5035 1131 5091 supra
1157 5019 1351 5073 ﬂuctus
1391 5018 1686 5073 ambulare.
1727 5017 1780 5072 ld
1808 5034 1948 5074 nunc
1973 5035 2110 5089 quo-

529 5134 637 5190 que
661 5115 916 5176 ostendit,
950 5112 1049 5166 etsi
1077 5110 1184 5165 alio
1226 5108 1387 5164 modo
1407 5149 1422 5175 ,
1451 5108 1545 5163 sed
1571 5108 1659 5177 qui
1692 5108 1915 5162 inultum
1945 5109 2111 5177 pariat

529 5218 825 5278 stuporem.
862 5204 1043 5273 Neque
1085 5203 1226 5257 enim
1256 5216 1438 5271 parum
1474 5199 1599 5253 illud
1631 5208 1746 5253 erat
1779 5199 2108 5267 prardixisse,

528 5297 731 5365 piscem
774 5293 961 5355 illum,
1014 5289 1101 5359 qui
1132 5288 1333 5358 primus
1373 5285 1662 5355 capiendus
1690 5295 1858 5351 esset,
1887 5284 2111 5352 reetigal

531 5387 825 5439 soluturum
854 5396 996 5443 esse.
1019 5390 1073 5435 et
1103 5388 1219 5434 rete
1251 5378 1303 5432 in
1334 5377 1586 5448 abyssum
1630 5375 1881 5445 injectum
1907 5374 2108 5443 piscem

531 5476 704 5537 illum;
737 5474 826 5543 qui
857 5481 1107 5525 Staterem
1135 5468 1395 5538 gestabat,
1419 5481 1483 5521 ex
1514 5465 1628 5534 ejus
1655 5475 1920 5533 prwcepto
1940 5463 2108 5517 addu-

533 5576 743 5618 eturutn
770 5578 911 5624 esse,
944 5560 1039 5615 scd
1075 5573 1194 5612 esse
1236 5556 1362 5611 illud
1405 5557 1596 5610 divina:
1625 5564 1678 5609 et
1703 5555 1982 5608 iuclTabilis
2013 5568 2108 5621 p0-

537 5662 742 5707 testans
766 5692 782 5711 ,
821 5650 963 5709 utiod
998 5664 1143 5702 mare
1168 5646 1307 5700 dona
1337 5646 1411 5700 sic
1441 5645 1689 5709 atl‘erret;
1718 5653 1772 5698 et
1797 5645 2102 5713 obsequen-

596 5761 612 5789 ⁸
649 5769 788 5811 Unus.
814 5761 942 5818 tolle,
966 5765 1008 5808 vt
1032 5757 1252 5821 aperiens
1275 5767 1325 5803 ος
1347 5754 1468 5814 ejus,
1496 5754 1703 5804 invenies
1726 5761 1963 5805 stateram.

1228 347 1280 400 S.
1323 346 1598 402 JOANNIS
1635 347 2102 405 CIIRYSOSTOMI
2145 351 2451 409 AliCﬂlEP.
2497 358 3030 419 CONSTANTINOP.
3700 377 3802 430 568

2239 476 2364 521 ttam
2410 485 2558 525 suam
2604 477 2934 543 ostenderet,
2965 490 3074 532 tum
3104 484 3317 550 quando
3347 483 3527 539 hircus
3557 491 3801 545 sedatum

2230 567 2331 623 est,
2363 568 2471 613 tum
2510 566 2723 632 quando
2753 577 2985 623 a'stuans
3031 586 3345 628 conservum
3392 582 3658 649 suscepit:
3694 592 3803 636 tum

2231 649 2389 703 etiam
2431 671 2603 719 nunc,
2632 673 2752 711 cum
2784 674 2880 727 pro
2910 662 3025 729 ipso
3060 666 3401 719 exactoribus
3420 668 3603 723 solvit.
3642 671 3706 723 Et
3736 674 3803 725 da

2231 742 2332 795 illis
2354 761 2445 813 pro
2469 764 2547 800 me
2570 759 2618 801 et
2646 767 2738 818 pro
2765 761 2831 815 te,
2862 753 3048 822 inquit.
3075 755 3259 810 Vidisti
3291 757 3507 813 honoris
3531 764 3801 818 excellen-

2232 833 2394 887 tiam?
2438 836 2568 891 Vide
2594 850 2648 892 et
2682 840 2822 895 Petri
2854 843 3262 914 philosophiam.
3290 847 3423 902 Nam
3453 850 3679 917 Marcus,
3711 858 3801 923 qui

2234 923 2389 992 hujus
2416 928 2711 999 discipulus
2739 943 2874 999 erat,
2908 935 3011 989 hoc
3037 949 3246 1006 gestum
3278 956 3383 993 non
3416 944 3645 1012 scripsit,
3678 948 3804 1015 quia

2232 1016 2354 1071 hinc
2398 1019 2471 1072 illi
2520 1020 2691 1077 honor
2728 1025 2914 1094 ingens
2955 1028 3284 1084 accedebat:
3327 1031 3421 1085 sed
3465 1037 3802 1103 negationem

2229 1110 2349 1178 ejus
2375 1111 2608 1181 scripsit,
2639 1130 2759 1182 qua:
2795 1131 2924 1171 vero
2949 1120 3295 1187 conspicuum
3323 1121 3471 1176 illum
3509 1125 3803 1180 reddebant

2232 1206 2414 1267 tacuit,
2446 1217 2498 1259 et
2528 1205 2755 1262 fortasse
2777 1219 2989 1265 vetante
3018 1215 3271 1282 magistro
3295 1232 3363 1271 ne
3398 1232 3587 1286 magna
3613 1218 3681 1273 de
3711 1220 3804 1273 illo

2227 1294 2446 1347 diceret.
2483 1295 2587 1349 Pro
2612 1315 2690 1351 me
2713 1309 2759 1353 et
2785 1310 2850 1365 te,
2877 1302 3041 1370 inquit
3074 1319 3089 1355 :
3116 1306 3239 1374 quia
3265 1317 3319 1360 et
3344 1308 3458 1376 ipse
3483 1309 3803 1379 primogeni-

2229 1392 2311 1437 tns
2336 1396 2471 1439 erat.
2521 1386 2590 1442 llt
2628 1399 2807 1444 autem
2851 1392 3049 1448 Christi
3097 1398 3389 1465 potentiam
3417 1415 3537 1455 cum
3583 1413 3805 1472 stupore

2228 1476 2452 1529 miratus
2474 1493 2555 1544 es,
2582 1479 2775 1535 mirare
2800 1492 2855 1537 et
2895 1483 3140 1554 discipuli
3175 1487 3338 1543 tidem
3356 1529 3372 1553 ,
3396 1491 3490 1560 qui
3518 1493 3569 1545 in
3597 1509 3656 1548 re
3694 1506 3802 1549 tam

2229 1568 2587 1638 inexspectata
2608 1574 2798 1640 paruit.
2833 1574 2940 1629 Res
2959 1578 3104 1631 enim
3120 1586 3237 1633 erat
3262 1592 3445 1634 natura
3478 1584 3687 1640 insolita
3715 1598 3801 1640 at-

2227 1677 2329 1729 que
2367 1664 2648 1731 stupenda.
2698 1664 2819 1719 Ideo
2850 1667 2905 1722 in
2933 1670 3231 1726 mercedem
3275 1672 3417 1739 ﬁdei,
3449 1675 3501 1729 in
3545 1678 3804 1733 solvendo

2229 1751 2423 1805 tributo
2440 1754 2582 1807 illum
2598 1756 2696 1810 sibi
2714 1757 2953 1813 Christus
2970 1761 3262 1829 conjunxit.
3286 1764 3437 1836 (Cap.
3458 1766 3646 1838 Χγιιι)
3666 1772 3715 1823 1.
3737 1771 3802 1824 In

2226 1843 2318 1894 illa
2366 1844 2491 1897 hora
2542 1860 2856 1903 accesserunt
2905 1850 2974 1904 ad
3015 1849 3193 1906 Jesunt
3245 1855 3481 1927 discipuli
3533 1861 3750 1917 dicentes
3780 1880 3801 1915 :

2231 1932 2356 1998 Quis
2376 1935 2539 2003 major
2562 1948 2636 1990 est
2664 1939 2713 1990 in
2735 1956 2887 2010 regno
2901 1943 3181 1998 caelorum?
3210 1945 3506 2003 Humanum
3530 1953 3801 2023 quidpiam

2229 2024 2367 2091 passi
2392 2025 2634 2094 discipuli
2660 2040 2782 2084 sunt
2807 2047 2819 2082 :
2848 2032 2995 2100 quod
3010 2044 3065 2088 et
3083 2038 3409 2107 evangelista
3438 2041 3702 2111 signiﬁcat
3719 2046 3803 2100 di-

2222 2128 2371 2177 cens,
2399 2115 2465 2170 1η
2495 2118 2585 2172 illa
2608 2120 2732 2175 hora
2754 2138 2775 2177 :
2801 2125 3013 2192 quando
3038 2127 3155 2197 plus
3180 2144 3339 2198 quam
3360 2145 3583 2191 cieterus
3612 2152 3804 2193 omnes

2226 2206 2371 2261 illum
2401 2208 2697 2265 honoravit.
2739 2212 2871 2268 Nam
2893 2230 3015 2272 cum
3041 2233 3105 2272 ex
3135 2220 3336 2276 Jacobo
3353 2232 3409 2278 et
3433 2225 3639 2282 Joanne
3663 2230 3804 2285 alter

2225 2300 2608 2368 primogenitus
2638 2314 2780 2359 esset
2799 2307 2836 2370 ⁸,
2871 2306 3008 2362 nihil
3036 2310 3210 2364 simile
3240 2328 3336 2381 pro
3367 2315 3469 2369 illis
3495 2315 3634 2371 fecit.
3668 2319 3805 2375 Hine

2225 2390 2428 2457 pudore
2440 2390 2620 2446 allecti
2650 2394 2815 2450 animi
2836 2397 2916 2452 sui
2945 2401 3360 2457 commotionem
3388 2405 3616 2461 confessi
3639 2420 3799 2475 sunt,

2225 2495 2399 2549 neque
2426 2491 2610 2552 aperte
2637 2483 2860 2551 dicunt,
2886 2485 2995 2543 Cur
3034 2489 3249 2547 Petrum
3294 2494 3447 2551 nobis
3488 2499 3804 2567 praetulisti?

2224 2586 2349 2624 mini
2383 2572 2470 2626 ille
2507 2573 2679 2644 major
2722 2577 2877 2632 nobis
2915 2580 3039 2634 est?
3066 2595 3170 2636 non
3203 2581 3472 2641 audebant
3492 2588 3676 2654 enim;
3705 2591 3802 2645 sed

2226 2662 2496 2719 indetinitc
2521 2666 2853 2739 interrogant
2876 2690 2889 2725 :
2926 2672 3052 2740 Quis
3081 2676 3246 2746 major
3264 2687 3336 2730 est
3355 2679 3381 2732 .’
3396 2678 3528 2734 Nam
3553 2696 3675 2736 cum
3694 2690 3803 2738 tres

2223 2755 2463 2810 viderunt
2487 2758 2726 2826 prmferri
2744 2763 2973 2823 exteris.
2994 2764 3129 2821 nihil
3148 2766 3321 2823 simile
3336 2770 3475 2838 passi
3500 2781 3655 2837 sunt;
3678 2788 3801 2827 cum

2222 2858 2397 2900 autem
2428 2864 2562 2902 unus
2594 2859 2797 2906 tantum
2828 2852 3085 2910 honorem
3119 2858 3270 2925 tulit,
3313 2868 3438 2915 tunc
3460 2861 3650 2917 dolore
3677 2876 3804 2919 sunt

2221 2936 2414 2991 atlbcti.
2438 2937 2620 3009 Neque
2651 2940 2751 2997 hoc
2776 2944 2971 3012 solum,
2994 2946 3089 3002 sed
3117 2956 3171 3003 et
3190 2949 3294 3004 alia
3322 2951 3479 3005 multa
3507 2967 3801 3023 congerere

2223 3035 2322 3091 tes,
2347 3030 2556 3083 accensi
2579 3040 2725 3086 sunt.
2748 3032 2877 3089 Nam
2898 3035 3031 3091 dixit
3057 3037 3133 3091 illi
3161 3056 3175 3092 :
3202 3039 3313 3093 Tibi
3337 3040 3466 3095 datio
3491 3045 3693 3107 claves;
3718 3056 3799 3108 et,

2224 3118 2409 3176 Beatus
2435 3138 2488 3176 es
2513 3163 2527 3187 ,
2552 3122 2731 3179 Simon
2764 3125 3032 3183 Bar-Jona
3075 3128 3301 3201 (Matth.
3335 3134 3421 3188 16.
3453 3134 3535 3189 19.
3566 3137 3671 3206 l7)
3699 3153 3714 3199 ;
3747 3147 3799 3191 et

2223 3209 2327 3277 hic,
2356 3211 2436 3265 Da
2464 3214 2589 3283 ipsis
2627 3234 2719 3286 pro
2744 3234 2823 3273 me
2844 3229 2892 3273 et
2922 3231 3004 3285 te;
3040 3221 3273 3294 itemque
3320 3225 3565 3282 ﬁduciam
3591 3229 3712 3297 ejus
3741 3240 3797 3284 ct

2222 3300 2469 3369 loquendi
2516 3305 2816 3362 libertatem
2861 3309 3106 3366 videntes
3152 3316 3545 3385 pungebantur.
3573 3320 3724 3385 Quod
3752 3320 3799 3375 si

2220 3390 2427 3447 Marcus
2454 3409 2561 3449 non
2581 3396 2871 3463 dicat,iltos
2900 3400 3276 3474 interrogasse,
3300 3406 3395 3460 sed
3422 3421 3605 3462 secum
3628 3410 3681 3462 id
3700 3426 3799 3464 co-

2217 3482 2459 3556 gitasse(
2493 3484 2659 3540 Marc.
2693 3487 2747 3543 9.
2777 3490 2844 3545 56
2869 3488 2927 3562 ),
2960 3490 3014 3545 id
3050 3508 3156 3548 non
3191 3509 3311 3550 esse
3347 3497 3649 3566 oppositum
3676 3499 3800 3554 huic

2220 3576 2509 3631 narrationi
2541 3594 2554 3631 :
2586 3592 2707 3632 nam
2753 3581 3039 3639 verisimile
3066 3594 3149 3638 est
3175 3585 3295 3640 illos
3326 3596 3608 3658 utrumque
3636 3590 3796 3643 tet-is-

2218 3680 2278 3721 se
2308 3683 2322 3721 :
2351 3675 2405 3722 et
2432 3668 2660 3739 primum
2687 3671 2903 3741 quidem
2937 3674 3040 3728 alio
3064 3685 3305 3747 tempore
3328 3680 3500 3734 semel
3534 3692 3583 3735 et
3617 3681 3696 3734 bis
3720 3684 3798 3736 sic

2217 3758 2501 3827 cogitasse,
2536 3769 2661 3816 tunc
2681 3778 2809 3817 vero
2835 3772 2889 3817 et
2912 3763 3110 3819 dixisse
3134 3806 3149 3830 ,
3173 3776 3227 3822 et
3249 3781 3431 3823 secum
3457 3771 3794 3840 cogitavisse.

2217 3847 2296 3903 Tu
2326 3864 2455 3906 vero
2482 3867 2586 3907 non
2616 3852 2666 3907 id
2697 3852 2805 3907 vitii
2838 3855 3010 3909 solum
3034 3857 3288 3926 respicias
3310 3901 3326 3924 ,
3355 3860 3448 3913 sed
3471 3869 3525 3913 et
3552 3862 3677 3916 illud
3706 3878 3799 3915 cc-

2218 3941 2324 4011 gita
2357 3960 2371 3997 :
2401 3943 2592 4013 primo,
2623 3944 2743 4000 illos
2789 3947 2917 4001 nihil
2956 3946 3041 4003 hic
3088 3948 3247 4019 hujus
3284 3953 3466 4006 saeculi
3511 3968 3796 4023 quaerere;

2194 4033 2445 4101 deinde,
2477 4037 2597 4092 illos
2642 4038 2786 4094 hunc
2832 4049 3013 4110 postea
3062 4043 3307 4097 morbum
3356 4044 3708 4115 deposuisse,
3743 4058 3795 4101 et

2219 4126 2416 4196 primas
2445 4128 2545 4184 sibi
2576 4142 2760 4184 mutuo
2780 4131 3055 4188 detulisse.
3079 4133 3187 4188 Nos
3223 4145 3399 4189 autem
3420 4151 3594 4206 neque
3619 4137 3684 4190 ad
3701 4138 3793 4191 de-

2218 4218 2388 4272 tectus
2429 4233 2612 4275 eorum
2665 4236 2946 4291 possumus
2976 4225 3315 4293 pertingere,
3361 4241 3461 4281 nec
3504 4229 3793 4295 quaerimus

2216 4315 2335 4383 quis
2365 4313 2533 4382 major
2556 4313 2629 4367 sit.
2672 4313 2723 4367 in
2755 4328 2919 4382 regno
2944 4316 3195 4370 caelorum
3217 4357 3231 4379 ,
3265 4316 3361 4371 sed
3398 4319 3517 4387 quis
3544 4320 3715 4387 major
3742 4321 3794 4373 iu

2217 4421 2381 4476 regno
2409 4415 2565 4460 terra:
2591 4448 2604 4467 ,
2636 4407 2756 4476 quis
2807 4408 3112 4477 cpuleutior
3134 4449 3150 4473 ,
3181 4410 3304 4477 quis
3335 4412 3621 4478 potentior.
3654 4414 3793 4477 Quid

2216 4510 2348 4563 ergo
2369 4495 2648 4552 Christus?
2693 4497 2904 4553 Illorum
2937 4500 3327 4553 conscientiam
3348 4500 3565 4570 detegit,
3588 4512 3640 4555 et
3659 4503 3795 4558 atte-

2215 4586 2321 4639 ctui
2344 4602 2551 4652 eorum,
2582 4603 2690 4641 non
2720 4590 2895 4642 verbis
2927 4598 3153 4656 tantmn,
3183 4592 3493 4660 respondet.
3525 4594 3575 4646 2,
3612 4594 3673 4647 Et
3709 4597 3796 4647 ad-

2213 4693 2398 4732 uocans
2419 4677 2569 4732 Iesus
2596 4680 2882 4748 parvulum,
2912 4681 2966 4735 ὃ.
2994 4680 3124 4734 dixit
3147 4721 3162 4744 ,
3190 4680 3305 4735 Nisi
3328 4684 3551 4736 conversi
3572 4686 3787 4754 fueritis,

2215 4780 2262 4825 et
2304 4770 2587 4840 eﬂiciamiui
2628 4771 2759 4823 sicut
2799 4764 3036 4840 parvulus
3061 4773 3187 4837 iste,
3217 4789 3317 4826 non
3346 4771 3598 4829 intrabitis
3630 4776 3681 4828 in
3712 4794 3795 4831 re.

2215 4881 2368 4936 gnum
2390 4865 2649 4919 caelorum.
2685 4864 2790 4917 Vos
2821 4865 3132 4935 perquiritis
3161 4867 3283 4935 quis
3318 4866 3388 4920 sit
3417 4881 3611 4936 major,
3640 4882 3692 4921 et
3725 4869 3793 4922 de

2217 4955 2446 5022 primatu
2474 4955 2797 5008 contenditis
2829 4970 2842 5007 :
2878 4969 2977 5020 ego
3007 4971 3137 5009 vero
3163 4971 3310 5021 cum,
3337 4959 3422 5026 qui
3467 4973 3571 5011 non
3602 4955 3795 5011 innuit-

2216 5044 2374 5100 linms
2405 5045 2573 5100 lactus
2609 5045 2794 5111 fuerit,
2826 5063 2932 5100 non
2962 5063 3082 5103 esse
3106 5048 3322 5119 dignum
3352 5049 3471 5103 dico
3500 5051 3591 5118 qui
3634 5051 3794 5105 intret

2215 5140 2266 5194 in
2298 5154 2516 5209 regnum
2538 5140 2812 5193 ctelorum.
2844 5139 3009 5194 Recte
3032 5141 3335 5211 exemplqu
3361 5141 3549 5206 atri-rt;
3588 5158 3686 5198 nec.
3712 5145 3793 5197 at-

2216 5232 2318 5288 tert
2346 5232 2524 5296 modo,
2564 5231 2657 5287 sed
2691 5242 2747 5287 et
2775 5232 2945 5301 ipsum
2973 5234 3251 5303 parvulum
3282 5233 3333 5287 in
3364 5234 3542 5289 medio
3564 5237 3747 5289 statuit
3775 5276 3791 5298 ,

2218 5323 2335 5392 ipso
2360 5332 2580 5393 aspectu
2626 5323 2846 5377 hortans
2893 5335 2947 5376 et
2987 5323 3220 5378 suadens
3249 5332 3307 5379 ut
3345 5325 3452 5379 sint
3483 5325 3713 5380 humiles
3733 5340 3795 5381 ac

2214 5414 2500 5482 simplices.
2526 5413 2656 5467 Nam
2686 5414 2939 5483 puerulus
2966 5415 3100 5469 liber
3124 5424 3208 5470 est
3233 5416 3299 5468 ab
3353 5416 3570 5481 invidia,
3608 5433 3638 5471 a
3662 5433 3793 5471 vana

2213 5505 2382 5574 gloria
2416 5543 2432 5567 ,
2463 5505 2530 5557 ah
2558 5520 2743 5559 amore
2771 5506 3050 5574 primatus.
3079 5509 3474 5577 maximamque
3516 5508 3654 5562 hanc
3685 5510 3795 5564 vir-

2217 5604 2378 5650 tutem
2407 5593 2665 5665 possidet,
2696 5610 2888 5664 nempe
2903 5596 3296 5665 simplicitatem
3334 5609 3385 5652 et
3416 5597 3791 5653 humilitatem.

2266 5757 2295 5786 4
2334 5761 2477 5813 Unus,
2494 5766 2602 5803 cum
2625 5751 2788 5803 Jacobi
2809 5756 2854 5802 et
2878 5759 3074 5803 Joanms
3102 5760 3266 5803 Petrus
3291 5757 3629 5816 primogeth
3651 5758 3774 5801 tssrt
