3990 6216
266 337 366 394 509

263 455 376 509 Non
403 465 533 519 ergo
560 462 695 519 Opus
724 454 924 501 tantum
958 452 1040 498 est
1082 441 1388 498 fortitudine
1413 452 1571 512 atque
1606 439 1836 509 pruden-

262 547 333 599 tia
363 561 376 608 ;
410 543 505 598 sed
532 542 692 597 etiam
722 541 1022 594 humilitate
1048 548 1101 592 ct
1126 536 1484 605 simplicitate.
1519 535 1725 588 Etenim
1759 533 1838 586 Vel

261 639 312 690 iu
343 633 623 705 praecipuis
649 634 806 688 rebus
831 672 844 697 ,
877 632 920 684 si
961 631 1040 684 ha:
1067 630 1290 683 virtutes
1317 643 1420 681 non
1453 626 1631 680 adsint
1656 667 1671 689 ,
1699 625 1843 679 clau-

258 730 440 783 tlicant
466 742 529 783 ea
557 742 676 796 qua}
697 725 763 778 ad
792 726 1016 778 salutem
1046 733 1281 777 uo~tram
1316 722 1600 790 pertinent.
1637 719 1837 772 Pueru-

259 824 339 876 lus
361 822 478 877 sive
501 817 824 874 contumelia
852 816 1130 875 afﬁciatur,
1150 813 1260 867 sive
1293 812 1558 872 laudetur,
1593 810 1703 862 sive
1731 824 1841 861 Ver-

259 924 494 976 tueretur,
524 911 637 964 sive
666 909 980 970 houoretur,
1015 920 1113 960 nec
1140 904 1354 974 indigne
1382 904 1482 956 fert
1509 903 1588 956 vel
1617 899 1838 961 invidet,

259 1019 436 1074 neque
463 1003 628 1057 altum
652 1001 812 1072 sapit.

331 1101 386 1152 5.
421 1097 605 1152 Viden‘
627 1093 897 1165 quomodo
927 1106 1024 1146 nos
1063 1106 1272 1146 rursum
1308 1088 1372 1141 ad
1402 1086 1658 1141 naturalia
1679 1099 1838 1152 Opera

253 1199 460 1253 evocet,
484 1186 770 1242 ostendens
801 1184 914 1239 ha:c
948 1199 1012 1238 ex
1055 1181 1325 1251 proposito
1351 1179 1636 1234 voluntatis
1659 1176 1838 1244 perlici

253 1295 432 1349 posse,
447 1278 907 1349 perniciosamque
921 1273 1328 1328 Manichaeorum
1343 1270 1541 1324 rabiem
1556 1267 1839 1336 deprimit?

253 1372 386 1428 Nam
408 1372 451 1425 si
468 1369 604 1425 mala
622 1378 808 1424 natura
826 1366 1018 1436 cst(a),
1037 1379 1133 1419 cur
1150 1363 1272 1419 inde
1295 1361 1638 1431 philosophia:
1659 1375 1841 1413 exem-

253 1469 336 1538 pla
369 1465 563 1520 trahit?
610 1464 891 1520 Parvulum
922 1473 1098 1517 autem
1141 1471 1264 1531 puto
1299 1460 1551 1514 infantem
1582 1457 1633 1512 in
1663 1456 1840 1510 medio

251 1560 531 1621 statuisse,
571 1557 818 1611 erunibus
845 1555 990 1610 hisce
1017 1555 1174 1608 animi
1204 1552 1401 1607 morbis
1421 1565 1664 1607 vacuum.
1707 1548 1837 1603 Nam

254 1652 306 1705 in
335 1627 638 1720 huju'smodi
665 1648 974 1712 infantibus,
996 1662 1091 1701 nec
1111 1645 1431 1715 arrogantia.
1454 1659 1551 1697 nec
1568 1657 1698 1696 vana
1725 1641 1838 1705 glo-

255 1743 353 1807 ria,
385 1755 484 1796 nec
510 1740 729 1805 invidia,
761 1754 858 1794 nec
886 1739 1182 1802 contentio,
1215 1751 1314 1791 nec
1335 1736 1436 1788 alia
1468 1731 1836 1802 hujuscemodi

254 1835 427 1886 locum
455 1831 682 1897 habent;
732 1831 914 1885 insunt
937 1839 1117 1884 atttem
1155 1827 1376 1882 virtutes
1402 1826 1602 1887 multa),
1630 1821 1836 1890 simpli-

250 1927 403 1990 citas,
445 1925 743 1989 humilitas;
773 1924 927 1979 abcst
966 1922 1035 1976 ab
1071 1936 1136 1977 eo
1163 1919 1495 1991 negotiorum
1523 1916 1674 1971 turba
1696 1956 1710 1980 ,
1739 1915 1834 1968 de-

249 2034 352 2082 que
386 2016 527 2070 nulla
557 2031 616 2072 re
640 2015 912 2085 superbit;
941 2013 1028 2068 ubi
1060 2012 1254 2081 duplex
1283 2020 1363 2066 est
1393 2007 1751 2079 philosttphia,
1781 2015 1836 2060 et

248 2110 391 2176 quod
420 2109 534 2163 lure
577 2107 879 2177 possideat.
908 2105 1128 2177 etquod
1155 2120 1261 2158 non
1297 2103 1416 2157 ideo
1447 2103 1678 2156 inlletnr.
1713 2100 1835 2154 ldeo

249 2201 506 2255 infantem
541 2201 810 2271 produxit,
837 2207 890 2254 et
921 2200 972 2252 in
1006 2199 1184 2254 medio
1221 2198 1402 2250 statuit
1424 2214 1437 2260 ;
1463 2211 1636 2264 neque
1664 2194 1733 2249 ibi
1769 2195 1831 2248 li-

247 2308 368 2345 nem
409 2292 620 2348 dicendi
648 2292 789 2352 fecit,
814 2292 908 2346 sed
937 2291 1162 2345 ulterius
1197 2291 1614 2343 admonitionem
1642 2287 1835 2358 produ-

244 2386 333 2448 cit,
366 2384 556 2439 dicens
586 2405 598 2438 :
633 2385 687 2438 5.
716 2383 784 2437 Et
831 2384 1131 2453 quicumque
1157 2382 1428 2451 susceperit
1458 2397 1614 2434 unum
1644 2395 1832 2448 parvu-

248 2479 348 2529 lum
405 2477 558 2530 talem
601 2475 653 2529 iu
698 2475 898 2529 nomine
951 2491 1083 2539 meo,
1112 2489 1190 2528 me
1217 2473 1444 2541 suscipit.
1496 2472 1609 2526 Non
1657 2471 1829 2524 solum

243 2571 414 2632 enim,
456 2569 646 2638 inquit.
689 2569 732 2622 si
790 2569 922 2622 tales
969 2568 1200 2630 fueritis,
1231 2567 1530 2622 mercedem
1585 2581 1830 2635 magnam

244 2659 552 2728 recipietis,
577 2658 672 2714 sed
710 2659 871 2714 etiam
898 2659 940 2713 si
982 2659 1119 2712 alios
1150 2659 1353 2711 similes
1384 2667 1602 2726 propter
1625 2673 1710 2711 me
1737 2656 1832 2710 ho-

243 2749 589 2814 tioraveritis,
620 2765 841 2818 regnum
874 2750 1022 2804 vobis
1045 2749 1095 2802 in
1121 2747 1421 2804 mercedem
1443 2749 1632 2801 trilmo.
1653 2747 1831 2814 Quod-

242 2859 341 2907 que
381 2841 538 2912 longe
563 2840 736 2910 majus
781 2849 862 2894 est
889 2840 1102 2908 adjicit,
1134 2854 1256 2894 cum
1299 2838 1446 2905 dicit,
1480 2838 1562 2892 Me
1598 2839 1827 2906 suscipit.

243 2933 310 2985 ita
335 2932 686 2988 vehementer
713 2931 917 2985 afficior
945 2947 1010 2985 ex
1054 2931 1348 2985 humilitate
1378 2939 1430 2986 et
1468 2930 1824 2999 simplicitate.

245 3023 505 3079 Parvulos
535 3024 621 3078 hic
645 3033 798 3078 vocat
825 3023 1102 3088 homines,
1138 3023 1204 3076 ita
1237 3023 1536 3091 simplices,
1567 3022 1826 3091 humiles,

240 3116 324 3168 ομι1
374 3114 522 3183 apud
584 3099 778 3168 milites
827 3113 1021 3184 abjecti
1076 3122 1131 3168 et
1173 3113 1498 3183 despiciendi
1543 3114 1820 3172 habentur.

242 3206 444 3262 Ιιι-ίιιόε
484 3206 840 3276 probatiorem
869 3206 1097 3260 reddens
1125 3221 1461 3272 sermonem,
1488 3224 1590 3261 non
1622 3223 1650 3261 a
1687 3224 1825 3278 pra-.-

240 3299 357 3352 miis
403 3306 634 3358 tantum,
657 3298 752 3351 sed
794 3298 953 3351 etiam
983 3313 1010 3350 a
1041 3298 1215 3367 pinnis
1247 3298 1390 3351 illum
1422 3299 1726 3361 conﬁrmat,
1750 3300 1826 3354 sic

239 3392 508 3456 loquens:
542 3389 575 3442 ϐ
627 3389 728 3454 Qui
774 3399 942 3442 autem
988 3389 1404 3442 scattdulizaverit
1456 3406 1613 3442 unum
1657 3407 1718 3443 ea:
1747 3391 1826 3444 Itis

239 3479 442 3540 pusillis
473 3479 560 3549 qui
598 3481 649 3533 in
675 3497 751 3532 me
789 3480 1000 3533 credunt
1027 3481 1069 3542 ί,
1091 3480 1294 3549 expedit
1319 3481 1383 3545 ei,
1416 3489 1468 3532 ut
1491 3479 1827 3549 sttspeudutur

236 3574 368 3624 inuia
389 3571 621 3624 asinaria
643 3572 694 3624 in
717 3570 848 3624 collo
877 3571 1007 3640 ejus,
1035 3580 1081 3624 et
1097 3571 1417 3640 demergatur
1443 3571 1494 3624 iu
1517 3572 1827 3642 profundum

234 3666 409 3718 amris.
463 3663 596 3718 Nam
625 3665 763 3719 sicut
799 3664 887 3733 qui
913 3664 1011 3718 bos
1037 3665 1288 3732 parvulos
1315 3674 1531 3734 propter
1553 3682 1637 3719 me
1656 3664 1824 3718 hono-

234 3767 374 3822 rant,
390 3756 586 3812 ctelum
604 3756 971 3826 possidebunt,
992 3756 1099 3810 imo
1117 3757 1289 3825 majus
1315 3773 1478 3826 regno
1507 3757 1780 3824 pnetuium
1806 3773 1819 3810 :

231 3848 300 3900 ita
331 3847 426 3916 qui
464 3846 787 3902 inhonorant
813 3846 887 3919 (id
913 3848 1054 3903 enim
1095 3858 1178 3902 est
1204 3849 1610 3918 scaudalizare),
1642 3859 1821 3904 extre-

233 3955 348 3991 mas
369 3936 580 3992 dabunt
603 3952 809 4007 poenas.
843 3938 898 3993 Si
950 3954 1077 3994 vero
1102 3939 1409 3994 scandalum
1449 3941 1821 3996 contumeliam

231 4037 409 4093 vocet,
442 4044 509 4083 ne
535 4029 774 4096 mireris;
802 4045 920 4084 cum
944 4030 1180 4083 multiob
1199 4031 1684 4097 pusillanimitatetn
1716 4048 1823 4089 non

231 4137 423 4190 parum
455 4121 797 4177 seandalizati
819 4120 1017 4177 fuerint
1060 4138 1126 4178 eo
1157 4123 1295 4192 quod
1325 4123 1746 4192 despicerentur,
1770 4134 1826 4180 ct

228 4211 558 4268 contumelia
577 4213 937 4268 aﬂicerentur.
967 4213 1178 4268 Crimen
1207 4229 1334 4284 ergo
1357 4229 1702 4285 exaggerans,
1725 4217 1822 4272 de-

231 4306 546 4360 trimentum
579 4305 700 4358 inde
741 4314 914 4358 ortum
964 4306 1202 4375 exponit.
1262 4305 1446 4376 Neque
1476 4308 1611 4360 ultra
1638 4324 1702 4361 ex
1726 4309 1821 4363 iis-

231 4395 353 4448 dem
403 4395 728 4465 supplicium
757 4396 1012 4460 ostendit,
1045 4396 1138 4450 sed
1167 4412 1324 4466 quam
1377 4398 1710 4454 intolerabile
1753 4400 1822 4454 sit

228 4503 292 4540 cx
317 4487 488 4542 rebus
504 4487 656 4541 nobis
678 4488 965 4541 notissimis
989 4488 1243 4542 declarat.
1274 4489 1402 4543 Nam
1430 4505 1550 4545 cum
1580 4491 1820 4546 rudiores

229 4579 342 4632 vult
375 4578 760 4647 perstringere,
782 4577 883 4632 sub
895 4595 1109 4632 sensum
1127 4579 1313 4634 cadent
1324 4581 1369 4634 ia
1383 4583 1630 4650 exempla
1644 4582 1815 4636 alfert.

226 4672 571 4736 Quapropter
613 4682 734 4723 cum
785 4668 870 4723 hic
920 4670 1205 4724 ostendere
1259 4671 1418 4737 velit,
1449 4672 1592 4741 ipsos
1623 4673 1820 4742 ingenti

227 4759 498 4829 supplicio
523 4758 769 4815 allectum
813 4761 897 4826 iri,
935 4770 990 4816 et
1018 4778 1203 4816 eorum
1233 4763 1323 4833 qui
1349 4764 1492 4833 ipsos
1519 4765 1820 4835 despiciunt

229 4851 592 4922 arrogantiam
609 4853 1158 4920 exagitare,sensibile
1179 4855 1494 4924 supplicium
1513 4857 1561 4910 in
1584 4856 1817 4912 medium

229 4942 408 5006 all'crt,
442 4943 597 4996 mola:
623 4958 686 4996 ac
714 4943 1097 5009 dcmersionis;
1130 4947 1370 5014 quamvis
1395 4947 1688 5002 secundum
1728 4963 1817 5003 se—

232 5035 365 5086 riem
389 5033 594 5088 dixisse
625 5049 716 5103 par
744 5032 901 5089 fuerit
929 5050 942 5088 :
977 5035 1075 5104 Qui
1099 5053 1202 5092 nou
1225 5039 1447 5107 suscipit
1467 5055 1628 5094 unum
1643 5056 1706 5094 ex
1736 5041 1819 5097 his

232 5122 490 5188 parvulis,
522 5137 608 5177 me
637 5140 742 5177 non
770 5125 1021 5195 suscipit;
1042 5127 1180 5196 quod
1212 5129 1354 5182 omni
1384 5129 1645 5198 δυνιιιίοίο
1665 5147 1819 5187 acer--

231 5215 350 5265 hius
377 5222 494 5268 erat
523 5214 652 5269 :sed
673 5215 794 5286 quia
823 5217 1064 5272 rudiores
1088 5229 1142 5272 et
1169 5219 1458 5274 crassiores
1482 5219 1580 5275 hac
1597 5219 1818 5278 terribiii

230 5317 389 5368 paena
412 5318 518 5358 non
540 5303 926 5369 ametebantur.
950 5307 1144 5362 molam
1173 5311 1317 5378 ponit
1337 5320 1391 5365 et
1405 5311 1815 5370 dcmersionem.

229 5393 417 5464 Neque
464 5395 620 5464 dixit,
653 5397 790 5452 Mela
834 5401 1191 5469 suspcmletur
1233 5418 1263 5457 a
1315 5404 1453 5458 collo
1499 5408 1650 5474 ejus;
1698 5409 1813 5477 sed,

297 5552 480 5622 '"ita‘e,
505 5552 660 5622 quita
683 5556 1004 5622 uterreduut,
1028 5557 1202 5607 tlrsunt
1241 5561 1287 5607 in
1313 5562 1596 5622 quihusdam
1624 5570 1727 5612 Mss.
1768 5579 1818 5614 et

233 5625 279 5681 in
303 5613 489 5681 Elius;
516 5613 604 5662 sed
630 5618 677 5664 111
700 5617 985 5681 quibusdam
1031 5613 1393 5681 exmoptarib'us
1430 5624 1689 5680 habentur,
1717 5636 1767 5676 ct
1795 5613 1818 5678 a

235 5678 445 5734 βψω-μω
462 5684 483 5722 ’1
497 5679 778 5737 rapezuntio
804 5678 926 5728 lecta
955 5681 1165 5730 luerunt.

292 5759 374 5817 (tt)
413 5761 652 5810 huichwi
676 5762 909 5813 dit-eluunt
934 5766 1102 5814 malum
1131 5783 1239 5816 esse
1267 5779 1479 5818 naturam

1189 329 1248 385 IN
1291 325 1688 383 illA'l'Tllzlide
1735 322 1943 379 noun.
2006 323 2176 378 LVIII.
2221 326 2272 380 .tl
2339 327 2469 382 UA.

3437 336 3498 390 {fi
3508 344 3542 392 ι)

1955 440 2176 502 Ιτ.’.τνειίῐι
2200 441 2267 508 ei,
2299 452 2355 495 ttt
2408 442 2506 499 hac
2537 459 2688 513 pmna
2714 445 3017 513 tunlctelur,
3050 451 3340 504 Oslcndens
3368 452 3535 521 ipsum

1949 532 2149 597 majore
2170 533 2326 587 etiam
2355 535 2615 604 supplicio
2642 536 2980 592 afficiendum
3028 555 3039 591 :
3073 540 3213 610 quod
3252 543 3294 594 si
3328 541 3428 596 hoc
3461 561 3536 597 tn-

1953 626 2284 680 tolcrandum
2337 627 2563 692 videtur,
2608 629 2774 682 umlto
2807 631 2972 699 magis
3004 631 3157 686 illud.
3188 633 3374 687 V'dcu'
3399 651 3534 703 quo—

1949 716 2106 771 tundo
2134 719 2596 772 eomminatioucm
2633 723 2879 791 utrinque
2908 725 3233 778 tremendam
3262 725 3534 791 exhibeat,

1948 813 2058 860 tum
2089 809 2296 863 notiore
2341 811 2587 878 exemplo
2630 811 2912 867 clariorem
2953 815 3205 881 reddens,
3239 825 3350 871 tum
3377 819 3535 886 longe

1947 900 2118 968 majus
2144 899 2235 953 illo
2260 900 2576 968 supplicium
2602 904 2838 972 cogitare
2875 905 3145 961 suadens?
3187 909 3370 962 Videu’
3395 927 3533 980 quo-

1946 988 2105 1043 modo
2129 991 2445 1059 arrogantiae
2472 1000 2730 1046 tumorem
2758 995 3006 1050 radicitus
3024 999 3250 1053 evulsit?
3266 1003 3537 1070 quomodo

1946 1095 2095 1133 value
2124 1080 2306 1150 gloria:
2334 1082 2484 1137 ulcus
2513 1084 2754 1138 curavit?
2781 1088 3048 1153 quomodo
3077 1089 3257 1144 docuit
3284 1095 3528 1163 nuspiam

1945 1172 2143 1239 primas
2184 1173 2475 1244 expetere?
2500 1176 2768 1243 quomodo
2793 1177 3032 1233 docuerit
3069 1196 3163 1236 eos
3214 1184 3302 1252 qui
3335 1185 3532 1250 primas

1945 1273 2276 1333 expeterent,
2308 1274 2362 1319 ut
2383 1273 2709 1336 postremum
2734 1268 2927 1338 ubique
2943 1271 3184 1326 ordinem
3205 1291 3499 1344 perscquan
3514 1307 3526 1314 -

1946 1357 2063 1410 tur?
2102 1356 2237 1410 Nihil
2269 1356 2411 1412 enim
2455 1361 2754 1427 arrogantia
2787 1359 2954 1430 pejus.
3007 1361 3130 1417 llzre
3185 1364 3252 1416 ab
3302 1364 3530 1420 humana

1945 1458 2121 1502 mente
2147 1449 2325 1519 dt-jicit
2351 1492 2365 1515 ,
2396 1458 2450 1504 et
2477 1450 2836 1520 insipientium
2867 1451 3057 1505 l‘aumm
3089 1453 3375 1518 conciliat;
3427 1456 3534 1509 imo

1942 1540 2225 1594 admodum
2268 1542 2578 1610 insipientes
2603 1542 2796 1596 reddit.
2845 1543 2976 1596 Nam
3009 1545 3460 1614 quemadmodum
3491 1549 3533 1600 si

1944 1632 2100 1700 quis,
2148 1633 2504 1688 tricuhitalcm
2560 1643 2818 1688 staturam
2873 1636 3073 1692 habens
3127 1639 3226 1708 (ιι),
3274 1642 3533 1694 montium

1941 1725 2271 1780 altitudinem
2302 1741 2558 1794 superare
2584 1725 2844 1792 studeret,
2875 1727 3033 1796 idque
3065 1730 3131 1782 ita
3161 1745 3280 1785 esse
3303 1743 3531 1800 putaret.

1940 1832 2163 1888 seseque
2209 1818 2437 1888 erigeret
2464 1820 2615 1890 quasi
2661 1834 2846 1874 eorum
2893 1823 3170 1876 cacmuina
3218 1825 3530 1892 excederet;

1941 1925 2046 1963 non
2095 1909 2236 1965 aliud
2284 1926 2646 1980 QUJEI‘CI‘CIDUS
2674 1913 2913 1967 stultitia:
2939 1913 3056 1983 ejus
3102 1927 3520 1985 argumentum:

1939 2001 2018 2056 sic
2043 2017 2161 2055 cum
2190 2013 2530 2070 arrogantem
2559 2003 2828 2056 hominem
2853 2003 3070 2068 videris,
3097 2005 3186 2074 qui
3211 2021 3271 2060 se
3291 2007 3528 2061 onniium

1941 2092 2435 2161 prmsumtissiumm
2481 2103 2650 2162 putet,
2693 2104 2745 2147 et
2785 2095 3122 2150 contumelia:
3161 2097 3277 2151 loco
3315 2096 3529 2164 habeat,

1939 2181 2078 2250 quod
2106 2197 2224 2236 cum
2245 2183 2454 2237 caeteris
2475 2185 2634 2250 vivat,
2671 2199 2736 2238 ne
2763 2200 2972 2253 quzeras
2994 2185 3138 2240 aliud
3162 2187 3277 2255 ejus
3308 2187 3530 2243 insania:

1940 2281 2335 2341 argumentum.
2384 2272 2514 2326 Nam
2545 2289 2609 2328 co
2635 2279 2802 2343 magis
2833 2273 3090 2329 ridiculus
3111 2289 3190 2331 est
3219 2278 3282 2331 iis
3312 2279 3398 2348 qui
3430 2295 3493 2332 na
3519 2306 3528 2314 -

1941 2375 2053 2418 tura
2083 2380 2178 2420 sua
2206 2365 2351 2419 stulti
2375 2375 2520 2431 sunt,
2553 2382 2658 2435 quo
2688 2365 2826 2420 hunc
2858 2367 2971 2436 ipse
3001 2367 3100 2422 sibi
3130 2381 3316 2436 Sponte
3347 2375 3527 2424 eonci—

1939 2456 2087 2510 liavit
2138 2456 2403 2511 morbum.
2435 2457 2617 2526 Neque
2672 2457 2793 2513 ideo
2845 2467 3049 2513 tantum
3101 2461 3265 2515 miser
3304 2471 3404 2525 est,
3434 2464 3526 2517 scd

1937 2550 2100 2602 etiam
2142 2549 2282 2618 quod
2323 2549 2438 2604 sine
2479 2550 2588 2604 ullo
2617 2564 2775 2604 sensu
2813 2551 2863 2604 in
2911 2551 3159 2619 nequitia:
3211 2553 3525 2621 profundum

1935 2640 2165 2695 decidat.
2199 2641 2544 2709 Quandonam
2573 2642 2663 2696 ille
2703 2651 2915 2711 peceata
2969 2659 3062 2696 sua
3097 2655 3153 2697 ut
3192 2655 3404 2713 oportet
3433 2662 3522 2700 co-

1933 2731 2194 2800 gnoscet?
2219 2731 2431 2800 quando
2459 2732 2654 2787 sentiet
2680 2748 2738 2787 se
2760 2732 3083 2800 deliquisse?
3114 2735 3319 2788 Etenim
3340 2736 3523 2790 diabo-

1936 2823 2018 2876 lus
2047 2823 2193 2876 illtun
2240 2839 2338 2877 ceu
2370 2838 2582 2878 servum
2613 2832 2664 2878 et
2687 2823 2952 2893 captivum
2983 2825 3254 2879 abduceus
3299 2826 3428 2891 abit,
3463 2829 3523 2880 il'-

1935 2915 2150 2984 lumquc
2197 2917 2546 2980 circumfert,
2575 2916 2857 2985 verberat,
2889 2927 2941 2972 et
2987 2918 3132 2972 mille
3187 2922 3525 2976 conltmtcliis

1933 3009 2114 3062 allicit.
2159 3007 2214 3061 ln
2248 3017 2446 3062 tantam
2470 3009 2666 3078 quippe
2695 3010 2814 3063 illos
2835 3010 2939 3078 agit
2974 3010 3283 3076 stultitiam,
3316 3023 3372 3066 ut
3396 3029 3522 3067 sua-

1932 3101 2054 3155 deat
2080 3101 2206 3169 ipsis
2235 3101 2314 3153 vel
2338 3099 2594 3155 adversus
2622 3101 2818 3156 liberos
2844 3111 2897 3156 ct
2932 3119 3176 3168 uxorem,
3200 3106 3307 3158 into
3334 3116 3520 3160 contra

1932 3192 2166 3260 majores
2196 3206 2323 3244 suos
2351 3207 2472 3246 sese
2501 3191 2711 3246 clTerre.
2742 3192 2942 3246 Coittra
2973 3207 3099 3248 vero
3128 3195 3262 3248 alios
3287 3213 3314 3246 a
3359 3198 3523 3261 majo-

1933 3298 2048 3336 rum
2101 3281 2389 3349 splendore
2439 3280 2669 3335 Iumidos
2713 3282 2929 3336 reddit:
2981 3298 3087 3351 quo
3139 3284 3264 3353 quid
3310 3286 3525 3339 stultius

1935 3387 2186 3440 umquam
2221 3371 2398 3435 fuerit,
2423 3387 2541 3424 cum
2573 3386 2605 3426 e
2647 3371 2810 3425 rebus
2853 3373 3134 3426 contrariis
3163 3373 3410 3429 similiter
3439 3377 3518 3429 in-

1931 3471 2228 3515 tumescant
2248 3501 2260 3523 ,
2288 3461 2411 3526 alii,
2441 3459 2581 3530 quod
2605 3461 2738 3515 viles
2768 3472 2964 3530 patres,
2994 3477 3140 3527 avos,
3175 3479 3399 3531 proavos
3432 3466 3520 3519 hau

1931 3551 2106 3614 beant,
2137 3552 2409 3621 alii,qnod
2450 3553 2767 3622 conspicuos
2810 3562 2864 3607 et
2908 3553 3186 3609 illustres?
3242 3556 3521 3622 Quomodo

1931 3646 2050 3713 quis
2082 3644 2249 3711 possit
2291 3644 2570 3697 amborum
2601 3653 2862 3698 tmnoretn
2903 3645 3246 3715 deprimere?
3272 3648 3378 3701 lllis
3404 3650 3520 3717 qui-

1929 3737 2051 3788 dcm
2079 3735 2226 3788 dicas
2255 3749 2270 3786 :
2303 3735 2544 3787 Asceude
2567 3735 2702 3787 ultra
2734 3751 2862 3789 avos
2875 3745 3192 3804 etproavos,
3215 3748 3270 3791 et
3291 3738 3518 3794 fortasse

1931 3830 2127 3882 multos
2157 3828 2392 3882 invenies
2418 3842 2640 3897 coquos,
2663 3829 2921 3882 asinarius
2951 3832 2965 3860 ⁸
2994 3871 3006 3890 ,
3034 3839 3087 3884 et
3111 3845 3380 3900 caupones
3406 3850 3419 3897 ;
3450 3835 3526 3886 ad

1929 3938 2023 3977 eos
2047 3929 2254 3987 contra,
2286 3925 2374 3991 qui
2403 3922 2470 3976 de
2517 3923 2778 3992 majorum
2806 3938 3025 3978 suorum
3059 3925 3258 3980 vilitate
3287 3927 3517 3982 intume-

1930 4023 2106 4079 scum,
2127 4013 2183 4067 Si
2213 4027 2371 4083 supra
2413 4027 2540 4066 avos
2571 4022 2689 4067 tuos
2739 4013 3118 4084 j-rogrediaris,
3143 4015 3340 4072 multos
3365 4015 3516 4072 inve-

1932 4106 2046 4159 nies
2071 4115 2121 4158 te
2148 4104 2304 4174 longe
2325 4103 2606 4159 clariores.

2000 4198 2053 4251 4.
2079 4195 2200 4250 Νοη
2236 4196 2556 4268 gloriandum
2585 4213 2648 4251 ex.
2689 4197 2882 4267 generis
2916 4197 3192 4253 nobilitate.
3224 4196 3426 4254 Divitiis
3455 4203 3516 4254 li-

1929 4290 2166 4342 bertatem
2210 4287 2415 4341 tollunt.
2439 4317 2508 4327 —
2531 4288 2681 4355 Qttod
2713 4289 2855 4343 enim
2884 4289 3005 4344 talis
3041 4291 3110 4344 sit
3139 4289 3385 4345 humanae
3424 4309 3514 4344 na-

1930 4389 2062 4434 tura:
2087 4394 2299 4444 cursus,
2331 4397 2393 4433 ex
2425 4380 2716 4458 Scripturis
2749 4381 2898 4434 vobis
2929 4382 3230 4435 ostendam.
3264 4384 3515 4438 Salomon

1931 4471 2066 4526 ﬁlius
2096 4471 2235 4539 regis
2259 4480 2398 4535 erat,
2429 4471 2674 4539 regisque
2712 4471 3026 4537 clarissimi,
3060 4473 3151 4525 sed
3182 4473 3338 4542 hujus
3371 4485 3518 4542 pater

1929 4563 2066 4617 inter
2105 4563 2241 4630 vulgi
2286 4561 2531 4614 homines
2561 4570 2613 4614 et
2643 4560 2902 4630 ignobiles
2946 4563 3330 4616 numerabatur
3353 4605 3367 4627 ,
3399 4581 3509 4617 Itta-

1928 4662 2109 4708 termts
2133 4667 2344 4722 quoque
2377 4666 2506 4705 avus
2531 4651 2810 4716 similiter;
2843 4651 3075 4721 alioquin
3096 4653 3238 4707 enim
3265 4669 3368 4706 non
3391 4670 3515 4708 cum

1927 4746 2168 4816 gregario
2218 4743 2388 4799 milite
2435 4743 2594 4797 filiam
2627 4744 2874 4798 locasset.
2919 4744 2973 4796 Si
3009 4744 3168 4798 altius
3207 4753 3383 4798 autem
3426 4762 3506 4799 re-

1928 4848 2098 4907 petas,
2133 4837 2309 4892 abhis
2349 4836 2624 4892 vilioribus
2652 4837 2716 4890 ad
2763 4837 3078 4892 illustriores
3121 4837 3517 4907 nobilioresque

1927 4947 1954 4984 a
1988 4929 2204 4983 centies.
2235 4928 2468 5000 ldipsum
2499 4929 2548 4982 in
2579 4928 2742 4982 Saﬁle
2765 4938 2816 4982 et
2847 4928 2896 4981 in
2928 4929 3167 4996 plurimis
3193 4928 3310 4982 aliis
3331 4930 3512 4982 obsera

1926 5038 2054 5077 vare
2079 5023 2216 5077 licet.
2245 5022 2322 5077 Ne
2348 5022 2508 5092 igitur
2542 5021 2664 5074 hinc
2691 5022 2853 5074 altqu
2882 5021 3172 5088 Sapiamus.
3205 5021 3342 5086 Quid
3372 5024 3516 5076 enim

1927 5131 2130 5184 qua-so,
2157 5129 2325 5184 genus
2353 5117 2475 5170 est?
2507 5114 2645 5168 Nihil
2684 5114 2783 5168 nisi
2831 5130 3046 5175 tnuueu,
3080 5130 3135 5169 re
3164 5131 3386 5170 vacuum
3417 5134 3430 5170 :
3464 5131 3517 5170 et

1929 5208 2030 5262 hoc
2061 5210 2111 5262 in
2136 5220 2377 5263 extremo
2401 5207 2494 5262 illo
2522 5207 2607 5260 die
2629 5207 2826 5260 scietis.
2857 5209 3116 5274 Quoniam
3142 5224 3268 5262 vero
3290 5210 3407 5264 dies
3429 5211 3518 5263 ille

1929 5301 2166 5355 nondum
2195 5299 2377 5366 adest,
2406 5314 2501 5368 age
2533 5315 2598 5352 cx
2628 5300 2982 5368 prwsentibus
3015 5299 3163 5352 vobis
3198 5302 3520 5356 suadeamus

1929 5394 2130 5448 nullam
2162 5393 2282 5447 imle
2306 5391 2710 5462 prmrogativam
2739 5390 2936 5444 assumi
2970 5405 3144 5459 posse.
3175 5391 3304 5446 Nam
3333 5395 3375 5444 si
3402 5394 3512 5446 bel-

1926 5487 2036 5542 lum
2069 5487 2298 5556 ingruat,
2333 5485 2374 5536 si
2399 5485 2599 5546 fames,
2634 5483 2676 5536 si
2706 5483 2916 5552 quidvis
2939 5483 3117 5549 aliud,
3149 5484 3207 5538 lii
3231 5484 3519 5540 nobilitatis

2001 5673 2004 5676 -
2046 5651 2190 5696 Unus.
2216 5659 2428 5702 errones,
2457 5659 2562 5706 pro,
2587 5644 2840 5695 usinm'ios.

1989 5712 2062 5763 (ιι)
2099 5717 2364 5757 \tensuram
2403 5707 2729 5757 triculntalem
2770 5707 2888 5757 solet
2928 5707 3297 5771 (musteliunus
3341 5711 3516 5760 lumini

1931 5786 2195 5830 tce-ignare.
