4126 6220
492 298 587 352 Mi

490 422 723 465 tumores
769 416 1091 463 evanescunt
1124 425 1134 457 :
1169 407 1211 459 si
1246 408 1461 459 morbus
1496 405 1746 472 invadat,
1773 405 1816 460 si
1863 406 2025 473 pestis
2047 445 2062 466 ,

491 519 594 555 non
622 499 894 567 distinguit
922 496 1141 551 divitem
1172 512 1201 548 a
1232 512 1491 564 paupere.
1523 512 1626 551 non
1672 497 1959 566 gloriosum
2004 497 2071 549 ab

494 593 733 665 inglorio,
764 609 869 653 non
900 590 1133 647 nobilem
1166 591 1233 644 ab
1261 592 1474 659 ignobili
1504 609 1515 645 :
1549 590 1625 645 sic
1653 601 1705 645 et
1738 591 1787 643 in
1822 602 1992 644 morte
2019 600 2071 643 et

492 685 540 736 in
569 685 687 737 aliis
714 698 893 737 rerum
927 680 1305 737 mutationibus
1325 723 1339 744 ,
1369 678 1462 735 sed
1498 680 1654 734 simul
1681 680 1856 734 omnia
1885 694 2070 733 omnes

489 775 785 828 imminut:
817 783 869 827 et
895 775 938 829 si
966 774 1093 844 quid
1127 774 1318 827 mirmn
1351 773 1530 828 dicere
1571 774 1756 837 liceat,
1787 772 1899 827 haec
1930 772 2037 825 divt

488 865 627 919 libus
658 866 824 934 magis
862 864 1107 918 accidunt
1140 874 1381 933 :quanto
1420 865 1562 918 enim
1610 872 1724 917 hate
1764 864 1941 918 minus
1980 878 2041 915 cu

491 969 627 1019 nuit,
661 968 806 1012 tanto
831 957 1037 1012 facilius
1060 965 1300 1028 pereunt.
1326 956 1497 1011 Metus
1518 966 1692 1009 autem
1716 955 1851 1024 apud
1878 955 2066 1009 divites

490 1049 659 1115 major
682 1058 779 1103 est.
814 1049 945 1102 Nam
985 1048 1036 1102 hi
1080 1049 1311 1103 maxime
1342 1049 1608 1118 principes
1637 1048 1939 1112 formidant,
1971 1064 2068 1103 nec

488 1141 666 1193 minus
701 1139 781 1194 his
810 1141 1140 1211 principibus
1186 1140 1464 1206 subditos,
1497 1140 1605 1195 imo
1654 1143 1821 1197 multo
1870 1142 2066 1211 magis;

488 1234 745 1301 plurimas
780 1234 921 1288 enim
968 1232 1269 1301 hujusmodi
1314 1233 1502 1288 domos
1528 1243 1579 1288 et
1620 1234 1799 1305 populi
1846 1234 1991 1291 fttror
2017 1245 2069 1288 et

488 1323 785 1395 principum
834 1324 993 1380 mina:
1046 1324 1440 1378 subverterunt.
1489 1324 1697 1393 Pauper
1754 1340 1882 1380 vero
1932 1326 2070 1380 inter

488 1424 743 1484 utrosque
770 1415 961 1470 ﬂuctus
1009 1424 1153 1469 tutus
1196 1417 1323 1486 agit.
1351 1415 1706 1482 Quamobrem
1759 1416 1860 1471 hoc
1904 1416 2067 1469 misso

488 1504 779 1559 nobilitatis
822 1522 1049 1576 genere.
1082 1509 1124 1561 si
1172 1508 1250 1562 vis
1295 1504 1423 1561 mihi
1458 1506 1704 1577 probare,
1749 1516 1799 1563 te
1840 1507 2065 1564 liberum

488 1614 626 1662 esse,
657 1600 880 1655 ostende
907 1601 1099 1654 anima:
1129 1600 1449 1667 libertatein,
1477 1600 1691 1670 qualem
1724 1599 1903 1656 habuit
1935 1600 2065 1653 bea-

494 1702 577 1745 tus
608 1689 714 1751 ille.
747 1707 945 1761 panper
969 1707 1087 1749 cum
1118 1701 1282 1756 esset,
1313 1692 1402 1763 qui
1432 1691 1643 1747 dicebat
1675 1690 1869 1745 llerodi
1898 1709 1909 1743 :
1947 1689 2067 1744 Λόη

487 1783 596 1836 licet
615 1783 702 1836 tibi
717 1783 896 1837 habere
913 1801 1115 1838 uxorem
1136 1781 1362 1853 Philippi
1381 1785 1554 1853 fratris
1569 1785 1639 1837 tui
1662 1785 1678 1853 (
1687 1783 1738 1843 Μ
1746 1801 1848 1837 arc.
1867 1784 1920 1841 6.
1943 1786 2061 1855 18);

482 1874 691 1940 qualem
723 1874 905 1930 habuit
933 1876 1019 1945 qui
1046 1884 1171 1931 ante
1202 1876 1348 1931 illum
1380 1877 1497 1929 talis
1524 1886 1659 1936 erat,
1690 1885 1742 1929 et
1774 1885 1891 1944 post
1916 1876 2062 1931 illtnn

485 1966 602 2020 talis
632 1965 839 2019 futurus
877 1975 979 2029 est,
1013 1968 1100 2036 qui
1137 1966 1349 2023 diccbat
1387 1969 1640 2022 Achaho:
1676 1967 1793 2021 Non
1833 1984 1922 2035 ego
1950 1984 2064 2033 per-

482 2065 616 2109 t'crto
645 2055 905 2119 lsraclem,
934 2056 1022 2110 sed
1051 2067 1104 2110 tu
1140 2067 1185 2110 et
1213 2058 1390 2113 domus
1417 2060 1575 2127 patris
1601 2058 1673 2111 tui
1705 2058 1779 2128 (5.
1815 2057 1939 2123 Reg.
1978 2057 2059 2111 t8.

485 2152 569 2213 18)
592 2166 607 2212 ;
639 2149 847 2217 qttaiem
874 2148 1104 2204 habuere
1134 2149 1431 2221 pmpheta‘,
1459 2150 1669 2219 qualem
1696 2150 1920 2219 apostoli
1948 2165 2062 2203 mn-

481 2256 594 2293 ues.
627 2239 730 2295 Sed
763 2256 867 2294 non
913 2242 1043 2294 tales
1071 2251 1193 2295 sunt
1227 2241 1449 2295 divitum
1491 2241 1718 2303 animm;
1762 2241 1868 2294 hno
1895 2242 2061 2293 instar

478 2347 661 2386 eorum
688 2340 813 2386 sunt
847 2333 935 2401 qtti
969 2332 1200 2386 millenis
1226 2331 1503 2400 subjacent
1536 2332 1835 2401 pmdagogis
1857 2341 1907 2384 et
1938 2346 2055 2385 car-

480 2422 742 2481 nificibus.
774 2422 850 2476 sic
882 2438 1053 2492 neque
1082 2423 1265 2477 oculos
1296 2422 1554 2477 extollere
1581 2424 1797 2487 audent,
1834 2438 1930 2475 nec
1963 2437 2059 2491 pro

477 2513 671 2567 virtttte
695 2512 859 2567 libere
886 2530 1063 2583 agere.
1091 2510 1222 2568 Nam
1250 2514 1590 2585 pecuniarum
1617 2513 1898 2582 cupiditas,
1930 2530 2055 2566 nec-

479 2620 582 2659 non
610 2606 793 2675 giori:e
819 2607 1149 2677 aliarumque
1191 2622 1391 2672 rerum,
1438 2617 1697 2661 terrorem
1744 2608 1872 2678 ipsis
1916 2606 2023 2660 infe

474 2704 616 2758 runt,
641 2712 701 2751 ac
730 2712 914 2751 servos
938 2696 1351 2767 adulatorcsque
1374 2698 1621 2755 reddunt.
1654 2698 1792 2753 Nihil
1816 2700 1957 2753 enim
1985 2699 2055 2753 ita

475 2786 774 2841 libertatem
800 2786 956 2852 tollit,
986 2796 1041 2841 ut
1066 2789 1414 2844 smenlaribus
1442 2790 1701 2858 implicari
1735 2791 1975 2859 negotiis,
2001 2798 2057 2844 et

475 2876 539 2931 iis
578 2893 696 2945 qnze
745 2876 997 2946 prarciara
1042 2894 1163 2933 esse
1192 2880 1439 2934 videntur
1482 2881 1822 2937 circumdari.
1870 2882 2054 2951 Neque

469 2971 612 3025 enim
641 2973 728 3024 uni
760 2970 979 3025 domino
999 2971 1051 3027 hi
1080 2970 1275 3027 subditi
1303 2982 1447 3037 sunt,
1475 2974 1555 3026 vel
1585 2973 1811 3041 duobus,
1844 2974 1928 3029 vel
1956 2975 2053 3029 tri-

470 3064 589 3129 bus,
622 3062 715 3117 sed
749 3063 1001 3119 millenis.
1032 3065 1176 3132 Quos
1204 3066 1246 3119 si
1281 3065 1480 3135 placeat
1512 3082 1848 3133 eniimerare,
1880 3067 2019 3122 addu

468 3170 650 3210 camus
678 3156 727 3209 in
760 3152 991 3211 medium
1013 3157 1315 3228 quempiam
1343 3174 1528 3212 eorum
1552 3159 1637 3226 qui
1670 3158 1719 3212 in
1752 3159 1892 3229 regia
1919 3175 2054 3227 prm-

470 3248 598 3302 clari
648 3248 992 3319 insignesque
1045 3259 1201 3315 sunt;
1253 3250 1359 3305 siut
1411 3251 1484 3307 illi
1542 3253 1778 3321 pecunia:
1832 3254 2048 3313 multae.

470 3341 704 3407 potentia
736 3354 949 3410 magna,
982 3342 1166 3410 patria:
1193 3340 1475 3410 splendor,
1503 3344 1585 3396 avi
1619 3343 1886 3406 illustres,
1919 3358 2046 3397 oeu-

466 3432 651 3500 iosqne
672 3432 909 3486 omnium
932 3430 999 3486 ad
1029 3446 1088 3486 se
1107 3432 1393 3501 pertrahat.
1423 3432 1705 3487 Videamus
1726 3449 1852 3503 ergo
1871 3450 2049 3489 annon

465 3523 555 3576 ille
586 3522 823 3577 omnium
854 3536 1128 3577 servorum
1160 3521 1550 3592 abiectissimus
1570 3526 1638 3579 sit
1672 3543 1684 3579 :
1717 3540 2048 3595 Opponaums

466 3614 566 3682 ipsi
597 3629 701 3669 non
727 3614 887 3671 modo
907 3629 1141 3677 servum,
1170 3616 1262 3671 sed
1288 3617 1426 3671 servi
1450 3632 1697 3680 servum;
1727 3618 1875 3673 multi
1900 3635 2048 3675 nam-

466 3722 571 3774 que
615 3705 1027 3762 domeStieorum
1076 3723 1262 3764 servos
1294 3709 1507 3762 habent.
1554 3710 1646 3764 ilic
1673 3720 1820 3765 certe
1862 3727 2047 3767 servus

467 3797 629 3863 servi,
658 3812 821 3852 unum
854 3796 1013 3853 habet
1044 3799 1255 3853 herum.
1281 3800 1417 3866 Quid
1446 3800 1587 3855 enim
1628 3800 1820 3868 refert,
1852 3801 1897 3857 si
1940 3820 2045 3857 non

466 3886 601 3945 liber
630 3888 701 3944 sit
735 3887 930 3944 herus?
958 3884 1131 3945 Unum
1160 3897 1335 3945 tamen
1368 3888 1558 3956 habet,
1589 3901 1643 3947 et
1669 3892 1795 3961 quid
1832 3893 1905 3949 illi
1936 3894 2046 3963 pla-

460 3990 580 4039 ceat
614 3980 866 4037 observat
895 3991 1118 4038 tantum.
1152 3980 1301 4039 Licet
1338 3983 1484 4041 enim
1519 3984 1767 4039 dominus
1799 3985 1911 4041 heri
1964 3987 2044 4042 sui

468 4071 704 4127 videatur
726 4072 827 4127 sibi
868 4073 1155 4142 imperare,
1188 4072 1275 4129 ille
1312 4085 1487 4129 tamen
1518 4075 1606 4130 uni
1652 4084 1853 4131 tantum
1885 4077 2045 4133 obse-

461 4162 645 4231 quitur
674 4171 765 4219 :et
794 4163 839 4214 si
874 4176 962 4215 res
988 4159 1103 4231 ejus
1130 4161 1265 4217 bene
1294 4162 1543 4227 habeant,
1574 4168 1859 4237 tranquille
1881 4177 2044 4223 totam

463 4263 583 4322 aget
611 4254 794 4309 vitam.
827 4253 896 4309 At
923 4252 1074 4308 dives
1101 4254 1185 4309 hic
1212 4269 1316 4309 non
1346 4270 1507 4309 untun
1537 4266 1741 4313 tantum
1772 4259 1854 4317 vel
1886 4259 2040 4326 duos,

464 4343 558 4399 sed
596 4342 859 4412 plurimos
896 4354 951 4400 et
994 4347 1229 4401 acriores
1259 4347 1421 4402 habet
1447 4348 1693 4405 dominos
1734 4370 1744 4407 :
1783 4368 1844 4409 ac
1876 4356 2046 4423 primo

430 4484 433 4487 λ
462 4435 635 4504 ipsum
666 4450 843 4506 regem
873 4435 1099 4493 sollicite
1122 4448 1294 4495 curat.
1323 4439 1437 4495 Non
1458 4457 1552 4511 par
1571 4453 1652 4497 est
1680 4456 1858 4499 autem
1886 4447 2043 4500 vilem

465 4526 662 4581 habere
687 4525 981 4595 dominum,
1007 4539 1096 4584 aut
1122 4546 1299 4601 regem
1332 4534 1527 4604 ipsum,
1555 4538 1645 4606 qui
1678 4538 1860 4593 multis
1902 4540 2045 4593 insu-

461 4618 798 4673 surrantibus
823 4634 980 4675 aures
1003 4621 1221 4690 prabet,
1254 4632 1308 4679 et
1347 4641 1487 4681 nunc
1515 4624 1629 4692 his,
1664 4644 1804 4685 nunc
1833 4630 1936 4687 illis
1968 4632 2044 4684 fa-

462 4718 573 4763 vet.
610 4708 705 4765 liie
734 4711 942 4765 etiamsi
973 4712 1169 4768 nullius
1189 4716 1311 4769 mali
1339 4716 1438 4772 sibi
1464 4721 1712 4774 conscius
1741 4722 1829 4787 sit,
1858 4737 2046 4777 omnes

460 4808 741 4869 suspectos
783 4800 965 4866 habet,
999 4809 1106 4858 tam
1146 4806 1322 4861 socios
1368 4807 1420 4863 in
1468 4809 1652 4867 militia
1694 4821 1747 4867 et
1773 4814 2043 4884 :eqnaies,

460 4904 619 4958 quam
657 4889 923 4957 subditos,
955 4894 1155 4951 amicos
1186 4906 1238 4950 et
1265 4898 1530 4955 inimicos.
1560 4903 1663 4969 At,
1705 4902 1931 4974 inquies,
1961 4906 2045 4962 hic

462 4994 679 5052 quoque
726 4982 914 5039 herum
961 4999 1115 5040 suum
1147 4988 1312 5042 timet.
1365 4991 1467 5047 Sed
1516 5006 1639 5047 num
1684 5009 1778 5064 par
1815 5012 1901 5052 res
1940 5009 2040 5065 est,

461 5083 625 5127 unum
662 5083 752 5127 aut
794 5074 989 5129 multos
1020 5074 1218 5132 habere
1256 5094 1391 5149 quos
1432 5082 1657 5137 timeas?
1689 5083 1799 5139 lmo
1836 5103 1962 5142 vero
1999 5090 2043 5143 si

460 5162 580 5232 quis
611 5179 723 5219 rem
749 5177 995 5220 accurate
1025 5170 1315 5237 examinet,
1351 5173 1454 5237 hic,
1483 5190 1588 5245 quo
1613 5175 1681 5231 de
1706 5178 1943 5247 agiznus,
1978 5199 2046 5236 ne

380 5242 383 5247 ⁴
462 5270 622 5309 unmn
650 5255 863 5327 quidem
892 5258 1049 5313 habet
1076 5260 1371 5319 dominum.
1396 5242 1696 5333 Quomodo,
1721 5272 1801 5325 vel
1831 5289 1930 5341 qua
1960 5290 2015 5329 ra

382 5390 398 5404 ,
461 5346 645 5402 tione?
686 5346 836 5401 Hunc
865 5366 1021 5405 nemo
1058 5352 1203 5425 cupit
1234 5370 1297 5411 ex
1325 5359 1580 5416 servitute
1610 5361 1825 5430 ejicere,
1859 5379 1920 5419 ac
1958 5382 2038 5421 se—

463 5445 634 5506 lpsnm
670 5440 723 5494 in
749 5437 865 5510 ejus
892 5442 1063 5497 locum
1088 5446 1550 5520 iutrudere,quare
1582 5456 1846 5510 neminem
1880 5458 1930 5512 in
1961 5459 2043 5515 his

463 5530 561 5583 sibi
590 5531 929 5589 insidiantem
964 5534 1159 5591 habet:
1196 5540 1298 5593 illis
1326 5557 1452 5596 vero
1474 5544 1615 5599 nttila
1643 5548 1743 5600 alia
1772 5564 1898 5603 cura
1928 5562 2041 5615 est,

463 5637 623 5688 quam
651 5632 705 5675 ut
731 5639 852 5677 eum
878 5627 965 5695 qui
995 5630 1225 5686 maxime
1250 5634 1572 5703 conspicuus
1596 5638 1685 5703 sit,
1709 5648 1764 5693 et
1792 5643 1957 5711 magis
1979 5646 2045 5697 ab

469 5712 763 5784 Imperante
788 5716 1061 5789 diligatur,
1092 5722 1405 5790 deturbem;
1435 5742 1757 5800 quapropter
1796 5735 2043 5791 omnibus

1262 297 1317 347 S.
1360 292 1638 347 JO.\N.\'IS
1674 288 2146 347 CIIRYSOSTOMI
2186 290 2506 348 AllClliEi’.
2548 293 3086 351 CONSTANTINOP.

3660 299 3765 354 57'!

2183 402 2388 458 adulari
2428 420 2648 461 necesse
2675 415 2777 470 est,
2810 408 3120 478 majoribus,
3153 409 3387 479 paribus,
3426 411 3630 467 amicis.
3661 411 3761 469 Ubi

2172 496 2312 549 enim
2334 496 2527 551 invidia
2550 510 2599 553 et
2624 498 2807 568 gloria:
2836 516 2989 554 amor
3009 511 3111 564 est,
3136 516 3239 555 non
3264 502 3470 556 sincera
3498 506 3760 573 reperitur

2174 586 2429 641 amicitia.
2458 587 2587 642 Nam
2620 590 2752 643 sicut
2782 590 3020 660 ejusdem
3057 591 3188 645 artis
3226 592 3444 662 opiﬁces
3470 610 3757 663 numquam

2177 691 2235 730 se
2268 688 2451 733 mutuo
2475 680 2682 736 sincere
2709 682 2954 752 diligunt,
2984 684 3061 737 sic
3086 700 3184 739 nec
3205 685 3236 737 ii
3267 686 3354 757 qui
3382 687 3491 754 pari
3521 698 3640 741 sunt
3665 687 3759 743 ho-

2177 784 2333 832 nore,
2368 784 2465 823 nec
2494 770 2526 824 ii
2558 773 2645 840 qui
2680 771 2732 825 in
2760 774 3107 827 smenlarihns
3147 775 3305 831 rebus
3336 775 3521 830 eadem
3554 788 3756 837 amant.

2174 857 2535 923 Quamobrem
2565 860 2763 917 bellum
2801 865 2941 917 intus
2985 865 3206 919 multum
3240 876 3342 921 est.
3387 867 3629 923 Vidistin’
3658 873 3741 923 tio-

2175 950 2475 1013 minorum,
2508 968 2800 1021 eorttmque
2840 957 3274 1025 gravissimorum
3318 958 3502 1028 ingens
3527 962 3758 1028 agmen?

2180 1042 2267 1096 Vis
2287 1044 2427 1096 aliud
2449 1047 2660 1114 gravius
2680 1047 2999 1102 all'eramus?
3019 1049 3286 1118 Quotquot
3307 1060 3424 1118 post
3446 1053 3589 1105 illutn
3609 1070 3754 1120 sum,

2173 1146 2299 1190 ante
2326 1137 2476 1191 illmn
2510 1154 2628 1193 esse
2659 1141 2902 1195 student:
2931 1141 2967 1194 ii
3009 1140 3096 1210 qui
3127 1155 3250 1196 ante
3285 1144 3462 1206 illum,
3496 1156 3757 1202 conantur

2175 1227 2430 1297 impedire
2445 1231 2723 1297 quominus
2737 1232 2817 1285 vel
2829 1233 2972 1301 juxta
2989 1249 3046 1286 se
3062 1235 3139 1287 vel
3156 1236 3289 1288 ultra
3304 1237 3459 1289 etiam
3480 1240 3751 1306 procedat.

2244 1320 2297 1374 5.
2345 1319 2471 1384 Sed,
2499 1336 2533 1375 ο
2562 1338 2672 1378 rem
2723 1324 2954 1379 miram!
2998 1340 3096 1395 ego
3143 1327 3488 1395 promiseram
3536 1344 3620 1383 me
3660 1331 3753 1383 do-

2175 1411 2348 1464 minos
2376 1421 2714 1467 ostensurum
2746 1428 2896 1479 esse,
2922 1414 3016 1469 sed
3042 1416 3174 1468 ultra
3205 1417 3499 1485 procedens
3527 1430 3750 1474 conten-

2172 1500 2412 1572 densque
2451 1518 2629 1557 sermo
2674 1505 2793 1576 plus
2833 1521 2988 1575 quam
3025 1508 3369 1575 promiserant
3415 1509 3608 1574 ell'ecit,
3649 1511 3751 1565 ini-

2172 1593 2339 1646 micos
2365 1608 2460 1663 pro
2480 1594 2709 1649 dominis
2731 1597 3039 1658 ostendens,
3067 1597 3173 1651 imo
3191 1599 3408 1653 eosdem
3427 1610 3480 1653 et
3506 1601 3752 1657 inium-os

2169 1692 2222 1737 et
2269 1682 2551 1739 dominos:
2611 1702 2730 1740 natn
2779 1695 2837 1741 ut
2883 1687 3082 1742 domini
3137 1690 3431 1753 coluntur;
3486 1692 3750 1747 terribiles

2170 1784 2343 1829 autem
2389 1784 2514 1831 sunt
2545 1817 2559 1841 ,
2610 1786 2670 1832 ut
2721 1778 2960 1843 inimici;
3014 1790 3068 1834 et
3120 1780 3339 1835 insidias
3391 1792 3643 1847 Slﬂtttttt,
3696 1793 3751 1837 ut

2171 1865 2370 1922 hostes.
2428 1870 2559 1923 Cum
2614 1885 2741 1925 vero
2778 1872 2896 1941 quis
2943 1872 3063 1925 illos
3113 1873 3268 1925 habet
3308 1885 3362 1928 et
3400 1875 3645 1930 doininos
3696 1889 3750 1930 et

2170 1960 2442 2021 inimicos,
2474 1960 2597 2033 quid
2642 1960 2741 2017 hac
2784 1965 3086 2017 calamitate
3127 1965 3276 2034 pejus
3328 1966 3526 2019 fuerit?
3553 1968 3750 2022 Servus

2168 2050 2265 2103 etsi
2294 2051 2416 2120 quid
2444 2054 2491 2106 ei
2525 2053 2882 2123 pr:rcipiatur,
2911 2064 3143 2109 attamen
3177 2056 3549 2123 imperantium
3577 2070 3625 2110 et
3658 2075 3750 2129 pa-

2168 2144 2393 2197 trocinio
2437 2154 2490 2199 et
2539 2146 2907 2201 benevolentia
2949 2147 3143 2215 gaudet
3191 2165 3204 2201 :
3258 2148 3306 2201 hi
3350 2162 3528 2203 autem
3570 2160 3623 2204 et
3658 2151 3749 2221 ju-

2167 2235 2355 2287 bentur
2383 2247 2435 2288 et
2464 2235 2864 2306 impugnantur,
2893 2249 3140 2307 stantque
3170 2239 3257 2293 alii
3288 2250 3473 2293 contra
3500 2241 3666 2305 alios;
3696 2253 3748 2297 et

2164 2340 2229 2383 eo
2276 2326 2450 2379 acrius
2477 2342 2635 2395 qu.un
2684 2328 2715 2382 ii
2748 2328 2835 2399 qui
2880 2341 3067 2397 aperto
3114 2339 3283 2385 marte
3332 2342 3603 2399 pugnant:
3642 2350 3749 2402 quo

2164 2414 2211 2467 rl
2233 2433 2300 2469 on
2328 2416 2666 2483 eonfodiunt,
2698 2428 2753 2473 et
2780 2418 2880 2473 sub
2909 2420 3200 2475 amicorum
3244 2422 3386 2475 larva
3406 2465 3418 2485 ,
3458 2425 3607 2492 quasi
3646 2427 3745 2478 ho.

2163 2514 2272 2559 stes
2302 2508 2699 2573 aggrediuntur,
2735 2523 2797 2564 ac
2825 2509 2892 2564 de
2916 2511 3140 2564 aliorum
3169 2526 3313 2581 s:epe
3352 2515 3748 2570 calatuitatiims

2162 2598 2263 2652 sibi
2308 2601 2659 2668 gratulantur.
2704 2601 2901 2657 Verum
2938 2614 3119 2658 nostra
3154 2620 3258 2658 non
3301 2606 3369 2659 ita
3413 2625 3471 2660 se
3501 2608 3694 2662 habent
3730 2629 3741 2661 :

2162 2710 2281 2748 nam
2311 2695 2354 2747 si
2386 2697 2502 2764 quis
2537 2696 2674 2750 male
2701 2707 2858 2766 agat,
2893 2698 3041 2751 multi
3070 2711 3187 2752 sunt
3231 2701 3318 2767 qui
3350 2702 3665 2765 condolent;
3700 2708 3744 2756 si

2160 2802 2271 2839 rem
2300 2787 2434 2840 bene
2461 2788 2704 2853 gesserit,
2738 2788 2885 2841 multi
2915 2789 3273 2858 congaudent,
3298 2792 3588 2844 secundum
3611 2796 3743 2859 ipo-

2158 2877 2351 2930 stolum
2384 2896 2396 2929 :
2425 2878 2545 2931 Sive
2581 2894 2733 2931 unum
2775 2880 3049 2933 membrum
3088 2883 3338 2950 patiatur,
3370 2888 3746 2954 compatiuntur

2157 2968 2259 3019 alia
2286 2967 2505 3019 membra
2527 2983 2545 3029 ,'
2567 2969 2668 3021 sire
2688 2986 2841 3021 unum
2867 2970 3137 3024 membrum
3162 2972 3495 3042 gloriﬁcatur,
3523 2993 3743 3045 congau-

2157 3058 2273 3109 dent
2301 3058 2469 3111 omnia
2493 3060 2716 3112 membra
2740 3060 2814 3129 (l.
2848 3060 2965 3114 Cor.
3000 3062 3085 3116 12η
3117 3062 3231 3133 26).
3265 3063 3330 3117 Et
3360 3081 3496 3131 pune
3528 3068 3740 3135 quidem

2157 3148 2388 3215 dicebat,
2422 3151 2508 3217 qui
2534 3150 2646 3203 hare
2673 3150 2927 3207 admonet
2961 3171 2974 3205 :
3006 3153 3133 3217 Qme
3160 3155 3283 3206 mihi
3316 3172 3429 3225 spes
3455 3159 3530 3210 vel
3569 3159 3742 3213 (mitia

2155 3241 2262 3293 est?
2285 3257 2453 3294 annon
2476 3258 2560 3294 vos
2578 3243 2651 3312 (i.
2678 3241 2856 3296 Thess.
2881 3244 2936 3297 2.
2968 3244 3095 3309 19)?
3122 3262 3260 3299 mmc
3284 3262 3431 3310 vero,
3456 3247 3589 3315 Quia
3610 3267 3742 3302 nunc

2154 3331 2383 3397 vivimus,
2410 3333 2453 3385 si
2478 3347 2561 3385 vos
2584 3337 2727 3387 statis
2754 3335 2804 3387 in
2835 3334 3048 3391 Domino
3072 3338 3145 3406 (i.
3170 3336 3347 3392 Thess.
3376 3340 3429 3394 5.
3460 3339 3517 3410 8)
3542 3358 3555 3405 ;
3582 3341 3741 3395 modo

2154 3432 2352 3488 autem,
2382 3421 2465 3476 Ea:
2484 3425 2641 3477 multa
2666 3427 2985 3482 tribulatione
3009 3441 3054 3482 et
3073 3431 3387 3484 contentione
3410 3433 3577 3484 cordis
3602 3436 3739 3488 vobis

2152 3512 2330 3581 scripsi
2356 3512 2434 3582 (ἓ.
2475 3513 2594 3568 Cor.
2626 3515 2681 3568 2.
2705 3515 2796 3585 4);
2829 3527 2902 3577 et.
2943 3517 3068 3584 Quis
3097 3520 3383 3588 inﬁrmatur
3401 3563 3415 3587 ,
3445 3533 3491 3575 et
3518 3538 3610 3592 ego
3637 3541 3737 3577 non

2152 3603 2385 3669 in/irmor
2409 3605 2433 3657 ?
2458 3606 2570 3669 quis
2598 3609 2975 3662 scandalizatur
2995 3654 3009 3675 ,
3034 3620 3081 3663 et
3108 3627 3197 3680 ego
3227 3630 3325 3665 non
3357 3629 3479 3665 uror
3508 3615 3584 3681 (‘2.
3616 3614 3734 3669 Cor.

2154 3695 2239 3747 il.
2272 3692 2401 3767 18)?
2441 3696 2550 3751 Cur
2574 3712 2702 3767 ergo
2727 3698 2901 3754 adlmc
2935 3711 3300 3771 tempestatem
3331 3706 3656 3759 sustinemus
3684 3719 3737 3761 et

2151 3788 2449 3843 exteriores
2494 3788 2707 3857 fluctus,
2753 3803 2940 3847 etnon
2980 3796 3244 3849 currimus
3283 3795 3348 3849 ad
3393 3799 3734 3869 tranquilhun

2154 3878 2293 3933 hunc
2336 3887 2546 3949 portum
2568 3922 2583 3947 ,
2615 3896 2678 3936 ac
2709 3882 2969 3937 bonorum
3012 3886 3317 3940 nominibus
3361 3889 3597 3954 omissis,
3630 3906 3735 3944 non

2151 3971 2216 4024 ad
2258 3988 2344 4026 res
2381 3971 2545 4027 hasce
2589 3976 2974 4044 properamus?
3011 3976 3190 4032 Gloria
3218 3979 3361 4032 enim
3395 3990 3449 4033 et
3477 3982 3733 4049 potentia,

2150 4064 2350 4119 divitiae
2381 4074 2435 4120 et
2462 4066 2734 4134 nobilitas,
2767 4079 2820 4123 et
2848 4069 2929 4124 his
2958 4070 3175 4139 similia,
3208 4073 3418 4126 nomina
3446 4084 3569 4128 sunt
3595 4074 3735 4143 apud

2153 4155 2332 4223 ipsos,
2378 4170 2465 4211 res
2491 4166 2668 4212 autem
2709 4158 2847 4228 apud
2894 4175 3021 4226 nos;
3049 4163 3499 4231 quemadmodum
3542 4174 3597 4219 et
3634 4168 3734 4220 tri-

2151 4246 2292 4300 stitia
2314 4286 2330 4311 ,
2360 4261 2507 4302 mors
2536 4258 2591 4303 et
2636 4249 2923 4318 ignominia
2945 4293 2961 4319 ,
2990 4263 3043 4305 et
3079 4264 3382 4322 paupertas,
3424 4264 3478 4310 et
3506 4256 3694 4310 similia
3716 4298 3731 4322 ,

2152 4340 2364 4393 nomina
2395 4351 2519 4394 sunt
2551 4342 2689 4411 apud
2717 4359 2844 4407 nos,
2876 4361 2962 4399 res
2987 4347 3125 4416 apud
3165 4348 3301 4403 illos.
3337 4350 3411 4403 Ae
3441 4350 3485 4403 si
3527 4352 3731 4421 placet,

2150 4430 2371 4499 gloriam
2403 4435 2576 4501 primo
2605 4436 2654 4489 in
2684 4437 2915 4491 medium
2939 4438 3284 4505 adducamus,
3310 4460 3427 4511 qum
3451 4445 3588 4513 apud
3614 4445 3732 4498 illos

2150 4524 2395 4591 optabilis
2420 4524 2665 4581 habetur.
2698 4529 2823 4583 liam
2851 4546 2957 4584 non
2981 4530 3102 4585 dico
3123 4548 3227 4587 non
3254 4534 3559 4589 diuturnam
3586 4551 3727 4602 esse,

2152 4630 2250 4669 nec
2276 4616 2383 4670 cito
2424 4620 2687 4688 exstingui
2712 4637 2725 4683 ;
2759 4622 2850 4675 sed
2894 4638 3014 4676 eum
3043 4627 3272 4681 maxime
3300 4626 3480 4695 floret,
3510 4631 3734 4686 05tende

2152 4706 2279 4760 mihi
2314 4709 2454 4762 illam
2485 4728 2497 4763 :
2534 4728 2599 4765 ne
2620 4712 2831 4768 auferas
2861 4715 2935 4769 illi
2968 4716 3145 4771 fucum
3180 4721 3614 4791 tneretriciasque
3647 4724 3731 4792 pi-

2149 4809 2360 4867 cturas;
2389 4802 2481 4855 Sed
2510 4815 2750 4859 ornatam
2783 4821 2879 4875 age
2924 4808 2975 4861 in
3005 4810 3236 4864 medium
3270 4821 3323 4865 et
3362 4824 3598 4868 monstra
3630 4832 3728 4868 no-

2150 4888 2230 4942 bis
2250 4932 2265 4955 ,
2292 4901 2350 4945 ut
2379 4891 2678 4949 deformem
2712 4896 2853 4951 illam
2884 4914 3002 4953 esse
3033 4902 3273 4970 probem.
3306 4902 3554 4960 liabitum
3585 4917 3733 4961 certe

2149 4982 2325 5046 dices,
2365 4992 2417 5037 et
2446 4984 2689 5040 lictorum
2726 4990 3120 5046 multitudinem
3145 5032 3159 5054 .
3192 4995 3454 5063 praeconis
3499 5012 3684 5052 vocem
3712 5039 3730 5062 ,

2150 5072 2415 5127 audientis
2437 5076 2613 5144 populi
2646 5078 2868 5142 turbam,
2892 5081 3159 5138 silentium
3184 5085 3322 5153 apud
3342 5087 3538 5142 multos
3555 5130 3571 5154 ,
3602 5104 3731 5159 pro-

2151 5163 2273 5238 pius
2316 5166 2684 5223 accedentium
2745 5173 3151 5239 percussiones,
3204 5179 3561 5244 spectaculum
3614 5195 3729 5233 om-

2151 5258 2307 5312 nibus
2326 5275 2465 5314 esse.
2493 5263 2684 5317 Annon
2709 5262 2821 5317 lucc
2850 5267 3123 5335 splendida
3154 5269 3447 5325 habentur?
3469 5273 3578 5343 Age
3600 5288 3730 5328 exa-

2152 5347 2417 5403 minemus
2440 5391 2454 5414 ,
2486 5367 2610 5405 num
2645 5352 2757 5407 hare
2786 5369 3180 5422 supervacanea
3208 5361 3336 5427 sint,
3364 5377 3489 5415 num
3522 5363 3573 5416 in
3598 5378 3728 5421 vana

2149 5438 2322 5495 solum
2346 5440 2597 5510 opinione
2637 5445 2827 5513 posita.
2861 5446 2989 5501 Nam
3020 5450 3070 5503 in
3112 5465 3217 5520 quo
3245 5452 3333 5507 ille
3368 5453 3434 5507 ab
3476 5455 3557 5509 his
3598 5472 3729 5525 prm-

2151 5532 2378 5586 stantior
2404 5534 2643 5599 redditur
2665 5549 2753 5591 aut
2777 5553 3001 5607 corpore
3023 5552 3113 5595 aut
3137 5544 3311 5597 anima
3332 5543 3355 5601 2
3380 5545 3460 5601 Ex
3486 5547 3566 5600 his
3590 5550 3728 5603 enim

2152 5624 2312 5677 homo
2340 5634 2565 5681 constat.
2602 5628 2737 5683 Num
2770 5631 2892 5685 hinc
2918 5634 3090 5702 major
3118 5645 3318 5692 statura
3348 5637 3443 5692 fit?
3471 5654 3597 5693 num
3630 5640 3737 5693 for-

2150 5717 2293 5771 tior?
2317 5735 2440 5773 num
2485 5722 2761 5777 velocior?
2800 5742 2925 5780 num
2957 5727 3077 5783 ideo
3105 5744 3295 5787 sensus
3338 5731 3497 5787 habet
3529 5733 3733 5787 acutioo
