3990 6216
398 221 466 278 73
1282 219 1344 275 IN
1387 216 1793 275 ΜΛΤΤΙΙᾸΞΗΜ
1838 219 1941 277 1102

2048 264 2060 277 ,
2110 213 2248 270 LIX.
2287 217 2358 269 al.
2393 213 2500 271 LX.

367 339 494 390 tes?
517 335 621 391 Sed
653 350 813 395 nemo
842 336 955 388 haec
981 332 1194 388 dixerit.
1227 333 1500 388 Adeamus
1521 333 1788 398 animam,
1822 349 1948 387 unm

363 425 588 480 nutasse
615 425 742 496 quid
775 426 845 478 ibi
887 425 1017 478 lucri
1048 424 1534 494 deprehendamus.
1562 424 1698 491 Quid
1742 425 1950 495 igitur?

361 533 431 571 an
472 517 868 579 continentior,
896 533 961 568 an
991 515 1304 581 modestior,
1344 531 1410 568 an
1457 515 1773 583 prudentior
1801 531 1830 567 a
1860 515 1948 569 tali

358 607 507 660 cultu
534 606 724 660 evadet
751 607 877 660 ille?
907 607 1270 674 Nequaquam,
1307 606 1412 658 imo
1444 606 1770 659 contrarium
1801 620 1952 673 pror-

358 714 452 750 sus
482 698 706 751 accidet.
733 697 847 751 Non
879 698 1020 750 enim
1044 698 1182 766 quod
1217 699 1268 751 in
1291 712 1517 765 corpore
1537 738 1552 762 ,
1577 697 1626 749 id
1661 697 1830 764 ipsum
1865 695 1951 749 hic

358 791 564 843 evenit.
611 788 687 842 lbi
719 790 860 842 enim
894 789 1034 842 nulla
1074 791 1286 858 corpori
1335 790 1676 858 perfectionis
1714 788 1950 841 accessio

361 882 452 942 fit;
485 879 573 934 hic
598 895 728 934 vero
757 895 864 933 non
896 881 946 933 id
978 881 1150 934 solum
1180 881 1304 934 tuali
1336 881 1670 942 observatur,
1695 879 1837 948 quod
1865 879 1948 932 ni-

362 969 439 1023 hil
472 970 594 1023 boui
626 969 897 1036 lucretur,
939 970 1031 1024 sed
1061 970 1204 1038 quod
1237 971 1524 1040 nequitiam
1567 969 1690 1022 inde
1728 970 1946 1022 multam

354 1060 601 1128 acquirat
629 1060 842 1125 anima;
874 1075 994 1113 nam
1028 1061 1079 1113 in
1109 1061 1494 1130 arrogantiam,
1529 1061 1578 1113 in
1610 1075 1798 1112 vanam
1827 1061 1944 1130 glo-

357 1150 514 1213 riam,
542 1149 592 1203 in
623 1149 904 1212 insaniam,
939 1150 990 1203 iu
1022 1151 1174 1211 iram.
1209 1159 1263 1204 et
1285 1151 1335 1203 iu
1361 1151 1505 1202 mille
1531 1150 1653 1202 vitia
1685 1149 1944 1204 defertur.

356 1240 448 1302 At,
480 1239 710 1309 inquies,
737 1240 954 1309 gaudet,
984 1240 1212 1303 hetatur,
1239 1242 1289 1292 in
1316 1240 1504 1309 hisque
1534 1239 1812 1308 gloriatur.
1842 1239 1949 1293 Ma-

359 1331 533 1384 lorum
565 1331 920 1400 colophouem
960 1331 1088 1385 mihi
1120 1331 1274 1396 dicis,
1309 1333 1613 1400 malumque
1659 1332 1950 1386 incurabile

355 1438 503 1479 esse.
534 1422 664 1477 Nam
706 1423 795 1492 qui
823 1425 876 1477 in
919 1424 1001 1479 his
1041 1424 1284 1489 hetatur,
1313 1439 1343 1478 a
1371 1423 1631 1477 malorum
1672 1437 1830 1478 causa
1860 1423 1946 1476 vix

355 1515 612 1568 recedere
643 1515 805 1578 velit,
835 1514 932 1569 sed
975 1530 1069 1585 per
1099 1516 1420 1583 voluptatem
1451 1515 1589 1569 viam
1627 1513 1728 1569 sibi
1749 1514 1814 1568 ad
1854 1529 1948 1568 cu-

355 1606 619 1660 rationem
646 1605 934 1660 nbstruxit.
973 1604 1153 1675 Itaque
1187 1606 1314 1660 illud
1347 1606 1576 1659 maxime
1603 1604 1799 1658 malum
1831 1613 1944 1668 est,

351 1695 500 1764 quod
529 1695 598 1750 de
628 1695 965 1750 incremento
1003 1697 1264 1750 malorum
1303 1711 1410 1750 non
1436 1695 1634 1760 doleat,
1666 1694 1775 1748 imo
1813 1710 1947 1764 gau-

352 1787 498 1840 deat.
521 1786 769 1841 Gaudere
787 1786 931 1841 enim
956 1802 1059 1840 non
1081 1801 1293 1857 semper
1315 1786 1510 1839 boumu
1538 1795 1650 1849 est;
1677 1801 1796 1838 nam
1823 1799 1948 1854 gau-

353 1876 487 1930 dent
527 1877 672 1931 f’ures
702 1891 824 1931 cum
871 1876 1146 1944 furantur,
1179 1887 1233 1932 et
1261 1876 1501 1931 mtechus
1543 1891 1664 1930 cum
1711 1876 1943 1930 alienum

355 1976 534 2020 torum
557 1966 826 2035 deturpat,
855 1981 1048 2021 avarus
1076 1982 1198 2021 cum
1223 1967 1380 2037 rapit,
1413 1967 1674 2019 homicida
1701 1981 1822 2019 cum
1851 1981 1943 2020 oc-

351 2059 506 2112 cidit.
535 2059 613 2113 Ne
644 2059 992 2129 respiciamus
1023 2060 1182 2128 igitur
1205 2075 1273 2112 an
1302 2058 1546 2129 gaudeat,
1577 2058 1669 2112 sed
1699 2072 1765 2111 an
1791 2058 1861 2112 de
1888 2074 1946 2113 re

355 2147 472 2201 utili
489 2148 749 2217 gaudeat;
774 2158 828 2204 et
849 2163 1153 2214 caveamus,
1185 2166 1252 2204 ne
1274 2147 1573 2218 bujusmodi
1596 2147 1843 2217 gaudium
1867 2148 1945 2201 in.

355 2239 655 2303 veniamus,
687 2239 843 2308 quale
872 2239 1114 2293 mamlius
1135 2248 1188 2293 et
1220 2241 1302 2292 fur
1331 2238 1543 2292 haheat.
1568 2237 1710 2301 Cur,
1737 2252 1942 2306 qumso,

354 2330 556 2396 gaudet
581 2329 708 2384 ille?
731 2329 874 2400 quod
902 2329 1125 2400 gloriam
1163 2330 1301 2399 apud
1331 2329 1526 2382 multos
1568 2329 1905 2383 nanciscatur
1926 2366 1942 2392 ,

355 2435 468 2488 quo
494 2419 664 2473 inflari
710 2429 766 2474 ct
798 2420 1034 2488 cnnSpiei
1071 2419 1286 2474 valeat?
1310 2418 1513 2487 Ecquid
1552 2417 1651 2472 hac
1685 2417 1942 2484 Concupi-

349 2512 558 2564 sceutia
578 2519 630 2564 et
663 2509 896 2565 absurdo
920 2526 1104 2565 amore
1125 2509 1399 2566 deterius?
1420 2509 1570 2575 Quod
1594 2508 1638 2561 si
1665 2509 1713 2561 id
1747 2508 1942 2561 malum

351 2615 461 2652 non
480 2609 588 2664 est,
604 2615 672 2654 ne
691 2614 820 2669 ergo
841 2599 1017 2654 inanis
1035 2599 1222 2669 glori:e
1241 2598 1463 2668 cupidos
1487 2597 1818 2666 vituperetis,
1843 2611 1945 2651 uec

3515 225 3621 279 574

2049 331 2353 386 innumeris
2386 331 2682 400 opprmriis
2712 333 2960 390 faceretis
2995 351 3009 389 :
3038 335 3270 392 desinite
3302 349 3620 408 arrogantes

2049 434 2100 475 ct
2129 423 2394 490 superbos
2434 423 2713 478 exsecrati.
2762 426 2863 479 Sed
2895 443 3002 482 nou
3035 430 3282 496 poteritis
3314 432 3611 485 abstinere.

2052 514 2305 568 Plurimis
2326 531 2455 585 ergo
2481 516 2552 569 illi
2575 516 3102 588 criminibus'impeti
3132 533 3381 589 possunt,
3405 524 3621 578 etiamst

2056 607 2197 661 mille
2223 609 2485 676 stipentur
2511 609 2793 664 liuoribus.
2830 612 2888 664 Et
2926 611 3038 667 haec
3080 616 3206 668 mihi
3237 617 3304 671 de
3341 617 3619 671 deteriori-

2057 699 2153 750 bus
2177 699 2524 766 optimatibus
2556 699 2690 754 dicta
2725 711 2882 754 sunto
2915 719 2927 754 :
2971 719 3092 756 nam
3145 706 3384 774 plerique
3412 707 3622 760 illorum

2056 789 2371 854 latronibus,
2407 790 2689 854 homi:idis,
2715 793 2960 860 mmehis,
3005 795 3374 863 sepulcrorum
3403 797 3623 850 effosso-

2057 879 2202 932 ribus
2223 881 2452 946 peccatis
2467 880 2754 934 outstiores
2771 882 3266 951 deprehenduntur,
3280 886 3420 954 quod
3454 887 3619 954 impe-

2055 970 2134 1023 rio
2151 967 2672 1022 malentantur.Nam
2694 971 3049 1039 impudentius
3071 990 3229 1042 quam
3253 975 3326 1028 illi
3358 976 3619 1042 furantur,

2053 1059 2325 1113 crudelius
2345 1058 2666 1121 oceidmt,et
2695 1060 2848 1129 longe
2872 1062 3100 1131 iniquius
3128 1065 3405 1118 lasciviunt
3437 1075 3490 1120 et
3537 1068 3616 1120 ef-

2054 1150 2315 1213 fodiunt‘,
2337 1167 2440 1202 non
2477 1166 2667 1204 mirum
2687 1191 2701 1212 ,
2730 1154 2821 1205 sed
2852 1167 2981 1220 Opes
2999 1156 3254 1210 etdomos
3273 1158 3577 1211 innumeras
3599 1200 3613 1220 ,

2052 1239 2175 1294 dum
2199 1256 2308 1309 pra:
2326 1251 2570 1308 potestne
2588 1241 2637 1294 id
2657 1241 2806 1296 facile
2825 1255 3046 1312 possunt
3061 1263 3072 1296 :
3087 1248 3172 1314 qui
3187 1249 3619 1303 scrvituteduris-

2052 1334 2185 1386 sima
2215 1344 2549 1401 premuntur.
2577 1333 2701 1385 dum
2720 1335 2880 1387 animi
2906 1336 3104 1389 morbis
3124 1337 3306 1404 ignave
3326 1340 3540 1403 Cedunt,
3559 1349 3616 1392 et

2051 1437 2339 1477 conservos
2361 1423 2476 1477 sine
2494 1423 2790 1477 ranissione
2805 1424 3106 1491 verberant,
3129 1427 3480 1496 consciosque
3496 1443 3582 1481 om
3600 1456 3610 1465 -

2053 1529 2146 1567 nes
2165 1521 2414 1567 trenmnt.
2433 1511 2547 1566 Nan
2567 1512 2652 1566 ille
2669 1513 2813 1566 solus
2831 1514 2965 1568 liber
2981 1516 3233 1581 est,sulus
3251 1517 3515 1586 princeps,
3539 1533 3615 1572 re-

2050 1604 2308 1672 gibusque
2322 1604 2590 1672 potentiir,
2609 1604 2695 1671 qui
2718 1620 2746 1656 a
2768 1604 2908 1659 vitiis
2927 1606 3209 1673 expeditus
3229 1618 3329 1661 est.
3356 1607 3479 1662 lla-c
3497 1624 3618 1662 cum

2051 1697 2303 1759 sciamus,
2322 1709 2500 1749 veram
2519 1708 2788 1762 tequamur
2803 1695 3123 1762 libertatem,
3144 1708 3198 1750 et
3216 1698 3284 1749 ab
3303 1697 3480 1768 iniqua
3500 1714 3616 1753 ser-

2052 1786 2216 1840 vitute
2240 1801 2336 1839 nos
2348 1783 2702 1853 cxpedamus:
2724 1801 2894 1854 neque
2911 1785 3117 1854 imperii
3139 1787 3349 1852 fastnm,
3367 1789 3617 1858 nequedi—

2052 1877 2298 1930 vitiarunt
2318 1874 2649 1944 tyrauuiiem,
2667 1889 2838 1944 neque
2855 1876 2994 1928 aliud
3011 1875 3278 1945 quidpiam
3314 1877 3614 1946 hujusmodi

2052 1967 2428 2022 beatitudinem
2459 1980 2624 2034 pacre
2661 1980 2816 2033 posse
2847 1975 3112 2034 putemus,
3143 1969 3234 2020 sed
3255 1971 3420 2021 solam
3458 1970 3615 2022 virtu-

2051 2067 2178 2113 tcm.
2197 2058 2284 2112 Sic
2301 2056 2441 2110 enim
2462 2055 2562 2110 etin
2582 2058 2827 2125 praesenti
2846 2059 2945 2110 vita
2968 2060 3343 2128 tranquillitate
3358 2061 3614 2126 fruemur,

2051 2158 2105 2203 ct
2124 2147 2294 2201 futura
2315 2160 2685 2214 conscqtemur
2706 2146 2839 2199 bona
2863 2188 2876 2210 ,
2896 2150 3062 2216 gnatis
3081 2157 3133 2202 et
3161 2149 3482 2214 benignitate
3511 2151 3587 2202 Do

2051 2240 2178 2294 mini
2203 2239 2368 2294 nostri
2395 2237 2745 2302 .lesuChristi,
2768 2239 2851 2292 cui
2873 2241 3035 2308 gloria
3064 2250 3118 2293 et
3142 2241 3420 2308 imperium
3457 2285 3469 2304 ,
3496 2259 3616 2294 eum

2053 2335 2211 2388 Patre
2226 2331 2680 2401 ctSpiritusancto
2705 2371 2720 2395 ,
2746 2329 2797 2384 in
2828 2331 3021 2385 smcula
3050 2332 3384 2386 sa'culorum.
3419 2333 3610 2386 Amen.

2129 2546 2143 2575 ι
2160 2541 2346 2610 _.\torel.
2373 2541 2657 2610 baiulorum
2680 2544 2750 2592 sic
2772 2543 2958 2610 habet;
2987 2554 3102 2594 Nam
3128 2545 3451 2610 impudentius
3473 2560 3615 2610 quam

2049 2603 2122 2654 illi
2147 2605 2376 2666 furantur
2397 2612 2444 2654 et
2467 2603 2691 2664 deditam,
2716 2607 2906 2654 omissis
2929 2603 3242 2669 itttcrlmsiti’s.

3475 2739 3596 2750 ...ἡ

1555 2805 1895 2867 HOMILIA
1935 2804 2100 2866 LIX.
2161 2803 2246 2866 al.
2301 2804 2440 2864 LX.

346 2949 478 3002 Car.
522 2949 610 3004 18.
652 2965 704 3003 v.
732 2951 787 3005 7.
830 2949 918 3005 Vat
978 2958 1167 3010 mundo
1215 2967 1246 3003 a
1295 2949 1568 3005 scandulis.
1604 2949 1820 3004 Necesse
1871 2959 1945 3003 est

417 3042 556 3094 cnim
585 3050 638 3094 ut
665 3043 864 3096 veniant
888 3042 1153 3103 scandala.
1178 3052 1516 3096 verumtamen
1538 3057 1609 3096 va:
1635 3040 1827 3095 homini
1845 3041 1941 3103 illi,

423 3149 518 3198 per
541 3148 686 3196 quem
709 3133 952 3188 scandala
974 3133 1199 3188 veniunt.

421 3223 476 3276 1.
518 3221 575 3276 Si
621 3238 839 3279 necesse
885 3224 952 3278 sit
987 3233 1045 3278 ut
1073 3223 1288 3278 veniant
1314 3221 1583 3288 scandala,
1613 3221 1804 3277 dixerit
1834 3222 1942 3276 for-

349 3322 500 3367 tasse
523 3313 782 3383 quispiam
809 3329 874 3368 ex
903 3313 1226 3368 adversariis
1244 3355 1260 3379 ,
1287 3328 1384 3368 cur
1412 3313 1662 3368 tuiscrum
1691 3294 1945 3380 pradicat

347 3403 654 3470 mundum,
704 3420 826 3459 cum
883 3405 961 3460 illi
1013 3404 1262 3472 opitulari
1306 3413 1360 3459 et
1406 3419 1618 3457 manum
1675 3403 1944 3472 porrigere

346 3495 670 3563 iqmrteret?
714 3495 826 3549 lloe
865 3497 1059 3566 quippe
1095 3503 1177 3549 est
1214 3493 1405 3548 medici
1449 3503 1504 3547 et
1545 3494 1781 3561 patroni;
1815 3492 1941 3546 illud

347 3598 482 3636 vero
527 3584 811 3652 cujuslibet
851 3600 883 3640 e
924 3584 1080 3654 vulgo
1124 3583 1374 3638 hominis.
1424 3582 1560 3649 Quid
1609 3582 1767 3651 igitur
1809 3581 1944 3637 adeo

348 3673 647 3743 impudenti
689 3674 878 3744 lingua
907 3673 1362 3744 respondeamus?
1402 3671 1600 3742 Ecquid
1638 3672 1761 3725 huic
1784 3687 1940 3726 cura-

348 3766 485 3820 tioni
527 3781 621 3836 par
651 3768 885 3838 reperire
916 3767 1130 3836 possis?
1169 3766 1301 3820 Nam
1336 3767 1471 3820 Deus
1496 3781 1616 3820 cum
1644 3765 1748 3826 sit,
1781 3762 1942 3818 homo

346 3860 523 3911 factus
547 3867 626 3912 est
656 3869 875 3927 propter
901 3867 951 3912 te
971 3900 986 3921 ,
1015 3868 1068 3912 et
1097 3857 1235 3912 servi
1263 3856 1488 3911 formam
1515 3856 1755 3924 accepit,
1783 3864 1942 3924 atque

347 3948 662 4015 turpissima
694 3948 872 4002 tmmia
903 3963 1090 4018 passus
1112 3957 1192 4002 est
1217 3989 1234 4014 ,
1265 3946 1393 4000 nihil
1432 3945 1772 4015 prmtcrmisit
1799 3945 1939 4015 quod

345 4043 411 4096 ad
443 4057 504 4097 se
533 4045 854 4111 pertineret;
901 4044 994 4100 sed
1020 4045 1140 4113 quia
1168 4045 1356 4113 ingrati
1390 4043 1633 4099 homines
1661 4042 1788 4098 nihil
1819 4041 1943 4097 hinc

350 4134 480 4188 boui
517 4137 830 4206 consequuti
865 4144 1024 4201 sunt,
1074 4135 1196 4191 ideo
1239 4135 1360 4190 illos
1389 4135 1617 4190 miseros
1645 4132 1938 4204 praedicat,

343 4226 493 4289 quod
534 4237 653 4296 post
692 4228 1023 4283 curationem
1065 4237 1263 4282 tantam
1296 4228 1348 4281 in
1385 4227 1692 4282 infirmitate
1728 4240 1941 4280 manse-

347 4317 460 4370 rint
486 4334 501 4371 :
527 4331 591 4371 ac
615 4318 658 4372 si
685 4319 805 4388 quis
829 4334 1028 4388 aegrum
1055 4319 1266 4389 egregie
1288 4326 1534 4374 curatum
1552 4359 1566 4382 ,
1595 4318 1686 4388 qui
1712 4316 1942 4372 noluerit

346 4406 683 4462 medicorum
714 4409 917 4478 legibus
945 4409 1208 4480 obsequi,
1250 4409 1438 4479 lugens
1466 4408 1663 4464 dixerit
1692 4423 1709 4464 :
1740 4407 1832 4462 Va:
1863 4407 1937 4460 illi

349 4496 555 4551 homini
575 4499 644 4553 ab
666 4499 998 4565 infirmitate,
1015 4514 1174 4568 quam
1197 4515 1294 4570 per
1313 4499 1574 4568 ignaviam
1595 4514 1746 4555 suam
1766 4497 1935 4552 auxit.

344 4589 454 4642 Sed
495 4590 604 4645 illic
637 4591 853 4660 quidem
881 4591 1010 4646 nihil
1038 4607 1102 4646 ex
1138 4595 1280 4647 luctu
1310 4591 1550 4646 utilitatis
1577 4590 1817 4655 accedit;
1851 4589 1938 4645 hic

348 4697 478 4734 vero
517 4683 726 4750 species
755 4691 838 4737 est
863 4682 1155 4737 curationis
1177 4723 1193 4748 ,
1224 4696 1346 4736 cum
1378 4681 1429 4736 id
1455 4682 1596 4751 quod
1623 4690 1937 4737 eventurum

348 4780 434 4825 est
455 4772 790 4841 prmdicitur,
812 4783 866 4827 et
888 4773 1142 4829 miserum
1164 4773 1501 4843 przedicatur.
1527 4773 1766 4844 Plerique
1791 4774 1936 4828 enim

346 4877 492 4932 sa-pe
528 4879 597 4919 ex
634 4863 860 4920 consilio
899 4864 1031 4920 nihil
1057 4864 1298 4919 utilitatis
1326 4873 1684 4934 acceperunt,
1715 4879 1778 4920 ex
1809 4864 1934 4919 fletu

347 4970 476 5010 vero
501 4956 728 5010 multum
766 4956 931 5027 adjuti
958 4966 1102 5012 sunt.
1134 4956 1259 5013 ideo
1287 4957 1518 5012 maxime
1557 4956 1642 5011 l’a'
1681 4955 1808 5011 illud
1835 4971 1934 5027 ap-

350 5048 544 5114 posuit,
570 5047 690 5102 illos
715 5048 952 5102 excitans
979 5063 1042 5103 ac
1063 5047 1427 5116 diligentiores
1451 5047 1690 5103 efficiens
1707 5047 1932 5117 vigilan-

350 5143 637 5211 tioresque.
677 5139 760 5195 Ad
794 5139 910 5196 hate
934 5140 1362 5196 benevolentiam
1390 5155 1598 5210 quoque
1627 5154 1775 5194 suam
1806 5154 1930 5210 erga

349 5231 464 5284 illos
486 5241 648 5300 atque
679 5231 1136 5287 mansuetudinem
1173 5246 1324 5286 suam
1356 5231 1592 5298 exhibet,
1623 5230 1750 5285 dum
1774 5246 1931 5300 repu-

351 5331 569 5388 gnantes
619 5323 788 5392 luget,
817 5337 924 5376 non
943 5325 1103 5379 modo
1117 5337 1220 5378 non
1240 5337 1382 5395 aegre
1401 5323 1609 5394 ferens,
1633 5323 1726 5378 sed
1769 5323 1928 5379 etiam

351 5413 639 5466 emendatis
666 5421 771 5466 tam
797 5429 862 5468 ex
895 5413 1021 5466 ﬂetu
1042 5428 1198 5481 quam
1225 5430 1291 5468 ex
1321 5415 1660 5483 prmdictione
1678 5456 1694 5482 ,
1724 5425 1780 5470 ut
1808 5417 1930 5470 illos

351 5503 412 5555 ad
441 5519 623 5557 sanam
657 5513 888 5558 tuentem
916 5514 1151 5560 revocet.
1182 5505 1245 5559 Et
1270 5506 1538 5575 quomodo
1558 5548 1571 5573 ,
1604 5507 1809 5578 inquies
1833 5550 1847 5573 ,
1878 5508 1928 5563 id

353 5598 457 5647 heri
486 5600 703 5666 μυιοδιῖ
731 5614 851 5650 nam
880 5599 922 5650 si
954 5614 1172 5652 necesse
1199 5608 1283 5652 est
1312 5609 1367 5651 ut
1399 5600 1615 5653 veniant
1641 5601 1886 5655 scandala
1911 5643 1926 5666 ,

369 5688 611 5751 tuetnodo
643 5689 755 5744 lucc
783 5690 1014 5758 cllugere
1042 5692 1366 5758 poterimus?
1397 5692 1528 5758 Quia
1559 5707 1774 5747 necesse
1805 5694 1922 5763 qui-

2051 2946 2171 3000 dem
2194 2954 2277 3000 est
2299 2953 2356 2998 ttt
2377 2954 2562 3000 venant
2589 2947 2858 3010 scandala,
2881 2951 3055 3019 perire
3076 2963 3250 3008 autem
3278 2957 3495 3010 omnino
3519 2974 3610 3012 ne-

2052 3050 2206 3090 cesse
2236 3051 2340 3088 non
2369 3036 2924 3101 est.Quemadmodum
2951 3043 2995 3092 si
3022 3043 3141 3111 quis
3163 3043 3398 3102 medicus
3419 3047 3610 3103 dixerit

2051 3128 2226 3198 (nihil
2265 3131 2406 3183 enim
2438 3137 2554 3183 vetat
2598 3130 2880 3198 quominus
2909 3133 3095 3186 eodem
3137 3137 3383 3204 exemplo
3423 3139 3609 3195 iterum

2052 3220 2285 3288 utamur)
2314 3237 2328 3272 :
2360 3219 2558 3273 Ncesse
2586 3229 2669 3274 est
2697 3219 2836 3274 hunc
2858 3223 3039 3275 venire
3068 3226 3309 3280 tuorbum
3332 3270 3347 3292 ,
3379 3229 3471 3283 sed
3505 3248 3607 3284 tum

2052 3311 2176 3364 item
2211 3323 2432 3364 necesse
2458 3318 2512 3362 st
2549 3319 2608 3363 ut
2642 3309 2742 3362 hoc
2783 3311 2969 3363 morbo
3013 3327 3234 3380 pereas,
3283 3318 3326 3368 si
3371 3319 3605 3374 animum

2049 3400 2338 3462 adhibeas,
2366 3397 2598 3452 ha'tcum
2627 3399 2745 3453 aliis
2768 3399 2974 3455 dicebat
2995 3443 3012 3465 ,
3043 3413 3096 3456 ut
3123 3403 3230 3470 jam
3259 3407 3435 3462 umnui
3457 3451 3471 3471 ,
3499 3426 3605 3479 quo

2051 3489 2342 3558 discipulos
2381 3503 2411 3541 a
2450 3501 2610 3542 sumo
2647 3490 2923 3544 excitaret.
2970 3491 3049 3546 Ne
3085 3493 3384 3550 dormirent
3420 3502 3561 3552 enim
3591 3543 3603 3561 ,

2047 3580 2197 3649 quasi
2219 3578 2285 3633 ad
2317 3588 2556 3648 paccn‘et
2587 3579 3021 3648 imperturbatum
3052 3583 3211 3636 vitam
3239 3587 3407 3651 missi,
3437 3590 3599 3644 multa

2048 3680 2099 3725 et
2145 3670 2274 3724 foris
2312 3683 2366 3722 et
2409 3667 2516 3721 ints
2561 3668 2854 3738 ingruentia
2897 3671 3030 3725 bella
3069 3671 3325 3729 declarat.
3369 3678 3518 3744 Quod
3549 3691 3603 3735 ct

2049 3759 2242 3814 Paulus
2285 3757 2579 3829 significbat
2619 3760 2702 3812 his
2741 3760 2960 3814 verbis:
3004 3761 3158 3816 Foris
3206 3781 3421 3834 puqme,
3461 3771 3600 3824 intus

2049 3853 2250 3906 timores
2271 3867 2291 3905 :
2312 3850 2500 3918 pet-ient
2519 3849 2573 3903 in
2595 3849 2738 3918 falsis
2764 3852 3004 3922 fratribus
3027 3853 3103 3922 (2.
3130 3855 3249 3909 Cor.
3278 3859 3327 3911 7.
3353 3861 3406 3914 5.
3439 3873 3486 3914 et
3508 3867 3528 3916 l
3550 3868 3594 3922 Ι.

2045 3944 2172 4014 26);
2200 3953 2256 3999 et
2289 3942 2491 3998 Milesio
2515 3942 2790 4012 alloquens
2812 3944 3019 3999 diccbat
3042 3963 3056 4000 :
3084 3945 3368 4019 Exsurgent
3392 3955 3598 4023 quidam

2046 4051 2109 4089 ea:
2136 4035 2272 4090 vobis
2296 4035 2514 4104 loquens
2540 4049 2771 4104 perversa
2807 4035 2941 4102 (Act.
2977 4038 3066 4092 20.
3108 4040 3220 4109 50).
3248 4040 3488 4098 Christus
3511 4063 3598 4101 vo-

2047 4143 2107 4180 rn
2130 4127 2341 4182 dicebat
2359 4166 2375 4193 ,
2399 4125 2567 4180 lnitt'ci
2596 4125 2814 4182 hominis
2841 4128 3096 4184 domestici
3123 4132 3233 4200 ejus
3262 4132 3474 4201 (Matth.
3508 4140 3591 4192 10.

2046 4218 2161 4285 56).

2116 4306 2351 4360 Liberam
2385 4307 2608 4360 urbi-ium
2637 4316 2683 4360 et
2708 4306 2908 4363 libertas
2937 4311 3209 4368 voluntatis
3244 4329 3358 4368 cum
3393 4320 3596 4374 veritate

2044 4397 2321 4468 prophetia!
2343 4396 2563 4450 conciari
2588 4406 2818 4466 possunt.
2841 4427 2911 4437 —
2932 4398 3067 4453 Cum
3092 4405 3271 4456 autem
3301 4409 3591 4462 necessita-

2046 4499 2150 4542 tem
2177 4486 2334 4552 dicit,
2358 4502 2463 4540 non
2492 4487 2671 4541 herum
2700 4487 2977 4542 arbitrium
3005 4489 3172 4554 tollit,
3201 4507 3372 4562 neque
3399 4496 3586 4551 volun-

2044 4579 2167 4634 tatis
2217 4578 2518 4642 libertater,
2564 4593 2736 4648 neque
2778 4592 2954 4633 rerum
3007 4582 3310 4637 necessitati
3357 4587 3588 4656 cuipiam

2041 4669 2203 4724 vitam
2243 4668 2489 4737 subjiciat
2516 4667 2631 4722 lucc
2660 4669 2734 4723 ait
2763 4687 2777 4722 :
2803 4667 2898 4724 sed
2927 4669 3067 4740 quod
3103 4673 3320 4728 omnino
3348 4675 3584 4734 futurum

2041 4770 2158 4816 erat
2181 4760 2418 4830 prtcdicit
2447 4759 2582 4813 :uod
2613 4759 2783 4816 Lucas
2810 4761 2928 4816 aliis
2953 4763 3128 4817 verbis
3156 4763 3474 4831 declaravit,
3502 4772 3582 4826 sic

2039 4853 2224 4908 dicens
2246 4893 2262 4916 .
2295 4851 2574 4921 Imposbile
2604 4863 2676 4906 est
2705 4862 2758 4906 nt
2785 4869 2884 4906 non
2915 4855 3114 4907 veniant
3146 4857 3388 4911 scamlala
3419 4857 3578 4928 (an.

2041 4944 2128 4998 l7.
2161 4944 2238 5015 l).
2265 4942 2400 5012 Quid
2431 4941 2516 4997 illd
2540 4951 2621 4997 est
2640 4983 2656 5008 ,
2685 4943 2989 4997 Scandala?
3015 4944 3390 5013 Impedimenta
3423 4961 3576 5008 recte

2042 5035 2144 5088 vite
2165 5035 2205 5087 ί.
2232 5033 2321 5089 Sic
2344 5033 2398 5088 in
2429 5047 2547 5088 smn
2576 5042 2768 5088 vocant
2791 5034 3040 5103 agiliores
3065 5037 3320 5103 quosdam
3346 5042 3433 5110 qui
3462 5057 3572 5096 cor-

2040 5141 2165 5196 pora
2215 5135 2497 5196 pervertm.
2547 5123 2660 5178 Non
2697 5125 2853 5194 igitur
2884 5125 3157 5194 prmdietio
3183 5131 3298 5197 ejus
3331 5134 3579 5188 scandala

2036 5219 2251 5274 adduett
2277 5235 2292 5273 :
2318 5218 2456 5272 absit
2485 5233 2656 5286 neque
2680 5216 2801 5286 quia
2829 5219 3196 5285 prmnuntiavit
3221 5261 3235 5284 ,
3282 5221 3400 5275 ideo
3441 5241 3569 5280 cve-

2038 5315 2216 5379 uiunt;
2245 5310 2340 5366 sed
2371 5307 2743 5378 idetprtcdixit,
2774 5310 2894 5378 quia
2927 5320 3180 5366 eventura
3205 5323 3359 5368 erant
3383 5334 3396 5369 :
3422 5316 3492 5371 ita
3525 5327 3580 5375 ut

2035 5406 2080 5458 si
2109 5402 2402 5457 noluissent
2427 5399 2534 5469 iipti
2564 5399 2650 5452 illa
2679 5398 2932 5465 inferunt,
2957 5417 3243 5472 numquam
3272 5407 3573 5472 venissent,

2100 5581 2112 5605 ι
2155 5575 2295 5624 νωτυι
2343 5580 2544 5637 postia-i-
2572 5573 2735 5627 vt'rla,
2763 5572 2893 5637 quod
2919 5583 3266 5637 I.ucas..........
3297 5578 3364 5625 air
3389 5577 3572 5637 αἵτινες,

2042 5658 2062 5681 ιι
2102 5636 2514 5699 ὐηκνδιϋνὶιιίινληι
2553 5645 2642 5682 "uti
2668 5636 2851 5683 t'cm'nnt
2889 5636 3148 5685 st'ttttdttlrt.
3177 5656 3194 5680 ἰ
3242 5639 3390 5699 addit,
3431 5636 3570 5689 nullis

2039 5702 2351 5762 mamentis,
2379 5698 2676 5761 inm/intentu
2703 5703 2842 5746 t'ettn:
2873 5709 2973 5746 cur.
