4126 6220
346 209 452 264 575

347 332 404 376 et
431 319 534 375 nisi
560 326 821 373 eventura
848 325 1051 380 essent,
1081 330 1187 368 non
1216 312 1455 382 praedicta
1484 310 1734 366 fuissent.
1757 307 1909 375 Quo—-

349 416 494 469 niam
516 428 642 466 vero
659 410 880 479 quidam
902 406 1137 476 maligne
1152 400 1750 473 agebant,ctincurabili
1770 414 1909 455 moro

349 507 419 560 bo
438 505 779 567 laborabant,
804 507 1069 553 venerunt
1100 497 1379 559 scandala,
1405 493 1646 562 quodque
1666 492 1908 546 futurutn

348 596 566 651 eratille
584 593 843 665 pnedicit.
862 591 930 644 At
953 590 999 645 si
1021 589 1097 643 illi
1115 587 1387 642 ememlati
1411 586 1656 649 inissent,
1672 584 1909 653 inquies,

350 699 403 741 et
426 686 607 741 nullus
637 681 894 739 scandala
921 678 1216 742 attulisset,
1241 674 1635 730 aunondietum
1660 674 1792 729 illud
1811 673 1912 727 fal-

354 795 474 832 sum
490 775 890 845 deprehensum
907 769 1099 826 fuisset
1114 767 1137 821 ‘i
1151 766 1523 837 Nequaquam:
1544 781 1649 819 non
1663 766 1910 819 dicturus

347 866 489 918 enim
521 872 638 919 erat
662 903 676 927 ,
709 860 752 914 si
795 855 1109 914 emendandi
1144 854 1368 908 fuissent
1395 866 1569 905 onncs
1592 890 1607 914 ,
1639 865 1812 919 neque
1837 849 1921 902 di-

355 958 523 1009 sisset
556 973 569 1008 :
605 952 823 1008 Necesse
850 960 924 1005 est
953 959 1004 1002 ut
1034 945 1267 1009 veniant;
1306 943 1399 999 scd
1433 942 1540 1013 quia
1571 940 1783 994 videbat
1819 955 1923 991 non

351 1044 696 1116 corrigendos
724 1042 860 1109 fore,
890 1040 1011 1096 ideo
1036 1037 1189 1101 dixit,
1217 1051 1280 1090 ea
1309 1049 1511 1088 omnno
1538 1043 1757 1086 ventura
1783 1046 1923 1083 esse.

359 1139 423 1191 lit
462 1154 591 1202 cur,
625 1136 832 1206 inquies
858 1174 872 1197 ,
915 1134 1027 1200 ipse
1062 1146 1165 1185 non
1196 1127 1438 1181 ahstulit'
1480 1125 1543 1179 Et
1568 1140 1663 1177 cur
1694 1121 1927 1175 tollenda

356 1227 545 1281 erant?
588 1241 655 1280 an
689 1235 904 1295 prepter
932 1236 1026 1276 eos
1051 1221 1139 1289 qui
1173 1220 1235 1272 iis
1266 1216 1552 1273 laeduntur?
1576 1216 1645 1269 At
1676 1230 1776 1267 nou
1807 1212 1928 1267 inde

361 1326 583 1382 pereunt
622 1316 656 1369 ii
698 1315 784 1382 qui
824 1312 1120 1375 laeduntur,
1156 1310 1247 1361 sed
1283 1324 1348 1361 cx
1390 1307 1577 1373 iglavia
1604 1322 1697 1357 sua
1731 1324 1743 1357 :
1774 1305 1930 1373 idque

360 1408 635 1460 declarant
674 1405 708 1458 ii
738 1404 825 1472 qui
857 1404 1106 1457 virtutem
1139 1401 1350 1459 colunt,
1380 1401 1452 1468 qti
1485 1415 1585 1452 non
1620 1397 1779 1452 modo
1808 1397 1931 1450 hinc

364 1498 490 1549 nillil
529 1495 821 1557 la-duntur,
850 1493 943 1548 sed
976 1493 1135 1547 etiam
1167 1491 1387 1544 multum
1417 1493 1622 1551 lmctnm
1652 1489 1885 1542 referunt
1914 1506 1929 1542 :

362 1587 532 1657 qualis
558 1598 670 1641 erat
697 1586 798 1639 Job
822 1627 837 1647 ,
868 1584 1039 1654 qualis
1065 1581 1264 1650 Joseplt
1287 1622 1301 1645 ,
1333 1580 1497 1650 qualis
1520 1596 1706 1634 omnes
1725 1579 1852 1646 justi
1877 1589 1933 1633 et

363 1679 612 1746 apostoli.
653 1676 804 1744 Quod
846 1677 888 1729 si
933 1674 1083 1730 multi
1124 1674 1431 1743 perierunt,
1459 1672 1507 1729 id
1549 1689 1614 1726 ex
1655 1688 1843 1725 somno
1880 1680 1933 1723 et

369 1771 685 1839 negligentia
727 1783 821 1822 sua
859 1768 1055 1821 evenit.
1080 1764 1137 1821 Si
1169 1779 1255 1819 res
1290 1780 1395 1817 non
1428 1764 1478 1816 iu
1507 1773 1647 1816 esset
1670 1803 1684 1826 ,
1714 1772 1770 1815 et
1795 1763 1837 1815 si
1866 1778 1931 1816 ex

366 1860 631 1913 scandalis
676 1857 939 1927 pernicies
984 1864 1166 1918 esset,
1215 1867 1404 1907 omnes
1448 1853 1601 1920 inrire
1643 1861 1933 1921 oporteret.

367 1949 519 2019 Quod
549 1950 592 2003 si
620 1949 832 2018 quidam
862 1946 1141 2015 ell'ugiunt,
1165 1944 1255 2015 qui
1286 1960 1389 1998 non
1415 1943 1599 2013 efugit,
1629 1943 1678 1995 id
1709 1943 1807 1997 sibi
1834 1942 1934 2011 ipsi

369 2050 597 2111 reputet.
628 2038 888 2095 Scandala
916 2038 1092 2101 enim,
1126 2048 1182 2091 ut
1210 2035 1339 2098 dixi,
1368 2044 1423 2089 et
1452 2036 1659 2089 uellant
1678 2074 1692 2096 ,
1732 2043 1785 2086 ιιι
1816 2049 1937 2102 per-

366 2129 721 2194 spicaciorem
740 2127 1147 2189 acutioremque
1164 2120 1389 2180 faciunt,
1412 2132 1626 2169 noleutn
1646 2115 1805 2167 modo
1820 2115 1911 2184 qui

367 2216 470 2271 sibi
491 2224 663 2281 cavet,
683 2215 775 2269 sed
795 2215 957 2267 etiam
977 2229 1099 2265 eum
1121 2213 1212 2281 qui
1236 2209 1434 2263 cecidit
1452 2222 1647 2277 etoqtte
1664 2206 1912 2275 erigitur,

371 2308 498 2361 hinc
515 2308 660 2361 enim
675 2307 884 2361 cautior
900 2316 1169 2373 caputque
1184 2300 1450 2355 diﬂicilior
1468 2300 1849 2368 wadetJtaque
1868 2298 1913 2352 si

382 2393 691 2463 vigilemus,
723 2407 829 2446 non
861 2407 1082 2462 parvum
1115 2391 1237 2446 inde
1266 2391 1466 2443 luerunt
1489 2392 1774 2451 eli-rimus,
1800 2392 1941 2461 quod

380 2487 585 2542 scilicet
612 2486 829 2541 assidue
859 2485 1157 2555 vigilemus.
1190 2483 1245 2538 Si
1276 2498 1404 2536 vero
1442 2477 1735 2535 illtatllilltts
1767 2484 1941 2537 inimi-

382 2579 500 2645 cis,
542 2587 597 2634 et
642 2587 718 2632 tot
767 2576 1148 2632 tentationibus
1195 2574 1535 2645 ingruenlibts
1577 2574 1939 2643 dormiaums,

384 2671 513 2742 quid
543 2672 612 2726 de
642 2671 794 2726 nobis
836 2671 925 2726 fiet
962 2672 1006 2724 si
1053 2673 1130 2725 sic
1171 2670 1452 2738 tranquille
1493 2671 1747 2723 ‘ivatnus?
1776 2671 1830 2725 Si
1868 2673 1946 2726 vis

386 2770 565 2814 autem
591 2799 608 2826 ,
641 2763 869 2829 primum
900 2759 1171 2813 hominem
1199 2757 1477 2813 considera
1527 2759 1571 2812 si
1605 2761 1746 2814 enim
1780 2776 1946 2828 pauco

388 2861 649 2919 tempore,
678 2858 733 2903 et
761 2850 1001 2903 fortassis
1028 2865 1131 2902 ncn
1164 2864 1271 2902 uno
1296 2846 1383 2902 die
1409 2848 1460 2902 in
1490 2849 1705 2916 pradiso
1730 2865 1947 2906 versans

387 2941 547 3008 inque
574 2939 781 2995 deliciis
802 2980 819 3005 ,
859 2940 913 2993 in
953 2948 1157 2993 tantum
1189 2937 1435 3006 nequitia!
1467 2940 1741 3009 poruperit
1762 2980 1777 3005 ,
1807 2950 1865 2994 ut
1888 2956 1950 2997 se

387 3032 647 3101 aequalem
675 3031 783 3085 Deo
809 3031 922 3085 fore
948 3030 1267 3100 speraverit,
1288 3039 1345 3084 et
1368 3030 1678 3098 deeepnrem
1708 3031 1949 3087 beneficii

387 3130 661 3176 auctorem
693 3120 993 3190 putaverit,
1036 3136 1210 3189 neque
1237 3120 1453 3176 unicum
1494 3120 1594 3174 ihd
1622 3131 1946 3191 praeceptum

388 3214 685 3269 servaverit
711 3230 725 3268 :
755 3214 799 3268 si
846 3214 966 3267 vitae
996 3214 1255 3283 reliquam
1288 3221 1488 3282 partem
1517 3214 1607 3269 ine
1630 3213 1811 3270 labore
1845 3214 1948 3269 du-

390 3302 555 3364 xisset
574 3349 589 3371 ,
616 3304 743 3379 quid
773 3320 878 3363 non
904 3303 1138 3363 facturus
1164 3303 1322 3361 erat?

460 3402 516 3454 2.
560 3399 728 3455 Homo
766 3417 861 3454 sua
904 3416 1059 3471 Opera
1094 3409 1142 3453 ct
1184 3415 1217 3451 α
1259 3399 1421 3470 seipse
1451 3412 1587 3454 mou
1623 3396 1850 3470 sﬂicitur.
1878 3426 1951 3437 —

393 3492 489 3546 llis
520 3492 590 3546 ita
620 3491 777 3546 dictis
799 3531 815 3555 ,
843 3490 999 3544 aliam
1028 3489 1379 3559 objectionem
1412 3488 1613 3544 oil'eunt
1650 3508 1664 3545 :
1688 3490 1798 3545 Cur
1822 3505 1950 3562 ergo

400 3585 541 3639 Deus
581 3584 737 3639 talem
782 3585 953 3654 ipsum
990 3582 1209 3638 elfecit?
1251 3581 1365 3637 Non
1397 3582 1505 3637 Deu
1544 3584 1702 3638 talem
1732 3583 1946 3650 effecit,

394 3679 533 3733 absit
559 3695 574 3731 :
602 3692 709 3732 non
734 3677 877 3731 enim
906 3675 1053 3730 illum
1087 3675 1397 3746 punivisset.
1428 3673 1525 3729 Nan
1546 3677 1591 3729 si
1618 3690 1716 3730 nos
1735 3675 1949 3746 quando

396 3769 621 3838 alicujus
642 3769 717 3823 rei
744 3783 902 3823 causa
923 3782 1130 3831 sumus,
1153 3779 1338 3821 servos
1365 3782 1468 3819 non
1498 3780 1787 3832 icusamus,
1814 3767 1951 3821 mul-

398 3871 452 3913 to
482 3861 657 3915 minus
684 3860 1054 3916 univerSorutn
1088 3859 1226 3915 Deus
1253 3858 1303 3913 id
1330 3857 1511 3912 facere
1542 3859 1669 3925 Sed,
1692 3844 1908 3929 inquies
1927 3901 1944 3927 ,

400 3955 540 4008 unde
580 3955 699 4008 talis
737 3953 957 4008 effectus
993 3951 1119 4007 est?
1161 3952 1233 4005 Ex
1275 3950 1528 4019 semetipn
1554 3958 1609 4005 et
1645 3966 1708 4005 ex
1745 3951 1945 4021 ignavia

397 4062 513 4101 sua.
562 4046 701 4113 Quid
748 4054 871 4110 est,
913 4060 979 4099 ex
1017 4042 1342 4110 semetipso?
1382 4040 1595 4108 Teipum
1640 4042 1943 4112 interroga:

400 4154 522 4191 nam
554 4138 598 4189 si
630 4136 663 4189 ii
691 4136 779 4204 qui
810 4134 936 4189 mali
967 4141 1113 4193 sunt.
1145 4148 1250 4184 non
1275 4146 1338 4186 ex
1372 4130 1525 4199 seips
1555 4132 1677 4185 mali
1708 4143 1849 4195 sunt,
1880 4150 1948 4187 ne

401 4241 615 4279 servum
647 4233 793 4277 tuum
824 4222 1052 4292 castiges
1077 4262 1092 4285 ,
1123 4236 1222 4276 nec
1249 4236 1467 4275 uxorem
1497 4240 1504 4273 ε
1530 4223 1828 4291 peccaverit
1862 4224 1946 4278 in-

400 4332 589 4385 crepes
610 4357 626 4382 ,
668 4330 767 4370 nec
803 4315 967 4370 lilium
1009 4314 1305 4385 percutias,
1337 4328 1436 4369 nec
1477 4315 1663 4369 adcum
1695 4316 1906 4371 incuses
1929 4358 1943 4382 ,

402 4420 503 4463 nec
547 4406 816 4460 inimicum
857 4414 911 4460 te
950 4402 1229 4460 Imdentem
1272 4403 1398 4459 odio
1438 4405 1635 4460 bacas:
1670 4406 1720 4460 hi
1752 4408 1946 4478 quippe

403 4514 592 4553 omnes
618 4499 760 4569 digni
791 4506 915 4553 sunt
941 4497 1325 4561 misericordia,
1356 4513 1460 4552 non
1490 4499 1741 4566 pnitiooe,
1770 4501 1813 4555 si
1840 4516 1946 4555 non

402 4606 467 4645 ex
498 4590 687 4659 seipsis
715 4589 1050 4659 delinquunt.
1083 4588 1188 4642 Sed
1216 4604 1320 4642 non
1354 4602 1527 4656 possm
1558 4588 1943 4658 philosophari,

403 4686 630 4755 inquies.
657 4684 817 4753 Atqui
843 4684 887 4737 si
913 4682 1107 4738 videris
1132 4698 1235 4736 non
1262 4683 1470 4736 illorum
1495 4684 1661 4752 clpam
1687 4699 1826 4747 esse,
1850 4685 1945 4739 sed

403 4794 467 4831 ex
497 4776 599 4830 alia
639 4776 957 4830 necessitate
982 4774 1033 4829 id
1064 4773 1259 4829 factum
1290 4788 1410 4829 esse
1435 4814 1450 4839 ,
1483 4783 1567 4830 tne
1598 4776 1797 4845 poteris
1828 4777 1945 4846 phi-

404 4865 693 4935 losophari.
724 4864 857 4920 Nam
883 4881 1002 4920 cum
1026 4880 1212 4920 servus
1235 4864 1512 4934 aagritudin
1528 4866 1772 4922 detentus
1804 4868 1943 4936 iussa

405 4973 511 5011 non
546 4955 748 5022 fecerit,
779 4970 886 5009 non
916 4953 1076 5010 modo
1101 4970 1206 5010 non
1234 4955 1529 5015 criminari;
1559 4955 1652 5010 sed
1684 4964 1739 5012 et
1765 4958 1942 5011 statim

406 5046 656 5116 ignoscis.
688 5046 777 5102 Sic
801 5056 854 5100 tu
884 5048 1035 5103 testis
1061 5061 1141 5112 es,
1168 5046 1433 5116 quidpiam
1461 5047 1648 5116 alipso,
1676 5049 1942 5118 quidpiam

406 5154 510 5193 non
550 5137 618 5192 ab
662 5138 777 5207 ipso
804 5153 945 5193 esse.
992 5137 1152 5207 Igitur
1187 5139 1345 5192 etiam
1383 5138 1466 5192 hic
1491 5141 1541 5204 ,zi
1572 5140 1738 5194 scires
1769 5141 1941 5210 ipsum

406 5229 525 5283 ideo
557 5229 751 5283 malum
780 5242 900 5283 esse
938 5229 1061 5298 quia
1105 5231 1183 5285 sic
1221 5241 1375 5285 natus
1414 5230 1480 5283 sit
1506 5248 1622 5292 ,non
1650 5232 1808 5285 modo
1837 5249 1941 5286 non

356 5372 363 5392 7‘
406 5336 725 5383 accusares,
772 5319 867 5375 sed
910 5330 965 5374 et
1004 5321 1212 5375 veniam
1255 5321 1428 5375 dares.
1473 5320 1560 5375 Nat
1597 5324 1680 5375 eui
1725 5332 1942 5392 propter

353 5384 371 5481 δ
408 5412 652 5465 morbum
689 5412 916 5481 ignoscis
938 5452 954 5479 ,
986 5422 1204 5481 propter
1244 5412 1332 5466 Dei
1368 5414 1593 5481 cpitium
1626 5416 1701 5469 illi
1731 5417 1941 5471 veniam

346 5489 358 5501 ’
409 5519 511 5556 non
543 5518 766 5573 negares
788 5545 802 5568 ,
870 5503 1128 5573 siquidem
1158 5505 1276 5558 talis
1305 5505 1372 5558 ab
1403 5507 1705 5563 iuititfactus
1734 5509 1936 5562 fuisset.

408 5594 636 5651 Aliunde
673 5595 833 5650 etiam
866 5595 984 5651 illos
1012 5595 1167 5652 facile
1195 5599 1468 5654 confutare
1499 5583 1736 5671 pssumus
1771 5618 1784 5653 :
1815 5618 1933 5655 nam

1049 200 1109 255 S.
1149 197 1423 254 JOANNIS
1455 189 1950 253 CHRYSOSTOMI
1990 190 2308 248 ARCHIEP.
2349 192 2882 249 CONSTANTINOP.

3498 189 3600 247 57b

2022 305 2218 360 veritas
2240 307 2568 375 argumentis
2592 306 2846 360 abundat.
2874 306 2983 359 Cur
3004 318 3289 374 numquam
3312 318 3525 381 servum
3547 304 3599 357 in

2018 396 2219 451 crimen
2248 397 2480 462 vocasti,
2520 396 2662 468 quod
2692 412 2796 451 non
2838 396 2907 451 sit
2945 396 3092 448 voltu
3123 394 3387 448 formosus
3414 434 3429 458 ,
3460 400 3601 463 quod

2022 503 2127 542 non
2169 489 2238 542 sit
2279 489 2583 558 proceriore
2620 498 2858 551 statura,
2901 485 3044 557 quod
3085 502 3190 539 non
3231 485 3299 537 sit
3338 484 3600 537 volucris?

2022 579 2153 645 Quia
2193 578 2308 633 hzec
2347 595 2378 632 a
2423 590 2610 634 natura
2650 579 3076 648 proficiscuntur.
3114 576 3254 646 Ergo
3291 575 3425 629 liber
3457 584 3535 627 est
3570 591 3597 628 :t

2023 672 2179 740 culpa
2204 681 2458 741 quantum
2483 670 2550 724 ad
2575 681 2774 724 naturm
2795 670 2940 728 vitia.
2970 684 3231 736 nemoque
3259 666 3352 719 ibit
3382 665 3600 719 inficias.

2024 763 2160 816 Cum
2186 778 2315 832 ergo
2339 778 2583 827 accusas,
2614 760 2851 815 ostendis
2880 774 3048 825 certe,
3081 760 3261 813 vitium
3292 775 3394 811 non
3422 773 3483 811 ex
3516 773 3607 809 na-

2028 865 2145 908 tura
2171 895 2186 919 ,
2228 853 2321 908 sed
2359 870 2423 907 ex
2466 854 2737 908 voluntate
2775 852 3056 923 proficisci.
3087 852 3219 907 Nant
3261 853 3304 905 si
3342 866 3462 905 ctnn
3496 865 3608 904 non

2027 960 2360 1010 accusamus,
2384 947 2730 1001 testiﬁcantur
2750 956 2915 1000 totum
2937 961 3055 1001 esse
3077 955 3280 999 natura:
3299 944 3609 998 adscriben-

2029 1036 2186 1101 dum,
2221 1036 2391 1104 palam
2421 1044 2505 1089 est
2531 1036 2673 1104 quod
2700 1051 2822 1090 cum
2854 1036 3222 1103 increpautus,
3250 1050 3314 1087 ex
3344 1034 3612 1089 voluntate

2029 1129 2238 1195 culpam
2260 1142 2379 1181 esse
2399 1125 2754 1180 declarantus.
2778 1125 2855 1179 Ne
2876 1126 3052 1194 itaque
3074 1140 3316 1193 perversa
3339 1125 3611 1179 ratiocinia

2033 1217 2083 1270 ill
2124 1216 2355 1271 medium
2391 1216 2584 1271 afferas
2608 1254 2622 1279 ,
2667 1231 2735 1271 ne
2772 1215 3095 1284 sophismata
3126 1225 3179 1268 et
3209 1213 3377 1267 nodos
3405 1229 3614 1267 aranea:

2034 1307 2153 1362 telis
2199 1307 2416 1361 viliores
2449 1325 2461 1360 :
2493 1306 2585 1361 sed
2630 1306 2695 1360 ad
2741 1306 2843 1361 hoc
2882 1320 3091 1359 rursum
3137 1304 3262 1357 mihi
3307 1306 3613 1371 responde:

2033 1400 2219 1454 Nonne
2247 1398 2490 1451 homines
2519 1412 2707 1451 onmes
2737 1397 2859 1451 fecit
2892 1396 3067 1450 licus?
3102 1395 3155 1450 Id
3183 1395 3321 1463 apud
3345 1411 3532 1449 euntes
3561 1395 3614 1446 in

2033 1492 2284 1546 confesso
2311 1500 2414 1545 est.
2442 1491 2548 1545 Cur
2578 1504 2704 1559 ergo
2735 1505 2837 1543 non
2868 1503 3054 1542 omnes
3086 1486 3375 1542 secundum
3409 1487 3617 1540 virtutis

2034 1595 2092 1638 ct
2130 1584 2238 1636 vitii
2286 1584 2544 1636 rationem
2588 1581 2818 1649 aequales
2858 1580 3020 1633 sunt?
3063 1578 3203 1633 unde
3242 1579 3301 1631 iit
3340 1588 3396 1630 ut
3425 1577 3479 1630 bi
3513 1577 3622 1631 sint

2036 1675 2181 1741 boni,
2211 1674 2355 1743 probi
2378 1680 2432 1727 et
2457 1671 2723 1727 modesti?
2750 1671 2888 1725 ttnde
2915 1673 2974 1724 lit
3002 1680 3058 1724 ut
3079 1671 3130 1722 lli
3151 1671 3260 1723 sint
3290 1669 3413 1722 mali
3440 1678 3495 1723 et
3522 1668 3621 1722 im-

2039 1766 2227 1833 probi?
2258 1763 2388 1819 Nam
2428 1763 2473 1817 si
2507 1764 2558 1817 in
2589 1761 2675 1817 bis
2714 1776 2822 1816 non
2853 1762 3125 1815 voluntate
3159 1775 3294 1830 Opus
3320 1767 3404 1813 est
3425 1799 3443 1825 ,
3482 1768 3537 1813 et
3573 1774 3636 1813 sl-

2039 1858 2152 1911 haic
2180 1866 2363 1910 natura
2394 1866 2539 1921 sunt,
2569 1870 2666 1909 cur
2693 1854 2745 1907 hi
2770 1854 3038 1917 virtutem,
3066 1852 3154 1906 alii
3182 1852 3365 1905 vitium
3391 1866 3622 1920 sequun-

2040 1950 2165 2003 tur?
2189 1948 2319 2002 Nam
2348 1950 2391 2000 si
2420 1962 2607 2001 omnes
2636 1956 2823 2000 natura
2856 1946 2978 1999 mali
3008 1955 3221 2008 essent,
3256 1959 3416 1998 nemo
3444 1954 3624 2013 posset

2038 2058 2158 2098 esse
2197 2045 2402 2107 bonus;
2441 2051 2497 2096 et
2535 2041 2577 2094 si
2618 2054 2807 2095 omnes
2839 2050 3023 2093 natura
3066 2039 3223 2100 boni,
3256 2051 3415 2092 nemo
3445 2047 3624 2106 posset

2039 2150 2159 2189 esse
2198 2134 2387 2188 malus.
2426 2133 2482 2186 Si
2518 2131 2814 2186 communis
2853 2141 2936 2183 est
2976 2140 3162 2183 natura
3204 2129 3478 2182 hominum
3510 2144 3621 2180 ont-

2040 2224 2209 2289 ttium,
2235 2223 2528 2278 secundum
2557 2222 2659 2275 hoc
2680 2221 2957 2290 oportebat
2981 2235 3167 2273 omnes
3192 2219 3440 2273 homines
3461 2234 3623 2271 unum

2040 2324 2095 2369 et
2123 2317 2257 2368 idem
2288 2330 2407 2369 esse
2429 2356 2445 2380 ,
2477 2328 2572 2367 seu
2603 2314 2772 2368 honos
2799 2314 3041 2379 scilicet,
3077 2327 3169 2367 seu
3198 2312 3387 2366 malos.
3416 2312 3469 2367 Si
3498 2327 3626 2365 vero

2042 2407 2300 2471 dicamus,
2331 2422 2395 2460 ex
2427 2415 2610 2459 natura
2642 2421 2759 2459 esse
2784 2406 2922 2472 quod
2955 2406 3003 2459 bi
3034 2405 3190 2467 boni,
3224 2406 3295 2458 illi
3328 2404 3450 2458 mali
3478 2404 3585 2456 sint
3605 2444 3621 2468 ,

2041 2496 2182 2567 quod
2204 2504 2347 2551 esset
2372 2496 2563 2549 rationi
2591 2496 2871 2555 absonum,
2899 2505 2957 2548 ut
2978 2494 3330 2557 ostendimus,
3355 2503 3627 2562 (qiorteret

2044 2588 2161 2644 haec
2181 2587 2470 2643 immobilia
2492 2601 2648 2652 esse;
2673 2588 2929 2640 naturalia
2950 2587 3144 2655 quippe
3167 2595 3293 2640 sunt
3314 2584 3600 2639 immobilia

2048 2685 2162 2741 Hoc
2175 2703 2302 2740 vero
2318 2685 2634 2740 consideres
2648 2683 2825 2734 velim.
2842 2679 3097 2733 Mortales
3111 2692 3302 2730 omnes
3314 2686 3444 2728 sunt
3459 2677 3625 2727 etiam

2049 2776 2354 2849 passibiles,
2392 2788 2656 2841 nemoque
2687 2780 2854 2839 potest
2890 2767 3240 2837 impassihilis
3269 2781 3412 2827 esse,
3434 2765 3627 2817 etiam-

2048 2868 2094 2923 si
2148 2866 2344 2921 millies
2394 2864 2704 2917 contendat.
2756 2860 2908 2914 Nunc
2943 2876 3071 2913 vero
3130 2858 3328 2911 multos
3375 2857 3623 2909 videmus

2046 2973 2114 3013 ex
2142 2957 2302 3011 bonis
2334 2955 2634 3023 improbos,
2675 2963 2730 3007 et
2756 2967 2819 3005 ex
2852 2951 3113 3019 improbis
3146 2949 3316 3003 bonos
3361 2946 3472 3000 fieri
3495 2986 3509 3010 ,
3560 2946 3623 2998 il-

2049 3049 2132 3103 los
2167 3047 2511 3118 negligentia,
2549 3045 2647 3098 hos
2692 3059 2822 3097 vero
2855 3043 3133 3113 diligentia
3162 3058 3175 3095 :
3203 3039 3348 3109 qttod
3388 3036 3626 3090 maxime

2049 3143 2242 3213 probat
2264 3141 2314 3195 id
2340 3157 2446 3194 non
2473 3155 2594 3194 esse
2617 3148 2841 3191 naturae.
2866 3137 3141 3190 Naturalia
3166 3134 3365 3203 quippe
3388 3146 3484 3184 nec
3504 3145 3624 3182 tutt-

2048 3244 2255 3296 tantur,
2299 3247 2472 3301 neque
2504 3229 2778 3298 diligentia
2809 3242 2946 3296 opus
2976 3226 3197 3287 habent,
3243 3232 3301 3276 ut
3334 3220 3623 3289 atquin-an-

2048 3337 2155 3380 tur.
2190 3323 2260 3380 Ut
2294 3324 2436 3377 enim
2478 3323 2542 3375 ad
2572 3322 2860 3375 videndum
2902 3330 2950 3371 et
2984 3318 3313 3372 audiendum
3346 3330 3452 3368 non
3486 3328 3625 3382 opus

2046 3425 2131 3472 est
2161 3416 2366 3476 labore,
2409 3414 2485 3467 sic
2538 3426 2637 3463 nec
2669 3410 2720 3462 in
2760 3410 2981 3463 colenda
3027 3406 3223 3460 virtute
3260 3405 3459 3459 sudore
3485 3418 3625 3470 opus

2047 3518 2213 3571 esset,
2252 3506 2297 3561 si
2350 3506 2435 3559 illa
2467 3523 2531 3560 ex
2561 3515 2749 3559 natura
2789 3504 2946 3557 nobis
2987 3500 3147 3555 insita
3180 3506 3344 3553 esset.
3380 3496 3491 3550 Cur
3520 3509 3619 3546 au-

2049 3606 2154 3652 tem
2181 3597 2353 3650 malos
2382 3595 2618 3659 fecisset,
2638 3609 2761 3649 cum
2789 3603 2966 3662 posset
2987 3603 3178 3642 omnes
3213 3587 3383 3640 bonos
3408 3584 3582 3637 facere
3601 3584 3625 3633 ?

2048 3686 2202 3744 Unde
2256 3703 2387 3759 ergo
2435 3687 2612 3741 mala?
2657 3685 2868 3754 inquies
2903 3684 2942 3737 ⁸.
2989 3680 3245 3749 Teipsutn
3299 3677 3619 3745 interroga:

2048 3794 2227 3832 meum
2266 3778 2463 3847 quippe
2505 3786 2589 3831 est
2629 3775 2951 3833 ostendere.
2993 3772 3080 3825 illa
3127 3786 3225 3824 nec
3277 3784 3342 3822 ex
3384 3776 3572 3819 natura
3603 3806 3620 3831 ,

2048 3884 2149 3924 nec
2178 3884 2209 3923 a
2246 3868 2354 3921 Deo
2391 3884 2531 3922 esse.
2566 3866 2705 3935 Ergo
2737 3865 2912 3920 casu?
2942 3861 3173 3931 inquies.
3208 3859 3447 3913 Minime.
3480 3856 3617 3910 Nunt

2047 3958 2326 4030 ingenita?
2358 3958 2506 4011 Bona
2549 3958 2731 4018 verba,
2771 3969 2978 4023 quasso,
3001 3967 3035 4006 ο
3069 3952 3251 4013 homo,
3299 3966 3328 4003 a
3364 3958 3510 4002 tanta
3545 3948 3625 4000 in-

2050 4051 2204 4106 sauia
2235 4049 2459 4119 gradum
2489 4062 2704 4108 revoca,
2737 4056 2795 4098 ut
2817 4046 3023 4098 honore
3053 4058 3162 4096 uno
3203 4041 3367 4093 Deum
3401 4049 3454 4093 et
3481 4039 3619 4091 mala

2045 4141 2195 4197 colas
2224 4150 2386 4210 atque
2417 4140 2624 4192 honore
2657 4150 2919 4205 superno.
2955 4134 3088 4188 Nam
3138 4133 3182 4187 si
3217 4132 3476 4201 ingenita,
3509 4129 3620 4182 for-

2046 4236 2117 4291 tia
2159 4245 2213 4290 et
2247 4235 2468 4287 immota
2497 4231 2684 4299 utique
2710 4238 2895 4292 erunt,
2926 4240 3103 4296 neque
3154 4233 3411 4294 poterunt
3441 4223 3619 4286 avelli,

2042 4342 2218 4395 neque
2243 4324 2308 4378 ad
2349 4323 2578 4377 nihilum
2612 4319 2779 4388 redigi
2817 4334 2831 4373 :
2863 4333 2987 4371 nam
3018 4316 3159 4385 quod
3184 4316 3484 4383 ingenitqu
3513 4324 3618 4377 est,

2041 4419 2218 4488 perire
2257 4433 2363 4471 non
2395 4431 2575 4486 posse,
2607 4417 2808 4484 cuique
2843 4410 3189 4467 manifestum
3227 4422 3330 4465 est.

2112 4511 2164 4564 5.
2208 4507 2362 4564 Unde
2396 4509 2455 4562 fit
2476 4517 2533 4561 ιιι
2563 4518 2639 4560 tot
2673 4508 2780 4561 sint
2806 4507 2954 4572 boni,
2974 4506 3019 4560 si
3044 4504 3241 4559 malum
3273 4513 3476 4556 tantam
3510 4501 3616 4553 vim

2044 4598 2280 4653 habeat?
2302 4599 2578 4668 quomodo
2608 4597 2770 4666 geniti
2798 4595 2873 4650 illi
2906 4595 3146 4663 ingenito
3175 4603 3303 4648 sunt
3331 4591 3622 4645 fortiores?

2045 4690 2148 4744 Sed
2179 4691 2342 4755 Deus,
2379 4690 2611 4758 inquies,
2644 4689 2733 4742 illa
2768 4686 2997 4742 auferet.
3037 4685 3303 4751 Quando?
3335 4683 3618 4749 Quomodo

2049 4792 2230 4836 autem
2256 4782 2344 4834 illa
2372 4783 2602 4844 auferet,
2628 4780 2671 4835 si
2691 4779 2839 4849 paris
2857 4778 2967 4831 sint
2994 4777 3240 4843 honoris,
3262 4773 3617 4836 fortitudinis,

2041 4872 2359 4930 vetustatis?
2374 4875 2568 4943 utquis
2581 4872 2798 4926 dixerit.
2819 4871 2864 4926 0
2879 4870 3080 4924 diaboli
3098 4868 3417 4938 nequitiam!
3438 4882 3616 4934 quan-

2042 4972 2155 5018 tuln
2186 4963 2394 5019 invenit
2421 4962 2660 5016 malum!
2696 4977 2805 5031 quo
2840 4960 3194 5030 blasphemiae
3215 4971 3411 5028 genere
3448 4955 3615 5008 Deum

2106 5174 2121 5204 ¹
2152 5171 2331 5221 Totum
2373 5168 2534 5215 locum
2572 5167 2720 5226 longe
2765 5161 2993 5226 pluribus
3035 5172 3323 5222 expressum
3358 5158 3431 5206 sic
3464 5158 3616 5208 habet

2040 5234 2204 5284 Codex
2250 5244 2413 5281 unus:
2446 5233 2543 5281 Cur
2583 5223 2692 5277 tuos
2717 5223 2869 5275 inulas
2894 5223 3231 5285 [educamus
3263 5226 3423 5285 posset
3452 5231 3617 5285 manca

2041 5281 2419 5356 Solidum”?
2459 5295 2596 5356 Certe
2623 5290 2777 5356 nullos
2801 5281 2902 5356 non
2924 5281 3273 5356 [eritiduplic‘i
3295 5282 3423 5330 enim
3462 5282 3619 5356 raque

2040 5345 2274 5407 obnoxius
2301 5358 2420 5403 esset
2442 5366 2457 5401 :
2480 5350 2673 5416 primo,
2696 5350 2739 5399 si
2774 5345 2932 5416 titulos
2953 5345 3294 5416 produxissct;
3324 5345 3551 5410 acritudo,
3575 5345 3618 5389 si

2041 5416 2167 5467 alios
2207 5415 2370 5471 bonos,
2411 5408 2538 5463 alios
2578 5414 2749 5465 mulos.
2791 5408 3006 5471 illudque
3028 5414 3205 5471 mirere
3225 5411 3277 5471 et
3303 5408 3406 5471 sine
3424 5416 3570 5452 musa
3598 5414 3616 5451 :

2039 5492 2262 5535 qummm
2284 5468 2410 5527 enim
2435 5476 2481 5524 in
2500 5489 2556 5524 ea
2582 5489 2632 5523 re
2653 5472 2779 5535 (equi
2807 5468 3005 5535 bonique
3033 5468 3190 5535 ratio?
3220 5468 3359 5535 Unde
3375 5479 3492 5535 ergo
3513 5478 3618 5535 nut-

2061 5526 2358 5602 inquies.
2384 5538 2584 5594 Verum,
2614 5526 2722 5582 cuni
2751 5526 3104 5602 unusntjantltnl
3135 5530 3392 5602 (Todr-‘xnsic
3418 5526 3617 5585 habeat,

2042 5591 2248 5654 ueteres
2271 5602 2537 5662 sequimur.
2562 5591 2659 5647 (ζει.
2686 5597 2858 5646 Αίίιιοι.
2886 5593 3025 5643 Field
3047 5594 3104 5641 ad
3126 5605 3235 5653 pag.
3258 5591 3372 5639 596.
