3990 6216
310 294 411 350 577

303 409 579 466 involvere
599 405 806 459 homini
835 404 1049 460 suasit?
1084 402 1229 472 quali
1265 401 1482 472 pietatis
1513 399 1692 470 specie
1724 399 1883 453 aliain

310 501 685 566 hlasphi-inain
711 497 973 550 rationein
995 495 1317 556 excogitavit
1336 496 1349 547 !
1367 495 1504 546 (ium
1525 493 1723 545 vi-lleut
1740 490 1884 542 enim

293 591 585 646 ostendere
607 629 624 652 ,
666 585 866 642 malum
907 598 1012 638 non
1039 579 1108 634 ab
1145 580 1260 650 ipso
1299 577 1587 647 procedere
1610 616 1626 641 ,
1665 591 1885 644 pravum

293 682 440 737 aliud
475 680 667 748 dogma
708 677 1022 730 inve-xerunt
1047 713 1062 738 ,
1093 669 1321 725 dicendo
1360 669 1590 740 ingenita
1627 669 1714 722 illa
1742 683 1882 722 esse.

294 773 455 828 Unde
500 771 658 839 igitur
687 764 863 822 mala?
907 763 1136 834 inquies.
1187 762 1260 816 Ex
1295 776 1361 815 eo
1389 760 1528 830 quod
1560 768 1642 814 est
1669 759 1807 814 velle
1833 769 1888 812 et

291 863 457 916 nolle.
477 859 582 916 Sed
605 860 777 928 ipsum
801 855 938 910 velle
952 865 1006 908 et
1028 851 1166 907 nolle
1183 850 1480 906 undenam?
1497 853 1535 904 A
1562 849 1714 904 nobis
1735 849 1882 917 ipsis.

294 954 348 1007 Id
380 954 554 1022 ipsum
577 950 707 1004 facis
730 962 796 1002 ac
820 947 866 1001 si
890 958 1183 1015 quan-ores,
1208 942 1482 1000 Undeuam
1513 940 1687 1010 prodit
1707 939 1886 996 videre

290 1054 346 1098 ot
375 1060 485 1097 non
513 1040 735 1096 videre?
760 1053 847 1092 me
873 1052 1000 1090 vero
1028 1033 1407 1104 respondente,
1442 1033 1516 1086 Ex
1545 1045 1611 1085 eo
1635 1029 1774 1100 quod
1803 1040 1881 1084 est

288 1135 546 1189 claudere
574 1143 628 1187 et
657 1146 764 1186 non
790 1129 1042 1184 claudere
1077 1126 1262 1181 oculos
1294 1143 1306 1179 :
1336 1137 1548 1179 rursum
1580 1123 1879 1192 interroga-

289 1243 380 1283 res
408 1268 426 1292 ,
459 1226 635 1294 Ipsum
665 1220 917 1278 claudere
951 1228 1004 1274 et
1043 1233 1146 1272 nou
1181 1215 1431 1271 claudere
1466 1213 1648 1267 unde?
1692 1226 1883 1281 meque

287 1318 673 1390 respondente,
695 1316 736 1369 Α
756 1312 912 1368 nobis
933 1311 1061 1381 ipsis
1080 1317 1138 1366 et
1158 1324 1186 1362 a
1212 1307 1487 1361 voluntate
1502 1314 1705 1367 nostra,
1724 1304 1880 1357 aliain

285 1424 476 1464 rursus
494 1422 708 1462 causam
730 1417 1018 1474 quaereres.
1043 1398 1232 1453 Malum
1251 1397 1446 1468 quippe
1466 1394 1595 1448 nihil
1615 1391 1754 1448 aliud
1777 1400 1876 1458 est,

282 1516 451 1570 quant
483 1513 588 1551 non
614 1495 832 1549 obedire
863 1493 990 1546 Deo.
1020 1489 1321 1554 Undeuam,
1349 1485 1577 1555 inquies,
1604 1483 1706 1537 hoc
1733 1483 1882 1537 inve-

285 1595 369 1647 uit
409 1591 603 1644 homo?
627 1588 762 1643 Nunt
788 1627 805 1653 ,
833 1598 1018 1654 qumso
1041 1624 1057 1650 ,
1086 1580 1304 1636 diflicile
1328 1588 1442 1632 erat
1469 1578 1568 1631 hoc
1599 1574 1879 1630 invenire?

281 1683 403 1738 Non
431 1682 554 1735 dieo
581 1696 678 1750 ego
705 1678 806 1732 hoc
830 1676 1046 1730 dit‘ticilc
1073 1688 1221 1728 esse:
1243 1671 1335 1727 sed
1364 1668 1504 1725 unde
1529 1669 1772 1723 inductus
1795 1676 1878 1722 est

281 1786 341 1827 ut
371 1775 482 1826 Deo
511 1789 613 1825 uou
635 1765 1071 1838 obtemperaret?
1103 1764 1181 1819 Ex
1212 1762 1440 1840 ignavia.
1472 1760 1602 1815 Nam
1632 1775 1754 1814 cum
1782 1774 1877 1828 pe-

287 1881 388 1919 nes
418 1864 566 1917 illum
595 1872 740 1917 esset
768 1861 836 1914 ad
879 1857 1188 1914 utrumlibet
1215 1854 1484 1909 declinare
1505 1893 1521 1918 ,
1552 1851 1617 1905 ad
1650 1851 1751 1905 hoc
1775 1849 1874 1904 dc-

276 1957 522 2010 cliiiavii.
549 1954 606 2010 Si
629 1963 806 2006 autem
829 1964 1028 2019 anceps
1051 1948 1226 2002 adhuc
1253 1946 1335 1999 his
1354 1943 1547 1998 auditis
1573 1943 1626 1996 in
1648 1941 1872 2011 caligine

278 2048 514 2102 versaris
535 2086 553 2113 ,
581 2059 683 2114 ego
714 2044 806 2097 tibi
835 2042 1183 2112 quaestionem
1220 2050 1512 2107 proponam
1544 2048 1648 2088 non
1676 2032 1870 2088 difﬁci-

277 2139 386 2193 lem
409 2151 508 2192 nec
529 2136 875 2206 implicatam,
895 2133 989 2186 sed
1012 2129 1306 2198 simplicem
1322 2137 1376 2181 et
1391 2126 1611 2180 claram.
1632 2123 1871 2179 Fuistinc

272 2219 565 2300 aliquando
603 2225 812 2282 malus?
855 2222 1070 2277 l‘uistiue
1100 2217 1385 2290 aliquando
1425 2216 1635 2272 bonus?
1662 2215 1719 2270 ld
1746 2224 1866 2281 est,

273 2337 406 2377 num
434 2321 616 2389 aliquo
641 2318 773 2372 vitio
796 2317 1040 2387 superior
1067 2315 1235 2380 fuisti,
1264 2323 1318 2369 et
1347 2320 1529 2382 postea
1556 2312 1623 2366 ab
1652 2311 1745 2366 illo
1773 2325 1866 2364 ca-

273 2423 400 2482 ptus
429 2412 531 2467 es?
561 2408 791 2466 incidisti
819 2409 870 2463 iii
897 2407 1231 2470 ebrietatem,
1261 2415 1314 2461 et
1347 2414 1525 2473 postea
1554 2404 1656 2458 hoe
1682 2406 1864 2458 vitium

270 2503 564 2571 depulisti?
586 2503 753 2556 iratus
775 2515 856 2565 es,
881 2508 938 2554 et
963 2507 1144 2568 postea
1175 2496 1330 2550 irasci
1358 2495 1558 2550 desiisti
1581 2511 1595 2560 ;
1620 2495 1865 2563 despexi-

268 2595 335 2648 sti
361 2608 676 2662 pauperem,
695 2601 749 2645 ct
771 2599 950 2659 postea
974 2588 1166 2642 secus?
1191 2587 1480 2640 fornicatus
1499 2601 1578 2652 es,
1604 2597 1656 2639 et
1677 2598 1861 2654 postea

265 2686 557 2736 continens
589 2683 770 2736 fuisti?
813 2680 963 2735 Unde
987 2720 1002 2744 ,
1035 2693 1216 2748 quaiso
1236 2719 1252 2742 ,
1287 2677 1401 2732 lia-c
1429 2676 1644 2731 omnia?
1676 2675 1860 2730 unde?

265 2773 320 2827 Si
361 2785 418 2827 iii
462 2774 692 2826 iacueris
717 2812 733 2835 ,
771 2785 872 2841 ego
908 2770 1104 2824 dicam.
1136 2769 1268 2836 Quia
1296 2782 1418 2821 cum
1447 2767 1625 2821 Studio
1652 2777 1706 2821 ei
1742 2767 1860 2821 dili-

264 2869 442 2935 gentia
481 2867 529 2920 id
557 2874 782 2919 conatus
805 2879 894 2928 es;
927 2872 1108 2933 postea
1133 2875 1261 2917 vero
1289 2859 1493 2914 solutus
1522 2861 1572 2913 in
1599 2860 1855 2914 desidiam

263 2959 532 3012 dividis-ti.
580 2956 710 3012 Nam
743 2954 1037 3024 llt‘SpBl'allS
1079 2952 1220 3017 illis,
1248 2951 1338 3021 qui
1385 2965 1444 3005 se
1474 2952 1566 3004 toti
1608 2951 1856 3020 nequitia:

260 3049 591 3104 dediderunt
616 3087 630 3108 ,
671 3047 759 3116 qui
792 3047 908 3099 sine
951 3057 1112 3098 sensu
1140 3057 1202 3096 ac
1231 3041 1416 3096 l'ui-iosi
1447 3050 1609 3106 sunt,
1654 3043 1742 3110 qui
1788 3055 1855 3095 ne

261 3142 446 3192 audire
480 3140 696 3208 quidem
725 3138 908 3190 volunt
937 3150 1000 3190 ca
1027 3150 1145 3205 qua:
1173 3133 1240 3187 ad
1271 3132 1694 3188 emendationem
1726 3147 1851 3202 Spe-

257 3243 428 3292 ctaiit,
463 3232 527 3284 iis
555 3240 701 3284 certe
731 3228 949 3282 minime
977 3226 1044 3280 de
1070 3223 1400 3296 philosophia
1429 3223 1644 3293 loquar;
1675 3223 1735 3275 iis
1765 3239 1852 3276 ve-

257 3343 316 3379 m
342 3367 358 3388 ,
402 3325 497 3394 qui
539 3323 698 3376 modo
734 3322 835 3375 hoc
859 3361 877 3386 ,
914 3319 1077 3374 modo
1115 3315 1244 3372 illud
1280 3323 1554 3370 sectantur
1576 3356 1590 3379 ,
1626 3314 1850 3368 libenter

255 3418 420 3470 verba
455 3415 672 3469 faciam:
703 3410 1000 3482 Aliquando
1027 3409 1243 3478 rapuisti
1269 3422 1388 3476 qua:
1417 3405 1482 3460 ad
1515 3415 1565 3459 te
1595 3421 1697 3457 non
1729 3421 1847 3473 per-

255 3509 538 3571 tinebant;
578 3505 771 3560 deinde
813 3518 940 3558 vero
987 3498 1351 3555 misericordia
1391 3507 1566 3552 motus
1595 3497 1661 3550 de
1694 3498 1846 3551 bonis

253 3600 359 3652 tuis
385 3613 564 3666 egeno
589 3597 808 3665 largitus
837 3609 916 3646 es.
958 3590 1106 3647 Unde
1147 3589 1260 3644 lucc
1288 3588 1542 3642 mutatio"
1570 3604 1745 3640 aiiuou
1779 3587 1844 3640 li-

249 3691 476 3756 quidum
505 3700 582 3742 est
611 3704 675 3742 ex
708 3687 976 3738 voluntate
1000 3698 1062 3736 ac
1089 3683 1254 3735 libero
1278 3679 1501 3734 arbitrio
1528 3678 1680 3733 esse?
1711 3677 1842 3732 Illud

247 3793 460 3837 eertum
488 3790 570 3833 est
591 3820 606 3841 ,
637 3793 698 3831 ac
725 3794 881 3830 nemo
912 3774 1204 3843 negaverit.

321 3871 472 3924 Mala
513 3887 575 3923 ex
610 3868 810 3937 ignavia
841 3866 1128 3935 prodeunt,
1156 3873 1202 3916 et
1240 3878 1350 3916 vere
1385 3879 1417 3913 α
1445 3859 1583 3914 nobis
1610 3871 1743 3913 sunt.
1772 3887 1841 3898 —

251 3964 378 4017 ideo
411 3963 640 4013 obsecro
666 3968 722 4012 iit
749 3956 925 4010 virtuti
953 3955 1234 4018 Stiiileatis,
1259 3962 1312 4006 et
1343 3952 1472 4005 nihil
1503 3962 1680 4020 postea
1708 3967 1840 4017 opus

247 4058 350 4111 erit
400 4052 705 4121 hujusmodi
757 4048 1158 4119 quaestionibus.
1209 4046 1341 4099 Mala
1388 4046 1573 4110 enim,
1629 4046 1838 4097 nomina

249 4159 461 4200 tauiiun
488 4156 664 4207 erunt,
697 4144 741 4196 si
773 4142 1016 4196 velimus.
1041 4139 1117 4194 Ne
1149 4138 1308 4208 igitur
1331 4151 1539 4208 quaeras
1567 4138 1704 4189 unde
1730 4152 1840 4189 ma-

247 4237 318 4297 la.
344 4251 530 4305 neque
556 4238 607 4289 in
633 4234 795 4288 dubio
823 4232 1056 4287 verseris
1081 4247 1096 4285 :
1117 4230 1212 4284 sed
1242 4241 1527 4311 postquam
1541 4228 1840 4296 deprehen-

244 4329 373 4382 disii
405 4344 470 4382 ea
501 4343 564 4382 ex
595 4327 800 4396 ignavia
825 4325 998 4380 solum
1031 4323 1266 4394 prodire,
1297 4321 1416 4390 fuge
1449 4319 1608 4374 mala.
1640 4318 1695 4374 Si
1721 4320 1839 4387 quis

244 4418 447 4472 dixerit
477 4433 538 4470 ea
572 4434 678 4470 non
704 4434 732 4470 a
765 4416 917 4470 nobis
945 4429 1066 4469 esse
1087 4454 1101 4478 ,
1133 4428 1254 4468 cum
1285 4412 1480 4466 videris
1507 4411 1654 4465 illum
1683 4425 1840 4465 servo

250 4515 476 4573 iratum,
508 4510 560 4563 iii
589 4526 807 4563 uxorein
835 4517 1226 4578 exasperatum,
1258 4506 1422 4560 lilium
1444 4504 1836 4569 criminantem,

244 4607 502 4672 injuriat‘ti
546 4604 836 4658 inferentes
877 4602 1260 4664 damnantem,
1301 4599 1386 4655 dic
1415 4598 1489 4654 illi
1523 4615 1535 4654 :
1565 4597 1672 4652 Ctil'
1711 4612 1840 4667 ergo

243 4698 490 4761 dicebas,
520 4697 658 4748 mala
691 4709 794 4748 non
833 4710 862 4746 a
897 4691 1049 4747 nobis
1077 4690 1236 4746 esse?
1257 4687 1390 4744 Nam
1417 4690 1460 4743 si
1496 4704 1598 4742 non
1630 4703 1658 4741 a
1688 4689 1839 4743 nobis

245 4797 395 4850 sunt,
417 4802 516 4842 cur
542 4788 752 4840 incusas
775 4785 948 4839 alios?
978 4783 1066 4836 [)ic
1092 4782 1164 4836 illi
1191 4783 1381 4836 iterum
1409 4798 1421 4833 :
1447 4779 1579 4833 Nutu
1607 4795 1637 4833 a
1669 4779 1839 4847 teipse

244 4880 488 4935 convicia
510 4889 563 4934 et
585 4878 934 4932 contumelias
962 4875 1162 4928 infers?
1187 4873 1242 4927 Si
1272 4887 1376 4926 non
1403 4887 1431 4924 a
1462 4872 1651 4939 teipse,
1681 4885 1838 4924 nemo

248 4975 340 5026 tibi
375 4974 672 5036 irascatur;
704 4972 747 5024 si
775 4987 804 5024 a
833 4971 1021 5038 teipse,
1045 4983 1174 5038 ergo
1199 4983 1227 5021 a
1261 4977 1310 5020 te
1339 4977 1387 5020 ei
1421 4965 1487 5017 ab
1515 4964 1718 5034 ignavia
1750 4973 1836 5015 tua

248 5065 387 5118 inata
418 5065 686 5117 oriuntur.
716 5062 852 5128 Quid
881 5060 1079 5129 porro?
1112 5069 1336 5128 putasne
1361 5057 1566 5126 aliquos
1597 5070 1717 5109 esse
1745 5055 1838 5108 ho-

249 5157 388 5210 nos?
416 5155 550 5209 Nam
582 5154 625 5207 si
655 5168 812 5209 nemo
843 5152 1032 5216 bonus,
1068 5150 1209 5204 unde
1241 5148 1330 5203 tibi
1361 5148 1460 5203 hoc
1487 5147 1715 5202 nomen?
1743 5163 1839 5200 iiii-

245 5248 315 5301 de
357 5246 579 5300 laudes?
617 5245 712 5300 Sin
741 5253 919 5298 autem
967 5257 1090 5299 vere
1127 5253 1250 5296 sunt
1290 5241 1412 5295 boni
1437 5236 1838 5308 ,proi-ulduhio

246 5340 422 5393 malos
464 5338 834 5407 iiicrepahuut.
865 5336 970 5391 Sed
1000 5336 1044 5389 si
1076 5336 1250 5389 nullus
1277 5342 1468 5402 sponte
1497 5346 1592 5385 sua
1622 5330 1691 5383 sit
1719 5341 1832 5382 ma-

251 5429 350 5490 liis,
384 5446 557 5497 neque
581 5447 610 5483 a
641 5431 822 5498 seipso
851 5427 972 5482 talis
1002 5428 1091 5490 sit,
1123 5425 1318 5496 injuste
1345 5433 1490 5478 certe
1515 5421 1638 5475 boni
1667 5418 1836 5472 malos

253 5520 601 5588 incri'paltttnt
629 5563 644 5582 .
677 5529 732 5574 et
773 5520 872 5574 hac
898 5517 968 5573 de
997 5533 1156 5572 causa
1191 5517 1287 5586 ipsi
1330 5515 1453 5570 mali
1491 5523 1667 5569 erunt.
1697 5512 1834 5578 Quid

253 5613 393 5666 enim
437 5613 684 5679 injustius
728 5611 820 5665 illo
856 5611 944 5681 qui
988 5609 1253 5663 innocenti
1302 5607 1524 5661 crimina
1569 5602 1836 5658 intentat?

255 5706 403 5765 Quod
439 5707 472 5758 si
506 5707 664 5758 etiam
699 5705 1032 5773 increpantes
1065 5701 1186 5756 boni
1218 5711 1361 5769 sunt,
1395 5709 1446 5754 et
1475 5699 1576 5752 hoc
1607 5697 1835 5752 maxime

1330 285 1394 340 IN
1437 281 1846 338 MATTIIzEU‘M
1877 283 2104 339 ll().\lll..
2152 285 2286 342 LIX.
2329 289 2400 343 al.
2446 289 2554 344 LX.

3487 299 3587 354 578

1999 397 2208 452 illorum
2250 401 2526 468 probitatis
2570 411 2936 470 argumentum
2975 415 3053 459 est
3087 409 3246 459 etiam
3277 409 3414 477 apid
3450 428 3578 461 nisi.

1997 490 2202 559 pientes
2223 532 2238 556 ,
2274 492 2396 545 hinc
2421 496 2758 550 manifestum
2786 507 2868 551 est
2894 540 2906 563 ,
2939 501 3203 552 neminem
3236 517 3483 570 umquam
3517 520 3576 556 ev

1995 582 2312 636 necessitate
2342 584 2502 639 fuisse
2530 587 2746 640 malum.
2774 589 2828 643 Si
2857 600 2974 657 post
3005 590 3118 644 lucc
3142 593 3318 645 omnia
3348 609 3571 661 qua'ras.

1996 667 2270 724 Uiideuam
2303 674 2477 727 mala?
2503 691 2563 729 ex
2597 677 2805 745 ignavia
2834 678 3006 732 dicam
3030 722 3044 744 ,
3071 697 3134 734 ex
3167 681 3401 748 desidia,
3435 684 3576 752 quod

1992 773 2110 813 cum
2157 763 2310 817 malis
2353 779 2664 832 versemur,
2697 769 2838 837 quod
2881 770 3132 826 virtutem
3176 773 3576 842 deSpicianius;

1992 848 2116 905 hinc
2152 852 2289 905 iuala
2315 893 2330 918 ,
2369 853 2476 908 imo
2511 855 2670 910 etiam
2709 859 2850 928 quod
2894 872 3137 930 quzerant
3177 863 3391 932 quidam
3438 865 3577 919 unde

1991 943 2127 997 mala
2153 945 2276 1000 sint.
2303 945 2471 1001 Nemo
2495 949 2638 1002 enim
2668 960 2811 1005 recte
2833 953 3145 1022 viventium,
3168 970 3462 1027 eorumque
3487 958 3577 1026 qui

1991 1033 2230 1090 modeste
2257 1045 2310 1090 et
2343 1037 2682 1093 continenter
2707 1041 2865 1096 vitam
2898 1059 3055 1113 agere
3086 1046 3446 1113 instituerunt,
3474 1048 3565 1102 liii-

1994 1124 2588 1198 jusmodiqutestiones
2603 1139 2808 1197 movet;
2833 1132 2926 1186 sed
2944 1133 3034 1202 qui
3064 1133 3245 1202 iniqua
3265 1135 3485 1193 audent,
3517 1139 3571 1183 et

1999 1219 2411 1272 excusationem
2433 1220 2445 1252 '
2473 1221 2766 1289 quamdam
2782 1238 3239 1292 supervacaneam
3260 1224 3338 1277 sic
3353 1222 3570 1289 excogi-

1999 1317 2113 1363 tare
2130 1309 2340 1375 voliint,
2355 1325 2677 1365 aranearum
2699 1313 2834 1366 telas
2853 1322 3063 1369 texunt.
3087 1312 3190 1366 Sed
3208 1329 3305 1367 nos
3321 1311 3444 1366 illas
3460 1326 3569 1365 non

1988 1396 2166 1450 verbis
2192 1398 2371 1464 modo,
2397 1399 2492 1453 sed
2519 1402 2768 1470 operibus
2795 1401 3177 1472 dirumpamus.
3206 1403 3321 1458 Non
3346 1406 3488 1461 enim
3511 1422 3574 1460 ex

1990 1487 2306 1541 necessitate
2332 1500 2454 1542 sunt
2496 1491 2665 1544 istaic.
2700 1491 2830 1545 Nam
2863 1495 2906 1547 si
2938 1511 3000 1547 ex
3034 1495 3348 1550 necessitate
3376 1507 3574 1558 essent,

1986 1593 2092 1630 non
2121 1578 2340 1634 dixisset
2364 1577 2609 1636 Christus
2641 1602 2653 1636 :
2690 1581 2777 1637 Vw
2808 1585 2998 1636 homini
3027 1587 3104 1638 illi
3134 1603 3224 1655 per
3247 1604 3392 1657 quem
3424 1605 3574 1640 scan-

1984 1669 2156 1723 dalum
2185 1673 2332 1724 venit.
2365 1672 2485 1725 Illos
2514 1673 2710 1742 quippe
2738 1675 2909 1728 solum
2940 1676 3165 1729 miseros
3195 1678 3462 1744 pranlicat,
3485 1681 3574 1748 qui

1982 1777 2050 1815 ex
2084 1764 2224 1816 man
2258 1766 2530 1834 proposito
2556 1775 2735 1834 agunt.
2768 1766 2822 1822 Si
2857 1783 2982 1820 Vero
3010 1769 3171 1834 dicat,
3197 1768 3296 1823 Per
3315 1787 3481 1839 quem,
3507 1785 3572 1826 ne

1982 1853 2211 1906 mireris.
2261 1853 2374 1909 Non
2413 1855 2555 1910 enim
2598 1866 2867 1926 tamquam
2907 1859 3010 1912 alio
3054 1873 3149 1926 per
3179 1860 3349 1928 ipsum
3380 1873 3570 1930 agente

1980 1943 2082 1998 hoc
2127 1946 2296 2012 dicit,
2343 1947 2437 2002 sed
2483 1957 2750 2018 tamquam
2795 1949 2909 2019 ipse
2954 1959 3118 2003 totum
3161 1949 3378 2005 elliciat.
3420 1950 3570 2006 Solet

1977 2034 2173 2104 quippe
2198 2037 2470 2106 Scriptura
2497 2037 2600 2092 Per
2621 2055 2765 2108 quem
2787 2039 2984 2102 dicere,
3012 2049 3068 2093 ut
3089 2041 3127 2093 A
3153 2056 3258 2110 quo
3277 2042 3565 2111 signiticet;

1977 2139 2034 2179 ut
2051 2128 2263 2196 quando
2283 2129 2408 2183 dicit
2427 2145 2440 2180 :
2459 2128 2669 2185 Possedi
2687 2131 2934 2185 hominem
2956 2149 3045 2202 per
3061 2131 3223 2186 Deum
3241 2131 3391 2202 (Gen.
3413 2134 3467 2187 4.
3487 2135 3564 2203 1);

1976 2235 2080 2272 non
2111 2223 2398 2276 secundam
2423 2261 2438 2287 ,
2476 2222 2568 2276 sed
2600 2224 2821 2292 primani
2851 2239 3064 2278 causam
3096 2239 3318 2293 ponens.
3351 2224 3416 2278 Et
3443 2241 3560 2279 rur-

1974 2325 2084 2375 sus,
2118 2311 2302 2365 Nonne
2331 2330 2420 2382 per
2447 2312 2610 2368 Deum
2640 2315 2981 2385 nianifestatio
3003 2332 3172 2369 eorum
3197 2326 3270 2370 est
3297 2316 3447 2386 (Gen.
3471 2317 3559 2371 40.

1973 2402 2067 2469 8)?
2096 2402 2179 2469 Et,
2215 2402 2409 2457 Fidelis
2441 2403 2576 2459 Deus
2596 2445 2609 2463 ,
2641 2422 2729 2474 per
2753 2423 2896 2475 quem
2922 2409 3084 2460 vocati
3110 2408 3226 2462 estis
3253 2410 3302 2461 in
3334 2425 3558 2462 commit-

1972 2496 2268 2546 nicationem
2296 2495 2418 2548 Filii
2447 2498 2526 2549 sui
2567 2497 2648 2566 (l.
2683 2497 2798 2550 Cor.
2829 2501 2879 2554 l.
2910 2499 2989 2562 9).

2042 2587 2094 2640 4.
2141 2587 2280 2640 Mala
2320 2605 2419 2641 non
2460 2606 2521 2642 ea:
2556 2591 2847 2644 necessitate
2885 2601 3020 2643 sunt.
3048 2622 3115 2630 —
3145 2591 3211 2646 Ut
3239 2601 3415 2646 autem
3460 2593 3553 2646 di-

1969 2690 2087 2728 scas
2129 2692 2230 2730 non
2262 2693 2325 2730 ex
2365 2680 2681 2733 necessitate
2712 2681 2846 2732 mala
2878 2695 3028 2745 esse,
3061 2681 3182 2734 audi
3214 2695 3275 2734 ea
3316 2697 3434 2751 qua:
3465 2701 3523 2736 se

1965 2776 2217 2834 quuntur.
2267 2766 2398 2820 Nam
2445 2779 2720 2838 postquam
2769 2770 2886 2822 illos
2933 2772 3154 2824 miseros
3194 2770 3440 2836 dixerat,
3485 2776 3554 2828 ita

1967 2859 2135 2928 pergit
2166 2876 2179 2911 :
2213 2860 2265 2915 8.
2310 2859 2372 2914 Si
2411 2877 2591 2913 manus
2619 2870 2707 2914 tua
2743 2862 2817 2914 vel
2858 2879 2944 2929 pes
2982 2871 3095 2914 tuus
3122 2864 3434 2917 scandalizat
3469 2876 3514 2918 te
3537 2909 3554 2930 ,

1964 2951 2200 3003 abscinde
2228 2968 2286 3003 ea
2311 2991 2324 3013 ,
2355 2962 2400 3004 et
2437 2952 2628 3023 projice
2656 2953 2744 3005 abs
2773 2963 2839 3006 te.
2872 2951 3071 3006 Bonum
3107 2956 3238 3006 enim
3281 2956 3370 3008 tibi
3397 2967 3470 3009 est
3502 2960 3553 3010 in

1963 3040 2114 3093 vitam
2140 3042 2334 3112 ingredi
2361 3043 2569 3094 debilem
2595 3043 2668 3096 vel
2694 3043 2951 3108 claudum,
2980 3061 3129 3113 quam
3152 3045 3280 3098 duos
3301 3047 3453 3114 pedes
3476 3051 3552 3100 i'i'l

1960 3131 2088 3183 duas
2119 3149 2294 3185 manus
2321 3134 2578 3186 [iubentem
2608 3134 2734 3186 mitti
2759 3135 2811 3186 in
2842 3135 3007 3203 ignem
3034 3146 3298 3188 internum.
3326 3135 3379 3191 9.
3412 3135 3478 3190 Et
3505 3141 3546 3190 si

1959 3224 2133 3274 oculus
2160 3231 2274 3275 tntis
2301 3223 2473 3275 dexter
2501 3224 2812 3277 scandalizat
2850 3235 2926 3289 te,
2955 3241 3072 3277 erue
3096 3243 3206 3278 eum
3226 3268 3240 3289 ,
3278 3236 3323 3279 et
3355 3229 3545 3298 projire.

1956 3313 2046 3366 abs
2072 3323 2121 3365 te
2141 3314 2184 3366 ’.
2213 3312 2407 3365 Bonum
2430 3315 2516 3366 tibi
2543 3324 2615 3368 est
2641 3331 2755 3367 cum
2783 3331 2883 3367 uno
2908 3314 3052 3367 oculo
3079 3316 3129 3368 in
3157 3316 3304 3368 vitam
3335 3317 3544 3382 intrare,

1955 3420 2106 3473 quam
2144 3403 2271 3456 duos
2306 3404 2480 3457 oculos
2523 3404 2782 3459 habentem
2821 3406 2949 3458 mitti
2998 3406 3048 3458 in
3097 3409 3350 3460 caminum
3391 3408 3541 3478 ignis.

1954 3494 2069 3549 Non
2097 3496 2163 3548 de
2195 3496 2447 3551 membris
2474 3497 2586 3551 hare
2608 3498 2734 3551 dicit
2765 3518 2778 3552 :
2806 3497 2982 3562 absit;
3013 3497 3104 3552 sed
3129 3499 3197 3553 de
3225 3501 3410 3554 amicis
3428 3541 3444 3565 ,
3476 3502 3545 3552 de

1955 3586 2263 3655 propinquis
2287 3627 2304 3652 ,
2342 3602 2478 3656 quos
2513 3586 2662 3655 quasi
2707 3587 2821 3642 vice
2859 3589 3219 3642 membrorum
3263 3589 3538 3644 habemus.

1954 3677 2066 3732 lloc
2095 3679 2254 3731 etiam
2283 3693 2441 3746 supra
2469 3678 2619 3742 dixit,
2653 3688 2706 3732 et
2731 3693 2872 3734 nunc
2900 3675 3048 3733 dicit.
3081 3680 3218 3734 Nihil
3247 3683 3440 3751 quippe
3472 3687 3537 3737 ita

1952 3768 2195 3831 noxium,
2227 3778 2283 3822 ut
2310 3769 2644 3823 consuetudo
2674 3785 2976 3838 pravorum.
3003 3770 3134 3825 Nam
3163 3788 3280 3842 quae
3309 3779 3538 3830 necessi-

1951 3871 2032 3917 tas
2053 3877 2156 3915 non
2185 3869 2377 3930 potest,
2401 3876 2544 3930 szepe
2565 3862 2793 3916 amicitia
2819 3872 3011 3931 potest,
3040 3874 3146 3918 tum
3169 3866 3234 3920 ad
3257 3865 3534 3934 damnum,

1952 3964 2060 4008 tum
2091 3953 2155 4008 ad
2189 3955 2490 4009 utilitatem.
2524 3955 2752 4025 Ideoque
2777 3971 2871 4010 eos
2898 3958 2985 4026 qui
3015 3957 3168 4013 nobis
3196 3961 3338 4013 noxii
3371 3972 3493 4013 sunt
3521 4006 3533 4022 ,

1949 4064 2069 4104 eum
2098 4049 2258 4102 multa
2289 4049 2622 4103 vehementia
2651 4049 2964 4103 abscindere
2983 4050 3152 4118 jubet,
3177 4049 3274 4105 hos
3299 4051 3531 4105 subindi-

1949 4155 2078 4197 Caus
2103 4141 2193 4201 qui
2230 4141 2476 4194 scandala
2507 4141 2748 4196 all'ereut.
2796 4141 2980 4196 Viden'
3003 4144 3270 4212 quomodo
3302 4145 3534 4198 futurum

1948 4247 2013 4287 ex
2043 4233 2304 4286 seandalis
2329 4233 2582 4286 damnum
2611 4233 2876 4303 depellat,
2910 4233 3034 4287 dum
3067 4235 3338 4306 prmdicit,
3367 4252 3532 4292 even-

1949 4332 2063 4377 tura
2095 4323 2179 4378 illa
2209 4337 2352 4386 esse,
2387 4333 2443 4376 ut
2469 4323 2733 4377 neminem
2766 4325 2818 4378 in
2847 4323 3048 4379 desidia
3075 4325 3351 4396 degentem
3381 4344 3522 4398 repe.

1949 4415 2106 4478 riam,
2135 4412 2226 4467 sed
2259 4421 2630 4481 exspectantes
2656 4413 2741 4466 illa
2773 4415 2989 4483 vigileut
3012 4456 3028 4480 ,
3059 4417 3198 4484 quod
3227 4419 3525 4486 praidixcrit

1949 4503 2176 4560 maxima
2207 4503 2319 4558 fore
2357 4503 2531 4557 mala?
2572 4503 2685 4557 Non
2712 4504 2852 4558 enim
2894 4505 3207 4574 simpliciter
3239 4507 3405 4575 dixit,
3448 4507 3534 4560 l'ie

1947 4597 2135 4650 mundo
2161 4613 2192 4648 a
2227 4595 2500 4660 scandatis,
2529 4597 2622 4650 sed
2649 4604 2925 4666 postquam
2950 4597 3254 4654 ostenderat
3281 4615 3526 4668 magnam

1947 4688 2158 4743 illorum
2178 4687 2486 4758 perniciem.
2508 4686 2641 4742 Cum
2663 4695 2839 4742 autem
2863 4691 3115 4744 miserum
3140 4691 3388 4760 przedicat
3405 4709 3528 4744 cum

1945 4779 2034 4848 qui
2079 4778 2328 4833 scandala
2374 4777 2613 4842 invehit,
2652 4779 2823 4847 majus
2853 4779 2975 4833 hinc
3011 4779 3123 4835 fore
3152 4781 3526 4837 detrimentum

1946 4874 2199 4928 ostendit.
2230 4873 2359 4927 Nam
2391 4890 2510 4927 eum
2539 4875 2689 4940 dicit,
2730 4873 3076 4927 Verumtamen
3103 4890 3177 4928 ita:
3202 4875 3392 4928 homini
3418 4878 3523 4940 illi,

1948 4981 2196 5036 magnum
2228 4966 2422 5020 iudicat
2446 4968 2794 5038 supplicium;
2828 4982 2998 5035 neque
3027 4967 3075 5020 id
3105 4967 3436 5022 solummodo
3461 4969 3526 5022 Ωι-

1945 5059 2051 5122 cit,
2079 5058 2171 5113 sed
2199 5059 2427 5128 exempli
2455 5060 2818 5114 additamento
2846 5061 3091 5114 timorem
3121 5069 3297 5130 auget.
3331 5060 3527 5116 Deinde

1948 5151 2029 5205 his
2059 5167 2092 5206 li
2111 5169 2164 5206 ni
2194 5161 2494 5218 contentus,
2525 5151 2662 5206 viam
2693 5162 2972 5216 monstrat,
3002 5169 3104 5222 qua
3135 5151 3383 5206 scandala
3410 5169 3525 5222 pos-

1947 5244 2116 5298 simus
2139 5243 2392 5314 eiiugcrc.
2422 5245 2674 5311 Qumuam
2707 5245 2790 5298 illa
2817 5245 2935 5297 est?
2972 5243 3248 5314 improbos
3270 5284 3286 5311 ,
3319 5245 3484 5314 inquit
3511 5286 3525 5313 ,

1945 5337 2187 5406 quamvis
2228 5335 2512 5390 admodum
2557 5337 2648 5390 tibi
2692 5338 2799 5391 sint
2839 5338 3029 5404 amici,
3059 5340 3128 5394 ab
3167 5338 3396 5393 amicitia
3443 5349 3527 5392 tua

1950 5427 2237 5493 abscinde;
2262 5427 2704 5498 iueluctabileque
2730 5428 2820 5482 tibi
2843 5429 2997 5484 aliert
3018 5429 3374 5485 ratiocinium.
3397 5429 3526 5483 Nam

2016 5575 2033 5638 ξ
2061 5572 2116 5638 _ln
2145 5573 2303 5622 Editis
2328 5575 2479 5638 vulgo
2505 5578 2690 5633 legiltit‘
2713 5575 2974 5638 ignaviam.

2013 5637 2034 5666 ⁸
2059 5636 2188 5693 Νέης,
2221 5642 2267 5684 et
2302 5635 2486 5698 profice
2523 5641 2607 5688 ale
2651 5646 2714 5699 te,
2732 5635 2848 5692 1...»
2891 5641 3046 5687 codex
3089 5652 3212 5689 unus
3259 5643 3448 5699 luctir,
3488 5642 3537 5687 iii

1956 5700 2122 5745 lira-co
2144 5701 2412 5748 ouiisiziius.
