3990 6216
564 357 667 411 579

557 485 601 536 si
626 480 780 537 amici
803 479 875 533 tui
897 485 1168 539 maneant,
1189 489 1360 541 neque
1377 472 1494 525 illos
1510 469 1820 533 lucraberis,
1840 477 1892 520 et
1917 469 2141 535 teipsum

560 575 767 643 perdes.
800 570 857 625 Si
886 568 1184 629 abscindas,
1218 566 1441 617 salutem
1475 570 1528 615 tu
1556 561 1747 616 saltem
1773 559 2139 644 consequeris.

556 663 937 732 Quamobrem,
967 661 1010 713 si
1036 657 1327 726 cujuspiam
1356 664 1405 707 te
1431 652 1661 706 amicitia
1687 648 1862 714 lzedat,
1892 649 2143 704 exscinde

557 758 700 809 illum
725 754 821 808 abs
848 763 919 807 te.
947 752 1075 806 Nam
1100 750 1141 802 si
1166 748 1400 801 membra
1428 753 1605 798 nostra
1630 740 1913 811 aliquando
1934 741 2143 795 abscin-

562 850 751 911 t'imus,
781 860 900 899 cum
932 838 1241 896 insanabilia
1271 844 1393 891 sunt
1422 844 1737 902 czetertsque
1764 831 2018 886 membris
2047 846 2140 885 no-

552 950 697 1001 cent,
723 938 886 991 multo
910 934 1075 1004 magis
1100 933 1299 985 amicos
1328 942 1603 983 removere
1627 934 1857 993 oportet.
1884 922 1937 977 Si
1964 933 2137 975 autem

552 1048 619 1085 ex
652 1041 833 1082 natura
865 1035 1044 1081 essent
1074 1024 1242 1087 mala,
1277 1022 1461 1075 inutile
1493 1019 1747 1072 monitum
1777 1027 1833 1070 et
1858 1015 2136 1069 consilium

551 1133 714 1187 esset,
739 1118 1003 1190 superflua
1029 1116 1400 1188 pr:edictorum
1423 1113 1599 1165 cautio
1620 1129 1631 1162 :
1652 1111 1694 1164 si
1721 1126 1825 1163 non
1848 1107 2136 1177 superﬂua,

490 1238 501 1249 -
552 1224 601 1265 ut
639 1228 760 1265 vere
786 1227 890 1264 non
918 1207 1183 1277 superflua
1210 1214 1311 1269 est,
1344 1203 1515 1272 palam
1541 1212 1623 1255 est
1646 1198 1935 1267 nequitiam
1956 1214 2021 1253 ex
2046 1212 2141 1251 vo-

550 1306 751 1357 luntate
781 1318 920 1357 esse.
955 1300 1040 1355 ιο.
1087 1297 1262 1351 Videte
1302 1312 1362 1348 ne
1394 1293 1721 1347 contemnatis
1764 1307 1921 1343 unum
1958 1305 2023 1342 ea:
2059 1288 2139 1341 his

552 1394 771 1463 pusillis.
804 1392 929 1445 Dico
957 1406 1087 1444 entm
1116 1387 1270 1451 vobis,
1298 1387 1416 1456 quia
1446 1385 1616 1453 angeli
1642 1398 1813 1436 eorum
1841 1396 2033 1448 semper
2060 1380 2136 1432 vi-

550 1492 667 1540 dent
697 1486 873 1556 faciem
898 1482 1070 1536 Patris
1096 1480 1191 1533 mei
1210 1479 1294 1544 qui
1320 1479 1372 1531 in
1398 1476 1532 1530 uelis
1556 1484 1646 1527 est.
1677 1473 1901 1527 Pusillos
1926 1470 2009 1525 hic
2030 1486 2135 1525 non

550 1593 675 1632 vere
707 1590 895 1646 parvos
921 1584 1095 1636 vocat,
1122 1572 1213 1625 sed
1241 1584 1333 1623 eos
1358 1568 1445 1636 qui
1474 1566 1611 1636 apud
1642 1565 1835 1618 multos
1864 1563 1998 1618 tales
2024 1563 2137 1618 exi-

550 1672 870 1733 stimantur,
905 1679 1164 1736 pauperes
1192 1663 1345 1725 dico,
1380 1662 1541 1719 viles,
1576 1660 1810 1728 ignotos,
1847 1655 2136 1728 (quomodo

548 1760 689 1812 enim
738 1758 959 1827 pusillus
993 1755 1060 1807 sit
1099 1753 1185 1822 qui
1231 1762 1340 1805 toto
1383 1748 1580 1803 mundo
1620 1747 1827 1816 dignior
1860 1746 1980 1801 est?
2005 1760 2138 1815 quo-

548 1852 708 1906 modo
731 1850 950 1918 pusillus
972 1847 1058 1910 sit,
1083 1847 1170 1916 qui
1194 1854 1276 1899 est
1299 1842 1388 1897 Dei
1411 1841 1672 1908 amicus?)
1694 1839 1786 1893 sed
1808 1839 1885 1893 sic
1904 1840 2135 1908 appellat

547 1958 642 1995 eos
668 1941 754 2009 qui
796 1940 845 1991 iu
879 1938 1019 2007 vulgi
1050 1936 1301 2003 opinione
1331 1933 1464 1987 tales
1502 1940 1645 1985 sunt.
1686 1930 1869 2000 Neque
1896 1931 2037 1984 enim
2068 1930 2134 1985 de

548 2034 727 2088 multis
760 2031 1019 2101 loquitur,
1052 2029 1145 2084 sed
1173 2037 1226 2082 et
1254 2026 1321 2081 de
1354 2040 1460 2079 uno
1488 2034 1724 2086 tantmn;
1758 2022 1986 2092 indeque
2014 2038 2133 2075 rur-

547 2140 640 2180 Sus
667 2124 898 2179 excludit
937 2122 1308 2177 scantlaloruut
1349 2118 1574 2188 plurium
1615 2123 2016 2170 nocumentum.
2069 2112 2135 2169 Ut

548 2217 689 2272 enim
720 2216 889 2269 malos
914 2215 1113 2284 fugere.
1143 2213 1218 2266 sic
1246 2212 1410 2265 bonos
1439 2209 1721 2270 honorare,
1752 2206 1955 2260 lucrum
1982 2206 2136 2259 affert

551 2310 841 2363 maximum
868 2323 881 2359 :
915 2322 977 2360 ae
1002 2306 1193 2375 duplex
1240 2304 1361 2358 inde
1393 2302 1592 2356 utilitas
1623 2299 1913 2354 attendenti
1944 2313 2129 2368 prove-

548 2402 654 2463 nit;
685 2399 849 2453 alti-ra
879 2414 941 2451 ex
972 2413 1037 2452 eo
1062 2394 1201 2467 quod
1230 2392 1698 2450 scaudalizantium
1726 2389 1987 2445 amicitias
2014 2391 2132 2458 quis

548 2503 813 2547 removeat
837 2507 851 2554 ;
875 2490 1039 2543 altera
1062 2504 1126 2543 ex
1149 2503 1214 2542 eo
1236 2486 1376 2556 quod
1400 2495 1612 2538 sanctos
1636 2481 1826 2535 habeat
1853 2482 1902 2534 in
1929 2480 2134 2533 honore

545 2600 608 2637 ac
639 2583 953 2637 reverentia.
988 2580 1186 2635 Deinde
1211 2578 1311 2631 alia
1342 2577 1501 2631 etiam
1531 2575 1735 2629 ratione
1766 2573 1884 2627 illos
1911 2586 2134 2625 venera-

547 2678 682 2730 biles
712 2675 903 2735 reddit,
932 2674 1119 2727 dicens
1144 2689 1155 2724 :
1190 2670 1321 2735 Quia
1349 2667 1515 2738 angeli
1544 2683 1715 2720 eorum
1744 2681 1940 2732 semper
1964 2662 2133 2715 vident

546 2768 727 2836 [aciem
767 2762 937 2816 Patris
978 2763 1073 2815 mei
1110 2761 1195 2828 qui
1224 2770 1297 2813 est
1338 2760 1387 2810 in
1427 2757 1583 2810 ca-lis.
1630 2756 1763 2809 I'Iiuc
1795 2754 2131 2808 manifestum

544 2869 625 2910 est
653 2898 670 2920 ,
718 2864 932 2910 sanctos
974 2868 1161 2906 omnes
1201 2851 1270 2905 ibi
1313 2850 1529 2918 angelos
1578 2847 1793 2901 habere.
1842 2844 2133 2915 Apostolus

545 2947 689 3001 enim
715 2945 790 2999 ait
812 2943 879 2999 de
906 2942 1147 3001 muliere,
1176 2949 1423 3008 oportere
1448 2952 1564 2991 eam
1592 2944 1937 3005 potestatem,
1968 2933 2018 2989 id
2051 2942 2129 2988 est

546 3036 808 3097 velamen,
838 3047 1002 3102 super
1028 3038 1183 3099 caput
1214 3028 1408 3082 habere
1432 3034 1646 3097 propter
1666 3023 1883 3094 angelos
1905 3024 1980 3094 (1.
2008 3024 2127 3077 Cor.

548 3128 569 3180 1
591 3126 634 3179 Ι.
660 3125 747 3195 10)
772 3141 786 3188 ;
811 3132 865 3177 et
886 3122 1093 3192 Moyses
1115 3139 1126 3173 :
1151 3119 1338 3174 Statuit
1361 3117 1596 3169 terminos
1617 3116 1838 3185 gentium
1859 3114 2131 3167 secundum

546 3233 810 3271 numerum
836 3217 1129 3286 angelorum
1161 3210 1253 3265 Dei
1284 3210 1469 3282 (Deut.
1498 3209 1586 3263 52.
1621 3207 1715 3279 8).
1747 3207 1842 3262 llic
1871 3222 1998 3262 vero
2024 3221 2129 3261 non

543 3310 613 3365 de
644 3308 848 3378 angelis
879 3315 1080 3360 tantum
1111 3303 1359 3373 loquitur,
1393 3299 1485 3355 sed
1512 3299 1579 3354 de
1604 3299 1806 3368 angelis
1831 3298 2128 3366 superemi-

546 3401 812 3455 nentibus.
841 3396 973 3453 Cum
1000 3406 1178 3449 autem
1208 3394 1372 3458 dicit,
1407 3390 1609 3444 Faciem
1643 3388 1813 3442 Patris
1840 3388 1965 3449 mei,
2000 3387 2128 3443 nihil

541 3489 685 3543 aliud
720 3503 878 3558 quam
911 3486 1167 3554 majorem
1201 3483 1443 3537 fiduciam
1470 3492 1523 3536 et
1554 3481 1852 3534 libertatem
1879 3478 2046 3545 dicit,
2076 3488 2129 3534 et

544 3582 765 3635 multum
794 3579 1074 3632 honorem.
1122 3576 1208 3630 11.
1253 3572 1394 3627 Venit
1421 3573 1552 3626 enim
1586 3569 1752 3624 Filius
1779 3570 1995 3623 hominis
2023 3570 2128 3623 sul-

543 3691 655 3728 cum
683 3675 847 3743 facere
870 3671 1006 3743 quod
1037 3670 1269 3740 perierat.
1320 3666 1474 3720 Aliud
1513 3681 1695 3719 rursus
1723 3663 1878 3716 affert
1909 3663 2125 3717 ratioci-

543 3768 687 3820 nium
712 3766 889 3835 priore
913 3763 1139 3823 firmius,
1167 3770 1220 3815 et
1243 3758 1546 3830 parabolam
1568 3756 1767 3825 adjicit,
1788 3771 1889 3825 qua
1918 3756 2129 3811 Patrem

542 3859 742 3913 indm-it
784 3856 897 3910 hzec
938 3855 1222 3908 volentem.
1269 3852 1354 3904 12.
1393 3850 1528 3916 Quid
1555 3849 1687 3903 enin:
1722 3849 1858 3901 vobis
1892 3848 2087 3901 videtur
2110 3890 2125 3913 ,

542 3949 730 4017 inquit,
763 3948 806 4001 si
838 3946 1021 4017 ruerint
1046 3944 1199 3998 alicui
1228 3942 1417 3995 homini
1444 3949 1637 3993 centum
1663 3955 1795 4001 oves,
1824 3947 1869 3991 et
1889 3939 2129 3991 erraverit

540 4058 642 4094 una
688 4057 749 4092 ea:
788 4039 912 4107 ipsis
938 4079 951 4101 ,
984 4052 1148 4089 nonne
1191 4034 1473 4101 relinquens
1510 4031 1783 4098 nonaginta
1814 4046 1986 4082 novem
2009 4070 2025 4095 ,
2061 4030 2131 4083 ad

539 4142 731 4185 montes
774 4133 1023 4199 profectus
1063 4125 1242 4195 quierit
1280 4122 1570 4175 errantem?
1596 4121 1681 4175 15.
1713 4119 1775 4173 Et
1802 4120 1846 4173 si
1868 4122 2128 4191 contigerit

540 4235 593 4274 ut
633 4220 851 4273 inveniat
881 4234 989 4269 eam
1015 4258 1028 4279 ,
1060 4214 1241 4286 gaudet
1271 4230 1420 4280 super
1458 4229 1515 4264 ea
1552 4212 1743 4282 magis,
1786 4227 1936 4281 quant
1978 4228 2129 4280 super

543 4311 818 4379 nom-ginta
844 4323 1016 4359 novem
1040 4347 1055 4371 ,
1085 4320 1197 4376 qua:
1222 4320 1322 4357 non
1348 4312 1657 4356 erraverunt.
1701 4303 1788 4357 14.
1825 4300 1908 4355 Ita
1932 4318 2030 4355 non
2056 4312 2129 4356 est

541 4402 769 4455 uoluntas
791 4416 959 4452 coram
988 4397 1138 4451 Patre
1160 4406 1320 4450 vestro
1338 4395 1375 4460 ί,
1404 4403 1457 4448 ut
1483 4405 1649 4463 pereat
1673 4410 1800 4448 unus
1820 4393 1883 4447 de
1907 4394 2129 4464 parvulis

542 4496 667 4546 istis.
705 4492 887 4547 Yidcn‘
910 4500 1040 4561 quot
1065 4488 1236 4543 modis
1266 4502 1361 4540 nos
1387 4487 1597 4541 inducat
1625 4486 1689 4541 ad
1712 4502 1893 4541 curam
1921 4485 2000 4541 vel
2028 4488 2129 4541 mi-

544 4586 808 4638 nituorttm
834 4580 1089 4634 fratrum?
1111 4579 1185 4632 Ne
1210 4579 1381 4646 itaque
1403 4577 1620 4642 dixeris,
1648 4575 1891 4630 Erarius
1908 4586 1987 4631 est
2014 4576 2124 4642 ille,

541 4685 633 4728 aut
661 4674 963 4726 calceorum
994 4680 1162 4732 sutor,
1194 4669 1425 4737 agricola
1445 4708 1459 4733 ,
1491 4667 1766 4737 insipiens,
1800 4676 1856 4721 ιιι
1884 4668 2003 4722 ideo
2030 4667 2128 4722 de-

541 4765 737 4833 Spit‘ias
766 4763 932 4817 illum.
960 4760 1036 4814 Ne
1057 4760 1196 4812 enim
1227 4759 1278 4811 in
1307 4758 1435 4812 illud
1464 4760 1584 4811 tnali
1615 4758 1835 4822 incidas,
1862 4758 2129 4828 perpende

542 4866 675 4925 quot
705 4853 874 4908 modis
906 4863 956 4906 te
984 4851 1215 4914 inducat,
1248 4861 1304 4902 ut
1333 4849 1571 4903 modeste
1599 4864 1724 4919 agas
1747 4861 1798 4904 et
1825 4866 2007 4904 eorum
2037 4865 2133 4905 cu-

542 4962 654 4999 ram
684 4958 856 5015 geras.
886 4942 1117 4997 Pucrmn
1148 4942 1197 4993 itt
1229 4940 1402 4993 medio
1433 4941 1655 5005 statuit,
1688 4950 1741 4994 et
1774 4941 1845 4993 ait
1875 4958 1888 4993 :
1920 4941 2128 4995 Efﬁcia-

545 5036 672 5090 tnini
706 5044 763 5088 ut
806 5035 1043 5105 parvuli;
1080 5043 1166 5099 et,
1214 5032 1523 5099 Quicumque
1557 5034 1830 5097 susceperit
1865 5034 2127 5102 paruulum

545 5130 732 5193 talem,
766 5144 843 5179 me
879 5126 1122 5195 suscipit;
1145 5133 1199 5179 et
1225 5165 1237 5187 ,
1270 5123 1369 5189 Qui
1405 5123 1818 5177 scandalizaverit
1842 5164 1856 5186 ,
1887 5130 2125 5177 extrema

547 5219 797 5288 patietur.
832 5216 1012 5286 Neque
1035 5224 1317 5271 contentus
1344 5213 1441 5268 fuit
1464 5215 1705 5283 exemplo
1735 5213 1910 5279 molae,
1940 5212 2035 5267 sed
2066 5212 2134 5267 il-

548 5311 635 5364 lttd
678 5309 764 5363 Vw
789 5307 1010 5369 addidit,
1042 5318 1200 5378 atque
1228 5307 1343 5362 illos
1371 5305 1684 5361 abscindere
1710 5306 1884 5374 jussit,
1918 5304 2126 5360 etiamsi

547 5419 800 5457 manuum
830 5411 884 5456 et
913 5402 1184 5455 oculorum
1216 5402 1333 5456 loco
1364 5400 1516 5455 nobis
1546 5410 1747 5455 essent.
1791 5398 2129 5468 Rursumque

545 5494 611 5546 ab
638 5493 838 5561 angelis
860 5534 872 5557 ,
904 5493 1097 5562 quibus
1123 5492 1393 5546 commissi
1433 5502 1556 5545 sunt
1584 5490 1636 5544 hi
1676 5490 1869 5545 fratres
1900 5499 2086 5544 tenues
2111 5531 2125 5553 ,

544 5592 602 5638 ut
642 5584 760 5637 illos
792 5585 843 5637 in
874 5586 1046 5653 pretio
1089 5585 1377 5639 habeaums
1404 5584 1661 5653 impellit,
1707 5599 1913 5638 necnon
1941 5598 2004 5637 ex
2033 5596 2127 5636 sua

547 5676 817 5730 voluntate
843 5687 1001 5745 atque
1029 5678 1272 5746 passione
1295 5677 1438 5739 (nam
1466 5691 1589 5732 cum
1614 5676 1765 5745 dicit,
1800 5674 1938 5731 Venit
1962 5674 2128 5728 Filius

612 5809 632 5841 ‘
666 5808 779 5870 Alli,
800 5817 936 5861 Putre.
960 5824 1079 5862 meo.

1272 356 1328 408 S.
1368 351 1644 410 JOANNIS
1680 349 2154 405 CHRYSOSTUMI
2196 350 2514 407 AltClllEP.
2555 351 3085 411 COXSTANTINOP.
3712 358 3800 413 580

2249 468 2467 521 hominis
2488 470 2681 523 salvum
2707 473 2871 538 facere
2893 473 3030 539 quod
3053 473 3283 541 perierat,
3305 490 3519 530 crucem
3540 480 3792 549 significat,

2248 560 2694 628 quemadmodum
2738 570 2792 615 et
2835 562 3029 617 Paulus
3070 565 3141 617 ait
3170 606 3183 625 .
3230 565 3297 618 de
3340 566 3501 622 fratre
3539 572 3790 628 scribeos:

2251 651 2469 720 Propter
2495 669 2639 723 quem
2669 653 2897 708 Christus
2938 666 3161 709 mortuus
3186 667 3257 709 est
3288 656 3478 729 [Βοηι.
3513 662 3594 715 14.
3635 664 3788 735 15]),

2246 762 2299 799 et
2320 744 2385 799 de
2414 745 2569 799 Patre
2596 746 2635 807 ι,
2670 746 2809 815 quod
2842 762 2945 800 non
2980 748 3075 815 ipsi
3109 749 3329 815 placeat,
3363 750 3409 802 si
3440 762 3648 820 pereat;
3674 765 3722 808 et
3740 771 3795 810 ex

2243 838 2511 893 communi
2541 839 2946 902 consuetudine,
2977 840 3115 908 quod
3148 852 3347 910 pastor,
3379 843 3574 896 relictis
3608 845 3668 897 iis
3694 862 3797 913 qua:

2245 930 2403 983 salvae
2425 939 2593 991 erant.
2620 945 2737 984 eam
2760 941 2963 998 quarrat
2986 948 3102 1000 qum
3129 942 3420 1000 erraverat,
3450 946 3501 988 et
3524 951 3638 990 cum
3668 942 3796 994 inve-

2244 1021 2383 1074 nerit
2403 1062 2417 1085 ,
2452 1022 2674 1074 multum
2708 1020 2915 1075 lzetetur
2937 1021 3005 1077 de
3032 1023 3202 1077 salute
3226 1023 3364 1092 ejus.

2313 1114 2367 1169 5.
2396 1113 2451 1168 Si
2481 1128 2610 1182 ergo
2640 1114 2778 1167 Deus
2807 1113 2877 1167 ita
2899 1113 3094 1183 gaudet
3118 1114 3185 1168 de
3219 1115 3442 1184 parvulo
3465 1117 3553 1187 qui
3582 1131 3797 1188 repertus

2244 1212 2348 1269 est,
2380 1220 2477 1259 cur
2503 1214 2554 1257 tu
2576 1203 2807 1273 despicis
2828 1220 2921 1259 eos
2942 1219 3078 1275 quos
3104 1205 3239 1261 Deus
3266 1217 3374 1260 tam
3403 1208 3627 1264 sollicite
3647 1224 3793 1277 curat,

2242 1313 2361 1351 cum
2411 1304 2683 1365 oporteret
2725 1297 2956 1350 animam
3005 1298 3171 1366 ipsam
3218 1299 3433 1354 tradere
3477 1316 3574 1369 pro
3608 1319 3707 1355 uno
3742 1320 3795 1358 ex

2242 1388 2480 1459 parvulis
2517 1388 2671 1442 istis?
2700 1388 2805 1442 Sed
2852 1387 3093 1442 inlirmus
3126 1400 3208 1443 est
3250 1398 3305 1443 et
3345 1390 3796 1448 imbecillustldeo

2244 1480 2474 1533 maxime
2503 1479 2633 1534 nihil
2662 1494 2765 1532 non
2788 1479 3049 1547 agendum
3074 1489 3173 1543 cst,
3206 1491 3262 1534 ut
3291 1481 3439 1535 illum
3460 1499 3656 1538 serves.
3684 1485 3793 1539 Nam

2242 1580 2296 1625 et
2324 1570 2435 1639 ipse
2462 1570 2745 1639 nonaginta
2770 1585 2958 1625 novem
2997 1572 3197 1626 relictis
3222 1572 3435 1637 ovibus,
3464 1576 3530 1628 ad
3560 1576 3693 1629 illam
3722 1592 3794 1632 vc-

2242 1662 2337 1725 nit,
2367 1676 2465 1716 nec
2506 1662 2675 1730 potuit
2714 1670 2788 1715 tot
2832 1662 3105 1716 hominum
3153 1664 3296 1716 salus
3341 1664 3499 1718 unius
3540 1668 3792 1735 perniciem

2240 1750 2551 1805 obscurare.
2583 1751 2753 1806 Lucas
2783 1768 2912 1807 vero
2940 1754 3107 1823 ipsum
3137 1770 3253 1808 cum
3280 1754 3519 1809 humeris
3545 1760 3793 1814 sustulisse

2239 1845 2333 1909 ait,
2373 1854 2427 1898 et
2477 1845 2643 1913 majus
2689 1844 2939 1915 gaudium
2982 1845 3164 1901 haberi
3206 1864 3370 1916 super
3414 1866 3521 1902 ttno
3546 1862 3791 1919 peccatore

2218 1935 2605 2002 .pteaitentiam
2653 1944 2877 2004 agente,
2927 1952 3083 2006 quam
3120 1953 3283 2008 super
3322 1941 3604 2008 nonaginta
3631 1957 3790 1995 novem

2234 2027 2395 2097 justis
2425 2026 2571 2099 (Luc.
2608 2028 2692 2083 lS.
2723 2029 2775 2084 5.
2810 2030 2887 2093 7).
2934 2027 3065 2083 Cum
3096 2044 3223 2085 vero
3250 2041 3537 2101 proptere:
3566 2032 3691 2097 illos,
3719 2051 3789 2103 qut

2239 2121 2353 2174 sani
2385 2131 2439 2175 et
2470 2121 2602 2174 salvi
2626 2130 2796 2184 erant,
2828 2122 3061 2190 reliquit,
3105 2130 3159 2175 et
3186 2120 3252 2177 de
3278 2121 3381 2176 hoc
3414 2123 3627 2178 reducto
3652 2127 3791 2193 magis

2239 2212 2530 2266 delectatus
2563 2222 2665 2277 est,
2696 2213 2912 2266 multam
2954 2213 3184 2267 ostendit
3222 2213 3322 2267 bac
3361 2215 3414 2268 in
3439 2232 3495 2269 re
3520 2230 3705 2269 curam.
3730 2216 3789 2269 Ne

2240 2302 2414 2371 itaque
2452 2303 2583 2356 tales
2613 2305 2819 2357 animas
2860 2303 3207 2373 negligamns.
3248 2304 3375 2358 lltec
3413 2306 3603 2376 quippe
3640 2307 3787 2358 omnia

2243 2393 2379 2448 hanc
2405 2394 2474 2447 ob
2501 2408 2713 2450 Causam
2743 2394 2879 2447 dicta
2920 2405 3064 2448 sunt.
3106 2395 3235 2450 Nam
3264 2412 3387 2450 cum
3422 2401 3643 2451 minatur
3664 2415 3785 2460 eum,

2238 2488 2327 2555 qui
2360 2501 2463 2541 non
2494 2486 2742 2555 parvulus
2778 2486 3037 2551 efficitur,
3085 2504 3191 2542 non
3230 2489 3545 2544 intraturum
3581 2491 3628 2545 in
3655 2492 3786 2545 ciebis

2244 2592 2381 2641 esse,
2415 2586 2470 2632 et
2511 2592 2630 2631 cum
2673 2576 2865 2631 molam
2913 2589 3193 2641 memorat,
3225 2582 3585 2651 arrogantium
3623 2582 3783 2636 fastum

2237 2668 2493 2738 deprimit
2519 2667 2669 2737 (nihil
2714 2669 2856 2723 enim
2896 2669 2967 2723 ita
2996 2671 3201 2725 caritati
3245 2684 3538 2742 repugnat,
3578 2683 3633 2727 ut
3665 2689 3785 2726 arm.

2236 2760 2436 2829 gantia)
2476 2775 2490 2824 ;
2534 2774 2653 2814 eum
2681 2774 2809 2814 vero
2840 2759 2988 2823 dicit,
3021 2759 3237 2816 Necesse
3265 2773 3338 2816 est
3364 2775 3417 2816 ut
3446 2766 3637 2817 vernant
3659 2781 3783 2817 scan-

2237 2851 2376 2913 dala,
2408 2851 2766 2922 vigilantiores
2797 2851 3007 2917 reddit;
3041 2867 3104 2907 ac
3133 2870 3251 2907 cum
3285 2854 3490 2922 adjicit,
3525 2854 3610 2909 Va:
3632 2856 3699 2908 illi
3716 2872 3785 2923 per

2236 2959 2383 3013 quem
2404 2940 2703 2995 scandalum
2726 2942 2878 3008 venit,
2903 2941 2952 2995 id
2977 2950 3130 2997 curat
3160 2952 3218 2998 ut
3246 2944 3442 3012 singuli
3471 2945 3699 2999 studeant
3733 2960 3785 2998 ne

2239 3047 2334 3102 per
2360 3047 2418 3087 se
2438 3033 2744 3086 scandalum
2777 3032 2986 3096 veniat;
3032 3048 3152 3088 cum
3197 3033 3343 3102 jubet
3379 3046 3551 3090 autem
3582 3035 3782 3090 exscindi

2235 3138 2329 3179 eos
2360 3125 2449 3194 qui
2495 3123 2876 3185 scandalizant,
2906 3122 3131 3179 Salutem
3165 3123 3459 3180 faciliorem
3480 3126 3660 3191 edicit;
3685 3140 3781 3179 euut

2236 3215 2470 3287 praxiptt
2487 3229 2553 3269 ne
2567 3215 2814 3268 minimos
2831 3225 3255 3279 contemnamus,
3277 3232 3379 3272 nec
3393 3217 3548 3271 modo
3559 3216 3780 3287 prmripit,

2235 3306 2328 3360 sed
2374 3321 2493 3362 eum
2525 3305 2858 3360 vehementia
2887 3307 3031 3375 (nam
3072 3308 3165 3371 ait,
3211 3305 3386 3361 Videte
3410 3325 3472 3362 ne
3496 3309 3783 3361 contemnam

2235 3416 2393 3452 unum
2419 3415 2481 3451 ea:
2508 3399 2585 3452 his
2620 3398 2884 3466 minimis).
2915 3407 2967 3453 et
3010 3412 3129 3452 cum
3160 3398 3307 3462 dicit,
3343 3401 3527 3471 Angeti
3552 3416 3707 3453 eorum
3727 3400 3782 3451 ei-

2233 3490 2351 3543 dent
2378 3488 2558 3558 [aciem
2591 3487 2759 3541 Patris
2789 3489 2920 3551 mei;
2966 3495 3040 3552 et,
3092 3488 3216 3543 Ideo
3241 3491 3353 3544 ueni
3399 3507 3529 3561 ego;
3556 3501 3624 3557 et,
3655 3490 3782 3543 Pater

2234 3595 2375 3631 meus
2403 3578 2495 3631 hoc
2523 3579 2625 3632 vult
2652 3593 2670 3632 :
2702 3578 2822 3632 illos
2852 3579 2941 3649 qui
2970 3594 3156 3635 eortun
3195 3596 3385 3636 curam
3428 3582 3643 3638 habituri
3680 3589 3781 3635 sunt

2233 3667 2602 3737 diligentiores
2628 3668 2821 3722 reddit.

2304 3757 2443 3812 Deus
2468 3769 2711 3827 quantum
2738 3759 2949 3812 salutem
2975 3759 3231 3813 hominum
3256 3771 3421 3816 curet.
3448 3761 3663 3818 Salutem
3684 3774 3781 3831 pro-

2232 3850 2358 3905 ximi
2386 3866 2478 3905 nos
2517 3867 2697 3905 curare
2725 3860 2937 3921 oportet.
2962 3882 3034 3891 —
3067 3851 3249 3907 Viden‘
3269 3866 3472 3923 quanto
3507 3868 3649 3907 muro
3683 3850 3780 3907 illos

2232 3941 2684 4004 circummunivit,
2730 3951 2786 3997 et
2823 3952 3072 4012 quantam
3101 3944 3181 3998 vel
3227 3944 3475 4000 Vilioer
3504 3953 3556 4000 et
3583 3958 3779 4013 percun-

2235 4034 2364 4087 tium
2388 4033 2799 4089 sollicitudinem
2827 4043 2995 4103 gerat,
3026 4036 3163 4089 mala
3196 4037 3530 4091 comminans
3558 4035 3779 4090 intolera-

2234 4125 2361 4179 bilia
2392 4126 2456 4179 iis
2484 4125 2573 4194 qui
2605 4126 2948 4196 supplantant
2982 4126 3144 4196 ipsos,
3181 4135 3235 4180 et
3264 4143 3456 4198 magna
3503 4126 3780 4197 promittens

2235 4216 2371 4271 bona
2410 4217 2477 4272 iis
2510 4217 2598 4286 qui
2633 4217 2939 4271 ministrant
2974 4218 3100 4283 illis,
3147 4218 3396 4289 ipsosque
3424 4226 3619 4281 curant,
3648 4216 3779 4284 idque

2233 4324 2330 4365 suo
2368 4308 2744 4379 atque.P'aIris
2784 4308 3029 4379 exemplo
3073 4310 3393 4365 confirmat?
3433 4310 3577 4364 llune
3612 4316 3659 4360 et
3699 4317 3777 4358 nos

2235 4403 2539 4465 imitemur,
2583 4400 2711 4455 nihil
2755 4410 3064 4456 recusantes
3106 4415 3293 4456 eorum
3339 4418 3457 4471 qua:
3501 4398 3697 4455 humilia
3734 4403 3779 4448 et

2232 4493 2495 4548 laboriosa
2527 4492 2775 4547 videntur
2807 4507 2902 4561 pro
2947 4490 3197 4546 fratribus
3238 4493 3508 4562 suscipere
3536 4510 3548 4543 :
3585 4488 3668 4543 sed
3694 4485 3775 4540 etsi

2234 4587 2542 4639 ministrare
2570 4593 2833 4654 oporteat,
2871 4583 2987 4637 sive
3014 4597 3228 4652 parvus,
3271 4584 3384 4639 sive
3426 4584 3541 4637 vilis
3579 4576 3775 4634 fueritis

2232 4677 2385 4746 cujus
2411 4692 2570 4732 causa
2604 4676 2704 4730 hoc
2746 4690 2880 4748 Opus
2921 4676 3249 4745 suscipitur;
3287 4674 3616 4745 quantumvis
3649 4670 3775 4724 labo-

2233 4768 2374 4821 riosa
2417 4783 2505 4822 res
2554 4768 2740 4832 fuerit;
2785 4767 2884 4821 etsi
2929 4775 3172 4834 oporteat
3210 4776 3417 4821 utentes
3441 4777 3494 4820 et
3519 4759 3773 4835 prmeipitia

2234 4859 2579 4931 pertransire,
2605 4860 2780 4912 omnia
2800 4859 3095 4913 tolerentur
3112 4874 3207 4927 pro
3226 4860 3393 4913 salute
3418 4858 3605 4913 fratris.
3633 4852 3773 4907 Tanta

2232 4950 2428 5020 quippe
2458 4960 2538 5005 est
2572 4950 2677 5004 Deo
2694 4966 2817 5004 cura
2841 4948 2908 5003 de
2936 4950 3131 5012 anima,
3158 4959 3301 5003 utne
3321 4949 3456 5004 Filio
3473 4945 3668 5018 quidem
3692 4953 3772 4994 suo

2235 5042 2531 5111 pepercerit
2560 5041 2735 5109 (Rom.
2784 5041 2836 5095 8.
2871 5039 2984 5110 5‘2).
3016 5040 3194 5108 Quare
3222 5039 3480 5102 obsecro.
3525 5037 3677 5106 primo
3706 5030 3771 5083 di-

2231 5133 2409 5188 luculo
2437 5145 2557 5186 cum
2601 5147 2629 5184 a
2660 5131 2820 5185 domu
2854 5130 3167 5196 csierimus,
3210 5131 3350 5185 hunc
3395 5143 3548 5183 unum
3582 5134 3768 5192 seupttm

2233 5224 2543 5289 habeamus,
2571 5233 2625 5278 et
2656 5223 2791 5278 hanc
2819 5224 3085 5294 praecipue
3126 5222 3551 5284 sollicitudinem,
3581 5225 3633 5270 ut
3656 5210 3770 5283 peri-

2231 5317 2503 5370 clitantem
2532 5314 2840 5383 eripiaums.
2869 5312 2989 5367 Non
3035 5313 3224 5382 loquor
3254 5313 3339 5366 hic
3365 5312 3431 5366 de
3457 5304 3670 5364 sensibili
3694 5314 3768 5369 pe-

2234 5408 2440 5461 riculo:
2473 5406 2575 5461 hoc
2617 5406 2759 5460 enim
2799 5421 2865 5461 ne
2890 5406 3180 5475 periculum
3207 5405 3417 5476 quidem
3459 5411 3567 5464 est;
3602 5395 3682 5451 sed
3709 5392 3766 5446 de

2238 5499 2473 5568 periculo
2491 5499 2700 5559 animze,
2718 5496 2860 5567 qued
2900 5496 3204 5551 hominibus
3227 5506 3373 5566 parat
3390 5491 3632 5549 diabolus.
3659 5483 3768 5537 Nam

2235 5600 2520 5653 tucrcator,
2555 5598 2610 5642 ut
2649 5604 2777 5657 opes
2817 5596 3023 5657 augeat,
3058 5588 3276 5659 pelagus
3310 5588 3617 5644 transntcat;
3655 5574 3760 5629 πύ-

2299 5808 2313 5839 ²
2350 5804 2464 5862 Alii,
2490 5807 2535 5853 et
2557 5801 2619 5852 de
2644 5800 2837 5866 Spiritu.
