3990 6216
194 356 280 416 ES!
1172 354 1236 412 ΙΝ
1273 355 1678 412 ΜΑΤΤΙΙᾹΞΟΜ
1721 357 1738 411 l

1852 356 1949 413 [ιι.
1998 360 2136 417 LIX.
2181 365 2251 419 al.
2296 366 2408 421 LX.
3355 379 3462 436 532

189 476 389 547 fquue,
417 483 473 530 ut
503 489 612 528 rem
643 473 951 528 familiarem
982 473 1287 543 amplificet,
1323 473 1448 528 nihil
1490 487 1593 526 non
1626 474 1751 538 agit.

189 569 287 623 Nos
315 567 491 635 itaque
519 579 587 619 ne
623 564 846 618 salutem
882 573 1116 617 nostram
1162 562 1370 631 operarl
1398 563 1526 616 satis
1562 562 1756 614 habea-

187 675 316 720 mus,
357 656 457 709 hoe
499 656 658 709 modo
693 657 832 710 enim
876 655 1016 709 illam
1062 654 1514 709 lahefactaremus.
1549 653 1758 707 Etenim

187 751 234 804 in
264 749 401 802 bello
430 758 485 803 et
509 749 622 801 acie
664 747 816 800 miles
845 747 935 816 qui
964 745 1014 799 id
1047 763 1206 799 ttnum
1235 753 1404 810 curat,
1438 755 1494 799 ιιι
1527 745 1642 814 fuga
1669 760 1752 797 sa-

184 847 270 901 luti
312 860 426 900 suae
455 843 720 909 consulat,
767 843 902 896 alios
943 857 1124 898 secum
1163 841 1366 910 perdit;
1413 856 1536 895 cum
1573 849 1758 894 contra

181 951 423 993 strenuus
465 935 691 1005 quisque
733 936 821 1005 qui
868 950 967 1005 pro
1007 934 1123 990 aliis
1170 950 1316 988 arma
1361 933 1605 1001 sumpsit,
1637 947 1755 987 cmn

180 1033 287 1084 aliis
315 1030 550 1098 seipsum
577 1043 787 1098 quoque
817 1034 1010 1081 servat.
1041 1025 1176 1082 Cum
1216 1029 1395 1096 itaque
1437 1041 1524 1080 res
1563 1034 1758 1079 nostrae

175 1123 370 1177 bellum
399 1123 525 1185 sint,
548 1129 601 1174 et
631 1119 824 1174 bellum
847 1120 1082 1174 omnium
1101 1120 1440 1183 acerrimum,
1463 1119 1605 1172 acies
1627 1133 1753 1186 quo-

176 1229 272 1284 que
297 1223 350 1267 et
377 1226 574 1283 pugna,
621 1220 677 1264 ut
713 1210 830 1265 Rex
874 1219 1054 1265 noster
1087 1210 1262 1280 jussit,
1298 1209 1367 1263 ita
1409 1209 1476 1263 ad
1521 1224 1752 1279 pugnam

177 1305 414 1360 instructi
459 1313 661 1359 stemus
689 1304 738 1357 iu
771 1303 906 1370 acie,
935 1303 1000 1357 ad
1029 1303 1202 1358 caedes
1235 1312 1290 1358 et
1316 1304 1628 1372 sanguinem
1659 1317 1753 1372 pa-

175 1400 286 1462 rati,
313 1397 383 1453 ad
421 1399 656 1452 omnium
689 1397 912 1452 salutem
953 1396 1318 1466 respicientes,
1365 1396 1754 1450 commilitones

174 1491 474 1555 incitantes,
521 1490 698 1558 lapsos
721 1489 1007 1557 erigentes.
1057 1487 1185 1542 Nam
1227 1487 1376 1541 multi
1404 1501 1465 1542 ex
1501 1485 1752 1541 fratribus

173 1581 363 1634 nostris
397 1581 450 1633 in
483 1579 580 1633 hac
611 1595 782 1648 pugna
808 1581 986 1647 jacent
1031 1579 1312 1643 vulnerati,
1343 1580 1599 1648 sanguine
1630 1596 1749 1647 per-

173 1673 286 1736 fusi,
312 1687 578 1742 nemoque
603 1681 753 1724 em-at
796 1672 933 1734 illos,
974 1685 1078 1724 non
1119 1685 1150 1725 e
1194 1674 1349 1738 vulgo
1387 1670 1596 1739 aliquis,
1644 1684 1748 1724 non

172 1764 437 1827 sacerdos,
466 1779 571 1816 non
603 1764 734 1816 alius
753 1764 944 1832 quivis,
970 1778 1074 1816 non
1101 1772 1374 1830 patronus,
1402 1777 1504 1815 non
1525 1762 1746 1826 amicus,

171 1869 267 1907 non
296 1855 462 1908 frater
505 1870 516 1907 :
564 1853 658 1908 sed
701 1853 892 1922 singuli
941 1867 1034 1906 sua
1081 1862 1282 1906 tantum
1321 1862 1582 1921 spertaut.
1627 1853 1748 1907 ldeo

171 1954 340 2000 nostra
370 1945 680 1999 minuimus.
709 1944 901 1998 Nostra
925 1943 1116 2014 quippe
1149 1945 1378 1999 maxima
1409 1944 1617 2008 fiducia,
1649 1943 1764 1998 no-'

168 2050 270 2092 stra
297 2038 415 2092 laus
439 2046 542 2102 est,
571 2037 614 2091 si
653 2046 964 2091 nouvnostra
998 2045 1203 2090 tantum
1243 2051 1508 2090 curemus.
1549 2036 1746 2090 idcirco

169 2129 409 2184 imbecilli
438 2139 492 2182 et
518 2137 819 2198 expugnato
857 2126 1037 2182 faciles
1071 2143 1256 2183 sumus
1284 2138 1337 2182 et
1364 2126 1669 2182 hominibus
1694 2137 1748 2182 et

165 2219 394 2284 diabolo,
423 2220 543 2288 quia
569 2218 710 2289 quod
743 2218 862 2272 huic
892 2218 968 2272 rei
993 2218 1313 2272 contrarium
1334 2218 1742 2288 estquarrimus,

169 2327 264 2365 non
293 2326 393 2365 nos
415 2320 599 2364 mutuo
634 2309 930 2380 obtegimus
971 2319 1024 2365 et
1063 2310 1532 2365 circummunimus
1561 2326 1654 2380 per
1681 2311 1744 2364 il-

165 2407 262 2459 lum
301 2420 423 2473 qua:
469 2403 762 2458 secundum
806 2403 969 2458 Deum
1016 2412 1095 2458 est
1123 2406 1436 2468 earitatem;
1478 2402 1573 2457 sed
1614 2403 1745 2456 alios

166 2497 310 2550 nobis
336 2496 626 2566 qurerimus
664 2495 912 2550 amicitia:
940 2495 1206 2560 obtentus,
1229 2495 1318 2548 alii
1346 2510 1374 2548 a
1403 2494 1740 2565 cognatione,

162 2588 246 2642 alii
272 2604 301 2640 a
328 2588 740 2648 consuetudine,
785 2588 874 2640 alii
911 2602 941 2642 a
971 2588 1264 2652 consortio,
1309 2587 1396 2641 alii
1439 2603 1466 2640 a
1511 2587 1738 2642 vicinia:

162 2688 212 2733 et
257 2694 597 2749 quacumque
643 2679 747 2733 alia
789 2677 857 2734 de
895 2694 1052 2732 causa
1096 2680 1270 2748 putius
1320 2679 1475 2733 amici
1519 2695 1738 2744 sumus,

160 2788 306 2841 quam
336 2789 408 2826 ex
439 2774 656 2841 pietate,
681 2789 800 2826 cmn
830 2788 893 2827 ex
933 2773 1021 2828 illa
1051 2773 1162 2826 sola
1195 2781 1438 2843 oporteat
1484 2774 1743 2829 amicitias

160 2865 290 2936 iungi
330 2882 344 2927 ;
407 2879 551 2918 nunc
597 2865 922 2919 contrarium
969 2865 1179 2932 evenit,
1226 2849 1424 2920 iudicis
1469 2873 1524 2920 et
1568 2865 1740 2934 genti-

158 2957 250 3011 bus
289 2957 583 3028 aliquando
633 2973 821 3013 sumus
863 2957 1020 3012 amici
1073 2957 1247 3028 potius
1285 2971 1440 3028 quam
1491 2957 1739 3011 Ecclesia:

157 3051 291 3107 filiis.

219 3145 270 3200 6.
298 3144 507 3200 Caritas
546 3157 593 3200 et
626 3147 895 3201 tolerantia
921 3161 1041 3216 erga
1069 3145 1351 3214 proximum
1378 3141 1736 3199 commendan-

153 3247 245 3291 tur.
277 3237 495 3292 Fratres
535 3240 695 3292 nostri
723 3255 857 3308 saepe
881 3238 1120 3293 monendi
1157 3249 1293 3292 sunt.
1323 3267 1395 3279 ——
1419 3237 1611 3300 Etiam,
1653 3234 1739 3288 in—

154 3334 328 3400 quies;
363 3347 495 3385 nam
535 3332 624 3386 ille
652 3331 924 3400 improbus
951 3340 1052 3393 est,
1086 3331 1169 3385 hic
1196 3346 1320 3384 vero
1350 3331 1521 3385 bonus
1543 3337 1597 3384 et
1627 3343 1740 3382 mo-

149 3425 344 3478 destus.
375 3425 522 3492 Quid
561 3424 739 3478 dicis?
784 3425 1081 3493 improbum
1109 3423 1324 3477 fratrem
1356 3437 1514 3477 vocas
1543 3431 1619 3485 tu,
1651 3423 1735 3475 cui

149 3516 364 3569 velitum
399 3523 490 3570 est
519 3517 597 3571 vel
619 3532 738 3570 raca
769 3518 996 3572 vocare?
1026 3532 1126 3572 nec
1150 3526 1199 3570 te
1218 3517 1398 3586 pudet,
1421 3532 1518 3571 nec
1542 3515 1736 3570 erube-

145 3608 244 3660 sris
273 3608 506 3662 fratrem
539 3608 843 3672 traducens,
867 3609 1164 3663 membrum
1189 3617 1355 3671 tuum,
1385 3623 1505 3663 eum
1527 3609 1616 3677 qui
1641 3623 1736 3662 eo-

145 3699 259 3752 dem
279 3711 448 3754 tritus
466 3709 730 3770 estpartu,
753 3703 838 3770 qui
862 3710 941 3755 est
959 3700 1196 3770 ejusdem
1228 3715 1424 3756 mensa'
1451 3701 1738 3769 particeps?

142 3790 240 3845 Sed
283 3793 329 3847 si
376 3793 603 3848 fratrem
651 3792 942 3846 secundum
982 3806 1196 3846 carnem
1252 3793 1480 3856 habeas,
1529 3791 1736 3846 etiamsi

143 3882 284 3936 mille
323 3882 538 3937 scelera
569 3882 828 3944 admittat,
871 3883 1014 3935 illum
1061 3880 1226 3944 foves,
1273 3891 1326 3936 et
1372 3883 1417 3934 si
1468 3881 1555 3934 ille
1599 3881 1734 3934 mala

141 3972 276 4029 fama
328 3976 566 4037 laboret,
613 3986 768 4045 putas
814 3984 864 4030 te
908 3974 1186 4030 dedecoris
1231 3990 1350 4029 esse
1390 3984 1732 4028 consortem:

140 4068 482 4134 spiritualem
513 4083 642 4121 vero
671 4068 910 4131 fratrem,
938 4081 1096 4135 quem
1124 4067 1407 4121 calumniis
1439 4066 1733 4134 impetitum

137 4158 436 4214 defendere
468 4168 758 4226 oporteret,
789 4157 1079 4212 innumeris
1111 4173 1304 4212 oneras
1350 4155 1646 4210 maledictis
1684 4167 1737 4210 et

137 4249 637 4310 criminationibus,
683 4249 979 4318 improbum
1034 4263 1210 4302 vocas.
1262 4247 1539 4316 Improbus
1569 4246 1732 4308 enim,

137 4345 330 4414 inquis,
355 4342 582 4397 difficile
604 4342 876 4395 toleratur.
895 4341 1050 4410 Atqui
1075 4340 1194 4394 ideo
1216 4339 1377 4393 debes
1404 4339 1474 4393 illi
1503 4339 1734 4393 amicitia

135 4437 302 4505 iungi,
337 4443 404 4488 ut
448 4449 571 4488 eum
611 4449 640 4486 a
684 4433 811 4487 vitio
845 4446 1142 4498 removeas,
1176 4439 1231 4484 ut
1261 4439 1541 4486 convertas
1580 4437 1633 4484 et
1668 4428 1734 4481 ad

133 4529 392 4581 virtutem
426 4524 670 4578 reducas.
704 4525 770 4578 At
815 4538 920 4577 non
951 4523 1304 4592 obtemperat,
1340 4521 1533 4591 inquis,
1565 4535 1734 4590 neque

131 4620 426 4674 consilium
471 4616 718 4670 admittit.
760 4615 910 4671 Unde
936 4615 1036 4669 hoc
1067 4615 1242 4668 neSIi?
1283 4629 1349 4667 an
1381 4612 1620 4666 hortatus
1653 4625 1730 4674 es,

131 4722 181 4763 et
208 4710 517 4764 emendare
553 4707 834 4761 studuisti?
860 4705 1112 4760 Hortalus
1159 4719 1300 4775 smpe
1330 4719 1466 4767 Slllll,
1506 4703 1730 4772 inquies.

132 4803 404 4869 Quoties?
446 4802 674 4868 Sat-pius,
714 4801 879 4854 semel
908 4811 963 4854 et
995 4801 1207 4853 iterum.
1252 4797 1443 4866 Papzel
1485 4795 1606 4850 idne
1635 4810 1733 4848 sa:-

135 4896 247 4960 pius
273 4909 445 4948 κίοι-εις
467 4893 492 4944 ?
519 4892 740 4946 Etiamsi
783 4907 877 4960 per
905 4901 1068 4945 totam
1097 4891 1256 4942 vitam
1290 4888 1339 4942 id
1367 4888 1603 4950 fecisses,
1638 4902 1736 4940 nec

131 4984 393 5046 deﬁcere,
422 4997 521 5038 nec
543 4982 827 5049 deSperare
843 4981 1140 5051 Oportebat.
1166 4979 1278 5034 Non
1303 4979 1448 5033 vides
1468 4978 1734 5048 quomodo

135 5090 230 5127 nr-s
260 5076 417 5130 Deus
443 5089 659 5142 semper
700 5073 942 5127 hortetur
974 5085 1068 5142 per
1109 5073 1396 5142 prophetas
1422 5113 1434 5136 ,
1469 5085 1564 5138 per
1600 5087 1732 5138 apo-

133 5167 322 5229 stolos,
359 5181 465 5234 per
489 5165 878 5233 evangelistas?
907 5164 1043 5230 Quid
1077 5161 1272 5233 igitur?
1299 5178 1422 5216 num
1453 5163 1571 5216 ideo
1593 5173 1736 5218 recte

137 5273 458 5322 operantur,
488 5273 614 5310 num
647 5259 698 5310 in
719 5255 966 5309 omnibus
998 5255 1469 5322 obtemperamus?
1497 5253 1730 5308 Minime.

136 5348 265 5403 Nam
297 5349 435 5403 idco
465 5348 552 5401 ille
596 5352 757 5402 linem
803 5347 925 5402 fecit
967 5344 1334 5401 admonendi?
1372 5361 1495 5398 num
1533 5345 1734 5398 laeuit?

139 5443 331 5495 Annon
379 5440 610 5508 singulis
636 5439 823 5492 diebus
849 5437 996 5500 dicit,
1033 5436 1150 5491 Non
1195 5438 1396 5507 potestis
1421 5434 1530 5490 Deo
1553 5439 1735 5490 servire

139 5547 179 5588 rt
225 5549 496 5589 mamonc
529 5532 678 5602 (an.
734 5533 818 5587 lli.
862 5533 972 5602 15).
1007 5541 1060 5586 ct
1088 5531 1278 5586 crescit
1309 5542 1483 5585 tamen
1513 5531 1564 5583 iu
1602 5532 1736 5584 nml-

142 5634 202 5686 tis
229 5630 487 5704 pecunia:
531 5629 788 5697 cupiditas
822 5638 979 5697 atque
1025 5626 1301 5698 tyrannis?
1343 5625 1456 5680 Non
1499 5626 1736 5694 quotidie

142 5723 356 5788 clamat,
407 5721 653 5774 Dimittite
685 5730 733 5773 et
761 5720 1036 5773 dimittetur
1077 5719 1210 5772 vobis
1241 5717 1451 5789 (Matth.
1477 5717 1529 5770 6.
1569 5718 1736 5787 Ι4),υι

146 5831 236 5869 nos
268 5815 455 5886 magis
484 5813 804 5870 efferamur?
848 5815 1036 5866 Annon
1067 5812 1302 5880 quotidie
1329 5822 1508 5867 monet
1535 5822 1588 5866 ut
1609 5827 1736 5865 eun-

479 5904 746 5961 l’nnriL.
797 5904 913 5961 (in.
967 5899 1182 5957 l.\'ill.

1874 477 2214 545 eupiscentire
2240 490 2292 536 et
2321 483 2515 539 illicita:
2540 487 2793 558 voluptati
2849 492 3192 562 imperemus,
3224 510 3274 554 et
3299 502 3459 556 multi

1870 565 1986 633 plus
2007 585 2163 637 quam
2193 574 2336 640 porci
2363 575 2414 628 in
2445 576 2544 630 hoc.
2584 590 2799 647 peccato
2824 584 3177 642 volutantur?
3207 592 3453 650 Attamen

1871 657 1960 712 ille
1991 657 2189 716 hortari
2220 678 2323 717 non
2361 678 2552 722 cessat.
2589 669 2698 726 Cur
2723 689 2850 744 ergo
2887 687 2991 731 non
3021 678 3134 734 haec
3161 693 3340 739 mente
3367 702 3452 741 re-

1871 748 2133 844 volvimus
2158 768 2255 808 nec
2277 754 2521 824 dicimus,
2559 761 2721 816 Deum
2747 765 2898 821 nobis
2933 783 3148 839 semper
3185 774 3325 844 loqui
3355 792 3452 832 nec

1867 836 2146 934 desistere,
2178 845 2387 900 etiamsi
2436 859 2491 902 ιιι
2519 852 2802 920 plurimum
2845 873 2949 913 non
2982 836 3448 934 obtentperentusl

1871 929 1990 1030 l‘aleo
2017 931 2250 1030 dicebat,
2280 935 2446 992 Pauci
2474 953 2589 994 sunt
2615 948 2698 1011 qui
2723 948 2850 1000 salvi
2874 950 3001 1017 [iant
3033 929 3184 1018 (Luc;
3217 957 3302 1010 15.
3332 957 3445 1030 23).

1866 1023 1918 1075 Si
1951 1024 2091 1077 enim
2117 1041 2222 1081 non
2254 1029 2448 1085 sufficit
2476 1033 2541 1088 ad
2564 1037 2786 1092 salutem
2809 1043 2962 1097 nobis
2986 1045 3070 1098 illa
3100 1049 3267 1103 virtus
3290 1023 3448 1120 quain

1865 1127 2106 1170 seorsum
2153 1133 2485 1190 exercemus,
2518 1127 2610 1180 sed
2639 1141 2848 1196 oportet
2876 1134 3008 1188 alios
3036 1139 3244 1195 virtutis
3271 1144 3449 1199 socios

1863 1204 2126 1263 adducere
2160 1228 2172 1264 :
2203 1227 2322 1268 cum
2366 1231 2462 1271 nec
2503 1229 2758 1284 nostram,
2812 1239 2909 1278 nec
2946 1227 3169 1284 altorum
3215 1235 3444 1291 salutem

1860 1302 2245 1364 curaverimus,
2277 1305 2402 1374 quid
2432 1309 2738 1376 patiemur?
2760 1314 2898 1368 unde
2921 1316 3107 1373 salutis
3128 1335 3275 1390 spem
3297 1325 3446 1380 dein-

1860 1402 1986 1458 ceps
2036 1390 2390 1450 habebimus?
2444 1397 2548 1453 Sed
2597 1402 2722 1470 quid
2771 1403 2871 1460 hac
2917 1406 2984 1461 de
3028 1425 3085 1464 re
3141 1414 3396 1471 criminor
3428 1459 3442 1481 ,

1859 1481 2071 1548 quando
2119 1499 2185 1538 ne
2227 1489 2686 1546 contubernalium
2739 1496 2952 1565 quidem
3000 1511 3304 1558 nostrorum
3355 1523 3443 1560 ra-

1863 1573 2056 1628 tionem
2092 1576 2251 1631 ullam
2287 1578 2561 1646 habemus,
2614 1588 2813 1653 uxoris,
2858 1589 3105 1661 filiorum,
3137 1610 3438 1666 servorum,

1856 1665 1949 1756 sed
1982 1681 2086 1720 non
2118 1667 2185 1721 de
2215 1669 2313 1734 his,
2344 1672 2437 1726 sed
2467 1673 2533 1726 de
2567 1675 2686 1730 aliis
2715 1678 2948 1735 futilibus
2984 1684 3200 1740 solliciti
3232 1705 3438 1756 sumus,

1855 1755 2126 1810 ebriorum
2161 1758 2344 1825 instar,
2391 1770 2446 1816 ut
2481 1776 2685 1821 crescat
2725 1782 2999 1826 servorum
3042 1790 3315 1841 numerus,
3348 1755 3440 1849 qui

1854 1845 2157 1915 diligentius
2189 1851 2342 1908 nobis
2386 1855 2641 1925 serviant,
2697 1859 2893 1932 filiique
2935 1879 3178 1936 magnam
3220 1883 3249 1922 a
3283 1845 3438 1926 nobis

1855 1937 2207 1997 hereditatem
2239 1946 2522 2016 accipiant,
2554 1965 2688 2004 uxor
2725 1953 2848 2008 item
2876 1970 3008 2012 auro
3047 1958 3246 2030 fulgeat
3273 1968 3435 2018 vesti-

1854 2029 2057 2102 busque
2090 2037 2355 2104 pretiosis,
2387 2057 2559 2111 neque
2591 2043 2659 2098 de
2689 2046 2844 2101 nobis
2870 2064 3053 2106 curam
3082 2029 3244 2110 ullam
3273 2055 3437 2113 habe-

1851 2137 1991 2186 mus,
2031 2127 2123 2180 sed
2153 2127 2218 2182 de
2247 2128 2586 2188 facultatibus
2631 2145 2829 2192 tantum
2881 2143 3122 2197 nostris?
3165 2145 3238 2200 De
3271 2163 3435 2204 uxore

1851 2222 1996 2268 certe
2023 2217 2164 2270 nulla
2192 2220 2517 2289 sollicitudo,
2546 2226 2638 2280 sed
2666 2227 2733 2282 de
2764 2231 2921 2288 rebus
2949 2249 3165 2290 uxorem
3193 2238 3436 2296 ambien-

1852 2304 1990 2359 tibus
2012 2308 2093 2362 vel
2115 2312 2426 2367 ornantibus
2445 2329 2460 2381 ;
2482 2315 2814 2390 idipsumque
2836 2322 2901 2377 de
2923 2323 3104 2381 liberis
3125 2326 3432 2386 dicendum.

1849 2395 2081 2453 Perinde
2106 2408 2266 2470 atque
2295 2403 2339 2456 si
2378 2405 2495 2474 quis
2523 2407 2777 2465 eadueam
2804 2414 2817 2442 ¹
2850 2412 3065 2469 domum
3097 2418 3312 2485 habens,
3339 2437 3431 2477 cu-

1844 2486 1932 2556 jus
1972 2490 2109 2545 muri
2140 2493 2308 2548 ruina:
2339 2497 2565 2563 proximi
2596 2509 2738 2566 sunt,
2775 2502 2895 2557 illos
2926 2505 3222 2564 instaurare
3261 2512 3432 2582 negli-

1847 2594 1998 2648 gens,
2035 2598 2223 2653 magna
2274 2587 2326 2640 in
2368 2587 2590 2643 circuitu
2637 2591 2752 2660 ejus
2802 2605 2949 2664 septa
3000 2600 3198 2669 erigat;
3247 2612 3339 2658 aut
3384 2605 3430 2659 si

1846 2681 2138 2741 aegrotante
2160 2689 2404 2746 corpore,
2441 2679 2614 2749 ipsum
2649 2683 2862 2752 quidem
2897 2688 3148 2759 negligat,
3178 2691 3302 2746 dum
3330 2709 3432 2748 au-

1847 2779 1936 2819 rea
1981 2767 2297 2824 vestimenta
2351 2771 2448 2840 ipsi
2492 2783 2674 2843 parat;
2705 2786 2796 2831 aut
2822 2779 2864 2832 si
2895 2780 3108 2836 domina
3139 2786 3326 2840 morbo
3358 2787 3432 2842 la-

1846 2854 2092 2924 borante,
2134 2861 2468 2930 ancillarum,
2523 2866 2872 2939 telorumque,
2917 2888 3165 2930 vasorum
3201 2881 3432 2949 supellc-

1845 2949 2092 3020 cnlisque
2143 2968 2326 3008 curam
2373 2966 2556 3026 gerat,
2607 2959 2720 3030 ipsa
2767 2964 2953 3020 relicta
3004 2979 3270 3037 gemente.
3317 2973 3432 3029 lloe

1846 3056 1987 3095 nunc
2010 3043 2189 3098 videre
2210 3055 2292 3100 est
2321 3047 2370 3100 in
2402 3049 2576 3105 anima
2601 3063 2800 3120 nostra,
2825 3071 2942 3126 qua:
2968 3061 3106 3114 male
3129 3061 3430 3134 misereque

1847 3132 2027 3200 habet,
2057 3134 2154 3201 ira,
2189 3138 2576 3206 maledicentia,
2603 3143 2847 3201 absurdis
2871 3149 3267 3218 cupiditatibus,
3293 3132 3426 3211 vana

1843 3225 2033 3294 gloria,
2063 3226 2274 3297 iurgiis,
2305 3229 2450 3284 lnnni
2481 3232 2686 3302 deiecta
2715 3246 2768 3291 et
2799 3247 2982 3306 tracta,
3023 3236 3090 3295 ab
3124 3244 3426 3313 hujusmodi

1847 3315 1970 3370 feris
1998 3316 2245 3384 laniatur,
2281 3319 2406 3374 dum
2439 3337 2554 3388 nos,
2599 3325 2684 3378 illa
2715 3327 2765 3380 in
2800 3329 2945 3383 hisce
2990 3335 3190 3387 morbis
3218 3337 3424 3402 relicta,

1843 3407 2060 3463 domum
2088 3409 2514 3484 domesticosque
2545 3431 2810 3472 curamus.
2853 3421 2918 3474 fit
2945 3423 2986 3474 si
3013 3441 3131 3482 ursa
3161 3427 3298 3480 clum
3325 3444 3422 3481 au-

1844 3500 2057 3572 fugerit,
2086 3504 2275 3559 domos
2313 3507 2630 3572 claudimus,
2666 3527 2759 3580 per
2791 3513 2934 3569 vicos
2963 3518 3246 3581 currimus,
3277 3535 3345 3574 ne
3374 3521 3427 3574 in

1843 3609 1959 3649 eam
1988 3595 2284 3651 incidamus
2315 3615 2328 3651 :
2360 3615 2503 3656 nunc
2535 3613 2710 3657 autem
2738 3621 2842 3659 non
2873 3622 2974 3660 una
3003 3607 3135 3675 fera,
3167 3613 3260 3664 sed
3288 3614 3425 3665 mul-

1844 3683 2225 3754 tishujusmodi
2259 3689 2462 3745 scilicet
2482 3694 2910 3762 Cogitatiouibus,
2935 3699 3164 3753 animam
3189 3713 3426 3756 nostram

1841 3777 2181 3842 laniantibus,
2215 3781 2418 3836 nullum
2450 3783 2637 3838 horum
2664 3801 2880 3842 sensum
2910 3787 3184 3844 habemus.
3211 3791 3264 3845 lu
3295 3794 3428 3846 urbe

1841 3870 2056 3939 quidem
2089 3881 2289 3927 tantam
2318 3873 2548 3930 ferarum
2577 3893 2760 3932 curam
2807 3877 3062 3936 habemus
3083 3924 3095 3944 ,
3128 3893 3183 3936 ut
3211 3899 3303 3938 eas
3342 3888 3425 3938 vel

1843 3964 1892 4016 in
1917 3964 2132 4020 deserto
2161 3966 2278 4020 loco
2307 3968 2387 4021 vel
2435 3967 2485 4020 in
2516 3969 2693 4023 caveis
2725 3970 3080 4040 includatntts,
3108 3989 3426 4029 caveamus-

1841 4075 1944 4130 que
1969 4075 2035 4114 ne
2063 4060 2112 4113 iu
2145 4060 2289 4115 curia
2334 4060 2598 4125 civitatis,
2649 4078 2746 4116 nec
2778 4064 2828 4118 in
2875 4064 3011 4131 foro,
3048 4082 3143 4122 nec
3183 4067 3234 4122 iu
3284 4069 3427 4138 regia

1842 4161 2140 4216 versentur,
2171 4150 2262 4204 sed
2291 4153 2472 4220 procul
2505 4154 2690 4223 ligatas
2712 4154 3043 4210 detineamus
3073 4175 3086 4209 :
3113 4159 3162 4212 in
3191 4159 3424 4214 animum

1843 4258 1990 4308 vero,
2021 4258 2139 4312 qua:
2169 4243 2370 4298 curiam
2411 4257 2583 4308 suam,
2611 4245 2810 4315 regiam
2843 4254 2897 4301 et
2918 4245 3169 4316 judicialc
3197 4251 3424 4306 tribunal

1844 4335 2021 4401 habet,
2045 4336 2533 4401 cmittunturferae,
2557 4338 2696 4392 circa
2724 4349 2957 4396 mentem
3005 4344 3172 4412 ipsam
3207 4345 3427 4398 Solium-

1840 4446 1943 4500 qne
1969 4431 2168 4501 regium
2198 4428 2509 4492 clamantes,
2539 4431 2718 4486 turbas
2743 4431 2950 4486 dantes.
2983 4432 3106 4487 ldeo
3129 4435 3302 4487 omnia
3334 4451 3428 4490 sus

1840 4521 2011 4593 deque
2039 4532 2346 4589 vertuntur;
2382 4523 2561 4579 omnia
2589 4522 2814 4578 tumultu
2847 4523 2998 4591 plena
3023 4523 3164 4577 intus
3190 4535 3243 4578 ct
3274 4525 3423 4592 foris,

1842 4615 2148 4684 nullumque
2178 4614 2462 4670 discrimen
2488 4631 2583 4669 nos
2612 4617 2748 4669 inter
2776 4625 2827 4669 et
2851 4615 3032 4669 urbem
3061 4616 3272 4671 incursu
3299 4617 3424 4672 bar-

1842 4709 2090 4762 Ι).ιι·ι›ιίιιιι
2121 4707 2484 4772 devastatam;
2533 4705 2868 4776 itlipsumquc
2909 4704 2966 4760 fit
3009 4721 3071 4760 ac
3098 4706 3162 4769 si,
3191 4706 3429 4761 dracone

1841 4801 1891 4855 in
1927 4799 2052 4854 nido
2091 4799 2416 4854 avicularum
2465 4799 2747 4864 insidente,
2791 4798 3014 4854 avicula:
3057 4801 3185 4869 ipsa:
3210 4800 3430 4854 avolcnt

1843 4891 2062 4960 trepidre
2088 4899 2142 4946 et
2171 4893 2510 4960 perturbata,
2542 4907 2641 4946 nec
2684 4905 2791 4960 quo
2819 4906 2877 4944 se
2921 4891 2970 4944 in
3019 4899 3164 4945 tanto
3197 4894 3424 4945 tumultu

1842 4982 2102 5051 recipiant
2129 4983 2401 5036 habentes.

1917 5075 1966 5127 7.
2019 5073 2232 5127 Herulis
2260 5073 2557 5128 exhortatio.
2588 5072 2840 5126 Jurcuum
2871 5073 3084 5143 impetus
3116 5089 3146 5125 a
3177 5073 3426 5144 principio

1842 5168 2164 5224 coercendus.
2191 5196 2264 5208 —
2291 5167 2466 5234 Quare
2505 5167 2750 5231 obsecro,
2780 5168 3065 5220 draconem
3094 5165 3422 5225 oceidamus,

1841 5265 1981 5317 fet-as
2029 5261 2388 5323 includamus,
2430 5259 2772 5323 suffocemus,
2819 5259 3142 5327 jugulemus,
3175 5269 3230 5312 et
3269 5259 3427 5314 hasce

1844 5357 2010 5411 malas
2047 5355 2397 5425 Cogitationes
2440 5352 2617 5422 gladio
2657 5351 2875 5420 spiritus
2902 5349 3270 5404 confudiatnus
3310 5367 3323 5404 :
3359 5367 3425 5404 ne

1845 5450 1995 5504 nobis
2042 5448 2163 5502 talia
2217 5445 2571 5503 comminetur
2617 5442 2894 5512 propheta,
2949 5443 3124 5511 qualia
3172 5441 3370 5498 Judzem
3411 5463 3425 5498 :

1908 5569 1921 5596 ι
1949 5563 2098 5612 Savil.
2149 5561 2294 5622 longe
2345 5559 2493 5622 variat
2517 5562 2634 5622 :AEl
2682 5554 2804 5622 nillil
2839 5551 3071 5622 damnabis
3097 5552 3426 5622 sollicitantur

1842 5637 1921 5677 aut
1947 5614 2378 5690 ριὀνιαεηιιιξλδεα
2400 5620 2460 5670 de
2485 5619 2622 5690 cultri
2638 5615 2824 5690 motis,
2856 5614 3062 5690 tri/tilde
3085 5614 3206 5690 ﬁlio,
3225 5616 3327 5686 sed
3362 5616 3430 5690 [te

1841 5677 1992 5752 ipsius
2009 5677 2350 5752 temporalibus
2387 5677 2899 5752 commodis..I’erinde
2923 5683 3064 5752 atque
3086 5677 3128 5726 si
3151 5678 3258 5752 quis
3281 5677 3430 5749 (ad..-

1843 5739 1968 5809 r'um,
1991 5758 2086 5798 etc.
2106 5739 2194 5795 'Itic
2209 5744 2426 5809 qtucdant
2450 5739 2834 5809 desunt;lacum
2873 5753 2938 5789 ex
2979 5748 3082 5787 atas.
3105 5740 3427 5809 restituimus.

1847 5801 1987 5865 Juxta
2005 5813 2164 5864 Morel.
2192 5801 2454 5875 legendum
2480 5813 2630 5866 esset,
2658 5801 2926 5866 pulchram,
2953 5813 3056 5864 pro,
3081 5802 3332 5851 caducum.

3071 5885 3109 5946 8
