3990 6216
428 240 531 295 585

427 378 667 444 proximo
694 377 964 433 dimittere
989 394 1004 434 :
1050 376 1259 431 Dimitte
1284 377 1423 431 nobis
1451 378 1615 431 debita
1642 387 1813 430 nostra
1834 419 1847 439 ,
1876 376 2006 431 sicut

424 479 468 521 et
495 484 585 522 nos
616 468 913 523 dimittimus
939 469 1239 523 debitoribus
1262 471 1465 535 nostris,
1492 469 1704 539 (Matth.
1735 469 1787 524 6.
1818 466 1925 540 19.).
1955 469 2003 523 id

421 562 597 615 dicere
614 561 811 615 docuit.
835 561 929 615 llic
956 576 1080 616 vero
1100 562 1255 616 alium
1287 560 1566 631 quemdam
1587 561 1801 615 modum
1829 561 2001 614 al'l'ert.

422 651 533 706 Non
557 652 698 705 enim
718 652 1019 719 lmdentem,
1040 653 1131 708 sed
1159 654 1339 708 lazsmn
1360 653 1557 708 inducit
1576 653 1640 707 ad
1662 655 1852 722 ipsmn.
1874 652 2001 705 Nam

420 746 540 813 quia
557 744 644 797 ille
663 745 773 816 ,qui
788 745 1014 811 lmserat,
1031 761 1134 799 non
1151 745 1302 801 facile
1318 747 1547 801 venisset
1564 746 1626 799 ad
1646 744 2002 800 excusandum

421 852 478 892 se
498 880 510 901 ,
544 839 853 907 pudt-factus
880 848 931 893 et
958 839 1294 903 erubescens,
1331 840 1510 892 laesum
1538 838 1602 892 ad
1636 838 1780 891 illum
1802 837 1960 890 trahit
1986 854 1999 900 ;

422 945 594 999 neque
625 928 819 983 frustra
844 971 861 995 ,
893 930 985 983 sed
1019 939 1073 982 ut
1101 928 1293 983 factum
1323 930 1594 983 resarciat.
1624 928 1804 998 Neque
1832 927 1955 981 dicit
1986 970 2000 993 ,

422 1024 621 1076 Accusa
644 1066 658 1088 ,
689 1037 802 1087 nec,
833 1023 1070 1091 lncrepa,
1097 1022 1201 1086 vel,
1233 1022 1422 1076 Pcenas
1449 1030 1632 1090 repete
1656 1036 1669 1085 ;
1694 1020 1999 1089 sed,Argue.

424 1114 513 1169 Ille
545 1114 873 1184 namqueira
901 1122 954 1166 et
981 1112 1181 1182 pudore
1208 1128 1304 1167 ceu
1336 1111 1564 1182 quodam
1594 1126 1787 1181 sopore
1825 1112 2002 1165 ebrius

419 1207 711 1260 retinetur:
764 1215 815 1259 te
855 1220 982 1259 vero
1021 1204 1176 1258 decet
1227 1216 1412 1257 sanum
1462 1204 1608 1257 illum
1656 1212 2001 1273 a‘grotantem

419 1298 567 1351 adire
591 1338 605 1360 ,
636 1298 899 1365 privatum
925 1296 1181 1365 judicium
1214 1296 1535 1350 constituere
1559 1338 1572 1360 ,
1606 1296 2003 1364 remediumtpie

417 1389 765 1458 acceptabile.
823 1388 950 1443 Illud
978 1387 1122 1442 enim
1149 1429 1162 1452 ,
1195 1387 1384 1457 Argue,
1411 1386 1539 1441 nihil
1570 1388 1707 1440 aliud
1736 1398 1815 1440 est
1844 1403 2002 1458 quam

420 1482 693 1537 Peccatum
723 1481 773 1535 in
802 1482 1110 1536 memoriam
1132 1495 1341 1545 revoca,
1362 1480 1447 1535 dic
1472 1481 1518 1535 ei
1539 1498 1653 1551 qum
1678 1482 1743 1535 ab
1769 1482 1856 1537 illo
1885 1499 2003 1551 pas:-

415 1573 688 1628 sussiszid
706 1574 846 1644 quod
876 1575 917 1628 si
949 1575 1157 1630 decenti
1181 1575 1340 1630 modo
1371 1574 1479 1638 fiat,
1499 1591 1618 1645 pars
1646 1574 1886 1642 qumdam
1911 1574 2004 1629 de-

417 1663 670 1718 fensionis
694 1674 793 1731 est,
827 1681 945 1735 qua:
974 1666 1039 1721 ad
1069 1666 1554 1721 reconciliationem
1585 1666 1827 1736 impellit.
1861 1666 1997 1732 Quid

415 1758 593 1826 igitur,
621 1759 664 1812 si
702 1774 806 1813 non
844 1774 1049 1814 morem
1091 1767 1273 1831 gerat,
1300 1771 1353 1815 et
1402 1760 1443 1814 si
1481 1759 1644 1814 durus
1670 1774 1730 1814 ac
1759 1760 2001 1829 pertinax

414 1850 610 1905 fuerit?
639 1853 722 1907 Ili.
756 1852 967 1906 Assume
987 1862 1143 1907 tecum
1171 1870 1325 1906 unum
1346 1863 1433 1906 aut
1462 1853 1607 1916 duos,
1628 1855 1748 1907 utin
1777 1870 1862 1907 ore
1882 1854 2002 1907 duo-

411 1961 525 1997 rum
546 1944 739 1999 testium
754 1954 844 1999 stet
862 1962 1007 2000 omne
1022 1946 1241 2000 verbum.
1270 1944 1400 2000 Nam
1421 1955 1619 2016 quanto
1639 1945 2001 2016 impudentior

412 2045 466 2088 et
485 2037 808 2105 petulantior
841 2036 1015 2105 fuerit,
1036 2039 1360 2109 tantomagis
1377 2038 1441 2093 ad
1460 2038 1721 2093 medelam
1751 2039 2001 2094 festinare

411 2135 647 2193 oportet,
678 2143 781 2181 non
818 2129 885 2182 ad
918 2129 1049 2183 iram
1080 2140 1132 2183 et
1163 2129 1598 2200 indignationem.
1640 2130 1772 2185 Nam
1804 2141 1857 2185 et
1883 2145 1998 2185 me-

410 2214 586 2282 dicus,
619 2232 739 2272 eum
772 2219 1070 2288 graviorem
1096 2220 1284 2275 viderit
1312 2222 1556 2275 morbum
1584 2265 1598 2288 ,
1628 2239 1734 2276 non
1764 2222 1994 2286 desistit,

411 2320 516 2361 nec
560 2322 701 2377 :rgre
743 2309 877 2375 fert,
904 2308 997 2364 sed
1030 2320 1155 2366 tunc
1197 2313 1364 2382 magis
1393 2327 1512 2368 sese
1558 2322 1811 2384 apparat,
1860 2314 1997 2383 quod

413 2400 577 2453 etiam
610 2401 696 2455 hic
725 2401 897 2458 facere
927 2405 1186 2475 pra-cipit.
1234 2406 1365 2471 Quia
1395 2407 1537 2461 enim
1563 2408 1709 2463 solus
1738 2406 2000 2462 inﬁrmior

408 2492 557 2547 visus
585 2508 643 2548 es
671 2534 686 2561 ,
714 2510 779 2549 ex
806 2495 1171 2551 additamento
1198 2497 1385 2553 fortior
1407 2509 1543 2555 esto.
1576 2499 1707 2555 Nam
1736 2498 1843 2554 duo
1870 2501 1998 2554 satis

407 2593 537 2638 sunt
573 2585 639 2638 ad
669 2595 978 2656 peccantem
1020 2588 1468 2659 redarguendum.
1504 2590 1691 2645 Viden'
1730 2592 1997 2658 quomodo

408 2691 518 2731 non
547 2677 660 2731 larsi
691 2678 866 2732 solum
893 2718 907 2744 ,
952 2679 1045 2733 sed
1075 2680 1234 2733 etiam
1265 2680 1507 2735 lazdentis
1540 2682 1818 2736 utilitatem
1852 2699 1997 2751 qua:-

406 2768 535 2820 rat?
560 2767 691 2821 Nam
720 2770 879 2824 hesus
907 2770 994 2825 ille
1018 2780 1100 2825 cst
1122 2811 1136 2837 ,
1166 2772 1254 2841 qui
1278 2786 1305 2824 a
1329 2773 1523 2840 morbo
1549 2783 1733 2842 captus
1764 2775 1879 2840 luit,
1907 2775 1997 2846 qui

405 2870 653 2929 acgrutat,
688 2862 985 2917 inlirmatur
1018 2872 1071 2917 et
1098 2863 1298 2918 delieit.
1340 2863 1463 2919 Ideo
1500 2881 1643 2935 smpe
1670 2866 1735 2921 ad
1767 2868 1905 2922 hunc
1935 2869 1997 2923 il-

406 2952 518 3005 lum
550 2953 718 3019 ducit,
748 2957 1034 3025 aliquando
1057 2958 1226 3011 solum
1252 3000 1265 3021 ,
1294 2958 1575 3028 aliquando
1603 2975 1722 3013 cum
1755 2960 1911 3016 aliis:
1945 2972 1997 3017 et

403 3043 453 3099 si
485 3047 931 3115 perseveraverit,
965 3063 1086 3101 eum
1115 3048 1369 3103 Ecclesia.
1407 3051 1492 3104 i7.
1527 3049 1639 3116 Dic,
1672 3052 1860 3122 inquit,
1892 3050 1996 3107 Ec-

404 3139 597 3194 rlrsitt.
645 3138 776 3193 Nam
824 3141 866 3195 si
911 3141 1160 3210 patientis
1189 3142 1361 3196 solum
1404 3143 1683 3199 utilitatem
1711 3156 1995 3216 qurereret,

405 3247 515 3285 non
537 3232 750 3299 juberet
775 3236 1074 3305 septuagies
1101 3238 1297 3307 septies
1329 3238 1605 3306 poenitenti
1639 3242 1844 3294 veniam
1870 3258 1996 3295 Ct)"-

405 3320 603 3377 cedcre
654 3322 866 3393 (Matth.
898 3326 982 3380 18.
1014 3324 1159 3401 22);
1204 3344 1307 3381 non
1356 3330 1540 3396 toties;
1589 3348 1760 3402 neque
1807 3342 1885 3388 tot
1923 3333 1997 3388 illi

408 3412 778 3468 constituisset
806 3414 976 3469 morbi
1004 3417 1378 3472 emendatores
1405 3436 1417 3472 :
1449 3421 1543 3474 sed
1572 3438 1634 3475 ex
1668 3422 1840 3490 primo
1882 3424 1996 3478 col-

408 3503 592 3574 loquio
621 3504 769 3559 illum
796 3506 1121 3561 obstinatum
1147 3520 1452 3566 manentem
1482 3512 1621 3567 foras
1652 3515 1956 3586 reliquisset
1980 3535 1992 3570 :

409 3612 553 3651 nunc
584 3613 712 3654 vero
748 3609 801 3654 et
827 3601 991 3655 semel
1030 3610 1084 3656 et
1109 3602 1190 3657 bis
1216 3610 1268 3656 et
1311 3612 1390 3658 ter
1417 3604 1563 3659 illum
1591 3621 1779 3662 curare
1804 3608 1954 3676 jubet
1979 3649 1993 3673 ,

410 3707 553 3747 nunc
578 3692 750 3746 solum
777 3734 791 3759 ,
821 3709 961 3749 nunc
990 3710 1109 3749 cum
1138 3694 1346 3748 duobus
1365 3734 1383 3762 ,
1414 3712 1554 3751 nunc
1584 3712 1705 3751 eum
1738 3699 1992 3767 pluribus.

412 3786 536 3841 Ideo
565 3803 687 3841 cum
716 3787 785 3843 de
813 3788 1051 3843 externis
1075 3789 1269 3859 agitur,
1302 3790 1431 3843 nihil
1466 3790 1571 3844 tale
1601 3790 1761 3858 dicit,
1791 3792 1903 3855 sed,
1937 3792 1997 3846 Si

407 3882 521 3947 quis
550 3892 597 3933 te
622 3882 888 3949 percutiat,
924 3881 1174 3950 inquit,in
1197 3883 1459 3937 max-illam
1483 3884 1759 3949 dexteram,
1793 3896 1924 3939 verte
1952 3887 1995 3940 ei

408 3984 454 4024 et
477 3972 674 4035 aliam;
707 3972 790 4027 hic
816 3988 944 4027 vero
976 3988 1079 4027 non
1106 3975 1203 4028 sic.
1229 3974 1381 4041 Quod
1409 3975 1568 4029 etiam
1601 3975 1795 4032 Paulus
1831 3979 1992 4032 dicit:

413 4065 552 4130 Quid
583 4064 709 4117 mihi
732 4073 781 4119 et
806 4065 869 4119 de
897 4066 1113 4120 externis
1128 4067 1366 4136 judicare
1390 4067 1435 4137 (I
1453 4107 1466 4121 .
1490 4066 1607 4122 Cor.
1634 4071 1688 4123 5.
1712 4068 1838 4141 12)?
1871 4069 2001 4125 Fra-

412 4167 522 4209 tres
554 4170 681 4209 vero
711 4166 762 4211 et
791 4172 1016 4225 arguere
1059 4166 1113 4211 et
1152 4168 1397 4213 avertere
1422 4160 1575 4229 jubet
1602 4202 1614 4227 ,
1665 4178 1726 4214 ac
1756 4162 1858 4215 nisi
1898 4161 1996 4215 ub-

412 4259 733 4319 temperent,
761 4250 1075 4306 abscindere
1098 4292 1113 4316 ,
1146 4262 1203 4305 ut
1229 4252 1431 4321 pudore
1469 4252 1859 4308 sul‘lundantur.
1888 4255 1999 4311 lloc

408 4353 465 4396 et
494 4343 605 4412 ipse
631 4344 753 4397 facit
774 4343 877 4407 hic,
901 4360 1021 4399 cum
1047 4345 1113 4401 de
1141 4344 1393 4401 fratribus
1423 4348 1589 4417 legem
1617 4350 1799 4403 statuit
1822 4366 1834 4402 :
1867 4359 2000 4403 tres-

411 4451 517 4504 que
550 4436 645 4504 ipsi
675 4438 852 4490 statuit
879 4437 1129 4493 ductores
1169 4448 1222 4492 et
1246 4439 1478 4508 judices,
1510 4442 1598 4510 qui
1626 4440 1852 4495 doreaut
1880 4458 1998 4510 qua:

412 4528 466 4581 in
498 4528 809 4584 temulentia
843 4540 1142 4600 perpetrata
1174 4541 1323 4589 sunt.
1350 4532 1481 4586 Nam
1527 4533 1626 4588 etsi
1657 4534 1770 4605 ipse
1795 4544 1878 4589 est
1908 4536 1998 4606 qui

411 4619 591 4672 omnia
624 4619 851 4674 absurda
884 4622 973 4676 illa
1022 4621 1151 4677 fecit
1177 4633 1228 4678 et
1258 4625 1509 4693 loquutus
1536 4634 1649 4691 est,
1675 4627 1792 4681 aliis
1820 4637 1997 4683 tamen

412 4723 549 4777 opus
592 4707 752 4764 habet
782 4712 871 4781 qui
914 4711 1138 4768 doceant
1164 4756 1179 4780 ,
1215 4724 1398 4785 utpote
1424 4715 1637 4783 ebrius;
1672 4734 1791 4772 nam
1826 4719 1901 4773 ira
1947 4730 2000 4774 et

414 4812 691 4871 peccatum
724 4805 1001 4875 plusquam
1028 4808 1259 4864 ebrietas
1304 4819 1540 4865 mentem
1570 4810 1819 4876 turbant,
1867 4824 1918 4868 et
1946 4814 1999 4868 in

413 4896 675 4964 majorem
706 4899 962 4953 insaniam
987 4901 1298 4968 conjiciunt.
1332 4901 1461 4956 Nam
1493 4904 1615 4973 quis
1650 4904 1845 4959 Davide
1872 4921 1997 4975 pru-

411 4990 627 5043 ιιεηιιοτ
653 4999 769 5043 erat
810 4992 889 5060 (2.
939 4990 1064 5063 Reg.
1098 4992 1223 5053 12)?
1270 4993 1520 5049 Attamen
1560 5010 1680 5049 cum
1722 5010 1993 5068 peccaret,

415 5083 544 5137 nihil
575 5086 760 5148 sensit,
794 5085 934 5155 quod
964 5086 1394 5156 concupiscentia
1428 5090 1607 5143 omnia
1635 5090 1751 5159 ejns
1782 5092 1998 5147 ratioci-

414 5175 499 5227 nia
544 5184 899 5246 occupasset,
950 5187 1004 5231 et
1046 5194 1144 5232 ceu
1171 5180 1347 5234 fumus
1375 5180 1588 5249 quidam
1618 5181 1734 5250 ejus
1764 5182 1998 5237 animum

414 5267 667 5336 repleret.
713 5267 1045 5337 Quapropter
1073 5273 1289 5323 lucerna
1334 5286 1467 5338 opus
1509 5272 1691 5326 habuit
1733 5288 1830 5343 per
1877 5289 2001 5342 pro-

418 5359 629 5426 phetam
652 5358 900 5426 adducta,
930 5375 991 5415 ac
1016 5361 1190 5415 verbis
1208 5377 1326 5430 qua:
1352 5360 1557 5416 facinus
1587 5363 1683 5432 ipsi
1720 5366 1770 5417 in
1801 5380 2002 5419 memo-

415 5451 549 5502 riam
578 5450 916 5506 reducerent.
956 5450 1079 5508 ideo
1108 5452 1205 5508 bos
1234 5471 1373 5509 nunc
1399 5454 1463 5508 ad
1494 5467 1801 5525 peccantem
1830 5458 1997 5513 addu-

412 5540 487 5593 cit
509 5580 523 5608 ,
559 5542 650 5612 qui
677 5541 743 5598 de
773 5545 935 5614 gestis
956 5546 1067 5601 suis
1092 5546 1259 5616 ipsum
1288 5548 1640 5618 alloquuntur.

1418 242 1480 297 IN
1522 241 1923 298 MAT'I‘ll/EUM
1970 240 2199 297 IlOillL.
2245 245 2355 301 LX.
2398 250 2466 303 al.

2510 251 2644 306 LXI.
3594 270 3707 324 ΜΒ

2187 356 2237 412 2.
2275 361 2381 414 Cur
2403 371 2578 417 autem
2629 366 2769 420 hunc
2792 366 2943 436 jubet
2988 385 3213 440 arguere
3235 417 3248 438 ,
3280 391 3403 429 non
3429 378 3589 434 alium
3638 383 3693 435 ‘1'

2110 446 2241 514 Quia
2273 448 2413 505 hunc
2435 461 2616 523 utpote
2636 469 2665 506 a
2695 470 2754 510 se
2775 457 2956 511 lassum
2985 470 3037 514 et
3059 461 3248 531 injuria
3270 464 3542 535 alTectum,
3579 487 3692 524 um-

2110 539 2343 596 dcralius
2380 553 2496 598 erat
2551 546 2894 603 toleraturus.
2938 550 3051 606 Non
3089 555 3231 608 enim
3274 558 3387 624 pari
3417 560 3596 615 animo
3626 566 3696 616 ab

2111 629 2214 684 alio
2242 631 2308 685 de
2337 633 2527 702 injuria
2548 637 2702 691 alteri
2733 640 2905 694 oblata
2930 657 2987 695 se
3021 643 3267 715 redargui
3299 649 3543 716 patiatur,
3572 668 3694 706 cum

2110 723 2340 777 maxime
2366 724 2511 778 solus
2540 736 2622 782 est
2651 729 2695 782 is
2724 730 2810 799 qui
2855 731 3144 802 redarguit.
3168 735 3301 791 Cum
3328 750 3507 794 autem
3540 741 3585 796 is
3606 745 3695 812 qui

2110 812 2342 867 rationes
2380 815 2447 868 ab
2488 816 2602 885 ipso
2642 822 2921 889 expetendi
2957 824 3045 893 jus
3078 825 3257 893 habet,
3295 830 3460 899 ipsius
3497 847 3694 889 curare

2108 902 2330 956 salutem
2360 906 2585 976 videtur,
2611 910 2655 964 is
2683 915 2913 969 maxime
2942 918 3177 974 omnium
3219 929 3392 989 potest
3437 923 3585 980 illum
3626 929 3691 981 ad

2111 994 2534 1062 resipiscentiam
2561 1015 2773 1066 vocare,
2814 1020 2935 1059 cum
2981 1007 3154 1062 videat
3186 1008 3288 1066 hoc
3328 1027 3432 1067 non
3482 1031 3691 1083 pernam

2109 1086 2412 1152 expetendi,
2442 1089 2534 1142 sed
2580 1094 2893 1150 emendandi
2924 1100 3090 1168 gratia
3122 1100 3258 1158 ﬁeri.
3290 1102 3413 1159 Ideo
3449 1122 3554 1162 non
3582 1118 3695 1162 sta—

2110 1174 2202 1227 tim
2231 1174 2365 1231 duos
2392 1179 2644 1235 accedere
2664 1182 2837 1251 jubet,
2864 1187 2956 1241 sed
3001 1205 3120 1244 cum
3152 1193 3351 1260 primus
3374 1195 3500 1249 nihil
3536 1200 3693 1266 proli-

2108 1280 2229 1319 cere
2272 1276 2481 1335 potest:
2540 1286 2711 1340 neque
2761 1284 2884 1329 tunc
2926 1278 3315 1336 multitudinem
3361 1287 3553 1351 mittit,
3600 1291 3692 1343 sed

2110 1372 2272 1425 usque
2299 1359 2361 1413 ad
2388 1359 2522 1415 duos
2554 1364 2719 1428 addit,
2757 1366 2837 1420 vel
2858 1369 3015 1421 etiam
3040 1385 3237 1436 unum;
3262 1389 3381 1427 cum
3405 1388 3579 1432 autem
3601 1380 3695 1434 ltus

2108 1448 2446 1518 despexerit,
2482 1462 2604 1508 tunc
2633 1456 2697 1510 ad
2728 1456 3023 1513 Ecclesium
3074 1463 3218 1517 illum
3256 1468 3434 1522 mittit.
3466 1470 3552 1525 Sic
3596 1473 3694 1527 atl-

2112 1544 2325 1596 modnm
2355 1555 2507 1601 curat
2553 1564 2619 1603 ne
2671 1553 2894 1619 proximi
2948 1566 3161 1623 peccata
3216 1561 3563 1628 evulgentur;
3598 1567 3694 1620 etsi

2108 1637 2340 1703 potuerit
2391 1654 2419 1689 a
2476 1640 2737 1709 principio
2786 1643 2911 1697 illud
2956 1646 3181 1714 jubere,
3233 1665 3299 1704 ue
3343 1652 3474 1706 idin
3512 1655 3697 1725 Vulgus

2106 1738 2382 1792 manaret,
2418 1745 2520 1784 non
2554 1730 2677 1786 fecit
2704 1774 2719 1798 ,
2750 1736 2840 1788 sed
2872 1746 2989 1803 pust
3013 1754 3168 1792 ttnam
3208 1741 3539 1814 alteramque
3577 1763 3692 1801 ηιοι

2108 1820 2360 1875 tuitionem
2409 1822 2458 1876 id
2510 1826 2764 1893 pra‘cipit.
2819 1829 2954 1894 Quid
3009 1840 3184 1885 autem
3237 1834 3337 1888 sibi
3371 1836 3486 1889 vult
3522 1838 3691 1901 illud,

2107 1908 2171 1964 In
2202 1928 2285 1964 ore
2319 1914 2537 1968 duorum
2567 1917 2643 1970 vel
2669 1918 2820 1971 trium
2856 1920 3056 1973 testium
3099 1922 3248 1976 stabit
3274 1941 3422 1979 omne
3450 1930 3699 1984 uerbum?

2108 1999 2357 2057 Idonequ
2402 2003 2566 2060 babes
2602 2008 3005 2078 testimonium,
3064 2012 3268 2081 inquit,
3319 2026 3370 2069 te.
3423 2027 3591 2075 totum
3647 2022 3697 2076 id

2104 2096 2244 2164 quod
2285 2112 2450 2167 penes
2495 2108 2544 2152 te
2593 2109 2709 2153 erat
2753 2100 2979 2168 fecisse,
3029 2103 3267 2175 nihilque
3313 2108 3579 2167 omisisse.
3637 2114 3698 2167 Si

2104 2198 2271 2241 autem
2318 2206 2409 2243 nec
2448 2190 2538 2244 hos
2577 2192 2814 2257 audierit,
2856 2193 2939 2247 dic
2976 2191 3253 2265 Ecclesia,
3306 2197 3355 2253 id
3396 2208 3512 2266 est,
3562 2218 3698 2271 prat-

2104 2279 2324 2334 sidibus.
2360 2280 2507 2349 Quod
2542 2284 2586 2334 si
2626 2281 2905 2337 Ecclesium
2937 2303 3038 2341 non
3062 2288 3320 2355 audierit,
3348 2292 3409 2345 sit
3440 2292 3527 2346 tibi
3554 2295 3697 2364 quasi

2103 2373 2327 2427 ethnicus
2372 2383 2418 2427 et
2463 2374 2779 2444 publicanus.
2829 2377 2971 2432 Talis
3016 2381 3159 2435 enim
3202 2382 3363 2438 homo
3410 2386 3691 2443 iueurabili

2105 2466 2290 2519 morbo
2308 2464 2530 2520 laborat.
2555 2466 2633 2520 Tu
2660 2483 2789 2523 vero
2813 2469 2943 2524 mihi
2970 2473 3261 2543 perpende,
3293 2479 3563 2546 quomodo
3594 2494 3692 2549 pu-

2103 2556 2371 2611 blicanum
2401 2558 2594 2627 ubique
2626 2560 2676 2613 in
2710 2563 3011 2631 exemplum
3041 2567 3288 2635 nequitiae
3317 2571 3563 2624 maximae
3591 2587 3690 2642 po-

2104 2659 2211 2703 nat.
2245 2651 2373 2706 Nam
2402 2668 2557 2723 supra
2585 2653 2720 2708 dixit
2749 2675 2762 2710 :
2807 2654 2995 2712 Nonne
3015 2667 3061 2711 et
3087 2658 3343 2728 publicani
3368 2662 3461 2715 ltoc
3499 2664 3697 2734 [aciuut

2104 2744 2121 2811 (
2151 2740 2333 2795 .llatttt.
2378 2744 2432 2798 5.
2478 2744 2546 2799 46
2568 2745 2618 2812 )?
2645 2756 2697 2799 et
2726 2762 3042 2818 progressus
3063 2766 3271 2805 rursum
3308 2768 3320 2804 :
3351 2750 3620 2809 Publicani
3647 2766 3696 2811 et

2104 2837 2383 2889 meretrices
2409 2839 2688 2906 prmcedent
2716 2856 2800 2893 vos
2823 2841 2873 2893 in
2905 2857 3054 2913 regno
3082 2843 3317 2898 calorum
3342 2843 3360 2917 (
3384 2845 3569 2902 Matth.
3602 2850 3693 2907 ﬁl.

2105 2928 2165 2982 51
2191 2926 2244 2997 );
2275 2929 2324 2982 id
2351 2939 2452 2993 est,
2486 2932 2575 2999 qui
2606 2934 2834 2988 maxime
2864 2932 3235 3003 improbantur
3253 2946 3302 2992 et
3335 2938 3696 2999 condemnan—

2106 3027 2206 3072 tur.
2239 3020 2471 3074 Audiant
2502 3021 2572 3075 illi
2603 3026 2691 3092 qui
2725 3023 2787 3075 ad
2811 3034 3048 3094 qumstus
3077 3027 3286 3097 iniquos
3316 3040 3574 3096 currunt,
3600 3035 3688 3100 qui

2103 3108 2308 3165 fteuora
2337 3112 2628 3168 l'tnnoribus
2653 3114 2926 3183 adjiciunt.
2960 3119 3068 3171 Cur
3098 3133 3259 3189 porro
3300 3136 3421 3175 cum
3451 3124 3689 3191 publiea-

2105 3204 2187 3258 nis
2234 3205 2390 3258 istum
2426 3205 2605 3260 locat't
2650 3206 2718 3261 Ut
2746 3208 2927 3261 larsum
2957 3210 3295 3277 consoletur,
3328 3222 3381 3267 et
3412 3213 3550 3268 lnmc
3592 3225 3695 3267 ter-

2105 3301 2236 3343 reat.
2266 3289 2401 3343 Num
2431 3290 2543 3344 huic
2588 3291 2701 3345 sola
2744 3294 2950 3362 punitio
3000 3295 3124 3348 est?
3151 3293 3364 3351 Minime
3398 3316 3409 3351 :
3444 3299 3536 3352 sed
3572 3302 3692 3353 audi

2104 3383 2376 3452 sequentia
2407 3401 2419 3435 ε
2454 3383 2538 3437 18.
2572 3382 2937 3454 Quodcumque
2959 3385 3285 3456 alligaveritis
3304 3404 3456 3459 super
3482 3399 3691 3457 terram,

2103 3475 2194 3528 erit
2218 3476 2426 3544 ligatum
2454 3485 2497 3529 et
2535 3477 2586 3529 in
2614 3478 2768 3529 cwlis.
2816 3476 2932 3531 Non
2973 3476 3106 3531 dixit
3141 3479 3391 3535 Ecclesia}
3439 3483 3650 3550 przesuli
3677 3526 3690 3547 ,

2104 3566 2273 3636 Alliga
2298 3567 2465 3632 illum,
2500 3568 2614 3631 sed,
2650 3568 2703 3622 Si
2733 3568 3054 3638 alligaveris,
3097 3572 3144 3625 ei
3175 3570 3264 3640 qui
3293 3572 3577 3628 laisusl'uit
3604 3583 3688 3629 to-

2106 3666 2214 3710 tum
2257 3660 2601 3726 permittens:
2640 3670 2869 3729 tuncque
2897 3662 3101 3714 Vincula
3140 3678 3245 3716 non
3276 3665 3529 3720 dissoluta
3576 3683 3692 3721 nm-

2105 3759 2249 3802 uent.
2286 3747 2541 3801 Extrema
2570 3750 2748 3817 itaque
2780 3751 3008 3818 patietur
3032 3752 3197 3807 mala.
3241 3753 3347 3809 Sed
3380 3772 3483 3810 non
3532 3760 3575 3811 is
3604 3761 3693 3829 qui

2102 3838 2292 3893 detulit
2320 3839 2369 3892 in
2396 3853 2552 3893 musa
2581 3849 2682 3906 est,
2707 3855 2889 3894 verum
2914 3841 2957 3894 is
2979 3842 3068 3911 qui
3103 3844 3269 3898 noluit
3297 3846 3690 3917 obtemperare.

2105 3930 2267 3986 Vides
2298 3931 2566 4001 quomodo
2594 3931 2735 3987 hunc
2761 3931 2956 4002 duplici
2988 3937 3304 3991 necessitate
3346 3938 3605 4004 vinxerit,
3643 3952 3695 3995 ct

2104 4025 2351 4093 lil‘tCS~'llII
2384 4040 2535 4094 pmna
2557 4066 2571 4091 ,
2604 4034 2657 4080 et
2682 4026 2856 4079 futuro
2890 4026 3187 4096 supplicio?
3218 4028 3339 4083 lltee
3366 4045 3525 4099 porro
3546 4048 3695 4086 cum-

2105 4117 2334 4171 minatns
2362 4126 2463 4184 est,
2485 4132 2550 4172 ne
2576 4118 2722 4171 istarc
2748 4118 3011 4183 accidant,
3048 4119 3140 4173 sed
3169 4131 3411 4176 metuens
3441 4134 3494 4177 et
3523 4126 3696 4179 minus

2104 4210 2495 4278 etejeetionem
2539 4210 2607 4263 ab
2656 4210 2912 4277 Ecclesia,
2969 4220 3023 4266 et
3064 4212 3356 4280 periculum
3382 4230 3446 4271 ex
3480 4218 3693 4273 vinculo

2107 4310 2339 4369 partum,
2371 4314 2469 4355 nec
2499 4316 2602 4354 non
2636 4300 2762 4355 illud
2796 4304 2848 4355 in
2883 4302 3027 4357 cadis
3056 4304 3344 4372 vinculum,
3369 4307 3696 4366 moderatior

2106 4392 2197 4456 sit,
2228 4405 2348 4444 etim
2373 4390 2487 4444 lucc
2517 4390 2668 4453 sciat,
2698 4393 2795 4446 etsi
2827 4408 2930 4447 non
2976 4409 3002 4446 a
3040 4396 3320 4465 principio,
3354 4399 3405 4452 in
3453 4401 3697 4454 multitu-

2104 4484 2228 4538 dine
2263 4494 2436 4541 tamen
2458 4484 2777 4553 judiciorum
2811 4486 2941 4539 iram
2983 4487 3233 4556 deponat.
3274 4490 3477 4546 Idcirco
3505 4505 3555 4549 et
3589 4497 3696 4563 pri-

2107 4591 2250 4628 mum
2303 4584 2357 4630 et
2404 4575 2695 4630 secundum
2743 4586 2796 4631 et
2847 4577 3061 4631 tertium
3092 4582 3365 4635 constituit
3397 4584 3693 4653 judicium,

2105 4682 2277 4736 neque
2305 4667 2482 4720 statim
2519 4666 2666 4720 illmn
2706 4668 3009 4735 prtesciudit
3034 4713 3047 4733 ,
3080 4681 3135 4723 ut
3156 4671 3197 4724 si
3232 4673 3403 4741 prium
3430 4692 3532 4731 non
3560 4679 3693 4734 obe-

2106 4757 2253 4825 diat,
2299 4758 2535 4813 secundo
2587 4759 2778 4822 cedat;
2826 4760 2906 4815 sin
2958 4761 3087 4815 illud
3142 4767 3433 4832 resmterit,
3480 4770 3693 4825 tertium

2105 4851 2325 4914 timeat;
2375 4850 2419 4904 si
2463 4852 2617 4918 lmjus
2675 4852 2872 4907 nullam
2917 4854 3177 4908 rationem
3220 4856 3444 4924 habeat,
3503 4875 3568 4915 ex
3612 4861 3693 4915 1η-

2105 4952 2226 4995 tnro
2266 4942 2463 5010 judicio
2505 4952 2766 4997 terreatur
2791 4985 2805 5008 ,
2856 4944 2972 4998 sive
3001 4960 3065 4997 ex
3101 4944 3189 4999 Dei
3221 4948 3483 5002 sententia
3529 4959 3582 5005 et
3610 4952 3695 5004 ul-

2109 5037 2271 5089 tione.

2180 5127 2362 5182 Preces
2415 5144 2649 5197 magnam
2686 5129 2781 5179 rint
2830 5144 2861 5179 a
2912 5130 3180 5182 concordia
3222 5140 3467 5185 mutuam.
3527 5135 3696 5201 Quare

2108 5235 2205 5271 non
2252 5235 2448 5288 semper
2494 5218 2841 5271 exaudiamur.
2892 5219 3091 5275 Amoris
3126 5239 3243 5293 erga
3275 5226 3697 5297 proximumque:

2107 5328 2262 5363 Causa
2305 5326 2409 5363 esse
2448 5310 2639 5362 debeat.
2675 5311 2922 5363 Amicitia!
2972 5313 3208 5368 humana!
3250 5317 3463 5371 vanitas.
3497 5318 3697 5374 Amoris

2106 5402 2380 5456 (.‘ltristiaui
2404 5403 2551 5455 ratio.
2573 5432 2641 5441 —
2664 5402 2744 5457 I9.
2779 5400 2972 5457 Iterum
3002 5414 3165 5458 autent
3190 5408 3302 5460 dico
3327 5408 3482 5473 vobis,
3516 5411 3633 5479 quia
3654 5412 3697 5463 si

2112 5494 2207 5548 duo
2224 5511 2286 5548 ex
2308 5494 2439 5548 vobis
2461 5494 2797 5547 consenserint
2815 5512 2964 5561 super
2991 5506 3195 5562 lt’rrutu,
3216 5497 3278 5550 de
3292 5499 3429 5551 omni
3454 5517 3507 5553 re
3521 5516 3696 5570 quam-

2143 5655 2187 5759 [ι
2224 5654 2295 5701 Sic
2318 5650 2457 5702 Smil.
2487 5661 2538 5702 et
2563 5660 2751 5709 ttss.;at
2777 5653 2957 5715 .‘lorcl.,
2983 5662 3026 5703 et
3051 5668 3141 5704 non
3168 5654 3265 5707 alio
3290 5665 3446 5719 modo,
3476 5672 3581 5721 pro,
3601 5671 3693 5711 non

2164 5728 2177 5759 1
2198 5728 2274 5759 litt.

2109 5728 2177 5763 (tit
2198 5728 2274 5762 «‘Ilt.
