4126 6220
327 227 430 285 Μ’]

323 361 533 413 rumque
560 342 811 413 petierint,
854 341 938 406 [iet
968 340 1037 394 eis
1063 357 1092 392 a
1122 338 1279 393 Patre
1308 356 1416 393 meo
1454 340 1538 409 qui
1568 340 1618 392 in
1650 340 1785 393 ca'lis
1816 347 1904 392 est.

321 440 410 491 ΕΟ.
447 435 543 491 Ubi
570 437 699 488 enim
725 434 910 504 fuerint
937 432 1037 485 duo
1066 431 1141 485 vel
1169 443 1267 485 tres
1304 433 1590 501 congregati
1629 432 1680 484 in
1710 431 1910 483 nomine

323 546 451 594 meo,
476 530 541 582 ibi
561 544 670 581 sum
691 529 739 579 in
769 525 930 578 medio
951 541 1141 577 eorum.
1179 524 1360 578 Viden’
1387 522 1653 593 quomodo
1682 521 1899 576 aliunde

322 627 479 678 etiam
508 622 678 677 solvat
715 618 1015 673 inimicitias
1034 660 1049 684 ,
1094 618 1393 671 simultates
1443 616 1611 680 tollat,
1639 624 1691 670 et
1718 625 1900 668 mutuo

318 716 538 785 jungat,
570 727 674 766 non
697 719 898 765 tantum
925 724 987 764 ex
1022 710 1207 762 timore
1224 708 1333 777 jam
1365 706 1487 761 dicti
1515 707 1777 776 supplicii,
1811 704 1904 759 sed

324 809 482 861 etiam
506 821 570 860 ex
600 805 754 859 liOlliS
794 818 888 874 per
925 802 1196 857 caritatem
1245 802 1425 871 partis.
1460 801 1591 855 Nam
1629 810 1901 870 postquam

326 898 675 952 t’OlllCﬂllOSlS
717 896 805 949 illa
834 896 1188 949 comminatus
1214 903 1313 959 est,
1347 894 1431 948 hic
1463 909 1647 962 magna
1676 908 1900 947 concor-

323 992 423 1043 dia:
454 990 668 1058 pra-mia
693 988 896 1051 statuit,
922 986 1181 1055 siquidem
1213 986 1267 1051 ii,
1313 986 1400 1055 qui
1452 996 1634 1038 mutuo
1680 985 1818 1038 inter
1844 997 1903 1038 se

318 1082 678 1143 consentiunt,
702 1094 729 1130 a
759 1077 915 1131 Patre
956 1078 1241 1146 impetrant
1267 1075 1408 1145 quod
1434 1084 1639 1144 petunt,
1672 1083 1725 1128 et
1751 1073 1903 1128 Chri-

318 1184 454 1226 stum
470 1172 520 1226 in
541 1172 714 1225 medio
732 1170 945 1223 habent.
965 1172 1046 1222 Au
1070 1184 1326 1236 nusquam
1350 1168 1453 1221 duo
1471 1178 1650 1221 mutuo
1671 1182 1901 1221 consen-

321 1266 513 1318 tientes
542 1262 702 1317 sunt?
731 1261 907 1314 Multis
936 1260 986 1312 in
1027 1259 1155 1312 locis
1181 1260 1380 1328 utique,
1406 1259 1510 1311 imo
1536 1258 1667 1311 forte
1687 1258 1897 1327 ubique.

322 1352 601 1419 Quomodo
662 1352 821 1420 igitur
852 1365 956 1403 non
997 1350 1173 1402 omnia
1206 1349 1531 1417 impetrant?
1564 1348 1694 1415 Quia
1726 1349 1903 1401 multa:

321 1454 445 1498 sunt
494 1458 667 1500 causae
692 1458 797 1495 non
850 1440 1186 1511 impetrandi.
1236 1441 1363 1493 Nam
1419 1454 1560 1509 szepe
1583 1440 1668 1494 illa
1721 1449 1904 1509 petunt

322 1551 443 1605 qua:
469 1533 762 1589 concedere
793 1547 895 1585 non
920 1532 1153 1600 expedit.
1197 1531 1398 1600 Ecquid
1443 1530 1671 1596 miraris,
1715 1532 1757 1584 si
1813 1530 1901 1584 alii

325 1641 434 1680 non
482 1627 784 1693 impetrent,
818 1622 1030 1691 quando
1062 1621 1254 1675 Paulus
1281 1622 1439 1675 etiam
1473 1621 1522 1675 id
1559 1636 1744 1691 passus
1785 1629 1901 1687 est,

324 1735 442 1773 cum
466 1717 665 1771 audivit
691 1734 703 1769 :
737 1715 929 1783 Sufﬁcit
959 1714 1046 1766 tibi
1079 1718 1241 1783 gratia
1266 1729 1375 1767 mea
1396 1754 1408 1776 ,
1433 1714 1589 1766 virtus
1631 1712 1760 1765 enim
1795 1728 1903 1765 mea

322 1814 379 1866 in
409 1809 724 1880 inﬁrmitate
743 1807 1018 1876 perﬁcitur
1036 1804 1110 1874 (‘2.
1132 1804 1257 1859 Cor.
1278 1803 1365 1857 1‘2.
1386 1802 1468 1871 9)?
1488 1803 1594 1854 Aut
1611 1801 1685 1854 illi
1703 1802 1795 1870 qui
1819 1816 1903 1869 pe~

329 1910 449 1955 tunt
469 1914 574 1953 non
593 1898 741 1967 digni
762 1904 889 1953 sunt
912 1896 981 1950 iis
996 1894 1323 1965 mquiparari
1346 1895 1437 1963 qui
1460 1894 1571 1948 haec
1592 1892 1899 1956 audierunt,

328 2010 430 2049 nec
449 2008 512 2048 ex
536 2008 592 2047 se
611 1990 849 2045 all‘erunt
870 2005 932 2044 ea
948 2004 1069 2059 qute
1088 1995 1477 2056 competerent;
1500 1986 1613 2054 ipse
1630 1998 1756 2037 vero
1769 1997 1903 2053 apo-

328 2087 596 2141 stolorum
618 2081 828 2138 similes
848 2079 1113 2149 requirit:
1140 2078 1263 2132 ideo
1294 2077 1389 2141 ait,
1412 2074 1493 2127 Ea:
1519 2074 1681 2140 vobis,
1707 2074 1906 2128 virtute

330 2175 596 2247 praeditis,
620 2173 715 2243 qui
748 2171 1047 2242 angelicam
1076 2169 1239 2222 vitam
1276 2164 1563 2221 exhibetis.
1587 2164 1696 2218 Aut
1717 2176 1905 2219 contra

332 2269 593 2323 lzndentes
614 2280 671 2321 se
701 2272 1020 2335 precantur,
1050 2260 1309 2315 ultionem
1336 2267 1389 2312 et
1409 2256 1731 2327 supplicium
1764 2256 1908 2325 ipso-

341 2376 459 2414 rum
496 2357 861 2427 postulantes,
892 2355 945 2408 id
973 2352 1118 2423 quod
1148 2360 1231 2405 est
1263 2349 1627 2420 prohibitum:
1653 2363 1777 2402 nam
1808 2348 1907 2411 ait,

332 2450 630 2505 Precamini
654 2464 746 2517 pro
760 2446 987 2500 inimicis
1003 2443 1183 2497 vestris
1202 2440 1363 2509 (Mat.
1383 2441 1435 2494 5.
1460 2440 1571 2509 Μ).
1584 2439 1622 2492 Α
1633 2446 1687 2493 ut
1705 2439 1823 2493 sine
1836 2438 1911 2492 ul-

334 2546 381 2597 la
398 2540 711 2613 paenitentia
722 2545 1029 2608 peccantes,
1042 2532 1466 2589 miscricordiam
1484 2542 1688 2602 petunt,
1703 2546 1824 2601 quae
1836 2538 1914 2585 ta-
1934 2572 1937 2573 ν

335 2650 457 2689 men
472 2649 577 2688 non
593 2630 867 2701 impetrari
885 2636 1082 2698 potest,
1100 2642 1205 2681 non
1222 2626 1383 2680 modo
1408 2625 1514 2679 illis
1538 2624 1905 2694 precantibus,

337 2727 430 2780 St‘d
449 2726 615 2781 etiam
638 2723 743 2776 alio
762 2737 824 2774 ex
857 2721 923 2774 iis
950 2720 1041 2788 qui
1072 2717 1217 2787 apud
1236 2717 1402 2771 Deum
1434 2715 1683 2770 ﬁduciam
1707 2714 1911 2767 habent

340 2834 438 2885 pro
474 2815 607 2885 ipsis
634 2812 974 2883 postulante:
1010 2808 1473 2878 quemadmodum
1503 2805 1768 2860 Jeremias
1784 2821 1905 2859 cum

335 2920 435 2975 pro
455 2905 657 2963 Judzeis
675 2909 1011 2971 precaretur,
1033 2898 1271 2952 audivit:
1299 2896 1426 2951 Noli
1446 2914 1596 2950 orare
1610 2914 1702 2962 pro
1716 2896 1908 2966 populo

332 2991 445 3054 hoc,
492 2986 609 3056 quia
660 3000 759 3038 non
802 2993 849 3037 te
886 2982 1155 3037 exaudiam
1207 2980 1357 3050 (Jer.
1407 2982 1491 3034 Η.
1537 2980 1663 3049 14).
1695 2980 1751 3037 Si
1784 2998 1911 3036 vero

335 3090 522 3134 cuncta
548 3077 738 3141 adsint,
769 3085 823 3130 et
847 3075 991 3128 utilia
1022 3082 1191 3143 petas,
1237 3073 1483 3144 quodque
1518 3088 1681 3144 penes
1737 3081 1787 3128 te
1831 3083 1913 3129 est

331 3173 542 3236 alteras,
564 3170 725 3222 vitam
754 3167 916 3221 ducas
941 3165 1308 3235 apostolicam,
1336 3164 1675 3218 concordiam
1703 3174 1755 3218 et
1778 3166 1912 3219 cari-

334 3272 494 3317 tatem
525 3275 647 3330 erga
678 3259 974 3329 proximum
1004 3270 1206 3319 serves,
1232 3256 1492 3325 postulata
1522 3255 1862 3325 consequeris
1896 3274 1908 3308 :

334 3354 591 3421 benignus
622 3351 817 3419 quippe
850 3356 934 3403 est
960 3347 1235 3404 Dominus.

404 3446 457 3499 5.
492 3442 691 3497 Deinde
719 3442 837 3510 quia
862 3438 1013 3502 dixit,
1062 3440 1103 3491 Α
1134 3436 1289 3490 Patre
1322 3452 1429 3488 meo
1450 3477 1463 3499 ,
1496 3444 1552 3488 ut
1584 3434 1827 3490 ostendat
1856 3448 1912 3489 se

336 3550 565 3605 quoque,
599 3549 697 3588 nec
726 3531 884 3586 modo
913 3531 1146 3590 Patrem.
1198 3528 1459 3597 postulata
1484 3527 1726 3581 daturum
1754 3542 1875 3581 esse
1895 3567 1909 3591 ,

333 3627 607 3696 subjunxit
636 3643 647 3678 :
683 3623 779 3679 Ubi
804 3624 933 3676 enim
951 3621 1051 3674 duo
1081 3621 1155 3673 vet
1199 3630 1297 3673 tres
1345 3619 1627 3690 congregati
1646 3618 1830 3687 fuerint
1863 3618 1914 3670 iu

336 3722 535 3775 nomine
567 3733 698 3782 meo,
740 3715 845 3768 illic
888 3730 999 3768 sum
1034 3713 1087 3766 in
1130 3710 1292 3765 medio
1320 3727 1513 3765 eorum.
1550 3710 1685 3777 Quid
1711 3710 1911 3779 igitur?

339 3826 512 3866 nonne
559 3816 682 3863 sunt
720 3806 825 3861 duo
854 3805 935 3858 vel
965 3814 1073 3859 tres
1098 3802 1402 3872 congregati
1436 3802 1485 3855 in
1526 3802 1738 3856 nomine
1758 3802 1913 3871 ejus?

339 3904 471 3959 Sunt
515 3900 753 3971 quidem,
806 3897 897 3952 sed
929 3910 1072 3950 raro.
1102 3894 1215 3948 Non
1243 3894 1383 3948 enim
1404 3894 1469 3946 de
1494 3902 1757 3947 conventu
1782 3894 1912 3945 sim-

342 3993 547 4062 pliciter
576 3991 724 4051 dicit,
760 4003 929 4055 neque
962 3985 1063 4039 hoc
1094 3991 1296 4037 tantum
1328 3982 1589 4050 postulat;
1617 3981 1708 4035 sed
1730 3982 1910 4044 etiam,

340 4096 397 4139 ut
422 4097 581 4152 supra
624 4080 730 4133 dixi
757 4119 771 4142 ,
803 4078 937 4130 alias
963 4088 1173 4143 quoque
1200 4072 1442 4126 virtutes.
1491 4070 1690 4125 Deinde
1734 4081 1785 4123 ut
1814 4070 1915 4123 hoc

340 4178 509 4243 ipsum
536 4159 656 4224 cum
686 4181 869 4236 magna
928 4163 1262 4218 accuratione
1304 4169 1466 4230 petat.
1508 4160 1639 4213 Nam
1667 4160 1805 4228 quod
1832 4159 1911 4211 di-

341 4269 443 4332 cit,
474 4259 773 4332 huiusmodi
807 4267 888 4312 est
921 4275 932 4309 :
959 4256 1013 4311 Si
1054 4255 1172 4325 quis
1201 4269 1285 4307 me
1329 4253 1556 4323 priorem
1584 4269 1795 4307 causam
1824 4253 1915 4307 ha-

345 4360 466 4411 beat
508 4351 707 4406 amoris
734 4364 857 4419 erga
906 4347 1226 4417 proximum,
1272 4360 1393 4398 cum
1435 4344 1524 4399 illo
1551 4359 1666 4409 ero,
1711 4345 1753 4397 si
1786 4344 1915 4398 alias

339 4460 551 4518 quoque
570 4444 791 4496 virtutes
813 4438 1098 4509 possideat.
1122 4435 1271 4492 Nunc
1295 4445 1470 4491 autem
1494 4435 1751 4505 plurimos
1773 4436 1917 4490 vide-

344 4554 461 4593 mus
485 4577 503 4603 ,
529 4534 617 4605 qui
661 4533 792 4588 alias
823 4532 1068 4585 amicitiae
1114 4543 1302 4584 causas
1352 4528 1565 4583 habent.
1598 4528 1746 4583 Alius
1773 4528 1915 4583 enim

341 4631 464 4700 quia
512 4635 720 4681 amatur
739 4633 905 4687 amat;
952 4623 1087 4676 alius
1130 4622 1250 4690 quia
1302 4621 1591 4675 honoratus
1620 4622 1752 4685 fuit;
1782 4621 1916 4675 alius

343 4720 467 4790 quia
499 4719 550 4771 in
577 4718 752 4785 aliquo
780 4712 1018 4769 saeculari
1042 4712 1251 4781 negotio
1278 4711 1536 4781 quiSpiam
1557 4712 1604 4765 ei
1625 4712 1765 4765 utilis
1785 4711 1914 4775 fuit;

341 4813 476 4865 alius
503 4809 571 4863 ob
594 4808 751 4860 aliam
782 4804 1006 4859 similem
1031 4817 1278 4865 causam;
1324 4810 1379 4854 at
1423 4801 1638 4858 difﬁcile
1658 4810 1739 4856 est
1763 4818 1917 4871 repe-

345 4903 452 4956 rire
482 4897 783 4971 quempiam
817 4896 905 4966 qui
957 4894 1252 4964 proximum
1303 4901 1518 4963 propter
1567 4893 1833 4949 Christum
1864 4904 1920 4948 ut

347 4999 559 5063 oportet
584 4998 744 5043 amet.
779 4987 995 5041 Plurimi
1016 4986 1157 5039 enim
1186 4986 1527 5039 smeularibus
1554 4986 1778 5055 negotiis
1804 5002 1919 5040 mu-

349 5095 437 5139 tuo
465 5082 619 5137 vincti
642 5089 783 5135 sunt.
818 5079 1012 5134 Verum
1043 5092 1147 5132 non
1198 5077 1393 5131 Paulus
1435 5078 1512 5132 sic
1554 5078 1799 5143 amabat,
1828 5078 1919 5132 sed

350 5228 1681 5251 Μ

1123 224 1177 277 S.
1212 223 1490 279 JOANNIS
1528 221 1999 278 CllliYSOSTOMI
2035 224 2343 281 ARCilll‘ZP.
2390 230 2918 288 CONSTANTINOP.

2016 349 2229 409 propter
2252 340 2517 397 Christum
2537 363 2551 408 ;
2571 345 2689 401 ideo
2710 350 2950 418 quamvis
2970 364 3073 403 non
3099 359 3297 404 emtum
3320 362 3592 408 amaretur

2012 442 2265 499 quantum
2288 435 2532 499 amabat,
2565 452 2667 491 non
2694 437 2941 493 dissnlvit
2988 441 3282 505 caritatem,
3310 442 3433 511 quia
3464 444 3590 496 vali-

2010 522 2131 574 dam
2158 526 2352 578 amoris
2388 526 2617 581 radicem
2644 528 2865 598 jecerat.
2896 532 2961 585 At
2990 547 3130 588 nunc
3153 547 3239 587 res
3284 548 3387 587 non
3416 534 3485 588 ita
3531 550 3592 591 se

2009 612 2166 669 habet
2194 634 2207 670 :
2239 616 2332 670 sed
2360 618 2402 670 si
2435 619 2610 673 omnia
2635 621 2971 689 exploremus
2997 664 3011 688 ,
3044 623 3180 693 apud
3226 625 3418 679 multos
3446 625 3589 678 inve-

2009 705 2218 762 niemus
2243 709 2491 763 amicitize
2514 726 2701 764 causas
2729 713 2887 783 longe
2918 713 3176 769 diversas.
3210 713 3359 782 Quod
3399 716 3443 768 si
3474 716 3590 785 quis

2008 797 2133 851 mihi
2162 800 2478 855 concederet
2511 803 2560 856 in
2593 812 2733 856 tanta
2764 805 3095 861 multitudine
3118 822 3227 862 rem
3250 808 3554 861 examinare
3573 851 3587 875 ,

2008 889 2351 945 ostenderem
2381 892 2573 946 multos
2604 895 2945 949 sa‘cularibus
2975 896 3039 949 de
3066 897 3241 953 causis
3272 908 3455 951 mutuo
3500 898 3581 952 de

2007 982 2215 1037 vinctos
2245 998 2383 1038 esse.
2406 984 2460 1037 Id
2486 986 2623 1055 quod
2650 987 2807 1040 etiam
2837 987 3172 1043 manifestum
3198 998 3357 1043 estex
3390 990 3451 1043 iis
3473 1006 3591 1060 qua:

2006 1073 2394 1128 inimicitiarum
2424 1090 2597 1129 causa:
2624 1086 2764 1129 sunt.
2793 1077 2924 1145 Quia
2968 1094 3033 1131 ex
3074 1077 3229 1133 ﬂuxis
3278 1078 3581 1148 hujusmodi

2005 1165 2169 1220 rebus
2198 1176 2380 1221 mutuo
2410 1167 2640 1223 devincti
2671 1179 2791 1223 sunt
2814 1148 2979 1232 ,.hinc
3012 1171 3069 1224 ﬁt
3096 1182 3150 1225 ut
3177 1187 3272 1226 nec
3294 1170 3585 1237 ferventer,

2006 1272 2106 1311 nec
2130 1269 2383 1327 perpetuo
2411 1261 2707 1315 vinciantur
2738 1284 2748 1317 :
2782 1263 2874 1316 sed
2904 1264 2983 1317 vel
3012 1265 3351 1331 contumelia,
3382 1266 3459 1319 vel
3492 1281 3587 1335 pe-

2005 1350 2277 1403 cuniarum
2310 1350 2708 1417 detrimentum,
2751 1354 2833 1408 vel
2867 1354 3081 1420 invidia,
3111 1355 3193 1409 vel
3226 1371 3372 1409 vana:
3397 1356 3583 1425 gloria:

2004 1457 2173 1508 amor,
2206 1442 2288 1496 vel
2316 1443 2440 1513 quid
2469 1445 2641 1498 simile
2662 1486 2674 1506 ,
2709 1446 2752 1501 si
2774 1446 3009 1508 accidat,
3062 1447 3347 1501 amicitiam
3396 1447 3576 1500 Solvit.

2003 1532 2117 1587 Non
2145 1534 2287 1587 enim
2326 1534 2652 1601 spiritualcm
2682 1536 2881 1590 invenit
2929 1536 3180 1590 radicem.
3229 1536 3357 1604 Quae
3396 1537 3439 1592 si
3469 1539 3589 1592 talis

2004 1632 2176 1687 esset,
2208 1624 2348 1678 nulla
2392 1626 2723 1680 saecularium
2773 1642 2949 1681 rerum
2989 1629 3278 1697 Spiritnalia
3330 1630 3586 1684 Solveret.

2005 1715 2208 1769 Caritas
2232 1718 2370 1770 enim
2421 1732 2479 1771 ea
2502 1759 2516 1783 ,
2557 1734 2673 1787 qua:
2702 1729 2915 1788 propter
2949 1717 3215 1773 Christum
3242 1729 3324 1774 est
3344 1760 3357 1783 ,
3404 1720 3551 1773 ﬁrma
3571 1763 3585 1783 ,

2006 1806 2205 1861 stabilis
2231 1806 2526 1875 inviclaquc
2556 1817 2658 1871 est,
2690 1810 3084 1879 nihilqueillam
3108 1811 3301 1880 poterit
3326 1812 3580 1876 avellere,

2007 1911 2110 1951 non
2150 1898 2447 1963 caluinnim,
2482 1915 2584 1952 non
2615 1900 2867 1969 pericula,
2900 1914 3003 1954 non
3032 1910 3249 1966 mortes,
3289 1914 3394 1955 non
3444 1900 3588 1954 aliud

2007 1987 2128 2056 quid
2157 1988 2346 2042 simile.
2378 1987 2593 2043 Etiamsi
2620 1990 2761 2043 enim
2789 1990 2875 2060 qui
2901 1989 2977 2043 sic
2996 1999 3139 2043 amat
3162 2005 3426 2044 (l‘l‘limllas
3447 1991 3590 2043 mille

2015 2081 2307 2141 pateretur,
2329 2089 2443 2127 non
2464 2071 2764 2138 desisteret,
2784 2090 3001 2129 causam
3027 2079 3231 2131 amoris
3267 2080 3349 2132 sui
3377 2095 3592 2150 semper

2014 2161 2084 2215 ob
2101 2161 2285 2216 oculos
2314 2160 2537 2216 habens.
2559 2161 2796 2233 Namqui
2817 2175 2961 2220 amat
2978 2175 3035 2220 ut
3054 2177 3287 2233 ametur,
3309 2167 3352 2222 si
3372 2169 3500 2237 quid
3524 2172 3598 2223 in-

2012 2262 2225 2321 gratum
2246 2252 2468 2312 viderit.
2489 2252 2903 2307 solvitamorem
2928 2274 2939 2308 :
2963 2256 3055 2324 qui
3082 2272 3209 2311 vero
3230 2258 3351 2312 inde
3378 2260 3597 2314 vinctus

2012 2351 2117 2408 est,
2140 2357 2415 2413 nunquam
2455 2340 2715 2396 discedet.
2743 2342 2863 2398 Ideo
2886 2344 3087 2401 Paulus
3110 2347 3326 2402 dicebat
3350 2368 3361 2403 :
3384 2350 3596 2404 Caritas

2015 2449 2297 2502 numquam
2316 2430 2513 2485 excidit
2531 2432 2576 2499 (Ι
2592 2431 2736 2486 .Cor.
2764 2435 2846 2487 15.
2865 2434 3091 2501 8).Quid
3114 2438 3257 2491 enim
3278 2440 3456 2493 dicere
3472 2454 3593 2511 pos-

2010 2529 2125 2583 sis?
2159 2544 2225 2582 an
2268 2528 2406 2598 quod
2460 2527 2752 2583 honoratus
2782 2538 2833 2583 te
2862 2530 3181 2583 contumelia
3207 2529 3479 2584 atiecerit?
3510 2530 3593 2585 vel

2010 2618 2148 2690 quod
2176 2616 2431 2673 beneﬁcio
2452 2617 2695 2683 aliectus,
2751 2626 2803 2672 te
2841 2618 3087 2673 occidere
3118 2619 3386 2673 voluerit?
3420 2620 3523 2674 Sed
3550 2620 3593 2674 si

2010 2718 2226 2780 propter
2254 2708 2521 2763 Christum
2567 2708 2742 2777 diligis
2763 2749 2777 2773 ,
2831 2707 2880 2762 id
2916 2718 2965 2762 te
3008 2708 3073 2762 ad
3105 2708 3358 2777 majorem
3391 2709 3593 2764 inducit

2012 2803 2309 2857 caritatem.
2334 2802 2465 2856 Nam
2493 2818 2609 2870 qua:
2633 2801 2683 2855 in
2713 2802 2829 2856 aliis
2851 2802 3189 2857 dilectionem
3221 2812 3487 2870 evertunt,
3513 2803 3597 2857 hic

2013 2895 2152 2952 illam
2189 2896 2489 2949 conciliant.
2533 2894 2848 2967 Quomodo?
2878 2894 3076 2959 l'rimo,
3125 2896 3244 2965 quia
3296 2896 3417 2949 talis
3440 2896 3597 2948 homo

2014 2984 2278 3040 mercedis
2311 2985 2402 3038 tibi
2434 2999 2590 3038 causa
2645 2993 2760 3048 est;
2813 2982 3067 3049 secundo,
3118 2985 3238 3053 quia
3280 2984 3366 3038 ille
3412 2983 3597 3054 majori

2014 3083 2129 3145 eget
2160 3089 2261 3143 ope
2290 3084 2343 3128 et
2369 3074 2680 3128 ministerio.
2718 3072 2915 3128 Idcirco
2948 3074 3033 3143 qui
3073 3074 3151 3128 sic
3180 3084 3342 3140 amat,
3376 3091 3477 3129 non
3509 3089 3597 3145 ge-

2015 3179 2115 3219 nus
2141 3163 2397 3233 explorat,
2448 3180 2552 3218 non
2603 3164 2850 3234 patriam,
2893 3178 2996 3219 non
3029 3163 3260 3227 divitias,
3295 3180 3398 3218 non
3427 3180 3593 3235 quatt-

2015 3265 2122 3312 tnm
2176 3256 2499 3321 redamelur,
2549 3272 2651 3310 non
2701 3255 2841 3309 aliud
2897 3255 3071 3310 simile
3116 3254 3383 3325 quidpiam
3438 3274 3449 3308 :
3502 3254 3593 3309 sed

2015 3347 2219 3403 etiamsi
2247 3346 2368 3400 odio
2393 3347 2672 3411 habeatur,
2724 3346 2930 3400 etiamsi
2962 3346 3276 3401 contumelia
3304 3346 3597 3409 afﬁciatur,

2015 3439 2217 3496 etiamsi
2271 3437 2574 3504 occidatur,
2645 3438 2699 3492 in
2746 3451 2927 3492 amore
2972 3446 3305 3508 perseverat,
3354 3437 3597 3491 idoneam

2018 3532 2215 3586 habens
2246 3529 2454 3584 amandi
2485 3544 2696 3584 causam
2723 3570 2735 3592 ,
2764 3543 2997 3582 amorem
3030 3528 3222 3582 Christi
3246 3545 3259 3582 :
3279 3537 3599 3597 quaprOpter

2017 3623 2081 3676 ad
2115 3622 2257 3675 illum
2286 3620 2579 3690 respiciens
2601 3626 2703 3673 stat
2731 3618 2884 3683 ﬁxus,
2915 3618 3118 3683 firmus,
3145 3618 3447 3672 immobilis.
3474 3616 3600 3671 Nam

2016 3711 2259 3766 Christus
2291 3710 2363 3763 sic
2391 3708 2574 3762 dilexit
2608 3707 2870 3772 inimicos,
2894 3708 3146 3777 ingratos,
3169 3707 3601 3770 contumeliosos,

2019 3801 2380 3871 blasphemos,
2430 3814 2489 3854 se
2518 3798 2777 3863 odicntes,
2809 3812 2902 3852 eos
2932 3798 3019 3866 qui
3066 3812 3132 3852 ne
3181 3798 3453 3867 respicere
3479 3799 3600 3867 qui-

2018 3895 2137 3949 dem
2163 3895 2311 3948 illum
2340 3892 2688 3956 sustinebant,
2713 3892 2798 3961 qui
2832 3891 2969 3960 ligna
2998 3898 3052 3945 et
3081 3889 3282 3960 lapides
3324 3889 3422 3958 ipsi
3450 3900 3601 3943 ante-

2020 3986 2321 4055 ponebant;
2352 3984 2449 4038 hos
2476 3983 2658 4037 dilexit
2686 3998 2935 4052 suprema
2962 3982 3211 4047 caritate,
3241 3982 3325 4037 cui
3377 3997 3471 4051 par
3518 3979 3601 4034 in-

2021 4078 2185 4133 veniri
2216 4077 2418 4146 nequit.
2450 4075 2578 4130 Nam
2609 4076 2681 4128 ait
2711 4092 2722 4127 :
2755 4074 3007 4145 Majorcm
3054 4076 3147 4127 hac
3172 4077 3429 4127 caritatem
3457 4088 3605 4125 nemo

2023 4170 2200 4233 habet,
2250 4178 2302 4219 ut
2343 4168 2565 4219 animam
2607 4183 2749 4220 suam
2794 4176 2945 4235 ponat
2987 4167 3096 4235 quis
3145 4182 3237 4234 pro
3275 4166 3449 4218 amicis
3501 4165 3604 4218 suis

2023 4260 2215 4333 (Joan.
2251 4258 2485 4328 15.15).
2536 4257 2657 4311 Illos
2696 4272 2821 4311 vero
2863 4257 2951 4327 qui
3001 4258 3167 4327 ipsum
3197 4257 3599 4319 crucifixeruut,

2022 4351 2214 4423 quique
2242 4360 2388 4403 tanto
2431 4349 2607 4403 furore
2648 4357 2828 4403 contra
2875 4349 3047 4418 ipsum
3093 4349 3443 4413 insanierunt,
3486 4348 3606 4402 vide

2022 4452 2274 4514 quantum
2305 4449 2472 4495 curet.
2526 4439 2657 4493 Nam
2711 4441 2919 4494 Patrem
2961 4441 3254 4509 alloquens,
3302 4441 3377 4495 sic
3411 4440 3476 4494 de
3506 4440 3605 4493 illis

2024 4536 2097 4589 ait
2128 4551 2141 4587 :
2170 4531 2379 4585 Dimitte
2408 4530 2545 4595 illis;
2570 4531 2793 4585 nesciunt
2822 4530 2951 4584 enim
2974 4532 3091 4595 quid
3113 4532 3301 4600 faciunt
3325 4529 3485 4601 (Luc.
3512 4529 3606 4583 23.

2023 4624 2156 4695 54).
2194 4623 2490 4693 Discipulos
2519 4637 2725 4691 quoque
2757 4631 2937 4691 postea
2976 4622 3039 4675 ad
3084 4623 3226 4691 ipsos
3269 4621 3431 4676 misit.
3463 4620 3607 4675 lianc

2026 4717 2183 4785 igitur
2207 4729 2305 4768 nos
2334 4728 2540 4782 quoque
2568 4714 2841 4766 caritatem
2885 4712 3171 4778 imitemur,
3197 4722 3249 4765 et
3273 4712 3408 4766 hanc
3436 4714 3606 4781 respi-

2026 4806 2245 4866 ciamus.
2277 4813 2334 4857 ut
2364 4804 2655 4857 imitatores
2682 4803 2877 4857 Christi
2908 4802 3102 4866 elIccti,
3126 4813 3177 4857 et
3207 4803 3320 4856 hrec
3352 4812 3405 4856 et
3435 4802 3609 4857 futura

2033 4897 2169 4951 bona
2198 4908 2603 4964 consequamur,
2630 4895 2799 4963 gratia
2828 4903 2884 4949 et
2909 4895 3232 4963 benignitate
3263 4894 3470 4948 Domini
3514 4910 3607 4946 no-

2026 4987 2271 5043 striJesu
2302 4985 2521 5050 Christi,
2566 4986 2648 5041 cui
2684 4986 2847 5056 gloria
2894 4995 2948 5040 et
2984 4987 3260 5056 imperium
3312 4987 3362 5041 in
3417 4988 3610 5041 S'tClil-‘l

2029 5080 2360 5133 Steculorum.
2404 5079 2594 5132 Amen.

3286 5232 3605 5243 —-——_~

1577 5303 1921 5364 HOMILIA
1961 5304 2126 5365 LXI.
2174 5304 2259 5365 al.
2305 5304 2499 5364 LXII.

355 5462 481 5521 Car.
513 5464 597 5518 18.
630 5478 685 5517 v.
715 5462 803 5516 21.
839 5459 976 5513 Tune
1017 5457 1253 5510 accedens
1303 5456 1369 5507 ad
1416 5455 1558 5507 illum
1616 5452 1793 5506 Petrus
1841 5453 1922 5504 di-

424 5556 497 5609 a‘it
524 5571 540 5607 :
579 5554 791 5608 Domine
810 5594 823 5617 ,
853 5552 1041 5621 quoties
1073 5548 1288 5617 peccabit
1316 5548 1364 5598 in
1394 5562 1471 5597 me
1500 5548 1654 5615 frater
1683 5560 1816 5595 meus
1837 5586 1849 5605 ,
1882 5552 1923 5593 et

431 5649 677 5701 dimittant
704 5648 786 5701 ei?
814 5659 968 5714 usque
992 5640 1208 5711 septies?
1237 5638 1325 5691 9.9..
1364 5636 1494 5690 Dit'il
1524 5638 1565 5689 ci
1592 5636 1771 5702 Jesus,
1809 5633 1925 5688 Non

2103 5455 2215 5507 dico
2256 5454 2341 5505 tibi
2364 5468 2521 5522 usque
2548 5451 2727 5517 septies
2752 5491 2765 5514 ,
2794 5453 2882 5503 sed
2910 5466 3059 5518 usque
3087 5451 3364 5520 septuagies
3402 5447 3598 5519 septies.

2105 5540 2154 5591 ‘l.
2177 5537 2417 5604 Magnum
2440 5534 2566 5605 quid
2588 5549 2644 5588 sc
2666 5533 2845 5588 dicere
2870 5536 3083 5602 putabat
3106 5534 3317 5594 Petrus,
3346 5533 3462 5585 ideo
3484 5550 3605 5601 qua-

2034 5629 2075 5682 si
2107 5644 2215 5682 rem
2259 5627 2520 5696 ingentem
2564 5633 2803 5679 statuens
2848 5624 3055 5678 intulit:
3094 5623 3261 5694 Usque
3298 5624 3519 5693 :cptits?
3551 5623 3611 5677 ιιι
