3990 6216
355 243 457 297 531i

354 357 494 427 quod
524 357 698 412 facere
725 356 928 425 jussisti
950 399 962 421 ,
999 353 1163 423 inquit
1190 395 1203 420 ,
1233 355 1441 423 quoties
1470 348 1702 405 faciam?
1731 347 1860 401 Nam
1889 345 1932 398 si

354 464 570 518 semper
613 449 948 519 peccaverit,
1001 459 1247 515 su‘peque
1293 444 1521 496 monitus
1564 439 1930 511 pmnitentiam

353 541 558 611 egerit,
594 540 802 610 quoties
831 539 942 592 lucc
970 553 1066 592 nos
1096 537 1321 590 tolerare
1349 532 1542 603 jnbes?
1572 533 1650 586 llli
1676 531 1816 586 enim
1844 530 1934 599 qui

355 645 456 684 nec
479 631 842 700 paenitentiam
866 631 992 698 agit,
1018 643 1115 682 nec
1132 628 1362 695 seipsum
1385 625 1623 686 datnnat,
1651 622 1933 676 termiutim

356 724 616 792 posuisti,
647 721 830 776 dicens
855 740 867 775 :
912 721 990 775 Sit
1017 721 1104 775 tibi
1132 721 1277 788 quasi
1305 719 1530 772 ethnicus
1560 726 1606 769 et
1637 716 1935 784 publicanus

355 815 569 884 (Matth.
593 815 676 869 18.
699 816 815 885 I7);
840 814 960 868 huic
983 828 1109 867 vero
1135 828 1238 866 non
1268 813 1414 876 item,
1440 811 1530 865 sed
1553 811 1756 880 jnssisti
1784 811 1931 863 illum

356 909 584 963 admitti.
609 909 828 976 Quoties
852 909 1011 978 igitur
1034 908 1206 976 ipsum
1235 906 1400 961 feram
1423 906 1722 960 convictum
1747 915 1795 960 et
1822 921 1934 973 pm-

355 1001 652 1055 nitentem?
675 999 934 1054 sufﬁcitne
980 1015 1144 1066 us-jue
1187 999 1414 1067 septies?
1443 999 1575 1065 Quid
1600 998 1757 1067 igitur
1779 997 1932 1051 Chri-

356 1102 471 1144 stus
499 1092 759 1157 benignus
786 1091 875 1144 ille
906 1099 959 1144 et
989 1089 1160 1143 bonus
1213 1091 1383 1166 ‘Deus
1413 1091 1428 1120 ¹
1457 1090 1481 1142 ?
1558 1088 1678 1142 Non
1709 1089 1820 1141 dico
1848 1088 1936 1141 tibi

354 1198 511 1251 usque
535 1183 715 1250 septies
739 1197 756 1234 :
786 1182 874 1234 sed
899 1197 1052 1250 usque
1078 1181 1358 1250 septuagies
1375 1181 1575 1249 septies.
1609 1179 1721 1234 Non
1747 1195 1931 1234 nume-

356 1290 475 1328 rum
527 1274 709 1327 statuit
754 1272 874 1336 hic,
921 1271 1014 1326 sed
1058 1273 1288 1339 inlinite,
1345 1281 1599 1341 perpetuo
1640 1282 1692 1325 et
1723 1287 1933 1340 semper

356 1365 613 1428 denotat;
659 1365 794 1418 sicut
820 1363 959 1418 enim
992 1363 1184 1418 millies
1225 1379 1367 1433 sa‘pe
1413 1364 1606 1432 smpius
1636 1363 1930 1432 signiﬁcat,

357 1457 426 1507 ita
449 1465 504 1508 et
526 1453 722 1508 dictmn
746 1454 1011 1522 superius.
1045 1453 1174 1508 Illud
1202 1453 1344 1506 enim
1372 1470 1384 1506 :
1419 1453 1618 1508 Sterilis
1647 1454 1835 1522 peperit
1858 1470 1936 1506 se-

356 1559 490 1615 ptem
532 1545 623 1616 (I.
656 1545 778 1616 Reg.
811 1546 865 1600 2.
895 1546 996 1614 5),
1029 1545 1096 1600 de
1138 1545 1316 1599 multis
1349 1546 1398 1598 in
1428 1545 1697 1614 Scriptura
1731 1545 1929 1599 intelli-

352 1640 515 1707 gitur.
545 1635 726 1706 Itaque
751 1637 1119 1690 remissionem
1154 1651 1256 1689 non
1287 1652 1506 1690 numero
1528 1637 1807 1698 conclusit,
1839 1637 1932 1691 sed

354 1739 612 1796 perpetuo
661 1736 714 1781 et
760 1741 974 1796 semper
1027 1726 1425 1781 concedendam
1483 1727 1787 1796 signiﬁcat:
1834 1727 1934 1782 hoc

355 1823 498 1872 enim
530 1835 624 1889 per
649 1830 958 1890 sequentem
991 1821 1293 1890 parabolam
1326 1820 1541 1875 iudicat.
1567 1821 1642 1875 Nc
1666 1821 1935 1875 videretur

352 1911 497 1964 enim
530 1927 778 1981 magnum
807 1913 930 1982 quid
963 1923 1015 1967 et
1043 1928 1329 1967 onerosum
1362 1915 1650 1984 praecipere
1680 1914 1931 1982 dicendo,

354 2005 656 2074 Septuagies
699 2006 897 2074 septies,
933 2004 1136 2060 addidit
1167 2005 1302 2061 hanc
1337 2007 1659 2076 parabolam,
1694 2009 1846 2064 simul
1882 2010 1930 2064 id

352 2094 496 2163 quod
527 2095 735 2150 dixerat
765 2096 1072 2164 insinuans,
1103 2104 1157 2151 et
1181 2111 1302 2152 eum
1333 2099 1420 2167 qui
1451 2097 1549 2153 hac
1574 2099 1641 2153 de
1668 2114 1824 2154 causa
1853 2101 1930 2153 al-

355 2195 466 2238 tum
503 2193 714 2254 saperet
743 2187 1039 2256 reprimens
1059 2229 1073 2253 ,
1118 2187 1510 2256 ostendensque
1542 2205 1652 2243 rem
1680 2204 1785 2244 non
1816 2204 1933 2244 esse

353 2275 572 2329 arduam
591 2317 604 2341 ,
637 2276 742 2330 itno
771 2277 924 2332 valde
954 2277 1184 2334 facilem.
1219 2278 1342 2334 Ideo
1372 2280 1750 2349 benignitatem
1781 2279 1931 2336 su‘am

356 2368 408 2419 in
451 2367 681 2421 medium
720 2368 977 2436 adduxit,
1014 2378 1072 2424 ut
1106 2385 1173 2424 ex
1210 2372 1605 2441 comparatione
1643 2371 1851 2437 discas,
1884 2384 1935 2428 te

355 2459 596 2527 quamvis
622 2460 923 2530 septuagies
949 2464 1146 2531 septies
1177 2461 1412 2516 dimittas
1429 2504 1442 2526 ,
1472 2462 1579 2516 imo
1604 2464 1782 2517 omnia
1807 2479 1932 2532 pec-

355 2560 472 2603 cata
518 2551 761 2620 proximo
801 2566 1012 2621 semper
1045 2552 1319 2608 condones
1340 2595 1352 2618 ,
1382 2553 1528 2622 quasi
1558 2553 1753 2606 stillam
1785 2569 1936 2622 aqua:

357 2639 543 2708 pelago
571 2650 928 2707 ciimparatam
950 2683 965 2707 ,
998 2642 1106 2696 itno
1146 2641 1304 2713 longe
1332 2643 1592 2696 minorem
1621 2657 1740 2697 esse
1769 2643 1933 2696 mise-

355 2729 639 2784 ricordiam
672 2730 814 2784 illam
835 2771 849 2795 ,
880 2732 922 2784 si
949 2747 1072 2788 cum
1104 2733 1362 2788 immensa
1398 2733 1490 2788 Dei
1520 2733 1755 2787 bonitate
1785 2749 1934 2787 com-

354 2829 575 2890 paretur
597 2862 613 2886 ,
646 2837 747 2890 qua
780 2837 914 2892 opus
953 2821 1150 2888 habes,
1184 2838 1303 2878 cum
1347 2823 1542 2879 debeas
1584 2825 1637 2878 in
1676 2824 1935 2892 judicium

355 2909 545 2964 abduci
567 2919 620 2964 ct
641 2911 874 2966 rationes
895 2912 1133 2967 reddere.
1162 2913 1284 2968 Ideo
1313 2914 1588 2984 subjunxit
1615 2935 1626 2969 :
1658 2915 1748 2970 25.
1778 2907 1938 2970 Simi-

356 3002 403 3054 Ie
430 3013 501 3055 est
522 3019 732 3074 regnum
759 3007 995 3059 ctelorum
1021 3006 1212 3059 homini
1238 3007 1364 3077 regi,
1396 3007 1482 3075 qui
1508 3006 1664 3060 voluit
1687 3009 1936 3062 rationem

356 3113 541 3163 ponere
562 3113 676 3149 cum
705 3099 856 3151 servis
881 3101 1004 3152 suis.
1035 3099 1131 3152 2,5.
1163 3100 1226 3152 Et
1253 3115 1367 3152 cum
1393 3100 1618 3168 coepisset
1643 3115 1828 3170 ponere
1847 3118 1934 3154 ra-

355 3191 561 3250 tionem,
589 3191 783 3244 oblatus
809 3200 878 3244 cst
903 3193 944 3244 ei
975 3208 1106 3244 unus
1126 3193 1212 3261 qui
1244 3192 1448 3245 debebat
1477 3191 1646 3246 decem
1677 3192 1836 3246 millia
1859 3204 1935 3247 la-

353 3279 507 3332 lcnta.
539 3279 629 3333 9.5.
665 3279 782 3333 Non
809 3281 1022 3336 habente
1049 3294 1219 3335 autem
1245 3299 1302 3335 eo
1331 3282 1464 3336 unde
1493 3283 1722 3336 redderet
1746 3325 1759 3346 ,
1783 3284 1936 3353 jussit

355 3371 498 3422 tendi
531 3387 644 3424 eum
664 3413 678 3435 ,
707 3382 756 3425 et
784 3389 990 3426 uxorem
1015 3375 1035 3404 ¹
1067 3383 1112 3426 et
1142 3373 1275 3442 ﬁlios
1303 3383 1348 3426 et
1377 3374 1546 3426 omnia
1575 3390 1687 3442 quae
1715 3374 1930 3430 haberet.

357 3462 557 3517 Ili-inde
573 3479 694 3516 cum
719 3464 1137 3519 misericordiam
1157 3465 1487 3533 impetrasset
1515 3464 1623 3527 ille.
1643 3465 1732 3519 28.
1758 3464 1938 3534 Egres-

353 3571 440 3608 sus
466 3571 756 3608 conservum
794 3555 1048 3611 debentem
1075 3557 1170 3611 sibi
1212 3569 1404 3611 centum
1452 3557 1681 3611 denarios
1709 3556 1933 3622 stt/Ioca-

351 3647 481 3710 bat;
518 3662 684 3716 quare
711 3657 1009 3702 commotus
1049 3647 1330 3714 dominus,
1379 3650 1549 3720 ipsum
1583 3651 1632 3703 iu
1662 3665 1931 3705 carcerem

349 3739 546 3807 conjici
574 3739 752 3807 jussit,
785 3740 954 3795 donec
987 3749 1153 3795 totum
1184 3741 1433 3795 solveret.
1468 3741 1648 3795 Viden’
1677 3751 1927 3811 quantum

347 3833 422 3885 sit
449 3830 736 3887 discrimen
765 3833 902 3888 inter
928 3841 1142 3902 peccata
1171 3833 1222 3886 in
1254 3832 1544 3897 hominem,
1572 3845 1624 3887 et
1652 3834 1701 3886 in
1732 3835 1932 3888 Deum?

345 3922 621 3987 Quantum
641 3924 843 3979 scilicet
862 3925 1146 3980 discrimen
1178 3927 1313 3980 inter
1327 3924 1511 3980 decem
1531 3926 1690 3979 millia
1712 3919 1926 3993 talenta,

343 4027 404 4072 et
430 4026 643 4071 centum
668 4016 942 4082 denarios;
972 4018 1079 4072 imo
1115 4018 1280 4072 multo
1307 4019 1494 4088 majus.
1526 4016 1580 4071 Id
1606 4027 1782 4072 autem
1810 4033 1932 4072 eve-

346 4111 426 4162 nit
461 4118 575 4162 tum
603 4124 667 4162 ex
698 4108 994 4164 dilfereutia
1029 4125 1373 4180 personarmn
1395 4152 1410 4172 ,
1444 4119 1551 4164 tum
1583 4125 1645 4164 ex
1680 4118 1928 4179 peccato—

345 4218 471 4256 rum
505 4201 820 4270 frequentia.
847 4201 1072 4256 Ilomine
1104 4217 1330 4271 namque
1357 4202 1565 4256 vidente
1587 4243 1601 4268 ,
1633 4217 1926 4266 cessamus,

345 4310 449 4348 nec
480 4309 704 4362 peccare
736 4293 1026 4358 audemus;
1063 4294 1171 4348 Deo
1199 4304 1374 4348 autem
1414 4295 1650 4363 quotidie
1681 4293 1926 4360 vidente,

345 4402 457 4438 non
494 4400 742 4440 veremur
763 4427 777 4448 ,
807 4385 913 4438 imo
939 4385 1097 4439 etiam
1127 4384 1303 4437 omnia
1345 4383 1604 4453 intrepide
1632 4382 1857 4437 facimus
1877 4393 1931 4437 et

339 4477 597 4529 dicimus.
630 4474 810 4543 Neque
839 4475 959 4528 hinc
987 4476 1144 4529 modo
1165 4517 1178 4536 ,
1207 4475 1298 4529 sed
1326 4476 1482 4528 etiam
1513 4491 1543 4528 a
1574 4475 1851 4529 beneﬁciis
1877 4485 1930 4530 ct

337 4569 412 4622 ab
448 4567 656 4620 honore
685 4583 792 4637 quo
820 4566 1043 4620 fruin'mr
1070 4567 1310 4636 graviora
1353 4575 1566 4633 peccata
1610 4565 1923 4620 redduntur.

339 4658 488 4712 Etsi
537 4658 746 4713 discere
788 4657 984 4723 vultis,
1016 4655 1283 4726 quomodo
1325 4656 1431 4711 sint
1475 4656 1635 4709 millia
1686 4655 1883 4710 talenta
1909 4697 1924 4720 ,

339 4749 454 4802 imo
485 4748 654 4802 multo
682 4748 832 4817 plura
865 4748 916 4801 in
962 4747 1126 4800 Deum
1174 4755 1386 4816 peccata
1408 4785 1421 4806 .
1454 4744 1503 4798 id
1536 4745 1716 4813 paucis
1745 4745 1922 4813 expri-

335 4855 494 4893 mere
511 4848 769 4908 satagam.
799 4838 902 4892 Sed
924 4840 1084 4892 timeo
1106 4837 1272 4901 neiis,
1299 4837 1385 4906 qui
1407 4834 1471 4889 ad
1494 4835 1778 4904 nequitiam
1803 4848 1928 4903 pro-

337 4932 394 4984 ni
428 4944 588 4992 sunt,
617 4931 814 4998 quique
855 4929 1159 4998 frequenter
1199 4935 1420 4998 peccant
1444 4967 1457 4990 ,
1489 4925 1744 4994 majorem
1787 4941 1924 4994 pra:-

337 5025 500 5079 beam
535 5023 802 5077 licentiam
823 5065 836 5086 ,
873 5037 1003 5077 neve
1034 5022 1383 5076 modestiores
1413 5021 1464 5074 in
1496 5019 1923 5085 desperationem

337 5115 630 5183 conjiciam
649 5156 662 5176 ,
687 5122 741 5166 et
770 5131 834 5166 ue
861 5113 1084 5182 idipsmn
1116 5113 1255 5182 quod
1284 5112 1523 5180 discipuli
1550 5112 1728 5166 dicant
1752 5128 1764 5163 :
1799 5110 1924 5177 Quis

335 5217 504 5277 potest
531 5207 719 5260 salvari
740 5205 1018 5276 (.llurc.'l0.
1037 5205 1153 5276 9.6)?
1171 5205 1520 5259 Nihilominus
1540 5213 1712 5258 tamen
1731 5203 1924 5269 dicunt,

335 5311 390 5352 ut
430 5313 527 5352 eos
551 5298 639 5365 qui
666 5297 942 5352 attendunt
971 5297 1269 5351 securiores
1295 5307 1346 5350 et
1375 5297 1764 5352 mansuetiores
1798 5295 1920 5349 red-

331 5389 490 5445 dam.
521 5387 651 5440 Nam
675 5390 760 5457 qui
788 5386 1062 5441 incurabili
1095 5387 1280 5440 morbo
1308 5386 1549 5442 laborant
1574 5397 1627 5442 et
1655 5387 1774 5440 sine
1805 5400 1927 5441 sen-

385 5571 400 5602 ί
437 5570 553 5624 .\‘.ii,
577 5567 737 5617 Bonas
763 5561 1008 5615 Dominus.

385 5633 406 5662 ⁸
440 5631 613 5678 Μαι-«ιε.
647 5648 788 5688 nunc,
815 5628 962 5693 j'len'il
988 5625 1126 5678 retuli
1153 5641 1370 5679 urerent.

1384 233 1449 290 IN
1488 229 1897 290 ΜᾹΤΤΗᾸΕΙΞΜ
1943 229 2168 286 IIOMIL.
2213 231 2345 287 LXI.
2390 233 2457 287 al.
2502 232 2658 287 LXII.

3512 231 3618 286 590

2045 361 2104 402 su
2132 359 2269 412 sunt,
2304 350 2449 405 hisce
2477 351 2606 405 nihil
2637 351 2857 421 permoti
2889 352 3211 420 rationibus,
3245 368 3273 407 a
3305 353 3532 424 nequitia
3560 367 3615 410 et

2043 440 2246 510 ignavia
2270 456 2362 496 sua
2392 459 2493 496 non
2522 443 2805 509 recedunt;
2837 445 2880 500 si
2908 455 3082 500 autem
3112 446 3235 500 inde
3261 447 3514 515 majorem
3540 464 3620 503 su-

2043 543 2187 585 mant
2233 534 2562 603 negligentim
2613 537 2982 600 occasionem,
3019 536 3068 590 id
3102 551 3206 590 non
3246 536 3398 591 dictis
3430 537 3617 605 hujus-

2043 625 2206 688 modi,
2231 625 2321 679 sed
2346 641 2527 680 eorum
2553 627 2820 682 stoliditati
2847 627 3180 682 tribuendum
3205 638 3321 684 est:
3350 644 3468 699 qua:
3491 645 3617 684 vero

2042 715 2318 782 dicentur,
2362 726 2590 773 attentos
2631 721 2920 786 reprimere
2946 727 2999 773 et
3037 719 3103 773 ad
3148 720 3612 788 eompunctionem

2043 809 2303 863 deducere
2348 819 2627 878 poterttnt;
2671 813 3052 868 mansuetiores
3083 827 3244 878 vero,
3274 829 3392 867 cum
3427 829 3610 883 pecca-

2044 909 2214 955 torum
2245 902 2436 956 molem
2467 904 2710 970 viderint,
2744 915 2795 959 et
2821 906 2924 958 vim
2955 907 3280 974 pmuitentim
3305 905 3612 965 didicerint.

2043 991 2139 1062 ipsi
2170 995 2336 1062 magis
2356 993 2553 1049 dabunt
2581 1011 2794 1064 Operam
2825 1015 2836 1049 :
2871 997 3094 1067 ideoque
3123 997 3246 1051 illud
3276 997 3453 1052 dicere
3483 1013 3604 1065 ope.
3648 1039 3651 1042 .

2041 1101 2114 1139 ra:
2158 1087 2383 1154 pretimn
2414 1086 2589 1142 fuerit.
2641 1087 2908 1142 Proferam
2952 1103 3080 1143 vero
3111 1097 3324 1158 peccata
3345 1131 3360 1154 ,
3387 1099 3439 1143 et
3466 1104 3610 1158 qua:-

2040 1193 2266 1246 cumque
2294 1178 2344 1230 in
2381 1178 2544 1232 Deum‘
2571 1219 2584 1240 ,
2614 1186 2666 1232 ct
2697 1194 3040 1246 qumcumque
3068 1179 3118 1231 in
3148 1178 3391 1232 homines
3421 1193 3611 1248 perpe-

2043 1279 2240 1324 tramus
2268 1287 2281 1322 :
2314 1286 2416 1324 non
2445 1271 2652 1340 propria
2681 1285 2868 1339 ponam
2887 1311 2901 1336 ,
2927 1269 3017 1323 sed
3039 1270 3372 1334 communia;
3403 1270 3610 1338 propria
3651 1259 3662 1269 ’

2039 1371 2216 1417 autem
2248 1362 2499 1432 deinceps
2526 1378 2589 1417 ex
2618 1363 2940 1416 conscientia
2973 1376 3066 1415 sua
3097 1363 3288 1430 singuli
3316 1361 3529 1416 addent.
3558 1361 3610 1416 Id

2041 1470 2166 1507 vero
2214 1453 2432 1519 faciam,
2477 1465 2753 1524 postquam
2806 1455 2896 1508 Dei
2946 1454 3202 1508 beneﬁcia
3253 1469 3610 1524 pra‘posuero.

2039 1547 2165 1611 Qum
2192 1555 2315 1599 sunt
2336 1561 2463 1616 ergo
2488 1546 2578 1600 Dei
2605 1546 2899 1600 beneﬁcia?
2927 1546 3044 1614 Ipse
3067 1545 3188 1598 fecit
3213 1559 3309 1598 nos
3330 1561 3391 1598 ex
3417 1544 3579 1598 nihilo
3597 1585 3612 1609 ,

2040 1640 2264 1693 visibilia
2295 1641 2468 1692 omnia
2501 1649 2718 1708 propter
2749 1653 2844 1693 nos
2873 1638 3137 1703 condidit,
3171 1639 3390 1700 εωιιιηι,
3425 1652 3569 1691 mare
3594 1678 3608 1700 ,

2043 1741 2256 1797 terram,
2286 1746 2484 1794 aerem,
2514 1741 2563 1784 et
2593 1746 2708 1798 qum
2736 1729 2785 1782 in
2819 1729 2882 1783 iis
2909 1729 3249 1782 continentur
3276 1728 3473 1788 omnia,
3501 1727 3612 1781 aui-

2039 1823 2229 1886 malia,
2275 1823 2514 1889 plantas,
2563 1821 2803 1882 semina;
2846 1834 2966 1872 nam
3014 1817 3259 1872 brevitati
3294 1816 3614 1871 studendum

2039 1915 2108 1968 ob
2135 1916 2446 1968 immensam
2469 1927 2690 1982 operum
2719 1911 2946 1980 cepiam.
2975 1910 3220 1964 Animam
3248 1910 3514 1963 viventem
3534 1918 3612 1961 ta-

2041 2008 2141 2062 lem
2192 2006 2344 2060 nobis
2390 2014 2591 2059 tantum
2642 2003 2950 2073 iuSpiravit,
2986 2001 3285 2072 paradisum
3317 2001 3612 2070 plantavit,

2039 2099 2348 2167 adjutricem
2367 2096 2506 2151 dedit
2532 2107 2584 2150 et
2609 2097 2658 2149 in
2691 2095 2840 2150 bruta
2869 2093 3154 2149 animantia
3181 2093 3479 2162 imperium.
3499 2093 3612 2162 glo-

2040 2192 2114 2244 ria
2143 2200 2194 2245 et
2226 2189 2426 2244 honore
2457 2187 2748 2243 coronavit.
2792 2186 2997 2241 Deinde
3038 2186 3337 2250 hominem,
3370 2185 3457 2254 qui
3489 2197 3612 2253 erga

2042 2283 2433 2340 bcnefactorem
2480 2297 2632 2338 suum
2679 2281 2914 2352 ingratus
2943 2286 3220 2343 evaserat,
3253 2276 3440 2346 majori
3471 2275 3611 2330 dono

2039 2379 2281 2447 dignatus
2309 2385 2411 2432 est.

2110 2469 2167 2521 2.
2209 2467 2375 2534 Culpa
2398 2467 2580 2520 Adami
2601 2475 2896 2536 quantorum
2914 2481 3066 2518 causa
3093 2465 3356 2517 bonarum.
3393 2461 3612 2514 Militum

2040 2575 2220 2612 mores.
2242 2559 2502 2626 Artiﬁcum
2538 2559 2758 2629 fraudes.
2776 2556 3046 2611 —Neltoc
3065 2564 3268 2610 tantum
3284 2551 3612 2614 consideres,

2040 2648 2178 2719 qunti
2198 2648 2412 2718 ejecerit
2430 2663 2493 2702 ex
2517 2647 2881 2716 paradiso,sed
2902 2647 3102 2700 lucrum
3125 2644 3248 2697 inde
3269 2652 3472 2712 partmn
3496 2656 3613 2711 pcr-

2041 2741 2232 2811 pende.
2253 2739 2540 2808 Postquam
2558 2739 2697 2792 enim
2716 2739 2871 2807 ejecit
2888 2754 2952 2792 ex
2972 2735 3296 2806 paradiso,et
3313 2732 3514 2787 inﬁnita
3529 2731 3614 2784 illa

2041 2833 2178 2888 bona
2209 2831 2428 2900 largitus
2451 2843 2532 2886 est
2560 2829 2994 2898 mcunomiasque
3020 2827 3213 2890 varias,
3237 2825 3428 2880 Filium
3458 2838 3610 2878 suum

2041 2925 2184 2980 misit
2203 2939 2296 2994 pro
2314 2924 2377 2978 iis
2394 2923 2478 2991 qui
2500 2921 2771 2977 beneﬁciis
2786 2920 2957 2975 all‘ccti
2983 2921 3151 2988 ipsum
3170 2916 3412 2977 oderant,
3429 2914 3613 2969 caelum

2042 3019 2196 3074 nobis
2217 3018 2500 3086 aperuit,ct
2519 3013 2818 3085 paradisum
2837 3013 3006 3082 ipsum
3035 3008 3411 3077 expandit,nos
3443 3006 3614 3060 inimi-

2039 3111 2391 3178 Co<,ingratos
2414 3109 2549 3162 filios
2564 3106 2757 3160 ell‘ecit.
2777 3103 2897 3156 Ideo
2909 3117 3045 3157 nunc
3062 3109 3358 3170 opportune
3375 3099 3610 3153 dicatur:

2044 3203 2089 3256 0
2105 3201 2320 3255 altitudo
2347 3201 2633 3254 divitiarum
2663 3207 2710 3251 et
2735 3198 2998 3266 sapientia
3017 3205 3062 3248 et
3082 3194 3300 3247 scientia.-
3323 3191 3414 3244 Dei
3433 3191 3608 3261 (Rom.

2041 3294 2243 3364 H.253)!
2264 3293 2513 3360 Deditque
2532 3287 2949 3358 nobishaptisma
2971 3288 3020 3340 in
3042 3285 3405 3340 remissionem
3425 3297 3610 3350 pecca-
3640 3289 3654 3302 ⁶

2039 3382 2434 3453 torum,eripuit
2449 3397 2476 3433 a
2496 3376 3018 3449 suppliciis,beredcs
3036 3376 3178 3444 regni
3197 3373 3607 3437 constituit,mil-

2041 3475 2108 3528 lia
2140 3473 2378 3542 promisit
2404 3473 2539 3527 bona
2571 3481 2714 3525 recte
2743 3469 3020 3540 agentibus
3043 3510 3057 3534 ,
3085 3483 3296 3522 manum
3320 3465 3555 3535 porrexit
3583 3506 3600 3533 ,

2039 3566 2400 3635 bpiritutnque
2423 3563 2608 3618 infudit
2639 3563 2689 3616 in
2721 3561 2880 3616 corda
2911 3570 3110 3615 nostra.
3144 3559 3280 3627 Quid
3309 3559 3466 3627 igitur
3488 3567 3608 3628 post

2040 3667 2119 3711 tot
2141 3665 2386 3725 tantaque
2417 3653 2593 3708 bona?
2621 3652 2888 3723 quomodo
2926 3667 3023 3706 nos
3063 3651 3283 3706 affectos
3307 3666 3425 3705 esse
3455 3666 3610 3720 opor-

2039 3746 2217 3801 teret?
2248 3762 2372 3800 num
2424 3747 2467 3798 si
2508 3744 2744 3814 quotidie
2773 3744 3065 3796 moriamur
3109 3757 3206 3811 pro
3255 3742 3367 3808 illo,
3399 3743 3487 3809 qui
3517 3757 3614 3796 nos

2039 3848 2242 3894 tantum
2285 3838 2472 3908 diligit,
2516 3836 2806 3904 condignas
2856 3834 3072 3903 gratias,
3106 3835 3212 3887 imo
3241 3833 3323 3887 vel
3351 3833 3609 3886 tantillum

2035 3933 2196 3989 debiti
2226 3930 2552 3986 referemus?
2598 3928 2939 3997 Nequaquam
2972 3943 2983 3976 :
3015 3940 3134 3978 nam
3176 3923 3300 3978 illud
3352 3925 3510 3978 etiam
3560 3923 3612 3978 in

2037 4025 2240 4079 lucrum
2269 4023 2420 4076 nobis
2449 4021 2608 4076 cedit.
2637 4019 2916 4088 Quomodo
2943 4018 3097 4087 igitur
3113 4017 3282 4072 affecti
3301 4030 3504 4083 sumus,
3523 4017 3610 4083 qui

2035 4117 2105 4172 ita
2132 4116 2266 4171 afﬁci
2296 4114 2646 4169 deberemus?
2683 4111 2930 4180 Quotidie
2973 4112 3114 4180 leges
3157 4109 3271 4179 ejus
3327 4109 3607 4162 violamus.

2035 4208 2233 4263 Verum
2265 4223 2331 4261 ne
2352 4206 2566 4276 indigne
2596 4204 2798 4268 feratis,
2823 4204 2864 4258 si
2891 4201 3222 4272 peccantium
3244 4200 3476 4269 linguam
3495 4213 3612 4268 pcr-

2035 4302 2299 4357 striuxero
2333 4317 2345 4352 :
2388 4313 2492 4352 non
2522 4298 2664 4352 enim
2686 4311 2780 4350 vos
2815 4297 2996 4348 incuso
3027 4303 3248 4358 tantum,
3282 4291 3372 4348 sed
3410 4300 3464 4345 et
3497 4307 3610 4347 me-

2036 4395 2228 4461 ipsttm.
2266 4389 2545 4446 Undenam
2575 4388 2734 4441 vultis
2781 4386 3028 4454 incipiam
3053 4385 3077 4437 ?
3102 4401 3165 4438 an
3197 4399 3224 4436 a
3259 4384 3460 4438 servis?
3487 4400 3552 4437 an
3583 4400 3610 4436 a

2035 4484 2214 4538 liberis
2238 4484 2308 4536 ?a
2341 4480 2634 4536 militibus?
2668 4494 2696 4531 a
2721 4477 2938 4546 privatis
2973 4477 3311 4530 hominibus?
3338 4489 3366 4527 a
3411 4474 3610 4544 primi-

2033 4574 2225 4645 pihus?
2268 4588 2295 4624 a
2339 4571 2600 4626 subditis?
2626 4585 2653 4624 a
2687 4567 3026 4622 mulieribus?
3052 4582 3080 4619 a
3109 4567 3271 4620 viris?
3295 4580 3324 4619 a
3355 4565 3612 4619 senibus?

2033 4682 2062 4720 a
2084 4665 2364 4735 juvenibus
2389 4663 2444 4716 ‘?
2465 4677 2494 4715 a
2523 4678 2625 4732 qua
2652 4655 2844 4716 aetate?
2878 4676 2906 4712 a
2934 4675 3038 4728 quo
3076 4656 3306 4728 genere?
3327 4672 3355 4710 a
3397 4672 3496 4726 qua
3524 4658 3606 4708 di-

2032 4756 2272 4827 gnitate?
2299 4771 2326 4808 a
2353 4769 2458 4826 quo
2487 4753 2696 4808 studio?
2729 4752 2963 4805 Voltisne
2989 4765 3016 4804 a
3044 4748 3299 4803 militibus
3327 4746 3610 4814 incipiam?

2033 4849 2090 4902 In
2120 4857 2247 4917 quot
2277 4857 2490 4917 peccata
2521 4845 2574 4898 hi
2607 4843 2841 4914 quotidie
2863 4857 2965 4896 non
3000 4841 3290 4912 proruunt?
3317 4837 3607 4892 Contume-

2037 4942 2136 4996 lias
2165 4949 2217 4993 et
2244 4940 2479 4993 convicia
2510 4938 2762 4994 inferunt.
2794 4935 3081 4990 insaniunt.
3115 4931 3301 4984 alienis
3331 4927 3604 4982 calamita-

2036 5029 2174 5084 tibus
2227 5030 2579 5090 delectantur,
2631 5025 2768 5096 lupis
2818 5023 3038 5085 similes,
3069 5019 3271 5074 scelere
3323 5031 3608 5084 numquam

2032 5121 2182 5176 vaeni
2205 5163 2218 5184 ,
2251 5120 2349 5173 nisi
2392 5121 2510 5188 quis
2541 5117 2734 5171 dixerit
2758 5130 2904 5168 mare
2930 5111 3175 5166 ﬂuctibus
3219 5125 3427 5163 vacare.
3478 5109 3606 5175 Qua:

2032 5213 2192 5265 animi
2215 5212 2471 5280 aegritudo
2502 5225 2607 5262 non
2638 5208 2756 5260 illos
2785 5203 3060 5271 exagitat?
3086 5203 3203 5270 quis
3234 5201 3453 5254 morbus
3499 5216 3603 5252 non

2032 5309 2262 5360 animam
2295 5304 2526 5370 ipsorum
2558 5299 2809 5352 obsidet?
2832 5296 3147 5365 A‘Iqualibns
3169 5294 3310 5348 enim
3337 5289 3595 5355 invident,

2031 5410 2181 5448 vana:
2205 5392 2384 5463 gloria:
2408 5390 2620 5444 student
2645 5406 2658 5453 ;
2691 5387 2929 5442 subditos
2955 5386 3052 5440 sibi
3081 5400 3238 5439 avare
3264 5381 3601 5448 defraudant,

2033 5489 2098 5544 iis
2137 5487 2225 5558 qui
2252 5487 2457 5556 litigant
2486 5493 2539 5538 et
2578 5482 2640 5537 ad
2665 5496 2722 5538 se
2751 5481 2899 5553 quasi
2929 5479 2992 5535 ad
3021 5490 3232 5552 portum
3257 5473 3586 5546 confugiunt,

2103 5645 2116 5676 '
2154 5639 2340 5703 Kueh,
2363 5653 2389 5688 ε·
2409 5640 2588 5701 pueris.
