4126 6220
404 195 503 251 591

410 308 587 366 hostili
612 316 666 362 et
702 303 912 375 perjuro
942 298 1121 355 animo
1138 305 1278 352 sunt.
1303 296 1442 362 Quot
1461 292 1597 360 apud
1617 288 1735 343 illos
1757 281 1991 355 rapiam?

407 410 537 470 quot
569 396 820 456 fraudes?
847 402 976 465 quot
1018 391 1403 463 sycophantizc,
1431 396 1484 440 et
1518 380 1867 436 fraudulenta:
1900 392 1993 431 ne-

411 468 778 563 gotiationes?
815 495 946 555 quot
998 483 1333 536 adulationes
1381 472 1650 531 serviles?
1706 468 1990 540 Agedum,

410 562 606 641 Christi
638 583 805 651 legem
835 577 1055 647 singulis
1075 583 1318 643 aptemus
1351 588 1363 624 :
1401 565 1696 635 Quidixerit
1718 562 1866 632 fratri
1880 576 1988 623 suo,

422 674 605 737 Fatue,
638 687 752 725 reus
774 670 864 724 erit
891 668 1129 738 gehennae
1149 665 1295 734 ignis.
1319 661 1416 725 Qui
1436 656 1709 729 respexerit
1737 653 1994 707 mulierem

417 768 484 823 ad
510 762 964 836 concupiscendum
990 776 1121 825 eam,
1140 759 1251 827 jam
1282 755 1553 810 mmekatns
1578 761 1648 805 est
1671 766 1778 803 eam
1809 749 1860 802 in
1883 763 1995 801 cor-

414 864 477 916 de
515 876 627 915 suo.
690 856 806 910 Nisi
851 853 962 924 quis
990 850 1327 905 lnoniliarerit
1353 863 1406 900 se
1446 847 1572 899 sicut
1600 842 1862 914 parvulus,
1894 856 1994 893 non

416 952 624 1005 intrabit
667 954 720 1005 in
758 962 966 1017 regnum
997 943 1233 997 cwlorum
1268 938 1480 1006 (.llattli.
1514 936 1565 991 5.
1598 934 1686 988 22.
1714 933 1801 986 28.
1831 939 1875 984 et
1908 930 1992 985 l8.

414 1044 494 1112 4).
528 1041 588 1095 Ili
619 1055 743 1093 vero
772 1035 1075 1105 arrogantia
1108 1041 1326 1084 utuntur
1352 1026 1605 1080 adversus
1627 1023 1866 1081 subditos
1894 1019 1993 1073 sibi

419 1134 660 1193 traditos,
695 1137 1004 1190 trementes,
1032 1120 1467 1183 etfortnidantes,
1499 1115 1692 1187 quibus
1720 1121 1844 1167 suat
1870 1111 1997 1181 ipsis

350 1236 359 1243 '
419 1226 543 1279 feris
594 1222 936 1277 acerbiores:
971 1214 1104 1269 nihil
1142 1230 1234 1283 pro
1273 1210 1487 1265 Christo
1520 1210 1790 1270 facientes,
1820 1205 1997 1257 omnia

420 1329 516 1384 pro
542 1321 749 1376 ventre,
788 1324 884 1379 pro
907 1306 1161 1376 peCnniis,
1188 1318 1283 1374 pro
1310 1316 1441 1355 vana
1468 1299 1653 1370 gloria.
1690 1298 1771 1351 An
1796 1296 1997 1349 scelera

417 1421 602 1460 eorum
638 1401 814 1457 verbis
864 1397 1132 1454 munerari
1165 1393 1407 1464 possint?
1435 1391 1567 1458 Quid
1602 1390 1873 1443 irrisiones
1896 1402 2002 1441 me.

419 1512 659 1560 morem,
716 1493 880 1547 risura
932 1489 1195 1554 effusum,
1238 1483 1609 1554 intempestiva
1664 1481 1924 1549 eolloqnia
1958 1479 1997 1547 ',

419 1592 669 1641 obscaena
724 1582 898 1640 dicta?
948 1580 1077 1636 Nam
1123 1580 1190 1634 de
1226 1576 1452 1633 avaritia
1504 1572 1632 1629 nihil
1678 1571 1996 1627 dicendum:

420 1677 866 1753 quemadmodum
896 1676 1038 1730 enim
1065 1674 1095 1726 ii
1121 1672 1209 1743 qui
1238 1672 1289 1724 in
1311 1668 1578 1724 montibus
1593 1664 1997 1727 suntmonachi,

423 1791 489 1830 ne
534 1772 711 1828 sciunt
760 1768 974 1839 quidem
1008 1766 1134 1835 quid
1177 1765 1243 1818 sit
1274 1762 1493 1817 avaritia
1529 1779 1542 1818 :
1580 1760 1649 1815 ita
1695 1768 1747 1814 et
1780 1757 1998 1823 isti,sed

421 1863 692 1921 contrario
720 1860 898 1917 modo.
945 1858 1020 1914 Illi
1050 1856 1191 1912 enim
1214 1854 1354 1926 quod
1386 1852 1563 1923 procul
1593 1850 1659 1905 ab
1685 1850 1787 1905 hoc
1816 1849 2003 1904 morbo

423 1958 549 2022 sint,
578 1953 627 2009 id
657 1954 936 2024 ignorant;
986 1948 1039 2003 hi
1084 1962 1210 2003 vero
1237 1946 1386 2016 quasi
1418 1943 1516 1997 hoc
1542 1941 1730 1997 morbo
1758 1940 1910 2004 ebrii,
1938 1954 2004 1994 ne

328 2090 337 2096 .
423 2046 660 2101 sentiunt
703 2041 917 2114 quidem
947 2047 1202 2110 quantum
1230 2038 1296 2092 sit
1325 2035 1522 2092 malum
1553 2051 1566 2088 :
1596 2032 1828 2101 nequitia
1862 2030 2002 2085 enim

426 2141 495 2195 ita
525 2152 737 2196 onmem
766 2137 1014 2190 virtutem
1046 2132 1114 2187 ab
1134 2131 1214 2188 eis
1239 2129 1460 2201 expulit,
1491 2136 1795 2198 tantamque
1828 2138 2004 2197 tyran-

427 2229 605 2284 nidem
628 2236 863 2293 exercet,
892 2235 950 2281 ut
973 2223 1273 2279 furentibus
1305 2222 1405 2276 illis
1433 2219 1633 2274 nullum
1651 2218 1853 2273 crimen
1881 2231 2006 2285 gra-

430 2338 493 2377 ve
518 2320 762 2375 videatur
789 2332 927 2373 esse.
981 2314 1088 2370 Sed
1135 2312 1220 2367 bis
1250 2312 1469 2377 relictis,
1502 2310 1731 2365 vultisne
1776 2307 1841 2362 ad
1872 2306 2006 2361 alios

430 2412 784 2471 medeatiores
812 2406 1171 2467 accedamus?
1198 2408 1308 2477 Age
1357 2404 1535 2475 igitur,
1562 2402 1807 2472 epilieum
1835 2397 2005 2453 artiti-

429 2522 654 2579 rumque
675 2520 842 2577 genus
865 2501 1138 2557 adeamus.
1163 2499 1226 2556 Ili
1250 2497 1390 2554 enim
1414 2496 1644 2552 maxime
1673 2493 1916 2548 videntur
1942 2507 2008 2546 ex

426 2603 581 2671 justis
612 2597 878 2653 laboribus
912 2594 1298 2663 sudoribusque
1330 2591 1489 2645 vitam
1519 2588 1619 2644 sibi
1668 2602 1876 2657 parare.
1902 2583 2012 2641 Vc-

431 2710 547 2748 rnm
597 2690 649 2745 hi
695 2702 908 2760 quoque
948 2687 1047 2741 nisi
1087 2685 1187 2739 sibi
1228 2682 1537 2750 attendant,
1573 2680 1738 2735 multa
1764 2678 1886 2734 inde
1908 2678 2009 2733 sibi

429 2784 567 2839 mala
588 2787 885 2850 congerunt
916 2794 930 2831 :
964 2793 1084 2831 nam
1112 2774 1269 2845 jnstis
1304 2772 1555 2842 operibus
1598 2771 1834 2840 iniquum
1879 2783 2011 2823 ven-

431 2874 587 2930 dendi
618 2882 674 2927 et
716 2869 925 2927 emendi
958 2866 1170 2923 modum
1198 2865 1471 2935 adjiciunt,
1503 2873 1555 2918 et
1581 2877 1724 2932 smpe
1773 2862 2010 2915 avaritiae

432 2970 728 3039 jnranicn'a
748 3006 763 3028 ,
796 2961 1026 3032 perjuria
1050 3001 1066 3026 ,
1094 2957 1368 3013 mendacia
1414 2954 1775 3025 superaddunt
1806 2970 1819 3006 :
1853 2952 2012 3021 hujus

435 3064 555 3117 vita:
583 3058 739 3114 rebus
766 3054 961 3110 addicti
991 3064 1251 3121 terrmque
1280 3048 1444 3116 affixi,
1473 3048 1602 3102 nihil
1634 3062 1738 3101 non
1766 3054 1927 3117 agunt
1958 3056 2014 3100 ut

434 3151 687 3223 pecunias
717 3148 986 3216 colligant,
1020 3158 1119 3199 nec
1143 3149 1332 3197 curant
1356 3156 1448 3195 eas
1472 3139 1791 3209 pauperibus
1821 3152 2005 3207 eroga-

434 3259 514 3307 re,
537 3251 857 3308 semperque
884 3234 1167 3291 facultates
1182 3247 1378 3303 augere
1391 3230 1625 3286 student.
1650 3229 1779 3298 Quis
1799 3243 2017 3284 enarra-

436 3335 506 3391 rit
551 3330 789 3387 convicia
822 3328 904 3382 his
932 3326 999 3380 de
1026 3324 1204 3380 causis
1249 3322 1453 3393 prolata
1477 3364 1490 3387 ,
1518 3318 1888 3383 contumelias,
1918 3317 2013 3373 fa:-

438 3439 590 3485 nora,
621 3435 829 3484 usuras,
863 3426 1014 3489 pacta
1045 3416 1263 3471 multam
1287 3414 1527 3468 fraudem
1557 3410 1825 3476 habentia,
1845 3410 2018 3479 impu-

438 3518 622 3577 dentes
650 3509 1073 3582 negotiationes?

507 3609 561 3663 5.
604 3603 923 3665 Ρνωιιὶοηιηι
954 3616 1261 3673 possessores
1280 3598 1458 3669 iniqui.
1492 3628 1562 3637 —
1590 3596 1782 3653 Verum
1814 3596 1856 3650 si
1911 3596 2019 3665 pla-

436 3710 543 3765 cet,
591 3698 674 3753 bis
727 3697 961 3761 omissis,
997 3695 1064 3751 ad
1114 3694 1249 3750 alios
1290 3693 1600 3758 veniamus,
1631 3692 1718 3760 qui
1770 3690 2016 3745 videntur

438 3793 690 3863 jnstiores
714 3806 853 3846 esse.
886 3789 1112 3858 Quinam
1138 3787 1209 3842 illi
1226 3786 1391 3843 Sunt?
1417 3784 1516 3852 Qui
1543 3799 1699 3853 agros
1722 3782 2018 3853 possident,

439 3897 493 3939 et
517 3900 581 3941 ex
616 3894 770 3941 terra:
792 3882 1052 3941 fructibus
1077 3879 1329 3935 ditantur.
1374 3876 1512 3944 Quid
1542 3877 1647 3929 illis
1674 3875 1908 3944 iniquius
1938 3889 2021 3929 re-

441 3976 715 4047 periatur?
745 3975 801 4032 Si
824 3974 941 4043 quis
957 3973 1101 4029 enim
1124 3971 1391 4040 perquirat
1413 3983 1517 4038 quo
1540 3977 1693 4036 pacto
1708 3981 1828 4020 cum
1858 3966 2022 4020 mise-

445 4073 520 4126 ris
545 4069 792 4140 agricolis
817 4082 876 4121 se
900 4072 1121 4134 gerant,
1147 4063 1267 4117 illos
1289 4060 1531 4115 barbaris
1560 4057 1901 4113 immaniores
1930 4056 2024 4110 de-

444 4160 758 4231 prehendet.
810 4157 940 4211 Nam
974 4156 1037 4209 iis
1075 4154 1162 4223 qui
1194 4154 1331 4206 fame
1376 4150 1709 4205 tabescentes
1736 4163 1830 4218 per
1859 4156 2024 4203 totam

448 4255 605 4307 vitam
640 4250 918 4309 laborant,
949 4244 1225 4315 vectigalia
1270 4244 1551 4311 imponunt
1591 4238 1943 4295 intolerabilia
1970 4245 2025 4293 et

444 4353 724 4415 perpetua,
782 4339 1151 4407 laboriosaque
1194 4335 1508 4401 ministeria,
1558 4333 1710 4404 quasi
1764 4332 1929 4387 asinis
1971 4339 2025 4385 et

444 4435 627 4502 mulis,
656 4435 762 4490 imo
788 4434 938 4504 quasi
970 4430 1233 4500 lapidibus
1266 4430 1498 4498 ipsorum
1529 4426 1846 4496 corporibus
1871 4433 2027 4481 uten-

444 4541 550 4597 tes,
577 4543 752 4599 neque
778 4526 860 4581 vel
889 4525 1154 4582 tantillum
1184 4524 1449 4593 respirare
1479 4522 1713 4576 sinentes
1733 4560 1748 4582 ,
1795 4517 1889 4571 sed
1915 4517 2027 4574 sive

450 4622 563 4693 agri
615 4620 842 4686 feraces,
873 4618 986 4673 sive
1028 4616 1237 4673 steriles
1263 4615 1369 4669 sint
1389 4656 1402 4678 ,
1427 4612 1543 4683 pari
1570 4611 1729 4666 modo
1753 4617 2021 4681 torquent,

446 4728 551 4769 nec
595 4712 681 4767 vel
731 4711 1005 4765 minimum
1045 4707 1213 4762 venia:
1246 4705 1373 4773 ipsis
1401 4703 1733 4767 concedunt;
1765 4717 1869 4772 quo
1901 4699 2027 4770 quid

453 4802 809 4859 miserabilius
839 4800 1018 4864 fuerit,
1045 4796 1259 4869 quando
1289 4805 1396 4851 tola
1426 4795 1600 4849 hieme
1648 4794 1700 4848 in
1756 4792 2028 4848 laboribus

451 4905 720 4953 transacta
742 4937 757 4962 ,
791 4894 1012 4964 frigore,
1047 4890 1306 4946 imbribus
1332 4904 1393 4945 ac
1421 4889 1614 4958 vigiliis
1639 4887 1829 4954 attriti,
1852 4887 2033 4941 vacuis

452 4989 724 5055 manibus,
770 4984 947 5041 adhuc
992 4983 1266 5039 debitores
1315 4980 1590 5044 recedunt,
1629 4988 2035 5049 procuratorum

458 5088 723 5134 tormenta
745 5119 759 5141 ,
791 5075 1115 5146 raptationes
1140 5114 1155 5139 ,
1186 5072 1498 5128 exactiones
1518 5112 1532 5135 ,
1565 5070 1913 5125 abductiones
1938 5078 2040 5135 ,~et

455 5169 780 5228 inevitabilia
807 5167 1101 5223 ministeria
1130 5165 1299 5233 magis
1335 5165 1615 5227 timentes,
1646 5177 1804 5233 quam
1838 5171 2039 5216 tantam

456 5268 673 5331 famem,
705 5273 1019 5331 tantumque
1049 5258 1415 5328 naufragium?
1436 5257 1565 5326 Quis
1594 5255 1925 5313 euarravcrit
1955 5269 2043 5310 ne-

455 5358 773 5430 gotiationes
800 5365 853 5408 et
882 5352 1198 5408 commercia
1230 5366 1348 5420 qua:
1377 5366 1470 5420 per
1496 5348 1617 5404 illos
1643 5346 1934 5403 exercent?
1964 5346 2040 5401 Ex

462 5452 697 5521 ipsorum
728 5446 999 5503 laboribus
1016 5441 1297 5498 toreularia
1315 5452 1369 5499 et
1391 5439 1778 5498 subtorcularia
1806 5438 2041 5511 replent,

527 5607 545 5640 ⁸
586 5607 688 5666 Alii,
715 5604 942 5657 dissoluta
964 5600 1217 5665 colloquia.

1138 182 1193 236 S.
1233 176 1508 235 JO.\NN|S
1543 165 2012 228 CllilYSOSTOill
2055 163 2367 221 Al‘iCillEP.
2411 168 2938 227 CONSTANTINOP.

3572 170 3676 226 ἔξθὲ

2102 281 2228 334 dum
2252 297 2355 337 non
2384 283 2566 339 sinunt
2596 287 2740 356 ipsos
2768 287 2849 341 vel
2877 302 3089 358 parvam
3120 300 3423 340 mensuram
3454 284 3673 339 domum

2100 372 2320 437 referre,
2348 376 2441 430 sed
2470 385 2637 432 totum
2665 377 2891 433 fructum
2920 379 3098 449 inique
3124 379 3173 433 in
3201 378 3357 434 doliis
3374 378 3488 433 suis
3508 377 3679 433 inclu-

2104 465 2253 528 dunt,
2287 468 2653 539 modicamquc
2686 471 2962 539 pecuniam
3014 484 3108 540 pro
3136 468 3235 525 hac
3260 485 3317 522 rc
3357 468 3487 540 ipsis
3514 467 3677 537 proji-

2099 557 2264 617 cinnt.
2295 558 2437 615 Nova
2464 576 2671 632 quoque
2698 565 3000 633 excogitant
3021 579 3194 618 usura:
3222 576 3435 632 genera,
3468 576 3585 630 qua!
3612 576 3679 616 ne

2100 651 2377 719 gentilium
2423 654 2636 723 quidem
2666 656 2870 725 legibus
2896 656 3270 725 permittuntur
3291 698 3305 722 ,
3334 656 3680 724 usurariaquc

2101 752 2215 797 acta
2248 745 2544 799 rescribunt
2594 748 2940 811 exsecranda,
2967 748 3160 819 quibus
3196 762 3300 803 non
3332 746 3678 801 centesimam

2102 834 2283 897 sortis,
2317 834 2409 888 sed
2441 834 2713 890 dimidium
2736 841 2953 908 exigunt
2983 856 2995 891 :
3028 847 3081 892 ct
3110 837 3242 902 haec,
3272 852 3393 892 cum
3423 838 3487 903 is,
3516 851 3547 891 a
3575 852 3680 906 quo

2102 924 2339 994 exigunt,
2382 934 2435 979 et
2463 941 2681 981 uxorem
2731 937 2786 983 et
2831 929 3027 986 liberos
3072 930 3219 994 alat,
3252 943 3559 999 pauperque
3588 928 3677 993 sit,

2103 1018 2190 1086 qui
2215 1018 2325 1072 suis
2354 1019 2625 1076 laboribus
2651 1031 2705 1077 et
2742 1037 2921 1077 aream
2953 1031 3006 1078 et
3030 1022 3313 1080 toreularia
3346 1022 3548 1091 implet.
3576 1021 3680 1076 Sed

2104 1110 2236 1165 nihil
2266 1112 2455 1168 horum
2486 1116 2735 1184 cogitant.
2766 1115 2941 1183 Quare
2968 1125 3263 1186 opportune
3287 1116 3598 1187 praphetam
3631 1117 3680 1170 in

2104 1205 2337 1261 medium
2384 1207 2707 1275 adducamus
2737 1207 3024 1275 dicentem,
3051 1208 3375 1280 Obstupesce,
3403 1207 3603 1273 etclam,
3635 1217 3681 1261 et

2105 1303 2351 1369 horresce,
2384 1312 2559 1357 terra:
2585 1304 2636 1357 in
2667 1313 2919 1374 quantam
2966 1303 3230 1359 feritatem
3278 1317 3448 1372 genus
3495 1302 3683 1356 huma-

2106 1410 2234 1449 num
2261 1394 2536 1465 prorupit?
2560 1394 2681 1451 llaec
2708 1410 2865 1465 porro
2894 1394 3034 1459 dico,
3064 1411 3170 1450 non
3192 1395 3330 1467 quod
3352 1402 3516 1459 artes,
3546 1394 3683 1464 agri-

2105 1485 2367 1540 culturam
2403 1494 2457 1540 et
2482 1486 2722 1541 militiam
2751 1486 3021 1553 criminer,
3045 1486 3141 1543 sed
3186 1501 3285 1542 nos
3328 1485 3495 1555 ipsos.
3550 1486 3682 1540 Nam

2108 1576 2387 1637 Cornelius
2412 1578 2655 1633 centurio
2682 1588 2798 1634 erat
2814 1620 2829 1645 ,
2854 1588 2908 1633 et
2933 1578 3127 1633 Paulus
3152 1579 3432 1644 coriarius,
3463 1588 3519 1633 et
3566 1586 3685 1648 post

2109 1671 2539 1741 prtedieationcm
2569 1680 2682 1727 arte
2707 1688 2800 1727 sua
2833 1671 3118 1737 utebatur;
3148 1684 3200 1727 et
3225 1672 3385 1726 David
3414 1686 3505 1726 rex
3535 1681 3682 1737 erat;

2107 1762 2208 1819 Job
2252 1777 2380 1818 vero
2423 1763 2708 1817 multorum
2745 1761 3064 1833 praediorum
3095 1762 3363 1825 dominus,
3393 1762 3687 1815 innumeris

2113 1853 2383 1909 fruebatur
2412 1854 2695 1921 reditibus,
2718 1854 2910 1925 quibus
2937 1853 3068 1908 nihil
3089 1854 3278 1907 horum
3305 1852 3687 1922 impedimento

2111 1947 2206 2005 fuit
2234 1946 2301 2009 ad
2327 1948 2574 2002 virtutem
2608 1946 2907 2003 colendam.
2964 1945 3089 2000 Haec
3117 1946 3293 2015 itaque
3321 1945 3498 1998 omnia
3537 1943 3688 2013 cogi~

2113 2047 2284 2093 tantes
2313 2080 2327 2102 ,
2357 2038 2646 2108 decemque
2672 2039 2834 2094 millia
2866 2038 3061 2094 talenta
3085 2038 3139 2092 in
3167 2045 3397 2092 utentem
3430 2051 3688 2091 revocan-

2112 2142 2213 2199 tes,
2247 2132 2369 2189 hinc
2421 2131 2704 2187 incitemnr
2750 2141 2810 2186 ut
2854 2145 3017 2202 pauca
3062 2131 3149 2185 illa
3202 2138 3257 2186 et
3300 2130 3421 2184 vilia
3447 2129 3690 2199 proximo

2112 2227 2462 2281 remittamus.
2511 2224 2641 2279 Nam
2689 2224 2926 2278 rationes
2957 2223 3108 2278 nobis
3136 2220 3420 2277 reddendae
3446 2228 3605 2275 erunt
3623 2220 3692 2275 de

2113 2320 2393 2387 prmeeptis
2438 2317 2591 2373 nbbis
2645 2316 2870 2382 traditis,
2911 2329 3010 2370 nec
3064 2315 3356 2385 poterimus
3387 2355 3401 2378 ,
3437 2313 3691 2384 quidquid

2115 2408 2325 2464 tandem
2372 2408 2657 2472 faciamus,
2689 2406 2868 2463 omnia
2917 2406 3241 2476 persolvere.
3283 2405 3512 2473 Ideoque
3542 2404 3694 2458 nobis

2116 2503 2256 2573 Deus
2282 2503 2419 2557 viam
2449 2501 2659 2557 facilem
2690 2500 2919 2571 aperuit,
2953 2515 3054 2568 qua
3084 2500 3262 2555 omnia
3288 2480 3498 2554 solvere
3520 2496 3693 2566 possi-

2116 2610 2255 2660 mus,
2284 2594 2603 2651 oblivionem
2632 2593 2753 2649 dico
2780 2592 3113 2662 injuriarum.
3143 2589 3214 2645 Ut
3236 2590 3395 2660 igitur
3417 2588 3543 2642 illud
3577 2602 3695 2657 pro-

2116 2689 2183 2744 be
2200 2689 2486 2752 discamus,
2516 2686 2795 2741 audiamus
2824 2684 2961 2739 ultra
2986 2680 3253 2753 progressi
3284 2680 3589 2751 parabolam
3618 2688 3697 2732 to-

2116 2791 2242 2835 tam.
2283 2780 2494 2835 Oblatas
2531 2788 2622 2844 est,
2652 2779 2793 2834 enim
2816 2820 2830 2844 ,
2859 2777 3057 2845 inquit,
3087 2792 3217 2830 unus
3244 2776 3332 2843 qui
3367 2772 3570 2827 debebat
3621 2772 3697 2826 illi

2116 2876 2285 2928 decem
2313 2873 2473 2927 millia
2500 2872 2709 2926 talenta.
2731 2869 2852 2925 Non
2877 2870 3083 2923 [tabente
3111 2878 3277 2921 autem
3309 2866 3398 2920 illo
3426 2870 3558 2919 unde
3585 2866 3698 2918 red-

2117 2968 2274 3031 deret,
2308 2966 2461 3036 jussit
2510 2981 2622 3019 cum
2666 2964 2833 3029 vendi,
2864 2974 2910 3016 et
2938 2977 3143 3016 uxorem
3174 2964 3302 3030 ejus,
3326 2968 3370 3013 et
3391 2959 3543 3025 ﬁlios.
3592 2958 3699 3011 Cur

2121 3073 2335 3113 uxorem
2356 3058 2576 3128 quaeso?
2599 3057 2711 3112 Non
2740 3071 2809 3112 ex
2833 3054 3146 3111 crudelitate
3166 3053 3248 3105 vel
3276 3051 3661 3106 inhumanitate
3682 3070 3695 3105 :

2120 3168 2241 3207 nam
2273 3152 2324 3206 in
2350 3150 2492 3206 aliud
2531 3150 2907 3206 detrimentum
2951 3145 3245 3210 incidisset,
3274 3159 3394 3198 cum
3425 3158 3559 3197 uxor
3583 3142 3699 3211 ejus

2120 3258 2173 3302 et
2222 3247 2334 3316 ipsa
2377 3260 2532 3301 serva
2580 3251 2749 3308 esset;
2796 3242 2890 3298 sed
2940 3257 3004 3296 ex
3036 3238 3286 3294 ineffabili
3336 3235 3695 3307 providentia.

2125 3338 2245 3393 Vult
2273 3338 2413 3392 enim
2441 3336 2586 3391 illum
2618 3335 2705 3389 tali
2732 3332 3146 3389 comminatione
3177 3329 3612 3399 perterrefacere.
3643 3333 3701 3379 ut

2120 3432 2185 3487 ad
2212 3428 2613 3501 supplicandum
2662 3426 2953 3491 induceret,
2986 3439 3051 3479 ne
3092 3420 3431 3476 venderetur.
3477 3418 3529 3473 Si
3557 3418 3700 3471 enim

2123 3535 2340 3597 propter
2363 3523 2597 3579 debitum
2626 3520 2675 3575 id
2704 3520 2949 3584 fecisset,
2979 3532 3084 3572 non
3112 3516 3387 3570 annuisset
3424 3513 3539 3582 ejus
3564 3514 3702 3581 peti-

2127 3621 2277 3682 tioni,
2322 3632 2493 3686 neque
2530 3614 2753 3686 gratiam
2798 3610 3051 3666 dedisset.
3098 3608 3206 3662 Cur
3249 3621 3377 3676 ergo
3420 3614 3703 3674 antequam

2124 3715 2357 3770 rationes
2398 3711 2533 3767 datm
2567 3716 2746 3764 essent
2771 3705 3007 3761 debitum
3053 3719 3159 3755 non
3191 3699 3426 3755 dimisit?
3453 3697 3523 3753 Ut
3547 3697 3705 3751 doce-

2127 3817 2209 3863 ret
2251 3814 2447 3877 quanto
2494 3806 2664 3874 ipsum
2710 3800 2887 3855 debito
2929 3797 3256 3859 absolveret;
3286 3803 3341 3847 ut
3382 3792 3481 3846 hac
3503 3792 3706 3845 ratione

2129 3901 2216 3955 ille
2242 3897 2596 3967 indulgentior
2616 3894 2754 3948 circa
2783 3904 3099 3945 conservum
3131 3894 3292 3941 esset.
3311 3884 3366 3939 Si
3397 3884 3539 3938 enim
3563 3889 3708 3951 post-

2129 4005 2285 4062 quam
2327 3986 2490 4042 debiti
2532 3981 2949 4055 magnitudinem
2989 3978 3194 4041 didicit,
3227 3985 3281 4031 et
3327 3975 3594 4045 ingentem
3624 3987 3709 4027 re-

2130 4081 2462 4146 missionem,
2493 4090 2809 4131 conservum
2851 4087 3004 4126 suum
3046 4081 3151 4125 tam
3193 4084 3380 4137 aspere
3426 4066 3571 4137 egit:
3607 4064 3708 4118 nisi

2132 4175 2277 4230 illum
2305 4171 2499 4225 talibus
2522 4167 2768 4223 remediis
2794 4166 2940 4234 prius
2961 4162 3251 4223 lcnivisset,
3276 4174 3378 4231 quo
3403 4174 3503 4214 non
3526 4156 3711 4212 crude-

2135 4266 2295 4321 litatis
2322 4274 2664 4333 processurns
2688 4258 2834 4315 erat?
2864 4256 2999 4325 Quid
3024 4256 3181 4325 igitur
3212 4252 3339 4308 ille?
3373 4250 3463 4306 26.
3499 4250 3711 4302 Patien-

2134 4359 2253 4411 tiam
2299 4355 2427 4409 habe
2454 4357 2505 4408 in
2546 4368 2640 4415 me,
2671 4360 2714 4404 ct
2745 4350 2913 4403 omnia
2955 4348 3162 4401 reddant
3203 4346 3306 4398 tibi.
3347 4343 3436 4397 ‘27.
3479 4341 3715 4396 Misenus

2134 4460 2299 4502 autem
2336 4445 2567 4499 dominus
2602 4441 2728 4496 servi
2757 4441 2915 4503 illius,
2944 4438 3132 4491 dimisit
3157 4452 3290 4499 cum,
3323 4445 3368 4490 et
3396 4433 3614 4487 debitum
3639 4434 3716 4485 di~

2136 4540 2267 4593 misit
2294 4539 2357 4593 ei.
2386 4534 2630 4590 Vidistin’
2657 4546 2866 4587 rursum
2896 4528 3231 4599 benignitatis
3262 4523 3718 4597 magnitudinem?

2142 4632 2453 4688 Dilationem
2509 4636 2708 4680 tantum
2755 4622 2969 4692 petebat
3017 4634 3236 4683 servus;
3284 4618 3373 4672 ille
3419 4630 3546 4670 vero
3598 4613 3721 4684 plus

2142 4739 2301 4793 quam
2328 4720 2541 4792 petebat
2563 4718 2845 4781 concessit,
2863 4712 3232 4771 remissionem
3257 4712 3413 4766 totius
3439 4708 3602 4765 debiti
3643 4717 3721 4761 at-

2143 4830 2248 4885 que
2288 4812 2519 4868 veniam.
2570 4809 2650 4864 Ab
2678 4808 2827 4862 initio
2855 4820 3045 4875 nempe
3070 4804 3198 4859 dare
3238 4802 3474 4865 volebat,
3501 4797 3595 4854 sed
3626 4812 3723 4853 no-

2147 4911 2286 4965 lebat
2312 4907 2511 4962 donum
2537 4919 2600 4958 ex
2630 4917 2687 4957 se
2727 4910 2891 4955 totum
2923 4912 3043 4954 esse
3063 4941 3078 4964 ,
3105 4896 3199 4953 sed
3227 4896 3344 4966 ejus
3380 4891 3726 4964 supplicatio-

2145 5018 2265 5057 nem
2326 4996 2693 5062 intervenire,
2746 5009 2811 5048 ne
2866 4993 3207 5047 incoronatus
3254 4989 3344 5043 ille
3401 4985 3725 5042 discederet.

2143 5092 2295 5163 Quod
2321 5100 2496 5146 tamen
2537 5096 2703 5143 totum
2729 5101 2794 5141 ex
2826 5085 2937 5139 Deo
2961 5098 3101 5148 esse,
3131 5080 3340 5139 etiamsi
3364 5080 3453 5134 ille
3482 5091 3728 5147 procum-

2148 5188 2280 5241 bens
2324 5182 2736 5254 supplicaverit,
2778 5193 2936 5233 causa
2986 5174 3349 5232 concessionis
3391 5168 3731 5225 declaravit:

2152 5278 2386 5333 Miserius
2429 5276 2592 5341 enim,
2619 5273 2806 5345 inquit,
2847 5271 3046 5325 dimisit
3070 5268 3170 5324 illi.
3217 5268 3464 5321 Attamen
3492 5263 3569 5317 sic
3597 5276 3733 5330 quo.

2151 5387 2254 5441 que
2298 5368 2509 5425 volebat
2558 5376 2617 5421 ut
2655 5366 2744 5421 ille
2789 5362 2983 5433 aliquid
3030 5360 3277 5416 conferre
3326 5358 3615 5418 videretur,
3666 5367 3739 5407 uc

2154 5462 2319 5517 nimio
2341 5460 2641 5515 afﬁceretur
2687 5456 2929 5529 pudore;
2959 5465 3124 5526 utque
3166 5452 3381 5524 propria
3428 5449 3738 5505 calamitate

2158 5553 2460 5620 institutus,
2495 5550 2770 5621 indulgens
2795 5561 3061 5606 conservo
3090 5544 3249 5602 forct.
