3990 6216
134 379 231 433 593

196 500 248 549 4.
290 493 543 548 Parabola
586 493 977 546 misericordiam
1026 494 1274 545 consecuti
1318 502 1363 544 et
1413 501 1583 557 postea
1619 506 1707 543 ne-

130 588 294 658 gantis
319 594 700 639 commentatur.
731 614 798 624 --
827 583 1108 653 llncusque
1150 600 1276 652 ergo
1310 583 1395 635 ille
1448 583 1615 635 bonus
1661 592 1711 633 et

130 687 380 744 acceptus
412 675 539 728 fuit:
574 692 693 729 nam
717 674 991 729 confessus
1018 684 1097 729 est
1120 684 1173 727 ct
1206 673 1449 743 promisit
1476 688 1532 727 se
1558 672 1709 725 debi-

130 780 237 821 tnm
261 768 591 821 redditurum
624 784 764 831 esse,
790 767 1036 836 procidit,
1056 777 1107 820 et
1133 768 1354 836 rogavit,
1377 782 1468 819 sua
1501 776 1709 835 peccata

131 860 427 922 damnavit,
460 858 735 927 debitiqoe
759 858 1169 926 magnitudinem
1200 858 1448 926 agnovit:
1483 857 1573 910 sed
1597 873 1713 926 qua:

128 962 419 1019 sequuntur
445 950 656 1020 indigna
678 951 940 1019 prioribus
956 961 1098 1004 sunt.
1119 952 1373 1019 Egrcsms
1396 951 1597 1015 statim,
1619 965 1714 1002 nec

127 1044 296 1096 multo
314 1043 498 1112 elapso
521 1052 781 1111 tempore,
806 1042 898 1097 sed
920 1042 1119 1105 statim,
1141 1058 1259 1095 cum
1284 1058 1521 1110 prmsens
1543 1042 1713 1095 adhuc

125 1134 445 1189 beneficium
482 1144 662 1200 esset,
701 1134 877 1199 dono,
908 1150 1112 1188 necnon
1144 1134 1386 1189 libertate
1425 1149 1452 1186 a
1494 1133 1712 1185 domino

123 1227 217 1280 sibi
251 1242 510 1281 concessa
532 1227 596 1279 ad
627 1226 913 1293 nequitiam
947 1241 1073 1279 mus
1093 1235 1192 1279 est.
1218 1225 1306 1279 28.
1337 1224 1459 1277 Cum
1484 1224 1715 1276 invenis-

122 1328 190 1370 set
232 1319 382 1372 enim
430 1335 581 1371 unum
612 1333 675 1371 ea:
718 1319 967 1370 conservis
992 1359 1006 1379 ,
1053 1318 1137 1385 qui
1168 1315 1371 1369 άεὸισὺαῑ
1401 1316 1476 1368 illi
1515 1324 1712 1367 centum

124 1410 367 1461 denarios
392 1451 405 1472 ,
438 1408 718 1473 sulfoculmt
766 1426 875 1461 eum
910 1409 1119 1462 dicens:
1150 1408 1325 1462 Redde
1368 1410 1501 1475 quod
1544 1406 1706 1459 debes.

128 1499 379 1552 \‘idistin'
419 1499 617 1552 domini
669 1498 1126 1553 miscriCordiam?
1158 1498 1384 1552 vidistin’
1404 1498 1542 1553 si‘rvi
1586 1512 1709 1549 cru-

122 1591 398 1645 delitatem
422 1590 443 1643 ?
468 1592 660 1645 Audite
684 1592 770 1659 qui
820 1605 917 1660 pro
947 1591 1182 1659 pecuniis
1216 1589 1326 1643 basc
1356 1589 1545 1642 facitis.
1577 1588 1708 1641 Cum

123 1684 267 1737 enim
298 1698 396 1750 pro
424 1684 654 1752 peccatis
678 1683 727 1736 id
755 1699 857 1736 non
894 1682 1051 1736 liceat
1082 1682 1285 1745 facere,
1316 1690 1513 1751 quanto
1538 1681 1709 1734 minus

124 1790 218 1844 pro
246 1776 536 1845 pecuniis?
562 1775 695 1840 Quid
739 1776 896 1845 igitur
935 1774 1065 1828 ille?
1107 1774 1197 1827 29.
1243 1772 1548 1826 Putientiam
1588 1772 1711 1825 habe

124 1868 171 1917 in
200 1883 300 1928 me,
325 1877 369 1919 et
390 1867 559 1918 omnia
588 1866 793 1918 reddam
817 1866 923 1919 tibi.
953 1864 1042 1919 lllc
1069 1882 1194 1919 vero
1218 1881 1283 1918 ne
1310 1865 1467 1919 verba
1497 1863 1709 1934 quidem

123 1958 391 2010 reveritus
423 1965 527 2018 est,
558 1972 653 2026 per
676 1973 793 2025 qum
825 1956 935 2025 ipse
958 1965 1200 2010 servatus
1230 1954 1418 2009 fuerat.
1448 1955 1576 2008 Nam
1599 1955 1710 2024 ipse

122 2048 203 2101 bis
241 2048 402 2102 dictis
431 2064 459 2099 a
492 2047 677 2101 decem
711 2048 931 2101 millium
967 2048 1287 2102 talentorum
1333 2046 1515 2099 debito
1554 2046 1709 2098 abso-

122 2138 265 2194 lutus
290 2151 377 2194 est
401 2157 413 2191 :
445 2155 542 2193 nec
568 2150 774 2209 portum
800 2138 1067 2209 cognovit,
1092 2154 1186 2208 per
1201 2153 1357 2208 quem
1379 2136 1708 2205 naufragium

123 2230 396 2302 eﬂ‘ngisset
422 2249 434 2283 :
467 2247 563 2285 nec
594 2229 997 2301 supplicationis
1026 2229 1214 2283 modus
1243 2228 1441 2282 domini
1472 2228 1710 2299 benigni-

124 2336 282 2379 tatem
315 2326 371 2378 in
402 2333 634 2378 mentem
692 2323 789 2392 ipsi
838 2322 1103 2377 revocavit
1130 2338 1144 2386 ;
1193 2320 1287 2375 sed
1320 2321 1409 2374 illa
1437 2321 1613 2373 omnia
1643 2336 1709 2376 ex

122 2419 341 2470 avaritia
369 2458 384 2478 ,
413 2416 732 2470 crudelitate
762 2423 814 2468 et
858 2414 1053 2467 duritie
1096 2412 1353 2482 abjieiens
1395 2429 1457 2466 ex
1490 2413 1666 2465 animo
1690 2453 1705 2477 ,

122 2510 231 2563 fera
266 2510 451 2578 quavis
478 2509 669 2562 suavius
699 2522 1014 2561 conservum
1046 2505 1357 2559 suffocabat.
1390 2504 1523 2571 Quid
1555 2503 1704 2569 facis,

120 2616 150 2654 o
181 2601 383 2654 homo?
413 2615 517 2653 non
538 2600 705 2653 sentis
732 2640 746 2664 ,
795 2610 849 2652 ut
879 2599 1104 2667 lcipsum
1152 2598 1383 2665 decipias
1409 2640 1422 2661 ,
1471 2597 1703 2666 gladium

121 2702 303 2745 contra
340 2700 393 2745 te
419 2692 605 2759 adigas
629 2732 643 2753 ,
676 2706 736 2744 ac
768 2690 1084 2745 sententiam
1115 2689 1421 2758 donumque
1451 2689 1707 2743 revoces?

122 2782 218 2837 Sed
252 2784 383 2836 nihil
414 2782 602 2836 borum
631 2783 919 2851 cogitavit,
951 2798 1047 2835 nec
1076 2797 1250 2834 rerum
1278 2797 1489 2855 suarum
1523 2795 1703 2834 recoro

124 2874 271 2928 datus
314 2885 395 2928 est
418 2916 433 2938 ,
470 2890 641 2940 neque
672 2874 830 2928 cessit
871 2873 1087 2926 omnino
1113 2889 1125 2926 :
1156 2888 1474 2941 qnamqnam
1504 2888 1608 2927 non
1639 2872 1705 2927 de

121 2969 332 3036 paribus
366 2967 825 3036 supplicatioerat.
851 2966 944 3020 Hic
962 2982 1190 3035 namque
1224 2980 1317 3035 pro
1338 2966 1520 3020 decem
1550 2965 1707 3019 milti-

122 3062 214 3116 bus
242 3062 483 3125 talentis,
510 3063 595 3116 ille
628 3077 723 3129 pro
750 3076 962 3116 centum
991 3062 1224 3116 denariis
1254 3062 1598 3129 precabatur;
1620 3062 1705 3117 ille

121 3168 435 3208 conservum
464 3195 477 3219 ,
511 3152 598 3207 bic
645 3153 916 3207 dominum
944 3170 957 3216 ;
994 3153 1079 3205 bic
1107 3154 1392 3221 perfectam
1432 3153 1702 3207 remissio—

122 3262 235 3298 nem
263 3246 495 3313 accepit,
532 3244 619 3297 ille
640 3244 949 3297 dilationem
984 3243 1233 3313 petebat:
1267 3254 1311 3295 et
1341 3260 1402 3295 ne
1427 3244 1566 3296 illam
1588 3244 1700 3312 qui-

119 3340 224 3388 dpm
252 3338 338 3389 liie
364 3338 605 3389 concessit
629 3336 707 3389 illi
729 3352 745 3389 :
771 3336 856 3391 50.
894 3334 956 3388 1η
986 3352 1231 3388 carcerem
1262 3336 1403 3389 enim
1424 3335 1567 3388 illuni
1585 3353 1705 3389 ron-

115 3430 246 3499 jecit.
286 3429 381 3482 3|.
419 3426 655 3480 Videntes
681 3438 846 3481 autem
872 3429 1114 3489 conservi,
1147 3436 1531 3482 accusaverunt
1555 3426 1700 3481 illum

114 3519 248 3586 apud
273 3517 581 3581 dominum,
618 3517 914 3586 dominoque
940 3515 1215 3570 retulerunt
1235 3518 1246 3546 '
1263 3559 1274 3569 .
1297 3517 1369 3571 Nc
1399 3516 1701 3571 hominibus

112 3611 329 3679 quidem
363 3608 465 3661 hoc
494 3607 749 3675 placebat,
774 3607 965 3661 nedum
995 3606 1123 3661 Deo.
1142 3611 1255 3664 l‘na
1272 3608 1703 3681 ergocontrista-

113 3700 149 3750 ti
166 3708 299 3751 sunt
314 3700 402 3751 vel
427 3698 498 3751 illi
522 3698 609 3767 qui
645 3699 771 3752 nilnil
793 3698 1075 3752 debebant.
1096 3696 1230 3764 Quid
1264 3713 1390 3767 ergo
1416 3697 1700 3751 dominus?

110 3788 193 3842 53.
246 3788 415 3844 Serve
440 3806 651 3858 nequam
678 3788 696 3817 ’
718 3830 732 3854 ,
762 3806 907 3843 omne
946 3790 1165 3843 debitum
1209 3790 1336 3842 illud
1382 3790 1547 3841 dimisi
1576 3790 1696 3851 tibi,

110 3882 221 3947 quia
270 3882 470 3947 rogasti
517 3897 611 3933 me.
662 3881 746 3934 53.
797 3879 982 3933 Nonne
1043 3882 1261 3950 oportuit
1304 3890 1351 3933 et
1394 3890 1439 3933 te
1479 3882 1700 3934 misereri

107 3975 339 4027 conserti
364 3975 458 4035 tui,
482 3975 607 4025 sicut
629 3986 673 4025 e:
703 3990 791 4043 ego
814 3974 883 4025 tui
909 3974 1137 4027 misertus
1156 3990 1265 4025 sum
1289 3974 1313 4026 ?
1339 3973 1465 4026 Vide
1488 3988 1697 4027 rursum

109 4064 578 4119 mansuetudinem
608 4064 825 4117 domini.
846 4062 977 4117 Cum
1000 4064 1089 4116 illo
1108 4063 1306 4133 judicio
1330 4064 1625 4131 contendit,
1646 4074 1700 4118 et

108 4174 225 4213 sese
260 4166 496 4227 pingat,
521 4156 718 4209 donum
746 4166 1092 4210 revocaturus
1118 4173 1131 4213 :
1162 4157 1267 4208 imo
1302 4172 1430 4211 vero
1456 4173 1557 4211 non
1588 4159 1699 4225 ipse

111 4251 406 4313 revocavit,
440 4250 531 4303 sed
568 4250 610 4302 is
636 4250 722 4317 qui
752 4259 1047 4318 acceperat.
1081 4247 1203 4303 Ideo
1232 4248 1393 4303 dicit:
1429 4248 1588 4302 Omne
1607 4251 1699 4304 de-

108 4346 259 4395 situm
290 4343 430 4395 illud
459 4343 624 4394 dimisi
646 4344 733 4394 tibi
757 4382 771 4405 ,
800 4343 917 4405 quia
938 4342 1127 4409 rogasti
1146 4358 1241 4393 me.
1272 4341 1454 4394 Nonne
1480 4344 1699 4411 oportuit

106 4442 147 4484 et
176 4444 223 4485 te
251 4435 491 4485 misereri
534 4435 755 4484 conservi
799 4433 915 4484 tui?
946 4432 1053 4484 Etsi
1100 4433 1244 4485 enim
1283 4447 1564 4485 onerosum
1607 4433 1696 4487 tibi

107 4525 375 4587 videatur,
398 4534 455 4577 at
480 4524 712 4592 oportuit
740 4524 803 4576 ad
834 4524 1035 4577 lucrmn
1069 4524 1329 4591 respicere
1352 4522 1456 4592 jam
1482 4523 1694 4587 factum,

108 4627 153 4667 et
180 4618 247 4669 ad
280 4617 546 4670 futurum.
582 4614 646 4668 Et
672 4614 715 4667 si
747 4629 1032 4667 onerosum
1080 4615 1147 4666 sit
1179 4622 1498 4681 pra-ceptum
1520 4655 1534 4678 ,
1564 4630 1695 4682 pne—

110 4710 268 4759 mium
300 4707 545 4774 cingitare
577 4704 812 4773 oportuit
835 4721 848 4760 :
872 4713 1029 4772 atque
1052 4704 1103 4756 in
1130 4712 1309 4756 mente
1334 4720 1566 4767 versare,
1593 4720 1695 4757 non

107 4798 240 4861 nerui
277 4798 382 4849 ille
410 4794 505 4848 tibi
531 4794 783 4848 damnum
813 4794 1023 4858 inferat,
1056 4794 1147 4848 sed
1177 4794 1316 4863 quod
1348 4794 1509 4847 Deum
1534 4804 1586 4848 tu
1618 4795 1697 4848 of-

109 4887 317 4951 fendas,
350 4903 513 4955 quem
540 4886 763 4955 simplici
789 4886 1091 4953 precatione
1118 4886 1357 4953 placasti.
1383 4886 1446 4939 Et
1468 4886 1511 4938 si
1538 4888 1695 4941 etiam

108 4982 178 5032 sic
213 4978 312 5031 tibi
340 4993 633 5030 onerosum
665 4976 893 5039 videtur,
926 4976 971 5029 si
1005 4986 1053 5028 te
1080 4976 1322 5030 lasdentis
1351 4978 1552 5031 amicus
1581 4981 1693 5037 tias,

108 5072 259 5137 longe
288 5069 515 5138 gravius
541 5070 642 5122 erit
683 5068 732 5121 in
762 5068 1060 5138 gehennam
1097 5068 1332 5122 incidere
1359 5087 1370 5121 :
1401 5079 1453 5122 et
1493 5069 1537 5123 si
1571 5069 1695 5123 illud

109 5162 198 5225 ipsi
228 5160 538 5225 retulisses,
564 5169 690 5215 tunc
708 5158 1071 5228 coguovisscs,
1099 5160 1147 5212 id
1177 5162 1342 5213 multo
1373 5159 1539 5214 levius
1555 5175 1694 5214 esse.

112 5251 168 5303 ιι
192 5268 319 5305 cum
356 5250 524 5303 millia
550 5252 746 5305 talenta
777 5250 997 5305 deberet
1022 5292 1035 5315 ,
1066 5251 1206 5304 Deus
1235 5268 1337 5305 non
1360 5253 1559 5305 vocavit
1589 5268 1697 5306 ma-

114 5341 251 5405 lum.
285 5356 397 5397 nec
441 5340 627 5409 injuria
669 5340 844 5395 ali'ecit
868 5382 880 5404 ,
914 5342 1009 5396 sed
1042 5341 1291 5395 misertus
1336 5351 1418 5396 est
1446 5360 1459 5397 :
1487 5342 1699 5412 quando

114 5444 279 5486 autem
310 5436 461 5488 circa
506 5449 825 5488 conservum
870 5433 1117 5486 immanis
1157 5432 1378 5487 effectus
1412 5442 1533 5498 est,
1576 5442 1699 5488 tunc

114 5522 256 5589 dicit,
286 5522 455 5579 Serve
482 5540 711 5593 nequam.
740 5524 951 5589 Audite,
975 5525 1118 5576 avari
1147 5541 1161 5589 ;
1196 5539 1315 5578 nam
1344 5539 1438 5577 vos
1466 5523 1578 5578 lucc
1617 5541 1700 5579 re-

174 5678 350 5747 "
384 5678 672 5747 dominoque
702 5680 985 5747 retulerunt,
1008 5696 1117 5742 qua;
1158 5681 1204 5730 in
1248 5684 1397 5732 Savil.
1428 5692 1476 5734 et
1508 5684 1704 5747 optimis

120 5740 241 5786 ωτιι,
272 5741 485 5797 δδςιιηι.
511 5740 557 5790 in
584 5740 758 5790 ϐημιό
780 5740 1053 5791 oiiiisimus.

172 5802 192 5831 ⁸
214 5805 336 5861 ΔΜ,
376 5804 523 5853 Serve
545 5815 752 5871 nequeut
773 5810 816 5851 et
841 5802 1023 5866 ἐφίητι.

1116 376 1178 432 ΙΝ
1218 375 1613 432 M.\'l‘Tll.EU.\l
1654 373 1879 429 llOMZL.
1922 378 2050 432 LXI.
2095 380 2162 432 al.
2208 381 2360 435 [ΧΗ.

3307 391 3404 445 ειη

1821 493 2071 558 spiciunt.
2103 497 2780 559 Audite,immisericmdes
2805 512 2856 556 et
2882 504 3146 571 crudeles,
3180 524 3269 559 vos
3302 526 3404 563 non

1820 586 1937 639 aliis
1967 603 2085 642 esse
2113 591 2355 647 crudeles
2382 635 2396 656 ,
2429 594 2520 647 sed
2552 596 2699 649 vobis
2727 598 2871 665 ipsis.
2898 596 3028 651 Cum
3057 615 3183 669 ergo
3220 602 3402 654 volue-

1819 678 1892 731 ris
1934 678 2149 747 injurias
2185 682 2235 735 in
2271 696 2498 739 mentem
2531 704 2811 754 revocare,
2838 692 3065 759 cogitate
3094 702 3275 746 contra
3320 704 3401 747 te-

1822 768 1989 836 ipsnm
2022 771 2137 824 illas
2170 789 2425 829 reVocarc
2449 818 2461 839 ,
2499 792 2600 830 non
2632 791 2811 832 contra
2843 781 3038 846 alimn;
3068 791 3117 834 te
3149 791 3233 835 tua
3275 798 3399 851 pec~

1819 869 1933 911 cata
1981 862 2233 929 colligere
2257 906 2270 924 ,
2304 880 2405 915 non
2460 867 2702 931 proximi.
2736 868 2814 921 Tu
2862 870 3114 939 quidem,
3148 872 3398 941 quidquid

1819 960 2001 1003 contra
2035 952 2178 1004 illum
2211 955 2322 1023 agis
2345 999 2357 1017 ,
2388 968 2437 1008 ut
2466 958 2621 1010 homo
2642 960 2784 1027 agis,
2809 970 2861 1013 ct
2892 961 2940 1013 in
2971 963 3216 1029 pra-senti
3252 964 3347 1015 vita
3383 980 3396 1027 ;

1823 1043 1961 1096 Deus
1991 1060 2117 1097 vero
2147 1062 2248 1099 ιιιιιι
2282 1049 2378 1111 δῖε,
2413 1050 2501 1103 sed
2528 1052 2711 1117 majori
2741 1063 2789 1103 te
2819 1062 2870 1106 et
2894 1065 3095 1108 :etcrno
3125 1055 3231 1109 illic
3270 1072 3396 1125 sup-

1821 1136 1975 1202 plicio
1997 1136 2190 1190 afficiet
2221 1156 2231 1189 :
2260 1155 2378 1191 nam
2412 1141 2481 1192 ait
2518 1162 2529 1194 :
2560 1142 2646 1195 5i.
2681 1140 2914 1195 Tradidit
2940 1161 3053 1197 eum
3083 1144 3352 1199 tortoribus
3376 1188 3393 1209 .

1818 1224 1975 1277 donec
2015 1243 2161 1279 omne
2204 1228 2425 1281 debitum
2459 1232 2799 1296 persolveret;
2843 1232 2891 1285 id
2935 1244 3048 1297 est,
3096 1245 3395 1303 perpetuo;

1820 1332 2103 1385 mnnquam
2146 1322 2283 1372 enim
2316 1320 2504 1374 solvet.
2537 1322 2667 1387 Quia
2698 1338 2761 1376 cx
2796 1322 3050 1377 bent-licio
3079 1339 3181 1377 non
3214 1326 3390 1379 melior

1817 1410 2069 1475 evasisti,
2104 1426 2263 1464 unum
2312 1413 2661 1483 relinquitur,
2699 1415 3034 1484 ntsnpplicio
3076 1416 3396 1471 emt-oderis.

1818 1501 2186 1572 Licetgratiac,
2211 1514 2263 1557 et
2290 1504 2428 1558 dona
2462 1505 2552 1559 Dei
2582 1508 2696 1560 sine
2719 1506 3024 1576 poenitentia
3054 1507 3192 1561 sint:
3218 1517 3268 1559 at
3295 1517 3406 1559 tan-

1819 1601 1924 1645 tum
1958 1594 2121 1647 valuit
2156 1596 2428 1663 nequitia,
2482 1605 2535 1649 ut
2576 1595 2712 1649 banc
2750 1596 2919 1665 legem
2968 1596 3217 1651 solxeret.
3262 1595 3395 1663 Quid

1814 1702 1939 1755 ergo
1972 1687 2281 1755 injuriarum
2312 1688 2679 1742 recordatione
2723 1689 2955 1744 deterius
2979 1730 2994 1755 ,
3037 1700 3155 1755 qua:
3196 1688 3396 1743 donum

1816 1777 2051 1831 divimun
2080 1779 2183 1833 tale
2207 1795 2269 1832 ac
2294 1789 2493 1833 tantum
2527 1790 2773 1835 evertere
2807 1781 3013 1850 possit?
3040 1781 3219 1849 Neque
3248 1780 3395 1835 illum

1814 1870 2147 1939 simpliciter,
2196 1872 2286 1925 sed
2316 1873 2479 1927 iratus
2524 1872 2756 1927 tradidit.
2804 1872 3028 1939 Quando
3068 1875 3208 1927 enim
3237 1874 3395 1942 jussit

1816 1962 1962 2015 ἰΙΙιιιιι
1987 1963 2167 2028 vcndi,
2195 1980 2297 2017 non
2328 1963 2443 2016 irati
2463 1964 2621 2017 verba
2649 1973 2799 2017 erant
2824 1981 2838 2028 ;
2873 1964 2991 2017 ideo
3020 1980 3123 2018 non
3156 1964 3202 2017 id
3238 1965 3351 2017 fecit
3378 1983 3394 2027 ;

1814 2051 1906 2106 sed
1934 2051 2029 2106 hoc
2054 2054 2266 2107 occasio
2296 2053 2509 2122 grandis
2540 2052 2914 2107 misericordia:
2944 2053 3037 2106 fuit
3062 2070 3074 2107 :
3105 2068 3242 2107 nunc
3271 2068 3395 2106 vero

1815 2143 2191 2212 indignationis
2221 2160 2421 2214 magnae
2449 2145 2708 2198 sententia
2741 2154 2837 2209 est,
2865 2144 3102 2212 supplicii
3132 2157 3287 2214 atque
3314 2146 3393 2198 ul-

1815 2236 1991 2289 tionis.
2022 2236 2155 2301 Quid
2183 2251 2310 2306 ergo
2336 2236 2435 2291 sibi
2466 2240 2573 2290 vult
2600 2236 2887 2307 parabola?
2915 2236 3000 2291 '55.
3037 2236 3126 2289 Sir.
3148 2238 3279 2289 vobis
3312 2240 3392 2307 [u-

1813 2327 1904 2377 riet
1953 2324 2111 2379 Pater
2156 2343 2292 2380 meus
2317 2366 2333 2391 ,
2382 2328 2549 2396 inquit
2574 2369 2587 2392 ,
2618 2328 2711 2380 nisi
2743 2328 3029 2380 renttseritis
3059 2329 3394 2398 unusquisque

1813 2417 1963 2485 fratri
1991 2434 2083 2470 suo
2110 2417 2171 2469 de
2199 2419 2351 2471 corde
2380 2428 2538 2471 vestro
2568 2435 2639 2487 pc.
2659 2428 2771 2470 cata
2802 2419 3046 2487 ipsorum.
3079 2417 3194 2472 Non
3224 2420 3349 2472 dixit
3376 2461 3389 2479 ,

1813 2507 1968 2561 Pater
2017 2520 2227 2571 vester;
2283 2508 2373 2559 Sed
2402 2548 2415 2573 ,
2468 2507 2623 2561 Pater
2674 2525 2830 2561 meus.
2878 2507 2991 2561 Non
3023 2508 3161 2561 enim
3204 2509 3392 2578 dignus

1811 2608 1893 2653 est
1924 2600 1998 2653 sic
2029 2600 2298 2669 improbus
2328 2609 2379 2653 et
2408 2599 2724 2653 inlnnnanus
2750 2641 2763 2665 ,
2797 2600 2882 2669 qui
2918 2600 3079 2653 Deum
3114 2610 3263 2654 vocet
3290 2600 3387 2653 Pa-

1811 2702 1964 2745 trem.

1972 2785 2080 2837 Duo
2110 2784 2266 2853 igitur
2297 2783 2381 2837 llic
2413 2784 2620 2852 qua-rit,
2647 2792 2701 2835 ut
2733 2794 2943 2851 peccata
2973 2793 3149 2836 nostra
3176 2783 3391 2835 damne-

1811 2893 1947 2937 mus,
1974 2888 2023 2930 et
2048 2876 2162 2927 aliis
2189 2876 2559 2938 remittamus;
2593 2884 2645 2927 et
2674 2874 2772 2928 boc
2802 2883 3019 2943 peopter
3049 2874 3195 2940 illud,
3228 2888 3281 2927 ut
3315 2873 3386 2926 fa-

1808 2968 1960 3022 cilius
2002 2967 2125 3021 illud
2154 2968 2219 3019 sit
2257 2967 2401 3034 (nam
2430 2966 2517 3035 qui
2548 2967 2741 3035 cogitat
2775 2976 2985 3033 peccata
3028 2980 3121 3017 sua
3149 3005 3161 3028 ,
3206 2964 3393 3019 indul—

1807 3060 2014 3129 gentior
2048 3058 2147 3111 erit
2176 3056 2510 3123 conservo);
2545 3070 2714 3124 neque
2753 3056 2926 3109 solum
2958 3070 3049 3109 ore
3074 3096 3087 3119 ,
3112 3055 3203 3108 sed
3231 3054 3391 3108 cordo

1809 3150 2179 3205 dimittendum
2210 3158 2310 3213 est,
2343 3164 2409 3203 ne
2437 3157 2619 3203 contra
2645 3163 2739 3200 nos
2765 3147 2995 3217 gladium
3026 3147 3295 3216 adigamus
3322 3148 3390 3198 ob

1810 3244 2121 3312 injuriarum
2169 3241 2501 3295 memoriam.
2545 3238 2678 3305 Quid
2719 3241 2858 3292 enim
2895 3238 2983 3291 tibi
3022 3247 3223 3290 tantum
3265 3239 3387 3290 mali

1809 3337 1983 3391 intulit
2008 3335 2096 3405 qui
2138 3332 2357 3387 offendit
2380 3334 2394 3363 ¹
2420 3374 2435 3398 ,
2476 3340 2728 3400 quantum
2758 3329 2848 3383 tibi
2882 3330 3041 3383 infers
3066 3370 3079 3391 ,
3110 3344 3227 3381 cum
3254 3330 3385 3382 iram

1806 3428 1984 3481 animo
2027 3440 2205 3480 versas
2228 3465 2242 3489 ,
2272 3432 2322 3479 et
2363 3422 2677 3477 sententiam
2723 3421 2811 3476 Dei
2846 3430 2895 3475 te
2923 3420 3261 3475 damnantem
3294 3421 3384 3475 tibi

1804 3518 2032 3572 attrahis
2054 3519 2077 3569 ζ’
2102 3515 2233 3570 Nam
2264 3514 2307 3569 si
2336 3524 2389 3569 tu
2415 3514 2597 3584 vigiles
2624 3523 2675 3567 ct
2699 3512 3082 3582 pliilosiipberis
3103 3553 3116 3575 ,
3150 3512 3200 3566 ia
3228 3520 3389 3579 caput

1806 3612 1945 3664 illius
1976 3610 2168 3661 malum
2201 3615 2493 3676 torquetur,
2523 3615 2575 3659 et
2603 3605 2643 3659 is
2673 3605 2783 3673 ip~e
2808 3608 2909 3658 erit
2938 3605 3023 3673 qui
3052 3603 3191 3658 male
3218 3604 3385 3673 patie-

1805 3710 1925 3755 tur:
1974 3700 2056 3751 sin
2096 3708 2150 3751 tu
2201 3711 2510 3765 perseveres
2560 3695 2782 3748 moleste
2809 3704 2861 3747 et
2890 3695 3123 3763 graviter
3166 3693 3380 3756 ferens,

1803 3792 1949 3846 solus
1977 3790 2226 3842 damnum
2261 3787 2495 3849 referes,
2531 3801 2634 3838 non
2661 3787 2728 3837 ab
2755 3786 2846 3839 illo
2870 3827 2884 3849 ,
2914 3786 3007 3839 sed
3034 3800 3062 3837 a
3094 3784 3282 3853 teipso.
3308 3785 3387 3841 Ne

1803 3880 1999 3935 dixeris
2031 3894 2179 3947 ergo,
2212 3877 2291 3931 Me
2317 3875 2636 3930 contumelia
2665 3874 2870 3938 affecit,
2903 3874 3251 3929 calumniatus
3279 3884 3380 3935 est,

1804 3973 2081 4025 innumera
2126 3969 2302 4022 intulit
2343 3966 2475 4021 mala
2504 3985 2517 4021 :
2555 3976 2754 4035 quanto
2784 3966 2926 4019 enim
2968 3966 3116 4035 plura
3142 3964 3340 4019 dixeris
3364 4005 3381 4031 ,

1805 4074 1952 4119 tanto
1997 4061 2164 4133 magis
2197 4062 2491 4117 beneficum
2537 4060 2683 4113 illum
2733 4057 2991 4113 ostendis.
3036 4058 3381 4113 Occasionem

1803 4160 1996 4227 quippe
2027 4156 2117 4209 tibi
2148 4155 2289 4208 dedit
2321 4162 2532 4223 peccata
2584 4150 2923 4221 deponendi;
2970 4152 3036 4204 ita
3083 4160 3138 4204 ut
3183 4158 3383 4220 quanto

1805 4249 1971 4317 magis
2001 4257 2050 4301 te
2079 4245 2273 4299 Luserit
2299 4286 2313 4307 ,
2346 4252 2491 4298 tanto
2518 4242 2773 4311 majorem
2806 4251 3143 4311 peccatorum
3177 4242 3269 4296 tibi
3302 4256 3385 4296 re-

1803 4341 2111 4394 missionem
2155 4336 2479 4395 conciliabit.
2518 4335 2649 4389 Nam
2692 4336 2735 4390 si
2782 4335 3039 4399 velimus,
3088 4351 3245 4391 nemo
3287 4351 3385 4390 nos

1804 4434 1999 4487 laedere
2041 4432 2232 4500 poterit
2260 4430 2338 4499 (a)
2372 4448 2383 4483 :
2414 4429 2504 4483 sed
2531 4438 2584 4483 et
2623 4429 2720 4497 ipsi
2748 4429 2942 4482 inimici
2976 4430 3124 4481 nobis
3150 4430 3383 4485 maxime

1803 4536 2042 4595 prosunt.
2076 4522 2277 4592 Ecquid
2310 4521 2377 4576 de
2422 4521 2726 4576 hominibus
2753 4520 2985 4588 loquor?
3028 4520 3145 4589 Ipso
3170 4521 3382 4573 diabolo

1802 4619 1926 4689 quid
1967 4616 2274 4673 sceleratius
2302 4616 2424 4669 est?
2462 4617 2707 4669 Attamen
2734 4614 2802 4668 ab
2838 4613 2929 4668 illo
2969 4628 3210 4681 magnam
3247 4613 3381 4666 bene

1801 4710 1991 4781 agendi
2020 4708 2354 4763 occasionem
2386 4715 2690 4761 mutuamur
2709 4747 2723 4768 ,
2750 4714 2807 4759 ut
2835 4704 2933 4760 Job
2955 4705 3280 4773 comprobat.
3325 4704 3380 4759 Si

1802 4816 1963 4872 porro
1999 4800 2240 4854 diabolus
2270 4798 2479 4853 occasio
2506 4809 2587 4852 est
2625 4813 2963 4863 coronarum,
2993 4811 3088 4851 cur
3112 4798 3380 4851 inimicum

1803 4894 1999 4949 times?
2029 4892 2160 4946 Vide
2194 4900 2389 4961 quanta
2421 4889 2641 4945 lucreris
2662 4932 2676 4955 ,
2710 4889 2836 4943 dum
2879 4889 3212 4943 inimicorum
3263 4905 3379 4941 mo-

1802 4986 1982 5041 lestias
2010 4984 2117 5040 fers
2156 4986 2435 5054 patienter.
2467 4983 2642 5037 Primo
2673 4981 2884 5052 quidem
2912 5020 2928 5046 ,
2960 4980 3008 5034 id
3037 4981 3174 5049 quod
3206 4983 3380 5035 innxi-

1804 5094 1946 5131 mnm
1975 5086 2057 5132 est
2080 5117 2094 5140 ,
2136 5086 2469 5144 peccatorum
2498 5074 2902 5137 remissionem;
2932 5072 3163 5127 secundo
3205 5089 3385 5140 persc-

1804 5170 2092 5223 vcranliam
2124 5179 2175 5221 et
2221 5166 2528 5236 patientiam
2555 5206 2568 5225 .
2621 5167 2811 5227 tertio,
2843 5164 3302 5219 mansuetudinem
3331 5177 3385 5220 et

1805 5261 2200 5330 benignitatem.
2231 5258 2329 5326 Qui
2356 5258 2497 5312 enim
2526 5257 2692 5310 nescit
2720 5256 2872 5309 irasci
2898 5255 3152 5309 adversus
3181 5270 3272 5310 ρον
3292 5258 3384 5326 qui

1805 5369 1865 5408 se
1910 5350 2225 5415 oﬂendttnt,
2273 5349 2440 5402 multo
2467 5348 2633 5416 magis
2677 5362 2799 5415 erga
2840 5344 3040 5399 amicos
3083 5347 3225 5400 mitis
3263 5350 3383 5399 erit.

1805 5448 2035 5514 Quarto,
2065 5441 2205 5510 quod
2228 5454 2441 5509 semper
2469 5440 2543 5491 ira
2575 5437 2723 5491 vacui
2753 5437 2941 5503 simus,
2971 5437 3054 5490 cui
3088 5437 3226 5491 bona
3257 5438 3386 5490 nihil

1869 5558 1884 5588 ι
1921 5554 2080 5614 Savil.,
2106 5552 2229 5613 Quid
2252 5550 2380 5601 enim
2402 5550 2603 5613 oneum
2636 5547 2722 5599 tibi
2749 5554 2933 5599 tantum
2957 5548 3073 5600 ntali
3097 5547 3278 5611 inferre
3301 5562 3385 5611 po-

1803 5623 1944 5745 nii.)
1977 5676 2200 5745 Solemne
2222 5674 2402 5745 dictum
2448 5674 2788 5745 Cltrysostotni,
2839 5682 2981 5745 Nemo
3026 5671 3225 5745 la'_ditur_
3241 5672 3386 5745 nisi}

2002 5748 2099 5796 qua
2122 5738 2185 5788 de
2208 5749 2265 5786 re
2292 5737 2303 5784 Ι
2326 5740 2463 5786 ὺιίιιιι
2485 5734 2652 5785 edidit.
2673 5734 2731 5785 γ.
2746 5748 2888 5797 supra
2912 5742 3060 5783 't'omo
3080 5737 3127 5791 IS,
3155 5738 3248 5785 cet.
3280 5736 3385 5786 διὸ)
