3990 6216
647 374 752 431 595

653 513 748 567 par
774 509 892 550 esse
920 495 1107 564 possit.
1141 492 1270 548 Nam
1320 492 1408 562 qui
1441 505 1727 560 numquam
1769 488 2016 543 irascitur
2037 528 2050 549 ,
2085 485 2231 539 nullo

651 603 885 644 nimi-ore
915 588 1190 657 premitur,
1224 594 1278 640 ιιι
1311 585 1565 655 quuidum
1589 593 1691 648 est,
1722 597 1897 650 neque
1926 583 2083 633 vitam
2112 588 2232 648 aget

649 681 700 735 in
739 681 887 735 vanis
931 679 1202 734 laboribus
1255 676 1678 744 doloribusque:
1731 673 1820 743 qui
1861 673 2002 726 enim
2053 671 2232 725 odisse

650 772 840 835 nescit,
866 785 964 825 nec
991 769 1177 825 dolore
1199 767 1444 831 allicitur,
1467 765 1558 821 sed
1581 765 1785 820 deliciis
1811 763 2061 834 milleque
2078 761 2231 817 bouis

649 864 853 917 fruitur.
882 861 1061 931 Itaque
1085 874 1181 914 nos
1199 859 1342 928 ipsos
1361 857 1622 926 supplicio
1648 854 1929 918 allicimus,
1949 852 2074 906 dum
2098 851 2232 906 alios

648 955 772 1010 odio
804 955 1097 1019 habemus;
1123 953 1261 1008 sicut
1289 959 1344 1006 et
1383 951 1536 1005 nobis
1567 947 1821 1004 beneﬁcia
1863 945 2188 1002 conferimus
2211 985 2226 1008 ,

648 1046 772 1100 dum
817 1045 1107 1115 diligimus.
1155 1029 1234 1098 Ad
1279 1043 1433 1107 ιιωο,
1475 1039 1793 1095 venerabilis
1833 1039 1961 1108 ipsis
2003 1035 2231 1090 inimicis

646 1139 753 1194 eris
777 1180 791 1202 ,
824 1137 1035 1193 etiamsi
1058 1135 1332 1191 diIIITIOIICS
1361 1141 1540 1188 essent
1565 1149 1579 1198 ;
1609 1132 1715 1185 imo
1737 1130 1945 1200 potius,
1978 1128 2021 1182 si
2059 1126 2129 1180 ita
2157 1125 2231 1180 sis

646 1232 866 1288 allectus
889 1274 904 1298 ,
939 1244 1097 1285 nemo
1125 1228 1222 1283 tibi
1263 1226 1510 1281 inimicus
1539 1225 1640 1280 erit
1669 1242 1683 1278 :
1732 1221 1867 1293 quod
1910 1229 2084 1276 autem
2106 1233 2228 1274 om-

649 1327 795 1379 nium
839 1323 1128 1378 maximum
1158 1321 1495 1390 primumque
1524 1326 1606 1373 est
1628 1359 1641 1381 ,
1672 1316 1768 1371 Dei
1809 1312 2231 1369 misericordiam

651 1419 742 1470 tibi
774 1414 1033 1470 attrahis:
1062 1421 1222 1484 atque
1247 1411 1451 1467 etiamsi
1487 1407 1808 1480 peccaveris,
1833 1407 2039 1461 veniam
2066 1406 2234 1473 impc-

651 1508 854 1571 trabis;
903 1506 948 1560 si
987 1506 1124 1560 bene
1155 1505 1327 1574 egeris
1370 1501 1628 1572 majorem
1674 1513 1915 1554 assumes
1962 1494 2229 1550 ﬁduciam.

650 1599 780 1654 illud
803 1614 930 1668 ergo
958 1611 1323 1664 assequamur,
1354 1594 1618 1648 neminem
1651 1591 1773 1645 odio
1805 1588 2021 1655 habere,
2053 1596 2110 1641 ut
2135 1601 2232 1642 nos

652 1692 789 1747 Deus
815 1699 992 1744 amet:
1024 1697 1081 1743 ut
1103 1687 1310 1743 etiamsi
1330 1686 1512 1740 decem
1539 1685 1762 1738 millium
1797 1682 2115 1737 talentorum
2146 1679 2231 1734 de-

649 1786 848 1839 bitores
887 1783 1082 1847 simus,
1114 1781 1278 1835 nostri
1311 1780 1649 1834 misereatur.
1675 1775 1778 1831 Sed
1806 1775 1963 1830 laesus
1989 1771 2133 1827 fuisti
2164 1771 2231 1826 ab

648 1877 742 1932 illo
761 1876 786 1927 ?
813 1875 1063 1930 Miserere
1094 1875 1242 1930 illum
1269 1914 1284 1939 ,
1329 1886 1428 1926 nec
1469 1870 1594 1926 odio
1625 1869 1820 1924 habeas
1845 1884 1860 1932 ;
1891 1869 2012 1937 lnge
2041 1865 2186 1919 illum
2212 1905 2226 1927 ,

649 1984 747 2024 nec
777 1967 1059 2022 averseris.
1093 1966 1206 2020 Non
1235 1965 1376 2019 enim
1401 1971 1453 2017 tu
1480 1961 1746 2017 oﬁ'endisti
1779 1960 1966 2026 Deum,
1991 1957 2084 2014 sed
2107 1957 2227 2022 ille;

648 2068 704 2113 tu
751 2072 878 2114 vero
918 2057 1082 2126 probe
1131 2071 1242 2111 rem
1281 2053 1530 2126 gessisti,
1572 2054 1617 2107 si
1649 2052 1909 2123 patienter
1939 2049 2142 2105 tuleris.
2173 2049 2229 2104 ln

648 2158 878 2204 mentem
911 2163 1121 2212 revoca,
1152 2146 1456 2212 Christum,
1486 2160 1606 2200 cum
1633 2154 1775 2200 esset
1802 2142 2189 2213 cruciﬁgendus
2213 2181 2230 2205 .

649 2257 746 2312 pro
773 2242 950 2311 seipso
981 2239 1222 2311 gavisum
1248 2281 1262 2306 ,
1295 2248 1347 2292 et
1372 2253 1470 2308 pro
1499 2238 1932 2307 cruciﬁgentibus
1972 2237 2232 2307 laeryma—

649 2344 758 2390 tum
784 2333 967 2389 fuisse.
1007 2332 1096 2388 Sic
1125 2346 1222 2387 nos
1268 2339 1479 2400 oportet
1522 2343 1642 2385 esse
1667 2328 1920 2384 allectos:
1961 2336 2015 2383 et
2034 2337 2231 2397 quanto

649 2429 818 2499 magis
863 2427 1141 2492 laedimur,
1184 2431 1332 2478 tanto
1367 2422 1533 2492 magis
1559 2421 1816 2477 debemus
1840 2436 1937 2475 nos
1978 2419 2230 2474 hedentes

648 2521 868 2576 deﬁere.
899 2517 1060 2573 Nobis
1101 2517 1242 2572 enim
1277 2514 1439 2569 multa
1471 2513 1594 2567 inde
1635 2513 1772 2569 bona
1804 2511 2098 2575 accedunt;
2127 2511 2232 2564 illis

649 2629 777 2668 vero
807 2621 1012 2666 contra.
1062 2608 1166 2664 Sed
1197 2623 1376 2662 coram
1407 2604 1653 2661 omnibus
1681 2603 2020 2660 contumeliis
2055 2594 2234 2658 aﬁ‘ecit

654 2715 710 2759 et
735 2702 1072 2758 verberavit?
1093 2701 1232 2771 Ergo
1253 2714 1432 2753 coram
1453 2697 1702 2752 omnibus
1726 2712 1844 2752 sese
1866 2695 2164 2765 deturpavit
2179 2703 2234 2749 et

651 2792 1019 2848 dehonestavil
1043 2833 1056 2855 ,
1090 2801 1142 2846 et
1171 2789 1314 2844 mille
1347 2797 1712 2842 accusatorum
1740 2803 1831 2841 ora
1853 2788 2090 2855 aperuit,
2119 2787 2234 2857 plu-

653 2898 844 2954 resque
866 2881 958 2936 tibi
986 2880 1160 2935 texuit
1181 2893 1405 2934 coronas
1431 2920 1444 2942 ,
1473 2878 1668 2933 multos
1690 2877 1959 2946 patientia:
1982 2887 2083 2933 tua:
2104 2893 2234 2948 prte-

651 2991 816 3030 cones
839 2973 1072 3043 collegit.
1101 2971 1205 3026 Sed
1232 2969 1370 3040 apud
1401 2968 1533 3024 alios
1554 2983 1638 3023 me
1665 2967 2017 3024 calumniatus
2042 2977 2145 3024 est.
2169 2969 2233 3024 Et

651 3069 775 3139 quid
801 3068 902 3123 hoc
924 3108 937 3129 ,
967 3082 1086 3123 cum
1120 3065 1261 3120 Deos
1291 3065 1359 3118 sit
1391 3063 1460 3118 de
1489 3062 1572 3117 his
1601 3062 1832 3117 rationes
1859 3063 2188 3132 expetiturus
2212 3105 2228 3130 ,

653 3177 758 3215 non
787 3167 962 3214 autem
1003 3157 1078 3212 illi
1103 3157 1191 3227 qui
1218 3154 1543 3211 audierunt!
1580 3153 1692 3210 Sibi
1723 3168 1950 3224 namque
1978 3153 2074 3224 ipsi
2102 3170 2231 3224 sup-

652 3252 792 3322 plicii
830 3265 1044 3305 causam
1067 3248 1307 3314 curavit,
1330 3256 1387 3301 ut
1415 3262 1518 3302 non
1549 3245 1709 3301 modo
1737 3245 1804 3301 de
1841 3245 1953 3299 suis
1982 3244 2189 3300 delictis
2211 3287 2226 3312 ,

1358 369 1414 423 S.
1460 365 1737 424 JOANNIS
1771 364 2241 423 CIIBYSOSTUBH
2281 365 2598 424 ARCHIEP.
2640 370 3174 429 CONSTANTINOP.
3760 387 3840 444 59v;

2341 487 2434 541 scd
2463 487 2528 542 de
2557 489 2618 541 iis
2644 489 2841 554 etiam,
2871 505 2990 559 qua:
3031 499 3212 546 contra
3241 506 3300 546 se
3326 489 3562 560 loquutus
3589 506 3658 551 est
3679 540 3692 562 ,
3717 506 3829 560 ratio

2337 595 2459 634 nem
2483 581 2550 635 sit
2573 581 2892 636 redditurus.
2926 584 3000 638 'l'e
3024 584 3112 639 ille
3141 584 3278 654 apud
3303 584 3535 641 homines
3555 589 3839 652 calumniatus

2335 682 2418 730 est
2436 717 2450 739 ,
2480 674 2592 743 ipse
2616 689 2742 730 vero
2767 675 2905 745 apud
2939 676 3102 730 Deum
3129 685 3210 731 est
3235 687 3528 732 accusatus.
3563 679 3611 735 Si
3637 698 3743 738 vero
3757 685 3841 740 lia-c

2338 764 2429 818 tibi
2462 780 2566 818 non
2589 765 2695 819 sint
2724 768 2875 830 satis,
2904 767 3078 837 cogita
3107 767 3387 822 Dominum
3419 784 3617 840 quoque
3635 780 3756 828 tuum
3771 792 3830 830 ea-

2336 857 2548 911 lunmiis
2573 857 2866 927 impetitum
2891 857 3075 924 fuisse,
3099 869 3151 914 et
3171 875 3200 913 a
3224 869 3410 915 satana
3430 862 3561 916 etab
3577 862 3835 936 hominibus,

2335 957 2494 1017 atque
2521 947 2658 1018 apud
2681 963 2774 1003 eos
2804 963 2935 1019 quos
2964 950 3194 1004 maxime
3215 950 3502 1022 diligebat;
3534 954 3657 1010 illius
3680 971 3838 1028 quoque

2335 1040 2646 1109 Unigcniws
2691 1040 2955 1096 similiter.
2997 1041 3120 1096 Ideo
3168 1043 3415 1098 dicebat:
3451 1043 3510 1098 Si
3541 1055 3705 1116 patrem
3729 1053 3836 1120 fatui.

2336 1131 2429 1186 lius
2453 1131 2725 1187 Beelzebub
2752 1142 3073 1201 vocaverunt,
3113 1136 3268 1189 multo
3300 1135 3460 1206 magis
3487 1135 3741 1192 domesticos
3760 1142 3838 1210 ejus

2336 1223 2546 1294 (Matth.
2575 1225 2659 1280 10.
2683 1224 2797 1298 25).
2829 1224 3011 1294 Neque
3055 1227 3224 1281 solum
3263 1228 3604 1284 calumniatus
3641 1231 3757 1286 illum
3781 1246 3837 1290 est

2335 1316 2596 1387 malignus
2647 1315 2887 1384 daemon,
2917 1315 3012 1371 sed
3059 1317 3189 1372 ﬁdes
3225 1318 3304 1373 illi
3344 1319 3572 1374 adhibita
3609 1325 3836 1378 estzcaln-

2335 1408 2671 1478 mniatusque
2694 1417 2795 1472 est,
2815 1423 2921 1462 non
2943 1407 3008 1462 de
3030 1408 3188 1463 rebus
3204 1409 3377 1476 nihili,
3396 1409 3486 1464 sed
3505 1410 3566 1464 de
3581 1414 3749 1483 magnis
3765 1417 3834 1470 cri-

2336 1499 2586 1555 minibus.
2613 1499 2743 1554 Nam
2780 1509 2834 1555 et
2873 1501 3257 1556 darmoniacum
3300 1502 3448 1556 illum
3476 1506 3688 1570 vocavit,
3714 1508 3836 1562 etde-

2334 1600 2606 1659 ceptorem
2639 1601 2694 1645 et
2713 1591 2824 1646 Deo
2850 1593 3234 1647 adversarium.
3263 1593 3334 1646 At
3358 1602 3620 1666 postquam
3647 1594 3834 1653 beneﬁcia

2335 1683 2643 1749 contulisti,
2678 1685 2816 1740 male
2848 1700 3034 1755 passus
3056 1685 3158 1740 es?
3188 1684 3421 1754 Ideoque
3447 1687 3659 1742 maxime
3689 1706 3763 1758 pro
3779 1692 3832 1744 in-

2330 1777 2524 1846 juriam
2555 1777 2814 1834 inlercnte
2841 1779 2962 1850 lnge
2987 1821 3002 1846 ,
3035 1793 3131 1849 pro
3162 1779 3335 1848 teipso
3359 1780 3546 1848 gaude,
3575 1782 3681 1851 quia
3703 1785 3834 1839 similis

2338 1869 2445 1925 Deo
2470 1870 2636 1924 fat-tus
2662 1886 2718 1926 es
2744 1914 2757 1935 ,
2790 1870 2890 1938 Qui
2913 1872 3068 1926 solent
3097 1889 3247 1926 suum
3277 1871 3403 1924 oriri
3430 1876 3547 1947 facit
3569 1892 3699 1945 super
3723 1880 3833 1929 malas

2335 1974 2381 2016 et
2405 1962 2558 2018 bonos
2587 1964 2798 2034 (Matth.
2824 1966 2877 2019 5.
2909 1965 3022 2035 45).
3056 1966 3209 2034 Quod
3235 1970 3282 2024 si
3313 1969 3479 2025 Deum
3521 1969 3692 2025 imitari
3723 1986 3830 2038 supra

2333 2054 2473 2110 vires
2500 2063 2616 2110 tuas
2641 2070 2759 2111 esse
2783 2057 3055 2112 videatur:
3083 2074 3405 2130 quamquam
3446 2061 3664 2115 studioso
3695 2062 3733 2114 id
3765 2078 3832 2115 non

2334 2145 2553 2202 difﬁcile
2577 2148 2646 2201 sit
2671 2165 2684 2201 :
2708 2157 2939 2202 attamen
2958 2149 3001 2202 si
3030 2149 3078 2202 id
3103 2149 3194 2204 tibi
3219 2150 3499 2206 sublimius
3523 2166 3631 2205 esse
3644 2152 3831 2217 videatur,

2333 2252 2450 2306 age,
2483 2245 2532 2292 te
2558 2236 2623 2291 ad
2650 2253 2938 2293 conservos
2966 2238 3258 2297 ducamus:
3287 2242 3353 2296 ad
3374 2241 3664 2312 Josephum,
3689 2244 3758 2313 qui
3779 2245 3831 2297 in-

2335 2345 2550 2384 numera
2596 2345 2821 2399 passus,
2874 2332 3063 2388 fratres
3113 2349 3240 2389 suos
3288 2334 3578 2403 beneﬁciis,
3601 2335 3832 2398 all‘ecit;:id

2336 2421 2574 2492 Moysen,
2608 2423 2697 2491 qui
2728 2431 2846 2492 post
2879 2423 3023 2478 mille
3049 2424 3296 2491 insidias,
3332 2441 3427 2496 pro
3453 2426 3636 2482 Iudaeis
3655 2438 3832 2495 precatus

2334 2522 2414 2568 est
2440 2529 2454 2572 :
2489 2512 2554 2568 ad
2585 2512 2798 2568 beatum
2821 2514 3068 2580 Paulum,
3095 2516 3183 2585 qui
3214 2533 3337 2586 quae
3362 2532 3543 2586 passus
3561 2519 3622 2573 ab
3641 2518 3723 2571 illis
3740 2525 3832 2571 essu

2334 2618 2649 2659 enumerare
2675 2620 2780 2658 non
2821 2614 3062 2675 poterat,
3093 2615 3147 2661 et
3177 2615 3358 2662 tamen
3389 2609 3596 2677 optabat
3619 2609 3827 2662 anathema

2334 2711 2453 2750 esse
2479 2712 2573 2765 pro
2601 2696 2703 2751 illis
2731 2697 2902 2766 (Rom.
2928 2698 2983 2754 9.
3007 2698 3158 2768 5);ad
3187 2697 3517 2771 Stephanum
3546 2701 3833 2771 quilapidaius

2333 2798 2431 2853 est,
2460 2797 2512 2843 et
2539 2790 2742 2858 rogavit
2771 2800 2827 2842 nt
2871 2790 2971 2845 hoc
3003 2800 3278 2860 peccatum
3331 2794 3672 2848 remitteretur
3694 2791 3764 2845 eis.
3792 2789 3832 2842 Et

2336 2877 2450 2933 haec
2467 2880 2640 2933 omnia
2668 2881 2925 2950 cogitans,
2959 2881 3088 2935 iram
3107 2897 3328 2936 omnem
3352 2882 3504 2952 ejice,
3527 2891 3579 2936 ut
3598 2883 3712 2936 Deus
3725 2879 3829 2933 nobis

2335 2971 2512 3024 omnia
2545 2981 2756 3040 peccata
2776 2972 3031 3036 remittat,
3060 2973 3225 3042 gratia
3250 2982 3306 3027 et
3325 2972 3666 3028 misericordia
3689 2970 3831 3026 Domini

2335 3062 2505 3116 nostri
2533 3061 2657 3118 Iesu
2683 3062 2877 3118 Christi
2905 3107 2919 3128 ,
2950 3064 3162 3132 quicum
3202 3064 3352 3119 Patri
3382 3073 3437 3120 et
3472 3063 3670 3133 Spiritui
3707 3069 3832 3115 sancto

2333 3155 2522 3226 gloria,
2547 3155 2846 3225 imperium,
2871 3155 3063 3224 honor,
3089 3171 3231 3212 nunc
3249 3167 3308 3212 et
3331 3165 3622 3229 semper,et
3640 3155 3684 3210 in
3701 3151 3832 3208 secula

2335 3247 2675 3302 saeculorum.
2707 3248 2896 3300 Amen.

1842 3455 2186 3516 HOMILIA
2229 3453 2424 3514 LXII.
2471 3453 2558 3516 al.
2594 3453 2818 3515 LXIII.

651 3587 773 3641 Car.
811 3585 894 3642 l9.
927 3601 981 3639 v.
1013 3586 1063 3640 1.
1093 3584 1157 3638 Et
1183 3588 1370 3656 factum
1399 3592 1468 3637 est
1492 3623 1506 3648 ,
1538 3597 1649 3634 cum
1694 3588 2086 3634 consummasset
2137 3578 2232 3633 Je-

719 3695 803 3730 sus
831 3677 922 3731 hos
949 3690 1220 3740 sermones,
1250 3673 1478 3744 migravit
1503 3688 1533 3724 a
1559 3669 1795 3736 Catilina,
1821 3671 2015 3724 etvenit
2035 3670 2087 3722 in
2107 3671 2232 3738 ﬁnes

717 3769 915 3824 Jude
941 3779 1080 3822 trans
1107 3765 1404 3821 Iordanem.

721 3865 770 3916 1.
819 3860 949 3916 Cum
989 3859 1059 3914 ob
1099 3860 1306 3915 illorum
1347 3856 1596 3911 invidiam
1643 3854 1950 3924 frequenter
1992 3851 2232 3907 Judzeam

648 3955 967 4024 reliquisset,
993 3965 1131 4006 nunc
1155 3950 1366 4005 tandem
1395 3949 1446 4002 in
1473 3963 1535 4003 ea
1563 3947 1894 4011 immoratur,
1918 3945 2040 4016 quia
2068 3959 2233 4014 prope

648 4055 763 4098 erat
785 4043 1044 4114 passionis
1067 4051 1274 4110 tempus
1299 4053 1429 4093 :nec
1451 4047 1626 4092 tamen
1649 4036 2033 4106 Jerosolymam
2055 4050 2234 4090 ascen-

648 4135 747 4203 dit,
779 4135 870 4190 sed
905 4135 954 4188 in
986 4133 1179 4187 ﬁnibus
1211 4131 1409 4187 Iudaea:
1442 4139 1703 4184 versatur.
1744 4129 1811 4183 Et
1849 4129 2147 4183 venientem
2175 4126 2229 4182 2.

652 4225 894 4296 Sequitur:
916 4232 1032 4278 sunt
1058 4239 1171 4276 eum
1199 4222 1356 4276 turbae
1382 4221 1554 4276 multa:
1572 4263 1586 4288 ,
1611 4232 1664 4275 et
1694 4222 1887 4275 curavit
1910 4237 2013 4276 eos.
2051 4220 2233 4290 Neque

650 4315 906 4370 doctrinae
937 4312 1239 4378 tradendae,
1271 4327 1444 4384 neque
1473 4312 1638 4383 signis
1661 4311 1880 4367 edendis
1905 4326 2118 4381 semper
2147 4312 2230 4366 in-

650 4406 887 4472 cumbit;
916 4406 1009 4462 scd
1040 4405 1198 4460 modo
1227 4405 1346 4472 hoc,
1381 4404 1540 4460 modo
1569 4405 1694 4459 illud
1721 4405 1846 4473 agit,
1876 4412 1933 4459 ut
1969 4405 2120 4460 saluti
2148 4419 2234 4460 se-

645 4499 921 4570 quentium
953 4507 1006 4554 et
1036 4497 1347 4554 merentium
1387 4495 1486 4552 sibi
1514 4495 1658 4550 varie
1688 4495 2010 4566 provideret,
2035 4511 2140 4566 quo
2167 4512 2234 4551 ex

648 4592 814 4663 signis
846 4591 949 4647 ﬁde
987 4591 1177 4662 dignus
1218 4590 1471 4660 magister
1501 4589 1552 4642 in
1585 4589 1648 4643 iis
1677 4604 1795 4660 qua:
1832 4587 2045 4644 dicebat
2081 4604 2231 4643 com-

648 4682 985 4753 probaretur,
1017 4697 1081 4735 ex
1109 4680 1350 4735 doctrina
1381 4693 1508 4734 vero
1537 4679 1808 4748 signorum
1839 4679 2044 4734 lucrum
2074 4694 2234 4748 auge-

646 4784 750 4829 ret.
783 4773 895 4828 Hoc
923 4782 1099 4828 autem
1127 4781 1243 4827 erat
1279 4771 1399 4825 illos
1437 4769 1501 4824 ad
1547 4769 1636 4824 Dei
1667 4769 2022 4839 cognitionem
2062 4769 2233 4825 addu-

645 4881 790 4919 cere.
826 4863 903 4918 'I'u
941 4879 1067 4917 vero
1105 4862 1233 4917 mihi
1269 4862 1429 4918 etiam
1469 4861 1593 4916 illud
1636 4861 1939 4932 perpende,
1968 4861 2235 4931 quomodo

648 4957 833 5027 plebes
883 4955 1115 5026 integras
1157 4971 1264 5008 uno
1307 4953 1469 5008 verbo
1514 4961 1925 5022 praetercurrant
1956 4953 2229 5024 discipuli,

645 5064 752 5102 non
780 5047 1093 5103 nominatim
1115 5044 1458 5115 singulos‘qui
1487 5044 1655 5098 sanati
1687 5044 1894 5098 fuerant
1923 5043 2234 5099 referentes.

646 5138 764 5193 Non
796 5139 1046 5195 dicebant
1069 5137 1234 5202 enim,
1268 5137 1363 5192 llic
1401 5145 1455 5191 et
1497 5135 1604 5198 hic,
1636 5135 1752 5202 scd,
1785 5135 1952 5201 Multi,
1983 5135 2236 5191 docentes

646 5241 703 5284 ut
737 5248 765 5285 a
800 5231 939 5287 fastu
965 5245 1264 5287 caveamus.
1298 5229 1531 5285 Sanahat
1556 5238 1730 5284 autem
1761 5227 2007 5284 Christus
2038 5239 2095 5283 ut
2135 5229 2238 5285 illis

649 5321 1016 5384 benefaceret,
1047 5337 1110 5376 ac
1141 5336 1234 5391 per
1273 5321 1393 5374 illos
1437 5319 1555 5374 aliis
1595 5319 1798 5372 multis.
1829 5318 1960 5372 Nam
1988 5321 2114 5373 dum
2147 5319 2181 5373 ii
2207 5333 2236 5374 a

649 5412 853 5467 morbis
881 5420 1228 5473 curarentur,
1261 5411 1379 5464 aliis
1411 5411 1525 5465 hinc
1563 5409 1772 5464 occasio
1799 5418 1915 5464 erat
1936 5451 1952 5477 ,
1985 5417 2042 5464 ut
2069 5410 2238 5466 Deum

649 5513 1072 5576 cognoscerent;
1102 5504 1196 5560 sed
1228 5518 1331 5558 non
1360 5503 1642 5558 Pharis-mis
1667 5520 1681 5570 ;
1716 5503 1822 5558 imo
1851 5503 1920 5557 illi
1955 5513 2237 5574 propterea

652 5599 820 5668 magis
847 5597 1160 5662 cﬁ'erantur,
1190 5604 1243 5650 et
1267 5595 1526 5651 accedunt
1552 5595 1616 5650 ad
1643 5610 1762 5651 eum
1793 5595 2029 5649 tentandi
2055 5610 2236 5650 causa.

652 5691 788 5755 Quia
831 5689 972 5744 enim
1019 5702 1138 5758 qua:
1183 5686 1315 5741 laeta
1360 5684 1566 5740 fuerant
1597 5700 1789 5756 capere
1821 5703 1924 5740 non
1955 5695 2236 5754 poterant,

659 5779 983 5844 problemata
1018 5777 1115 5847 ipsi
1158 5786 1483 5848 pr0pounnt.
1513 5776 1642 5831 Nam
1672 5776 1985 5833 accedentes
2021 5777 2084 5832 ad
2121 5792 2240 5834 cum

2339 3586 2395 3633 et
2424 3585 2687 3632 tentantes
2711 3577 2957 3632 dicebant
2979 3595 2992 3631 :
3014 3578 3068 3634 3.
3093 3578 3153 3634 Si
3177 3579 3292 3634 licet
3318 3581 3508 3635 homini
3530 3591 3835 3651 quacumque:

2337 3686 2490 3724 causa
2537 3685 2742 3724 uxorem
2789 3669 3056 3724 dimittere.
3105 3669 3151 3725 Ο
3199 3671 3516 3727 stultitiam!
3558 3670 3771 3725 Putabant
3798 3682 3834 3718 se

2337 3773 2494 3830 posse
2521 3760 2905 3831 quaestionibus
2933 3760 3043 3815 suis
3072 3761 3168 3830 ipsi
3198 3777 3258 3816 os
3283 3763 3551 3828 claudere,
3573 3758 3743 3818 etiamsi
3761 3758 3834 3827 jam

2336 3853 2704 3923 experimento
2731 3853 3044 3910 didicissent
3069 3861 3326 3924 quantum
3367 3854 3418 3909 in
3458 3856 3537 3910 his
3573 3854 3709 3909 rebus
3739 3850 3837 3903 vale-

2336 3953 2438 4000 ret.
2457 3943 2588 3998 Cum
2606 3944 2802 4000 scilicet
2823 3943 2888 3998 de
2904 3943 3125 3999 sabbato
3145 3944 3304 4000 multa
3322 3945 3665 4000 disseruerunt
3682 3939 3836 4014 (Matth.

2338 4036 2625 4102 12);‹ιιιιιι
2665 4037 2948 4100 dixerunt,
2982 4035 3308 4107 Blasphemat
3346 4037 3563 4108 (Matth.
3594 4037 3639 4092 9.
3675 4031 3837 4100 5),\'el

2336 4128 2550 4198 quando
2575 4127 2859 4193 dicebant,
2906 4127 3223 4182 Darmonium
3269 4130 3416 4184 habet
3445 4130 3463 4198 (
3479 4128 3623 4182 Joan.
3654 4126 3724 4181 10.
3745 4121 3836 4184 2οΗ

2337 4233 2458 4272 cum
2483 4218 2770 4288 discipulos
2797 4219 3140 4286 increpabant
3162 4219 3301 4289 quod
3336 4236 3432 4289 per
3453 4229 3560 4274 sata
3583 4217 3836 4272 incederent.

2337 4323 2458 4364 cum
2487 4309 2554 4363 de
2583 4309 2742 4364 illotis
2768 4310 3010 4364 manibus
3050 4310 3253 4380 loqnuti
3293 4323 3419 4366 sunt
3449 4309 3654 4381 (Matth.
3679 4305 3748 4360 19..
3769 4303 3838 4366 Ξ),

2339 4399 2533 4468 ubique
2561 4401 2676 4456 illos
2707 4402 3023 4470 reprimens,
3055 4402 3520 4473 impudentemque
3556 4402 3752 4470 linguam
3775 4395 3839 4448 oli-

2339 4500 2568 4555 struens,
2599 4491 2677 4546 sic
2702 4493 2907 4547 remisit
2936 4508 3028 4548 eos
3056 4493 3244 4564 (Marc.
3279 4494 3330 4549 7.
3359 4495 3439 4562 5).
3471 4496 3690 4549 Attamen
3717 4499 3841 4553 neque

2340 4584 2410 4638 ita
2439 4585 2749 4640 abscedunt.
2777 4585 2918 4641 Talis
2942 4587 3140 4657 quippe
3162 4596 3243 4642 est
3272 4589 3522 4658 nequitia,
3547 4587 3654 4641 talis
3678 4580 3838 4637 invidia.

2339 4678 2618 4746 impudens
2651 4693 2842 4748 nempe
2875 4690 3033 4748 atque
3061 4680 3344 4750 petulans:
3372 4681 3570 4736 etiamsi
3599 4677 3757 4732 millies
3781 4684 3839 4724 re-

2341 4771 2618 4840 primatur,
2647 4769 2840 4825 millies
2867 4785 3076 4825 rursum
3102 4772 3287 4828 instat.

2412 4859 2792 4916 Plias-imorum
2829 4865 3037 4919 astutia.
3064 4895 3134 4905 —
3159 4864 3238 4918 Tu
3281 4879 3406 4919 vero
3445 4863 3565 4918 mihi
3601 4855 3838 4914 considctrs‘

2341 4953 2497 5007 velim
2541 4953 2969 5024 interrogationis
3008 4955 3410 5025 malignitatem.
3444 4955 3550 5009 Non
3579 4952 3700 5007 enim
3731 4946 3836 4999 dite-

2345 5054 2466 5100 runt
2490 5045 2536 5100 ei
2569 5065 2580 5100 :
2614 5046 2822 5100 Iussisti
2852 5063 3068 5102 uxorem
3097 5063 3201 5103 non
3229 5048 3522 5109 dimittere;
3549 5047 3645 5115 jam
3661 5040 3774 5096 enim
3794 5035 3839 5087 de

2344 5138 2442 5192 hac
2470 5138 2585 5208 lege
2613 5138 2936 5194 disseruerat
2964 5159 2977 5194 :
3004 5149 3236 5196 attamen
3267 5141 3543 5196 verborum
3570 5139 3745 5192 illorum
3763 5141 3838 5183 nuit

2339 5233 2721 5296 meminerunt,
2754 5233 2846 5286 sed
2875 5231 3000 5287 inde
3028 5232 3249 5303 profecti
3278 5246 3399 5288 sunt
3421 5250 3436 5298 ;
3462 5247 3629 5287 verum
3657 5230 3840 5296 putantes

2345 5338 2403 5378 se
2428 5322 2659 5392 majores
2685 5322 2902 5378 insidias
2939 5335 3218 5393 paraturos
3246 5339 3366 5380 esse
3385 5369 3398 5388 .
3427 5340 3540 5379 cum
3567 5319 3733 5376 vellent
3752 5325 3838 5364 eum

2346 5414 2437 5466 illo
2463 5413 2704 5483 redigere
2729 5423 2786 5468 ut
2813 5423 2996 5469 contra
3027 5415 3195 5485 legem
3227 5417 3541 5486 loqueretur,
3573 5427 3662 5465 non
3689 5409 3840 5461 dicunt.

2345 5503 2452 5558 Cur
2483 5504 2584 5559 hoc
2611 5513 2664 5558 et
2693 5504 2794 5558 hoc
2822 5506 3091 5560 statuisti?
3121 5506 3211 5562 sed
3239 5508 3387 5577 quasi
3423 5506 3548 5561 nihil
3586 5503 3753 5558 dictum
3783 5509 3840 5547 cs-

2346 5604 2447 5663 set,
2481 5597 2828 5666 interrogant,
2859 5597 2914 5651 Si
2942 5597 3118 5664 liceat,
3150 5609 3422 5668 sperantes
3449 5597 3586 5651 illum
3611 5609 3661 5666 se
3684 5591 3765 5646 hoc
3787 5583 3840 5636 di-

2346 5687 2488 5743 xisse
2518 5702 2622 5742 non
2663 5687 3063 5743 recordaturum
3089 5704 3207 5745 esse
3231 5709 3245 5751 ;
3278 5705 3493 5760 cumque
3519 5683 3667 5757 parati
3689 5684 3838 5735 essent,

2348 5781 2392 5836 si
2436 5781 2675 5848 diceret,
2709 5781 2866 5839 licere
2903 5782 3171 5838 dimittere
3195 5826 3209 5852 ,
3244 5785 3316 5838 illi
3353 5794 3604 5854 opponere
3632 5790 3731 5846 qin
3759 5770 3842 5836 it'se
