4126 6220
348 281 449 338 5⁸³7
525 339 528 342 .

346 395 557 447 dixerat
578 436 591 456 ,
623 392 704 446 bis
733 390 906 444 verbis
937 407 948 442 :
976 388 1087 441 Cur
1123 385 1385 440 contraria
1424 383 1641 436 dixisti?
1668 383 1711 435 si
1741 380 1925 435 eadem

348 501 531 539 rursus
556 500 676 553 quae
702 483 846 552 prius
867 481 1090 546 diceret,
1113 477 1346 547 Moysen:
1372 475 1620 543 olijicerc.
1645 474 1778 542 Quid
1804 489 1930 541 ergo

351 578 475 630 ille?
515 575 629 629 Non
669 574 798 627 dicit
833 589 843 623 :
875 569 978 626 Cur
1016 586 1094 622 me
1131 568 1330 621 tentatis
1354 610 1368 632 ,
1401 567 1675 636 hypocrita:
1703 565 1926 637 (Matth.

346 669 434 722 ‘22.
472 667 618 736 48)?
651 665 702 720 id
742 663 881 735 quod
933 673 1112 731 postea
1152 659 1326 712 dixit:
1370 656 1460 710 sed
1503 656 1586 709 hic
1632 673 1734 710 non
1781 656 1927 709 item.

349 761 567 828 Quare?
597 759 665 815 Ut
701 775 822 812 cum
855 755 1087 827 potentia
1114 767 1209 806 sua
1235 749 1694 806 mansuetudinem
1722 764 1932 818 quoque

349 852 674 907 ostenderet.
701 850 880 919 Neque
906 848 1044 901 enim
1074 860 1284 911 semper
1316 851 1473 906 tacet,
1500 858 1565 895 ne
1591 850 1773 911 putent
1800 841 1847 893 id
1875 856 1932 894 se

351 946 545 1009 latere;
579 959 750 1013 neque
779 956 988 1009 semper
1015 937 1302 1008 redarguit,
1330 945 1388 990 ut
1418 949 1514 988 nos
1542 935 1730 988 doceat
1755 935 1931 986 omnia

352 1047 626 1090 mansuete
655 1049 774 1090 esse
815 1033 1049 1086 ferenda.
1087 1028 1367 1098 Quomodo
1395 1044 1522 1098 ergo
1563 1027 1668 1081 illis
1708 1042 1930 1095 respou-

350 1129 480 1184 det?
506 1130 559 1184 4.
593 1127 713 1182 Non
740 1127 958 1195 legistis,
987 1125 1106 1194 quia
1147 1122 1233 1193 qui
1276 1121 1393 1188 fecit
1423 1122 1702 1184 hominem,
1736 1135 1934 1172 mascu-

351 1221 458 1275 lum
489 1229 533 1272 et
562 1218 798 1289 feniinam
839 1217 954 1286 fecit
995 1214 1123 1268 eos?
1154 1213 1221 1267 Et
1264 1212 1391 1266 dixit
1418 1229 1436 1264 :
1552 1211 1828 1282 Pr0pterca
1852 1227 1933 1264 re-

352 1311 538 1378 linquet
557 1311 705 1362 homo
729 1318 922 1376 patrem
941 1324 1086 1361 suum
1106 1316 1153 1360 et
1174 1314 1381 1358 matrem
1401 1321 1566 1369 suam,
1597 1314 1642 1357 et
1663 1303 1934 1355 adlucrebit

354 1409 498 1458 uxori
535 1420 660 1467 suae,
688 1414 735 1458 et
779 1415 922 1457 erunt
950 1405 1052 1458 duo
1078 1402 1131 1456 in
1162 1418 1312 1455 carne
1337 1418 1439 1454 una
1466 1400 1614 1472 (Gen.
1645 1400 1699 1454 9..
1733 1399 1841 1471 ξεί).
1879 1402 1930 1454 6.

353 1498 534 1568 Itaque
551 1500 664 1568 jam
688 1515 788 1552 non
807 1507 921 1551 sunt
947 1496 1066 1558 duo,
1088 1496 1177 1550 sed
1203 1513 1304 1548 una
1325 1511 1463 1549 caro.
1491 1495 1638 1561 Quod
1659 1511 1774 1563 ergo
1798 1492 1935 1546 Deus

351 1590 633 1660 conjunxit,
683 1588 830 1641 homo
866 1604 964 1640 non
1002 1595 1214 1658 separet.
1245 1585 1376 1640 Vide
1415 1586 1725 1654 sapientiam
1767 1584 1930 1653 magi—

353 1681 469 1735 stri.
513 1680 868 1748 Interrogatus
905 1677 1074 1742 enim,
1111 1676 1170 1730 Si
1215 1675 1348 1737 licet,
1399 1691 1502 1729 non
1547 1675 1726 1728 statim
1773 1673 1932 1738 dicit,

351 1769 466 1826 Non
496 1773 650 1834 licet,
684 1785 751 1824 ne
782 1769 1254 1838 perturbarentur;
1285 1766 1377 1820 sed
1405 1775 1686 1834 antequam
1717 1774 1934 1818 senten-

352 1862 480 1933 tiam
513 1861 745 1924 diceret,
775 1875 868 1928 per
895 1869 1204 1928 apparatum
1236 1857 1383 1911 illum
1412 1856 1462 1910 id
1493 1855 1691 1925 liquido
1718 1856 1934 1918 statuit,

352 1950 646 2007 ostendens
672 1949 841 2003 Patris
871 1949 950 2004 sui
978 1963 1096 2002 esse
1138 1956 1497 2017 praeceptum,
1527 1961 1623 2000 nec
1649 1944 1814 2015 Moysi
1840 1945 1935 1998 ad-

357 2051 630 2094 versatum
657 2055 714 2093 se
748 2039 845 2092 hoc
877 2038 1210 2108 praecepisse.
1243 2036 1618 2090 Animadverte
1657 2044 1832 2089 autem
1871 2034 1938 2089 il-

357 2133 467 2188 lum
503 2148 604 2185 non
633 2148 661 2183 a
690 2130 960 2185 creatione
996 2129 1170 2184 solum
1208 2128 1336 2182 illud
1375 2127 1640 2180 al'lirmare
1662 2167 1676 2190 ,
1708 2125 1800 2179 sed
1826 2134 1881 2180 et
1908 2140 1936 2178 a

354 2234 622 2292 praecepto
659 2221 794 2288 ejus.
832 2219 946 2275 Non
986 2217 1126 2272 enim
1156 2218 1321 2284 dixit,
1355 2217 1526 2286 ipsum
1557 2216 1746 2271 iecisse
1773 2231 1936 2269 unum

354 2322 556 2367 tantum
584 2312 850 2365 hominem
881 2325 1143 2379 unamque
1171 2308 1480 2372 mulierem;
1505 2306 1599 2361 sed
1621 2307 1782 2361 etiam
1805 2322 1938 2376 pra:-

351 2403 559 2471 cepisse
579 2443 593 2466 ,
621 2413 676 2455 ut
705 2416 841 2455 unus
871 2399 960 2453 uni
987 2399 1346 2468 copularetur.
1378 2397 1434 2451 Si
1465 2396 1718 2451 voluisset
1760 2405 1934 2449 autem

352 2494 492 2552 hanc
520 2494 734 2559 dimitti,
762 2494 918 2547 aliam
945 2491 1088 2557 duci,
1119 2507 1239 2545 cum
1281 2505 1442 2545 unum
1492 2489 1760 2544 hominem
1790 2488 1934 2552 iecit,

354 2587 546 2642 multas
595 2586 804 2640 fecisset
850 2583 1123 2639 mulieres.
1172 2581 1323 2637 Nunc
1363 2589 1538 2636 autem
1577 2589 1632 2636 et
1668 2596 1734 2635 ex
1779 2579 1938 2635 modo

351 2681 638 2737 creationis
674 2689 726 2734 et
767 2694 835 2734 ex
876 2677 1046 2732 forma
1084 2676 1212 2746 legis
1251 2673 1516 2741 ostendit,
1552 2689 1712 2728 unum
1743 2672 1938 2728 debere

353 2788 565 2841 semper
591 2787 713 2825 ctnn
755 2785 853 2824 una
898 2768 1134 2822 habitare
1157 2809 1173 2830 ,
1205 2783 1376 2836 neque
1406 2781 1652 2835 umquam
1680 2764 1936 2834 separari.

355 2863 420 2917 Et
447 2862 565 2916 ride
591 2859 857 2932 quomodo
885 2859 1024 2914 dieat
1054 2876 1067 2911 :
1101 2858 1198 2921 Qui
1231 2858 1347 2926 fecit
1377 2873 1408 2909 a
1439 2854 1705 2926 principio,
1739 2871 1938 2908 mascu-

353 2954 458 3006 lum
489 2963 534 3004 et
560 2951 798 3022 ferninam
823 2949 940 3018 fecit
967 2964 1048 3001 eos
1065 2963 1084 3008 ,'
1116 2945 1215 3000 hoc
1240 2954 1350 3010 est,
1375 2962 1438 3000 ex
1472 2960 1570 2998 una
1605 2943 1782 2998 radice
1813 2943 1936 2997 facti

353 3051 509 3107 sunt,
539 3051 592 3095 et
632 3042 682 3095 iu
713 3055 876 3095 unum
906 3053 1098 3109 corpus
1139 3047 1520 3092 convenerunt.
1563 3033 1729 3088 Erunt
1755 3034 1932 3100 enim,

353 3134 556 3204 inquit,
585 3134 686 3186 duo
711 3132 762 3184 iu
790 3147 939 3183 carne
977 3146 1096 3183 una.
1137 3128 1336 3182 Deinde
1375 3125 1664 3182 ostendens
1698 3135 1934 3181 tremen-

350 3227 476 3281 dum
508 3242 626 3280 θεν-ο
660 3225 795 3278 hanc
823 3224 988 3292 legem
1019 3237 1291 3287 accusare,
1323 3221 1596 3290 ipsamque
1625 3219 1796 3290 legem
1827 3227 1935 3271 sta-

356 3328 529 3377 tuens,
562 3331 666 3368 non
696 3313 846 3376 dixit,
877 3312 953 3368 Ne
980 3312 1293 3382 disjungatis
1325 3311 1501 3381 igitur,
1535 3326 1601 3364 ne
1632 3307 1889 3379 separetis
1917 3323 1932 3361 :

353 3409 446 3462 sed
481 3409 604 3478 quid
623 3413 645 3459 ’ξ
676 3406 822 3472 Quod
850 3405 986 3459 Deus
1020 3405 1302 3476 conjunxit,
1332 3405 1479 3456 homo
1511 3420 1608 3456 non
1636 3412 1846 3472 separet.
1878 3401 1934 3455 Si

354 3501 589 3572 Moysem
616 3513 872 3570 opponas,
896 3514 994 3568 ego
1017 3497 1106 3550 tibi
1135 3496 1330 3567 liloysis
1355 3496 1634 3550 Dominum
1659 3494 1872 3548 alien-am
1894 3495 1933 3560 ί,

353 3594 588 3662 itemque
615 3608 647 3647 a
679 3603 915 3659 tempore
955 3588 1196 3642 ﬁrmabo.
1243 3586 1376 3640 Nam
1424 3585 1566 3640 Deus
1605 3602 1633 3637 a
1681 3584 1936 3654 principio

352 3686 648 3741 masculum
674 3695 724 3738 et
756 3684 1004 3738 feminam
1035 3682 1157 3735 fecit
1182 3696 1275 3734 eos
1307 3679 1470 3750 (Gen.
1502 3681 1553 3734 I.
1578 3679 1644 3733 9.7
1667 3680 1684 3748 )
1710 3696 1722 3731 :
1753 3695 1814 3732 ac
1844 3694 1936 3731 ve-

354 3777 642 3832 tustissima
676 3776 755 3830 lex
790 3784 871 3828 est
894 3817 906 3838 ,
944 3774 1064 3828 licet
1100 3771 1339 3825 videatur
1369 3786 1509 3824 nunc
1532 3785 1561 3824 a
1592 3785 1678 3825 me
1709 3771 1934 3840 primum

355 3866 553 3930 induci,
580 3876 634 3920 et
657 3864 1052 3919 accuratissime
1076 3871 1270 3916 statuta
1299 3861 1412 3915 luit.
1440 3861 1621 3932 Neque
1647 3863 1786 3915 enim
1811 3862 1938 3914 sim-

353 3959 568 4031 pliciter
593 3957 870 4011 mulierem
901 3955 963 4008 ad
999 3957 1164 4007 virum
1191 3952 1428 4018 adduxit,
1453 3952 1546 4006 scd
1573 3952 1731 4023 jussit
1753 3961 1807 4006 et
1827 3968 1937 4006 ma-

354 4061 493 4107 trem
525 4061 580 4107 et
607 4059 810 4122 patrem
856 4049 1174 4118 relinquere.
1220 4047 1403 4116 Neque
1432 4045 1497 4099 ad
1530 4045 1806 4100 mulierem
1837 4061 1940 4099 ac-

353 4143 551 4200 cedere
579 4151 781 4197 tantum
808 4140 997 4210 jussit,
1025 4141 1116 4194 sed
1146 4148 1199 4193 et
1239 4139 1310 4192 illi
1346 4137 1620 4192 adhaerere
1643 4178 1658 4202 ,
1687 4153 1753 4192 ex
1781 4135 1940 4190 modo

353 4236 566 4291 dicendi
594 4235 822 4304 disjungi
868 4249 972 4287 non
1011 4248 1168 4303 posse
1199 4230 1496 4285 declarans.
1526 4229 1706 4299 Neque
1735 4228 1785 4283 id
1813 4227 1940 4281 satis

355 4327 573 4390 habuit,
603 4326 696 4380 sed
727 4335 780 4379 et
807 4325 964 4378 aliam
1005 4323 1257 4391 majorem
1288 4321 1718 4389 conjuiu-tioncm
1750 4318 1938 4387 exqui-

354 4421 479 4474 sivit
504 4438 518 4474 :
549 4417 710 4472 Erunt
737 4417 837 4470 duo
864 4418 915 4469 iu
939 4432 1089 4468 carne
1115 4433 1233 4474 una,
1266 4413 1451 4484 inquit.

427 4511 480 4564 ‘2.
520 4509 720 4565 Deinde
763 4509 932 4579 prisca
977 4507 1191 4560 recitata
1234 4507 1346 4574 lege
1371 4546 1384 4567 ,
1416 4521 1534 4574 qum
1566 4513 1619 4558 et
1657 4503 1856 4558 rebus'
1890 4510 1944 4556 et

355 4605 535 4659 verbis
574 4601 782 4656 inducta
820 4599 951 4664 fuit,
985 4609 1265 4669 postquam
1305 4597 1446 4649 illam
1495 4595 1600 4648 ﬁde
1635 4593 1847 4663 dignam
1879 4609 1941 4647 ex

356 4695 688 4766 chislatore
719 4693 1133 4750 demonstravit,
1167 4705 1285 4740 eum
1315 4695 1577 4756 potestate
1607 4683 1752 4738 illam
1777 4683 1942 4738 inter—

358 4797 617 4859 pi'etatur,
645 4796 698 4839 et
725 4784 894 4853 legem
926 4781 1094 4835 sancit
1121 4780 1302 4833 dicetis
1329 4797 1340 4832 :
1369 4778 1688 4847 Quapropter
1707 4777 1819 4846 jam
1845 4791 1944 4828 non

353 4891 471 4934 sunt
500 4878 623 4944 duo,
649 4878 737 4931 sed
766 4893 867 4928 una
895 4891 1032 4927 caro.
1060 4870 1207 4926 Sicut
1235 4886 1360 4938 ergo
1386 4884 1601 4922 carnem
1624 4883 1804 4921 secare
1833 4881 1946 4919 see-

359 4971 554 5024 lestum
585 4977 701 5032 est,
729 4968 796 5020 ita
837 4977 890 5021 et
930 4978 1148 5017 uxorem
1191 4960 1441 5014 dirimere
1483 4959 1738 5027 iniquum.
1767 4957 1946 5025 Neque

359 5062 448 5116 hic
474 5061 641 5122 stetit,
669 5058 762 5114 sed
791 5058 955 5110 Deum
983 5071 1192 5125 quoque
1216 5052 1393 5107 attulit
1415 5051 1597 5105 dicens
1623 5069 1634 5103 :
1665 5049 1812 5117 Quod
1830 5067 1946 5120 ergo

363 5155 499 5206 [)eus
527 5151 785 5221 conjunxit
807 5190 820 5210 ,
851 5149 997 5201 homo
1028 5163 1126 5200 non
1154 5153 1388 5214 separet;
1418 5141 1708 5196 ostendens
1738 5141 1864 5196 illud
1895 5153 1946 5194 ct

356 5255 548 5297 contra
595 5251 832 5294 naturam
877 5248 929 5292 et
970 5247 1151 5291 contra
1192 5235 1360 5304 legem
1391 5249 1511 5289 esse
1541 5250 1552 5284 :
1582 5243 1766 5286 contra
1795 5243 1944 5286 natu-

360 5351 514 5400 ram,
547 5333 666 5403 quia
704 5348 804 5384 una
839 5345 964 5383 caro
995 5329 1327 5390 dissecatur;
1358 5335 1542 5379 contra
1587 5324 1756 5392 legem
1781 5363 1796 5387 ,
1825 5323 1944 5391 quia

359 5443 484 5482 cum
517 5427 657 5480 Deus
682 5420 1017 5492 conjunxerit
1041 5461 1056 5485 ,
1084 5430 1134 5474 et
1159 5417 1378 5488 jusserit
1407 5431 1510 5470 non
1539 5429 1789 5503 separare
1808 5456 1822 5480 ,
1856 5427 1948 5464 vos

428 5582 443 5610 ⁸
483 5576 679 5640 Alii,_$t
702 5584 1158 5640 .uoysemoppouas,
1182 5585 1270 5636 ego
1307 5585 1401 5621 non
1444 5571 1592 5633 σθω-ο
1615 5569 1700 5620 tibi
1723 5579 1945 5633 .itoysein,

360 5640 451 5692 sed
477 5637 746 5689 Dominum.

430 5726 450 5757 ⁸
487 5731 615 5772 unus
634 5722 800 5779 habet,
828 5718 997 5781 literis,
1023 5733 1127 5783 pro,
1154 5717 1308 5769 rebus.

678 5816 950 5875 PATKOL.
1001 5815 1116 5874 Gn.
1165 5811 1386 5872 LVIII.

1338 273 1400 327 IN
1440 267 1844 325 MATTIIA‘IUM
1891 267 2118 326 IIOMIL.
2162 269 2319 354 LXII.
2358 272 2430 325 al.
2475 271 2658 326 LXI”.

3515 282 3616 338 598

2038 381 2088 436 id
2135 383 2308 438 facere
2352 386 2586 442 tentatis.
2625 386 2757 453 Quid
2801 387 2955 456 igitur
3001 403 3120 458 post
3164 391 3278 445 lure
3319 393 3615 450 iacit-nilum

2035 473 2184 526 erat?
2223 490 2398 529 nonne
2436 477 2811 544 quiescendum
2839 520 2852 541 ,
2902 495 3078 534 nonne
3119 481 3376 536 laudanda
3407 501 3466 538 ea
3499 503 3618 555 qua:

2035 563 2174 618 dicta
2201 565 2392 619 erant?
2421 583 2596 621 nonne
2623 568 2875 623 admirari
2905 571 3183 639 oportebat
3222 571 3367 628 illam
3408 577 3606 646 sapien-

2038 656 2204 708 tiam?
2232 673 2407 710 nonne
2437 659 2813 729 obstupescere
2838 659 2904 715 de
2934 671 3073 716 tanta
3099 680 3219 718 cum
3247 665 3404 721 Patre
3428 682 3614 723 conso-

2036 747 2253 801 nantia?
2284 749 2388 803 Sed
2421 749 2548 803 nihil
2578 750 2766 804 horum
2802 753 3016 819 faciunt,
3043 765 3091 808 et
3115 757 3263 825 quasi
3291 759 3619 816 eontentiose

2035 838 2183 892 aiunt
2215 856 2227 892 :
2261 840 2313 893 7.
2347 841 2611 907 Quomodo
2649 859 2766 912 ergo
2812 843 3012 914 Moyses
3042 847 3198 916 jussit
3235 847 3358 900 dare
3396 850 3618 904 libellum

2037 933 2267 1002 repudii,
2295 945 2342 986 et
2371 935 2619 989 dimittere
2657 936 2800 990 illaut
2830 939 3015 1006 (Deut.
3056 941 3143 995 24.
3175 941 3234 1010 I)
3259 944 3280 998 ?
3310 943 3420 1000 Hoc
3461 963 3620 1017 porro

2037 1038 2141 1076 non
2173 1023 2243 1076 illi
2271 1023 2806 1095 debebantobjicere,
2835 1031 2926 1082 sed
2952 1031 3194 1087 Christus
3221 1034 3322 1090 illis
3352 1047 3616 1093 :attamen

2038 1131 2142 1169 non
2170 1117 2338 1186 carpit
2365 1119 2498 1181 illos,
2533 1135 2700 1189 neque
2725 1121 2852 1176 dicit
2876 1123 2972 1187 eis,
2997 1123 3136 1179 N.hil
3159 1125 3259 1181 hoc
3285 1128 3350 1182 ad
3379 1145 3498 1193 me;
3521 1132 3617 1185 Sed

2041 1209 2176 1264 hanc
2217 1209 2571 1279 objectionem
2612 1213 2790 1266 solvit.
2839 1216 2997 1283 Atqui
3045 1217 3088 1269 si
3127 1219 3400 1287 oppositus
3439 1221 3618 1276 Veteri

2039 1303 2381 1359 Testamento
2411 1303 2629 1367 fuisset,
2662 1323 2763 1359 non
2798 1323 2892 1375 pro
2922 1307 2983 1361 Μσ
3007 1324 3102 1379 yse
3137 1309 3494 1378 disputasset;
3529 1329 3620 1367 ne-

2038 1410 2142 1463 qne
2169 1411 2232 1449 ex
2266 1396 2329 1450 iis
2355 1412 2472 1466 qua:
2502 1398 2664 1452 semel
2699 1399 2767 1451 ab
2808 1399 2956 1452 initio
2989 1399 3121 1454 facta
3164 1411 3321 1467 sunt,
3353 1403 3492 1458 dicta
3526 1421 3618 1459 sua

2039 1487 2444 1555 eoniirmasset,
2484 1503 2655 1558 neque
2697 1490 2978 1544 ostendere
3025 1491 3316 1548 sluduisset
3361 1510 3452 1548 sua
3497 1513 3618 1550 cum

2042 1578 2227 1646 priscis
2271 1579 2377 1632 illis
2418 1581 2739 1635 consentire.
2775 1582 2882 1636 Etsi
2919 1598 3046 1637 vero
3084 1587 3244 1639 multa
3281 1586 3381 1640 alia
3411 1587 3621 1660 Moyses

2036 1670 2273 1736 jusserit,
2308 1681 2416 1723 tum
2445 1669 2511 1724 de
2536 1670 2686 1735 cibis,
2721 1681 2829 1724 tum
2854 1672 2920 1725 de
2945 1673 3176 1728 sabbatis
3200 1693 3214 1740 ;
3241 1693 3336 1729 cur
3363 1693 3620 1748 nusquam

2043 1760 2184 1813 illum
2215 1760 2314 1829 ipsi
2350 1771 2643 1830 opponunt,
2676 1773 2730 1815 ut
2759 1761 2860 1818 hoc
2886 1765 3043 1818 loco?
3069 1764 3198 1830 Quia
3237 1765 3288 1820 id
3315 1767 3619 1836 studebant,

2043 1859 2099 1904 ut
2138 1850 2370 1905 virorum
2412 1852 2801 1907 multitudinem
2844 1864 3028 1908 contra
3078 1856 3223 1910 illum
3269 1859 3619 1914 concitarent.

2043 1941 2172 1996 Nam
2202 1942 2330 1996 illud
2351 1941 2519 1997 Judwi
2548 1943 2909 2000 indill'erenter
2936 1945 3306 2016 observabant,
3333 1965 3624 2021 omnesque

2042 2034 2093 2087 id
2121 2034 2276 2104 vulgo
2307 2034 2632 2089 iactitabant.
2671 2035 2790 2092 Ideo
2813 2053 2930 2092 eum
2967 2039 3132 2093 multa
3159 2040 3210 2095 in
3241 2054 3421 2098 monte
3450 2043 3624 2100 disse-

2043 2127 2251 2192 ruisset,
2287 2127 2444 2196 hujus
2473 2137 2671 2182 tantum
2705 2129 2938 2184 mandati
2969 2147 3109 2186 nunc
3135 2135 3456 2188 mentionem
3484 2135 3624 2191 fece-

2041 2229 2183 2272 runt.
2212 2219 2459 2274 Attamen
2491 2219 2771 2275 inell‘abilis
2797 2221 2883 2275 illa
2909 2221 3178 2292 Sapientia
3206 2219 3411 2294 pro‘his
3440 2225 3624 2280 defen-

2040 2311 2244 2365 sionem
2290 2321 2441 2380 parat
2478 2319 2532 2366 et
2570 2309 2697 2366 dicit
2730 2330 2743 2366 :
2775 2311 2827 2366 8.
2875 2312 3126 2380 Quoniam
3159 2314 3358 2386 Moyses
3384 2316 3453 2369 ad
3478 2316 3623 2370 duri-

2040 2406 2161 2456 tiam
2190 2403 2359 2456 cordis
2388 2403 2536 2457 restri
2565 2403 2634 2456 ita
2669 2405 2775 2474 lege
2816 2406 3070 2475 praecepit.
3113 2403 3294 2476 Neque
3326 2407 3468 2461 illutn
3498 2407 3623 2462 sinit

2041 2495 2378 2549 accnsntiene
2416 2494 2596 2564 impeti
2629 2513 2641 2549 :
2672 2512 2792 2550 nam
2827 2497 2936 2566 ipse
2969 2507 3081 2550 erat
3107 2498 3194 2568 qui
3225 2499 3390 2569 legem
3424 2499 3497 2553 illi
3527 2499 3621 2554 dc-

2042 2584 2229 2652 derat;
2268 2585 2362 2640 sed
2408 2586 2551 2640 illum
2588 2603 2616 2640 a
2656 2587 2805 2656 culpa
2851 2587 3073 2653 liberat,
3100 2599 3152 2643 et
3181 2599 3344 2643 totum
3379 2606 3430 2644 tn
3467 2601 3625 2660 caput

2044 2677 2254 2731 illorum
2281 2679 2577 2743 convertit;
2607 2677 2746 2748 quod
2772 2678 2930 2733 etiam
2959 2679 3150 2749 ubique
3178 2678 3320 2734 facit.
3349 2680 3478 2734 Nam
3501 2698 3622 2735 cum

2040 2768 2330 2838 discipulos
2359 2770 2534 2839 spicas
2557 2771 2810 2825 vellentes
2835 2771 3267 2838 criminarentur,
3300 2774 3442 2843 ipsos
3468 2767 3624 2828 accu~

2043 2869 2250 2914 satores
2291 2861 2342 2913 in
2390 2860 2543 2929 enlpa
2586 2876 2708 2916 esse
2748 2862 3023 2916 ostendit:
3058 2872 3112 2918 et
3148 2879 3269 2918 cum
3312 2863 3625 2919 incusabant

2039 2952 2180 3024 quod
2221 2953 2380 3008 illotis
2413 2953 2656 3008 manibus
2685 2955 3094 3021 uianducarent,
3129 2956 3272 3026 ipsos
3299 2973 3420 3013 esse
3452 2967 3626 3012 trans-

2038 3060 2316 3116 gressores
2359 3044 2737 3115 comprobabat
2762 3087 2777 3112 ,
2808 3055 2862 3102 et
2901 3063 3021 3102 cum
3062 3047 3128 3103 de
3169 3048 3429 3116 sabbato,
3464 3059 3625 3119 atque

2041 3136 2266 3206 ubique,
2309 3145 2363 3189 ut
2407 3135 2509 3190 hoc
2549 3135 2687 3190 loco.
2737 3135 2937 3192 Deinde
2976 3137 3098 3206 quia
3148 3136 3198 3190 id
3240 3137 3379 3206 quod
3418 3137 3626 3194 dixerat

2039 3242 2324 3282 onerosum
2351 3236 2485 3292 erat,
2513 3227 2901 3295 admodumque
2943 3227 3061 3281 illos
3085 3228 3354 3296 carpebat,
3382 3228 3448 3282 ad
3475 3238 3624 3284 vete-

2040 3332 2152 3371 rem
2184 3332 2368 3371 rursus
2398 3316 2564 3386 legom
2597 3332 2898 3372 sermonem
2926 3317 3032 3370 cito
3065 3317 3314 3372 transfert
3335 3360 3352 3384 ,
3380 3329 3626 3389 repetens

2041 3407 2093 3462 id
2124 3408 2265 3478 quod
2303 3424 2462 3478 supra
2494 3407 2627 3461 dixit
2652 3425 2664 3461 :
2695 3407 2737 3460 Α
2775 3409 3024 3478 principio
3066 3418 3231 3461 autem
3260 3425 3360 3462 non
3389 3408 3485 3478 fuit
3512 3409 3625 3474 sic;

2042 3500 2093 3555 id
2125 3509 2239 3566 est,
2272 3517 2336 3556 ex
2364 3500 2523 3555 rebus
2550 3501 2678 3570 ipsis
2705 3501 2970 3555 contraria
3002 3500 3144 3557 Deus
3172 3518 3198 3553 a
3231 3500 3489 3571 principio
3515 3509 3626 3555 sta-

2042 3595 2159 3648 tuit.
2199 3593 2276 3649 Ne
2319 3593 2555 3648 dicerent
2590 3593 2732 3647 enim
2768 3606 2781 3645 :
2813 3593 2965 3648 Unde
3011 3593 3178 3662 palam
3227 3594 3380 3648 nobis
3418 3595 3521 3649 erit
3559 3594 3628 3647 ob

2042 3685 2290 3739 duritiam
2336 3693 2570 3738 nostram
2619 3687 2719 3738 hoc
2762 3685 2961 3739 dixisse
3007 3685 3285 3755 llloyscm?
3337 3687 3458 3742 hinc
3507 3687 3626 3742 illos

2044 3792 2256 3830 rursum
2285 3775 2605 3843 comprimit.
2638 3774 2770 3829 Nam
2811 3776 2854 3829 si
2896 3775 3010 3828 luec
3048 3776 3128 3829 lex
3165 3777 3425 3845 praecipua
3455 3778 3626 3833 utilis-

2042 3882 2146 3936 que
2176 3866 2380 3930 l'uisset,
2411 3882 2514 3918 non
2547 3865 2634 3919 illa
2660 3865 2762 3920 alia
2787 3881 2814 3917 a
2849 3864 3106 3934 principio
3133 3864 3253 3919 data
3281 3866 3464 3921 luisset
3490 3883 3503 3918 :
3529 3883 3627 3922 nec

2044 3960 2121 4015 sie
2146 3960 2482 4014 ell‘ormasset
2516 3959 2674 4023 Dens,
2707 3974 2879 4029 neque
2905 3958 3026 4012 talia
3054 3959 3255 4013 diceret
3282 3976 3295 4012 :
3323 3959 3376 4014 9.
3407 3957 3516 4030 Ego
3536 3974 3628 4012 au-

2045 4065 2142 4106 tem
2165 4053 2275 4106 dico
2304 4053 2460 4116 vobis,
2488 4053 2606 4121 quia
2632 4052 2931 4118 quicumque
2958 4051 3203 4104 dimiserit
3226 4067 3434 4105 uxorem
3460 4066 3624 4112 suam.

2044 4162 2248 4214 excepta
2268 4160 2420 4197 causa
2444 4143 2807 4215 fornicationis,
2836 4153 2882 4197 et
2911 4143 3062 4195 aliam
3086 4143 3304 4207 duxerit,
3330 4142 3626 4197 niteo/tatur.

2045 4237 2329 4306 Postquam
2353 4236 2470 4290 illos
2491 4237 2557 4290 ad
2582 4235 2850 4289 silentium
2874 4235 3146 4304 compulit,
3171 4249 3290 4288 cum
3314 4234 3629 4289 auctoritate

2047 4329 2215 4400 legem
2239 4329 2441 4394 statuit,
2472 4339 2524 4381 ut
2551 4345 2669 4382 cum
2695 4327 2760 4382 de
2782 4327 2934 4392 cibis,
2960 4338 3012 4381 et
3038 4343 3156 4380 cum
3179 4326 3244 4380 de
3266 4326 3486 4382 sabbato
3506 4343 3629 4397 age-

2047 4431 2148 4476 ret.
2180 4420 2310 4474 Nam
2339 4421 2404 4474 de
2435 4419 2566 4473 cibis
2586 4460 2600 4482 ,
2635 4429 2912 4488 postquam
2942 4417 3059 4471 illos
3084 4417 3446 4472 confutaret-at
3465 4459 3480 4484 ,
3508 4433 3626 4472 cum

2049 4514 2219 4568 turbis
2247 4513 2511 4574 disseruit,
2544 4511 2746 4570 dicens,
2781 4526 2885 4562 non
2916 4508 2965 4562 id
2995 4507 3135 4577 quod
3165 4508 3458 4577 ingreditur
3483 4507 3629 4562 coin-

2048 4607 2268 4674 qniuare
2289 4603 2557 4658 hominem
2581 4600 2793 4669 (.llattlt.
2825 4599 2904 4653 l5.
2932 4599 3018 4666 ll)
3040 4615 3054 4663 ;
3079 4608 3132 4651 et
3157 4599 3222 4652 de
3243 4597 3483 4664 sabbato,
3509 4613 3629 4652 cum

2051 4697 2166 4750 illos
2195 4694 2592 4758 conl'utavissel,
2623 4692 2749 4745 dicit
2788 4710 2799 4744 :
2827 4689 3010 4760 Itaque
3039 4690 3149 4742 licet
3177 4690 3228 4742 in
3253 4687 3457 4743 sabbato
3484 4685 3633 4740 benc-

2052 4790 2218 4856 facere
2241 4785 2451 4856 (Matt/1.
2482 4784 2566 4838 1‘2.
2600 4784 2682 4854 l5)
2710 4802 2721 4836 :
2755 4782 2838 4836 hic
2869 4797 3078 4852 quoque
3100 4781 3286 4835 eodi-m
3315 4778 3493 4834 modo.
3523 4778 3627 4833 Sed

2050 4878 2189 4948 quod
2236 4878 2306 4932 ibi
2348 4876 2568 4940 accidit,
2610 4875 2694 4928 hic
2735 4891 2942 4942 quoque
2971 4873 3165 4926 evenit.
3198 4870 3346 4926 Sicut
3378 4870 3519 4924 cuitu
3563 4871 3630 4924 ibi

2051 4969 2248 5025 Judwis
2277 4968 2539 5032 refutatis,
2566 4967 2808 5035 discipuli
2847 4964 3038 5018 turbati
3069 4973 3211 5029 sunt,
3240 4971 3294 5017 et
3319 4961 3632 5016 accedentes

2052 5061 2115 5116 ad
2141 5076 2262 5115 eum
2288 5076 2407 5114 cum
2440 5060 2595 5113 Petro
2619 5058 2865 5112 dixerunt
2894 5074 2905 5109 :
2939 5056 3149 5124 Expone
3174 5054 3315 5109 nobis
3340 5056 3634 5124 parabolam

2054 5155 2182 5208 hanc
2211 5150 2435 5223 (Mutth.
2465 5153 2548 5205 15.
2581 5150 2684 5221 56)
2715 5167 2726 5201 ι
2755 5150 2833 5204 sic
2859 5161 2999 5201 nunc
3023 5162 3233 5217 quoque
3263 5147 3454 5201 turbati
3485 5147 3631 5201 dice-

2053 5245 2179 5300 bant
2206 5259 2221 5291 :
2252 5243 2337 5299 ~10.
2368 5242 2426 5298 Si
2450 5243 2516 5294 ita
2541 5252 2611 5295 est
2640 5257 2793 5293 causa
2816 5237 3053 5302 lmrninis,
3084 5253 3138 5290 ει
3149 5237 3282 5307 pedit
3305 5253 3406 5290 non
3429 5235 3646 5289 nubere.

2056 5337 2260 5391 Etenim
2288 5350 2426 5390 nunc
2452 5332 2641 5388 melius
2661 5346 2820 5400 quam
2841 5339 2993 5383 antea
3015 5329 3212 5383 dictum
3235 5327 3631 5384 intellexerunt.

2057 5427 2284 5496 Ideoque
2312 5435 2435 5484 tunc
2463 5425 2722 5478 siluerunt
2748 5440 2762 5485 ;
2793 5436 2930 5476 nunc
2959 5437 3104 5487 vero,
3135 5419 3258 5491 quia
3288 5419 3519 5489 objwtio
3546 5434 3636 5474 te.

2055 5521 2376 5590 sponsioque
2401 5517 2629 5588 prodiit,
2656 5525 2708 5572 et
2740 5505 3083 5584 inuerrogatio
3110 5529 3228 5570 cum
3259 5511 3633 5584 explicatione,

2057 5616 2244 5682 lquue
2269 5612 2464 5666 clarior
2493 5611 2625 5666 facta
2665 5618 2780 5674 est,
2812 5618 3139 5680 interrogant
3183 5608 3331 5662 illum
3368 5615 3423 5662 et
3459 5603 3635 5678 palam

2057 5703 2420 5759 contradicere
2445 5718 2548 5757 non
2580 5703 2776 5756 audent
2807 5700 2984 5771 :quod
3010 5710 3188 5753 autem
3216 5713 3276 5751 ea
3305 5699 3356 5751 in
3387 5713 3444 5752 re
3472 5710 3635 5767 grave

3266 5799 3305 5859 9
