3990 6216
516 322 619 379 599

513 445 560 485 et
592 449 874 489 onerosum
908 431 1133 497 videtur,
1161 432 1211 486 in
1239 432 1470 486 medium
1497 429 1782 489 adducunt,
1811 427 2050 484 dicentes
2080 446 2093 484 :

512 527 575 586 Si
604 528 674 581 itu
695 537 765 583 est
788 543 940 580 causa
963 523 1178 578 heminis
1200 541 1313 576 cum
1339 539 1512 588 uxore,
1542 538 1642 574 non
1668 520 1867 592 expedit
1894 521 2094 575 nubere.

512 626 643 682 Nam
673 621 826 676 valde
850 635 1136 674 onerosum
1156 617 1433 672 videbatur
1457 630 1674 669 uxm'em
1696 614 1838 667 omni
1864 613 2096 684 nequitia

515 717 724 786 plenam
754 713 971 778 habere,
999 721 1054 765 ct
1085 709 1329 774 tolerare,
1361 707 1779 778 indomitamque
1809 704 1975 761 feram
2015 707 2098 760 in-

515 821 598 860 lih‘
628 820 863 860 SCI‘VOI‘O.

585 901 640 954 5.
683 896 1025 968 Virginitatem
1069 893 1300 950 Christus
1342 893 1535 948 occulte
1572 892 1820 964 quomodo
1865 891 2093 944 suadeat.

515 993 681 1048 Suum
713 991 945 1043 mutilare
971 1005 1151 1060 corpus
1181 991 1340 1058 nefas.
1368 985 1610 1039 Doctrina
1636 985 1699 1038 de
1722 984 1828 1054 [ato
1859 995 1904 1037 et
1931 1001 2100 1038 neces-

513 1086 659 1138 sitate
687 1082 986 1154 perniciosa.
1019 1109 1090 1119 —-
1117 1079 1178 1132 Et
1208 1085 1264 1131 ut
1292 1076 1466 1130 discas
1485 1117 1500 1141 ,
1531 1075 1633 1129 hoc
1661 1072 1780 1130 illos
1809 1076 2095 1129 admodum

514 1177 758 1230 turbasse
783 1216 798 1240 ,
825 1174 1032 1228 Marcus
1061 1168 1371 1225 referendus
1411 1179 1492 1224 est
1518 1167 1699 1223 dicens
1727 1167 1843 1221 illos
1873 1165 2094 1221 seorsim

513 1269 618 1338 ipsi
645 1268 893 1338 quuutos
913 1280 1048 1320 esse.
1082 1263 1218 1330 Quid
1244 1273 1342 1326 est,
1379 1249 1442 1318 Si
1475 1261 1546 1316 ita
1582 1271 1654 1316 est
1699 1278 1851 1315 causa
1881 1260 2096 1314 hominis

513 1381 632 1419 cum
650 1379 810 1416 uxore
827 1363 1018 1426 (Marc.
1041 1359 1125 1412 10.
1153 1357 1218 1412 10
1235 1356 1347 1429 )?Id
1364 1354 1533 1423 est,Si
1552 1357 1625 1411 ita
1640 1354 1915 1426 conjuncti
1933 1364 2085 1418 sunt.

515 1466 577 1510 ut
598 1469 767 1508 unum
791 1453 901 1508 sint
924 1468 938 1516 ;
964 1450 1068 1511 vel,
1087 1449 1146 1503 Si
1180 1451 1281 1504 hac
1300 1448 1368 1503 de
1389 1465 1552 1504 causa
1583 1449 1661 1502 sic
1679 1449 1763 1501 vir
1791 1447 2086 1502 adstrictus

517 1555 678 1601 estut
706 1558 921 1613 seraper
952 1543 1361 1611 pravaricetur,
1392 1555 1514 1594 eum
1542 1540 1721 1609 ejicit:
1755 1540 1926 1593 levius
1944 1547 2090 1592 certe

521 1637 845 1704 faciliusque
860 1644 943 1688 est
959 1641 1146 1688 contra
1166 1642 1372 1685 natura:
1383 1631 1882 1700 concupiscentiam
1895 1641 1947 1684 et
1961 1644 2092 1683 cou-

521 1741 604 1784 tra
623 1729 864 1798 seipsum
903 1737 1134 1791 certare,
1157 1741 1321 1796 quam
1344 1733 1528 1779 contra
1557 1724 1858 1792 improbant
1895 1721 2092 1776 mulie-

523 1817 819 1886 rem.Quid
843 1818 1006 1886 igitur
1033 1815 1321 1870 Christus?
1340 1813 1458 1867 Non
1487 1814 1643 1879 dixit,
1670 1813 1844 1866 Etiam
1874 1811 2089 1866 facilius

527 1920 608 1965 est
633 1927 649 1974 ;
673 1917 724 1964 θ’,
755 1910 858 1966 hoc
880 1907 1065 1974 facito,
1089 1922 1156 1962 ne
1187 1906 1356 1977 legem
1386 1905 1515 1960 illud
1538 1921 1657 1960 esse
1677 1913 1964 1976 putarent:
1995 1902 2089 1959 sed

507 1996 682 2049 intulit
715 2014 729 2048 :
763 1993 885 2049 Non
933 2011 1104 2048 omnes
1147 1995 1399 2062 capiunt,
1439 1993 1528 2048 sed
1555 1992 1732 2061 quibus
1771 1995 1942 2047 datum
1998 2003 2090 2049 est.

508 2086 638 2140 Item
659 2085 881 2148 extollit,
907 2097 958 2140 et
978 2101 1220 2156 magnam
1241 2101 1361 2140 esse
1387 2084 1606 2150 indicat,
1623 2093 1782 2156 atque
1816 2085 1914 2139 hoc
1937 2085 2094 2142 modo

505 2176 724 2230 attrahit
755 2186 804 2232 et
849 2176 1112 2231 hortatur.
1139 2176 1243 2232 Sed
1273 2175 1358 2231 hic
1383 2177 1858 2232 contradictionem
1888 2178 2090 2234 videas.

508 2267 624 2336 Ipse
657 2268 798 2322 enim
842 2283 1089 2338 magnmn
1121 2266 1244 2320 illud
1281 2283 1400 2322 esse
1431 2267 1589 2330 dicit;
1623 2268 1697 2322 illi
1731 2284 1858 2324 vero
1888 2269 2095 2324 levissi-

506 2376 651 2414 mum
680 2379 693 2414 :
727 2371 1010 2430 utrumque
1044 2371 1190 2415 certe
1226 2361 1506 2415 commode
1550 2360 1784 2426 factum;
1819 2370 1951 2417 utet
1979 2362 2094 2432 ipse

505 2466 753 2523 magnam
784 2453 1038 2508 fateretur
1066 2468 1188 2507 esse
1207 2494 1219 2514 ,
1249 2462 1304 2506 ut
1331 2452 1446 2506 illos
1467 2453 1802 2508 ardentiorcs
1830 2453 2087 2520 efﬁceret,

505 2555 561 2600 et
599 2560 662 2600 ex
691 2545 847 2601 dictis
887 2546 1134 2618 superius
1164 2545 1235 2600 illi
1268 2545 1594 2601 levissimum
1638 2546 2002 2613 ostenderent,
2035 2558 2094 2604 ut

505 2637 608 2694 hoc
643 2639 804 2694 modo
847 2638 919 2694 illi
964 2639 1320 2708 virginitatem
1369 2648 1424 2694 et
1467 2639 1847 2694 continentiam
1877 2640 2092 2711 prteler-

503 2741 642 2784 rcnt.
668 2729 798 2798 Quia
846 2729 988 2784 enim
1017 2728 1085 2785 de
1115 2729 1415 2800 virginitate
1459 2731 1599 2801 loqui
1631 2747 1916 2787 ooerosum
1946 2733 2092 2788 vide-

503 2819 662 2874 batur
689 2836 808 2876 esse
837 2862 851 2886 ,
881 2838 948 2875 ex
982 2820 1110 2875 dura
1159 2823 1288 2892 legis
1338 2824 1657 2878 necessitate
1680 2865 1696 2886 ,
1729 2823 1846 2879 illos
1890 2825 1941 2878 in
1971 2825 2089 2893 ejus

503 2911 846 2982 cupiditatem
893 2912 1129 2966 attraxit.
1162 2911 1363 2967 Deinde
1409 2922 1464 2966 ut
1503 2901 1897 2969 commonstret
1931 2930 2089 2986 posse

504 3002 645 3056 illam
693 3001 927 3067 servari,
956 3001 1030 3056 ait
1059 3020 1072 3055 :
1105 3001 1193 3056 12.
1224 3001 1358 3057 Sunt
1403 3004 1620 3057 eunuchi
1642 3043 1658 3068 ,
1692 3006 1778 3074 qui
1817 3022 1881 3060 ea:
1921 3015 2090 3060 ventre

504 3093 680 3146 umtris
706 3093 777 3146 ita
798 3093 904 3146 nati
936 3103 1052 3147 sunt
1085 3108 1104 3146 :
1133 3103 1177 3146 et
1200 3102 1318 3148 sunt
1349 3094 1590 3160 eunuchi,
1619 3096 1706 3165 qui
1731 3097 1934 3151 castrati
1971 3107 2088 3152 sunt

502 3183 564 3237 ub
587 3183 870 3237 hominibus
893 3220 902 3235 .
940 3194 984 3238 et
1011 3194 1126 3238 sunt
1153 3185 1392 3251 eunuchi,
1420 3185 1505 3254 qui
1532 3202 1584 3239 se
1612 3195 1948 3241 castraverunt
1972 3206 2088 3256 pro-

503 3286 611 3345 pter
635 3294 842 3346 regnum
869 3275 1144 3340 culorum;
1172 3277 1252 3332 his
1290 3277 1496 3333 occulte
1531 3279 1650 3333 illos
1697 3280 1761 3334 ad
1792 3280 1892 3335 hoc
1919 3297 2087 3352 genus

503 3367 622 3421 vita:
648 3366 984 3438 deligendum
1024 3369 1314 3435 inducens,
1347 3379 1400 3423 ct
1431 3369 1564 3424 hanc
1605 3371 1854 3426 virtutem
1883 3375 2085 3430 servari

500 3475 660 3529 posse
687 3459 939 3528 suadens,
969 3476 1031 3515 ac
1065 3462 1107 3516 si
1139 3461 1342 3517 diceret
1373 3480 1384 3516 :
1417 3461 1598 3533 Cogita
1631 3465 1754 3535 quid
1787 3466 2007 3532 faceres,
2040 3469 2084 3522 si

501 3569 568 3608 cx
599 3562 783 3606 natura
817 3553 933 3607 talis
959 3569 1127 3618 eSscs,
1157 3563 1249 3608 aut
1279 3554 1321 3608 si
1351 3554 1576 3624 idipsum
1607 3572 1698 3625 per
1724 3557 1827 3609 vim
1855 3569 1904 3612 et
1945 3557 2085 3626 inju-

501 3642 633 3697 riam
665 3659 850 3714 passus
876 3645 1067 3699 esses?
1089 3645 1211 3714 quid
1257 3644 1456 3700 faceres
1484 3662 1601 3700 cum
1632 3647 1890 3716 ejusmodi
1923 3649 2088 3703 volo-—

501 3743 642 3804 ptate
671 3733 906 3803 privatus
930 3775 944 3799 ,
978 3735 1174 3788 tmllam
1209 3737 1331 3790 hinc
1363 3738 1660 3793 mercedem
1702 3741 2086 3810 exspectares?

499 3824 708 3881 Gratias
738 3826 894 3894 igitur
924 3842 1061 3880 llllllc
1108 3842 1205 3896 age
1246 3827 1355 3881 Deo
1381 3869 1393 3890 ,
1423 3829 1562 3898 quod
1609 3845 1703 3898 pro
1748 3830 1997 3884 meret-de
2035 3841 2087 3886 ct

496 3920 710 3975 coronis
733 3918 858 3973 illud
883 3920 1272 3991 patiaris,quod
1303 3921 1418 3974 sine
1448 3922 1660 3975 Coronis
1681 3923 1951 3991 patiuntur
1977 3923 2082 3987 illi;

497 4012 605 4069 imo
635 4028 762 4068 vero
807 4013 932 4068 illud
965 4030 1066 4067 non
1114 4014 1183 4066 ita
1209 4013 1398 4067 durum
1417 4053 1430 4075 ,
1459 4013 1550 4066 sed
1577 4013 1732 4082 longe
1762 4014 1928 4068 levius
1955 4025 2036 4069 est
2068 4033 2081 4069 :

498 4121 622 4162 nam
669 4114 720 4159 et
769 4119 862 4175 spe
922 4104 1123 4173 pra-mii
1155 4145 1169 4168 ,
1217 4115 1270 4157 et
1312 4112 1470 4158 tanta:
1514 4106 1721 4158 virtutis
1759 4108 2080 4163 conscientia

498 4198 770 4265 mitigatur
796 4239 811 4263 ,
840 4212 1011 4265 neque
1042 4197 1200 4250 tantis
1238 4196 1540 4266 cupiditatis
1569 4197 1809 4252 fluctibus
1829 4200 2081 4268 jactatur.

501 4285 614 4342 Non
644 4287 785 4343 enim
832 4287 940 4356 ipsa
973 4287 1198 4341 membri
1224 4289 1514 4357 amputatio
1543 4289 1612 4343 ita
1640 4289 1829 4344 lluctus
1856 4293 1972 4346 illos
1999 4309 2085 4350 se-

499 4377 629 4432 dare
655 4386 709 4434 et
739 4378 1170 4447 tranquillitatem
1203 4395 1388 4448 parcre
1417 4380 1579 4444 solet,
1610 4389 1666 4434 ut
1709 4383 1930 4436 rationis
1973 4383 2082 4438 fre-

499 4486 662 4538 num;
721 4471 827 4527 imo
875 4471 1031 4542 longe
1088 4469 1254 4541 magis
1306 4471 1407 4526 hoc
1459 4470 1612 4527 freno
1673 4474 1907 4529 sedatur.
1958 4475 2082 4531 ideo

497 4565 658 4638 igitur
707 4564 824 4621 illos
870 4565 1139 4621 recensuit
1162 4607 1178 4629 ,
1205 4573 1261 4620 ut
1289 4564 1387 4618 hos
1417 4565 1660 4620 incitaret
1683 4584 1696 4619 :
1723 4582 1841 4621 nam
1885 4568 1928 4621 si
1974 4583 2080 4622 non

503 4658 606 4712 huc
636 4656 913 4721 tenderet,
944 4656 1066 4726 quid
1111 4656 1209 4710 sibi
1260 4655 1418 4710 vellet
1463 4655 1548 4712 illa
1597 4658 1960 4712 eunuchormn
1992 4674 2080 4714 re-

495 4751 678 4804 censio
701 4749 724 4803 ?
748 4749 877 4805 Cum
918 4757 1093 4803 autem
1125 4746 1285 4812 dicit,
1317 4747 1524 4816 Seipsos
1571 4757 1944 4817 castravertmt,
1975 4766 2080 4805 non

497 4839 858 4895 membrorum
903 4838 1318 4908 amputationcm
1366 4837 1530 4900 dicit;
1560 4837 1697 4893 absit
1724 4854 1740 4898 ;
1769 4839 1864 4894 sed
1894 4855 2082 4911 prava-

499 4950 612 4987 rum
656 4932 1034 5003 cogitationum
1077 4930 1461 4999 expulsionem.
1491 4930 1620 4988 Nam
1648 4931 1736 5002 qui
1779 4934 2078 4989 membrum

495 5026 721 5092 excidit,
757 5022 1116 5080 itialedictioni
1167 5021 1428 5078 obnoxius
1480 5031 1595 5088 est,
1625 5031 1682 5077 ut
1724 5023 1914 5078 Paulus
1961 5025 2078 5081 ait:

499 5114 704 5170 Utinam
740 5113 1101 5172 abscinduntur
1119 5113 1202 5184 qui
1232 5129 1316 5168 vos
1341 5115 1635 5170 conturbant
1663 5114 1682 5187 (
1710 5114 1824 5170 Cal.
1858 5117 1912 5171 5.
1939 5116 2004 5171 12
2035 5117 2078 5188 ).

495 5211 573 5265 Ac
594 5209 714 5280 jure
756 5209 977 5273 merito;
1011 5223 1131 5261 nam
1162 5209 1248 5277 qui
1284 5206 1403 5262 talis
1429 5216 1530 5272 est,
1563 5207 1747 5262 eadem
1777 5209 2082 5278 aggreditur

494 5316 612 5369 qua:
645 5299 924 5354 homicida:
945 5340 959 5366 ,
988 5308 1042 5353 et
1067 5298 1132 5352 iis
1156 5299 1244 5368 qui
1275 5299 1365 5352 Dei
1397 5299 1718 5353 creationem
1750 5299 2079 5354 calumnian-

495 5400 579 5445 tur
609 5391 697 5445 dat
720 5391 1056 5445 occasionem
1082 5429 1098 5454 ,
1129 5388 1652 5458 Manichzeorumque
1679 5404 1770 5443 ora
1795 5391 1987 5455 aperit,
2020 5405 2081 5444 ac

493 5483 716 5553 perinde
748 5490 930 5551 peccat
957 5489 1115 5551 atque
1142 5479 1174 5533 ii
1197 5480 1333 5549 apud
1361 5480 1603 5549 gentiles,
1633 5479 1722 5548 qui
1751 5481 2077 5534 nmtilantur.

495 5575 728 5633 Membra
761 5575 900 5629 enim
927 5583 1201 5642 amputare
1229 5572 1504 5626 diabolicae
1532 5581 1612 5626 est
1641 5575 1964 5640 operationis
1985 5616 1997 5635 ,
2028 5581 2082 5627 et

493 5668 848 5724 satanicarum
883 5663 1192 5722 insidiarum
1237 5677 1371 5732 opus
1419 5662 1515 5716 fuit
1541 5663 1610 5716 ab
1659 5663 1847 5727 initio;
1891 5672 1946 5717 ut
1985 5661 2077 5717 Dei

496 5755 762 5827 opificium
789 5757 1182 5816 calunmicntur
1209 5772 1224 5823 ;
1255 5765 1416 5827 utque
1456 5771 1484 5808 a
1518 5755 1624 5811 Deo
1657 5753 1851 5811 factum
1881 5753 2076 5810 animal

1156 320 1209 374 S.
1251 317 1529 374 JOANNIS
1567 313 2044 372 CllRYSOSTO-Ml
2085 311 2401 369 ARClllEP.
2446 313 2980 374 CONSTANTINOP.

3688 329 3808 384 600

2210 425 2527 481 labi-lactent
2554 443 2568 492 ;
2599 436 2656 481 ut
2687 443 2789 483 non
2831 431 3103 502 preposito
3144 431 3428 494 voluntatis
3450 479 3465 504 ,
3494 439 3586 495 sed
3620 459 3808 497 mem-

2206 519 2424 575 brornm
2465 530 2666 576 natnrre
2692 531 2859 578 totum
2902 526 3196 583 tribuentes
3223 571 3238 594 ,
3265 530 3343 584 sic
3381 534 3530 587 multi
3573 535 3692 590 sine
3735 539 3808 590 ti-

2209 629 2357 668 more
2379 623 2679 684 peccarent,
2707 619 2854 686 quasi
2885 620 3145 674 rationem
3169 637 3270 676 non
3293 633 3471 678 essent
3497 627 3809 682 reddituri:

2205 721 2268 760 ac
2297 706 2578 775 dupliciter
2608 706 2709 762 hoc
2736 708 2933 764 animal
2965 709 3214 765 lrcderent
3239 755 3253 776 ,
3285 723 3391 768 tum
3437 717 3574 785 quod
3623 735 3812 772 mem-

2206 799 2299 853 bra
2324 809 2678 869 amputarent,
2709 813 2816 855 tum
2841 803 2980 872 quod
3007 805 3291 861 voluntatis
3317 809 3547 863 studium
3572 828 3600 865 a
3635 812 3812 867 bonis

2204 892 2517 946 exhibendis
2567 893 2904 962 impedirent.
2946 896 3093 951 lianc
3128 915 3285 968 porro
3324 900 3565 957 diabolus
3613 905 3809 975 legem

2203 987 2518 1052 constituit;
2549 997 2744 1055 pra-ter
2781 987 2921 1042 (lll'la
2961 998 3136 1044 autem
3184 991 3325 1045 aliud
3365 995 3650 1063 pessimum
3698 998 3797 1049 clo.

2202 1091 2320 1145 gma
2351 1075 2626 1136 inducens.
2648 1093 2837 1147 nenrpe
2865 1079 2932 1133 de
2960 1080 3066 1134 fato
3091 1092 3140 1136 et
3170 1086 3507 1151 necessitate,
3532 1087 3630 1142 hac
3660 1105 3808 1142 vero

2203 1162 2389 1235 parata'
2421 1165 2527 1229 via,
2565 1168 2864 1222 libertatem
2897 1170 3053 1224 nobis
3080 1187 3109 1224 a
3141 1172 3248 1227 Deo
3276 1174 3449 1229 datam
3480 1177 3807 1242 labefactat,

2201 1256 2428 1310 suadens
2458 1256 2581 1311 vitia
2612 1275 2730 1313 esse
2776 1262 3071 1326 naturalia;
3103 1264 3373 1334 multaque
3400 1267 3502 1321 alia
3534 1271 3656 1324 inde
3684 1271 3807 1323 dn-

2199 1362 2375 1420 gmata
2407 1367 2564 1419 prava
2599 1351 2955 1408 disseminans
2977 1396 2991 1419 ,
3023 1355 3228 1411 etiamsi
3259 1359 3308 1412 id
3349 1376 3450 1413 non
3482 1375 3668 1432 aperte
3720 1365 3803 1415 ra-

2199 1442 2322 1495 ciat.
2374 1442 2517 1496 Talia
2573 1445 2769 1515 quippe
2820 1455 2943 1500 sunt
2991 1446 3184 1502 diaboli
3239 1453 3531 1519 perniciosa
3587 1455 3800 1508 loxiia.

2199 1532 2532 1604 Quapropter
2560 1552 2709 1606 rogo,
2740 1537 2876 1593 hanc
2901 1537 3163 1608 fugiamus
3201 1543 3547 1613 iniquitatem.
3582 1547 3799 1604 Pnctvl’

2199 1639 2260 1678 ea
2287 1627 2428 1712 enim
2459 1639 2577 1696 qua:
2602 1627 2832 1683 diximus
2854 1673 2869 1695 ,
2901 1645 3003 1684 non
3036 1633 3306 1701 mitigatur
3331 1635 3452 1692 inde
3480 1639 3754 1707 cupiditas
3781 1684 3799 1703 ,

2199 1712 2306 1766 imo
2334 1715 2391 1768 lit
2417 1717 2692 1771 ardentior
2717 1735 2729 1772 :
2756 1733 2965 1790 sper-ma
2995 1735 3220 1792 namque
3249 1725 3459 1781 aliunde
3490 1729 3665 1784 fontes
3691 1730 3732 1784 h
3755 1751 3800 1783 ιο

2199 1802 2308 1869 bet,
2332 1816 2384 1858 et
2421 1806 2633 1861 aliunde
2669 1807 2914 1863 [luctibus
2952 1813 3197 1882 agitatur.
3226 1815 3323 1869 Alii
3351 1819 3490 1871 enim
3521 1835 3583 1874 ex
3629 1837 3798 1877 cete-

2198 1896 2316 1963 bro,
2347 1899 2436 1952 alii
2465 1918 2530 1955 ex
2559 1901 2750 1957 lumbis
2777 1915 2997 1958 (nstrum
3029 1906 3155 1960 oriri
3196 1907 3397 1965 dicunt.
3431 1914 3495 1965 At
3531 1929 3632 1980 ego
3677 1934 3794 1970 11εή

2196 1989 2407 2045 aliunde
2431 1991 2659 2048 dixerim
2686 2009 2843 2064 quam
2869 1995 2936 2050 ab
2962 1997 3141 2051 animo
3163 1997 3362 2054 lascivo
3385 2043 3398 2064 ,
3423 2011 3476 2057 et
3500 2007 3794 2074 ('OgiL'Ilin-

2195 2096 2320 2136 num
2353 2085 2595 2154 neglectu
2625 2106 2637 2141 :
2667 2087 2710 2141 si
2753 2082 2961 2144 animus
2993 2099 3296 2162 temperans
3333 2093 3434 2158 sit,
3460 2093 3666 2148 nullum
3722 2116 3791 2153 ex

2199 2177 2541 2232 naturalibus
2567 2179 2808 2232 motibus
2843 2181 3108 2230 damnum
3142 2187 3335 2230 oritur.
3366 2177 3438 2230 De
3478 2178 3586 2232 illis
3620 2180 3794 2248 igitur

2195 2269 2460 2323 eunuchis
2487 2269 2725 2336 locutus,
2755 2271 2847 2340 qui
2885 2269 3083 2325 frustra
3109 2268 3348 2324 eunuchi
3373 2277 3521 2332 sunt,
3547 2271 3654 2323 nisi
3679 2273 3722 2341 ig
3741 2275 3790 2326 si

2195 2369 2376 2414 mente
2434 2370 2486 2416 et
2531 2362 2717 2416 animo
2769 2369 3130 2432 temperantes
3193 2361 3299 2414 sint
3329 2397 3343 2418 .
3373 2370 3428 2414 et
3463 2361 3530 2416 de
3586 2363 3654 2417 iis
3685 2367 3784 2432 qui

2193 2462 2414 2521 propter
2447 2466 2671 2522 regnum
2702 2453 2964 2507 etelorum
2997 2452 3371 2524 virginitatem
3407 2456 3785 2521 servant,jam

2193 2552 2410 2613 perorat
2441 2543 2527 2598 his
2554 2544 2736 2599 verbis
2764 2563 2778 2599 :
2808 2545 2913 2610 Qui
2940 2546 3129 2614 poterit
3148 2544 3355 2617 capere,
3377 2547 3594 2614 capiat:
3625 2547 3791 2600 hinc-

2191 2651 2298 2706 que
2314 2635 2550 2693 validius
2576 2635 2904 2704 inllammat,
2927 2639 3072 2708 quod
3102 2654 3219 2693 rem
3246 2636 3522 2709 insignem
3545 2647 3596 2690 et
3616 2653 3784 2701 gran-

2189 2727 2313 2782 dem
2339 2744 2458 2784 esse
2482 2729 2842 2797 demonstret,
2879 2746 2977 2785 nec
3007 2747 3118 2785 rem
3146 2733 3286 2786 intra
3321 2731 3454 2800 legis
3473 2730 3784 2785 necessita-

2191 2830 2297 2875 tem
2337 2822 2587 2887 includit,
2617 2821 2686 2876 ob
2714 2822 3046 2877 ineﬂ‘abilem
3081 2825 3550 2878 mansuetudinem
3589 2840 3778 2878 saam.

2190 2911 2255 2967 Et
2295 2915 2395 2969 hoc
2425 2914 2584 2978 dixit,
2636 2915 2873 2969 maxime
2915 2931 3032 2970 rem
3071 2932 3192 2972 esse
3229 2918 3545 2988 possibilem
3582 2927 3780 2970 esten-

2187 3005 2345 3068 dens,
2381 3013 2440 3058 ut
2467 3007 2642 3075 major
2669 3004 2794 3060 inde
2834 3008 3108 3073 cupiditas
3136 3008 3401 3062 voluntati
3433 3019 3734 3061 accrescat.

2261 3096 2314 3150 4.
2361 3094 2551 3166 Magna
2577 3097 2754 3167 gratia:
2791 3112 2885 3166 ope
2908 3107 3018 3169 eget
3050 3097 3328 3168 virginitas.
3359 3129 3433 3140 ο·-
3457 3099 3560 3155 Sed
3601 3101 3644 3155 si
3685 3119 3780 3158 res

2189 3203 2254 3243 ex
2281 3190 2552 3244 voluntate
2578 3199 2678 3254 est,
2700 3191 2931 3260 inquies,
2955 3191 3222 3260 quomodo
3245 3193 3295 3246 in
3322 3193 3578 3264 principio
3603 3194 3777 3251 dixit:

2193 3279 2312 3333 Non
2341 3297 2509 3334 omnes
2543 3282 2771 3350 capiunt,
2796 3282 2884 3334 sed
2920 3282 3098 3353 quibus
3126 3283 3298 3336 datum
3338 3286 3450 3339 est?
3489 3285 3554 3340 Ut
3598 3287 3780 3343 discas

2191 3388 2436 3442 magnum
2469 3389 2588 3428 €550
2617 3384 2911 3436 certamen,
2937 3389 3039 3427 non
3072 3386 3127 3428 ιιι
3152 3386 3347 3430 sortem
3370 3378 3650 3446 quamdam
3681 3397 3781 3435 ne-

2189 3467 2475 3520 cessariam
2503 3466 2827 3535 imagineris.
2853 3465 2922 3518 lis
2947 3466 3088 3519 enim
3131 3465 3307 3519 datum
3348 3476 3428 3520 est
3457 3469 3544 3538 qui
3588 3470 3780 3525 volne-

2191 3557 2316 3610 rint.
2345 3557 2430 3610 Sic
2458 3571 2622 3627 porro
2659 3557 2827 3622 dixit,
2857 3565 2914 3611 ut
2942 3555 3249 3612 ostenderet
3296 3573 3486 3627 magno
3525 3575 3780 3629 superna:

2187 3645 2371 3716 gratia:
2396 3646 2593 3700 auxilio
2628 3661 2762 3716 Opus
2792 3645 2990 3700 habere
3032 3661 3152 3700 eum
3193 3647 3281 3716 qui
3329 3646 3429 3701 hoc
3467 3648 3563 3702 init
3600 3662 3780 3705 certa-

2191 3753 2334 3802 men,
2367 3753 2472 3808 quo
2497 3739 2650 3808 plane
2680 3737 2884 3794 fruetur
2907 3739 3144 3810 quisquis
3173 3740 3418 3795 voluerit.
3449 3741 3594 3796 Solet
3616 3746 3780 3813 quip-

2193 3844 2257 3898 pe
2282 3827 2380 3882 hac.
2408 3829 2478 3883 uti
2513 3844 2642 3884 voce
2669 3829 2880 3898 quando
2909 3829 2976 3884 de
3007 3845 3194 3899 magna
3220 3831 3464 3900 quapiam
3494 3847 3549 3886 re
3576 3834 3779 3903 agitur,

2190 3929 2246 3972 ut
2270 3920 2480 3988 quando
2501 3919 2626 3976 dicit
2655 3938 2668 3973 :
2708 3918 2856 3974 Vobis
2885 3921 3059 3974 datum
3095 3933 3166 3977 est
3196 3939 3343 3976 nosse
3362 3924 3596 3993 mysteria
3624 3923 3783 3991 (Lar.

2189 4011 2240 4065 8.
2273 4011 2377 4080 l0).
2405 4011 2556 4078 Quod
2583 4021 2758 4065 autem
2790 4011 2892 4067 hoc
2921 4013 2987 4072 sit
3019 4029 3200 4067 verum
3227 4055 3241 4078 ,
3272 4029 3337 4069 ex
3379 4015 3626 4084 prarsenti
3655 4017 3782 4070 loco

2190 4112 2353 4174 patet.
2391 4104 2533 4174 _l\'am
2575 4104 2618 4158 si
2669 4118 2956 4172 supernum
2999 4105 3332 4158 solummodo
3370 4115 3510 4160 esset
3547 4106 3780 4172 donum,

2191 4193 2426 4262 nihilque
2457 4194 2522 4246 de
2549 4208 2647 4247 suo
2674 4193 2926 4247 afferrent
2968 4195 3000 4247 ii
3042 4195 3130 4264 qui
3171 4196 3524 4266 virginitatem
3551 4197 3734 4251 colunt
3761 4243 3776 4261 ,

2188 4285 2454 4353 superflue
2482 4284 2610 4353 ipsis
2639 4299 2858 4354 regnum
2881 4283 3130 4338 caelorum
3158 4287 3506 4355 promitteret,
3531 4303 3633 4341 nec
3661 4305 3779 4343 me-

2187 4377 2291 4431 rito
2323 4377 2440 4431 illos
2482 4392 2511 4430 a
2559 4378 2765 4432 caeteris
2809 4377 3068 4432 eunuchis
3119 4377 3487 4447 distingueret.
3521 4381 3598 4432 Tu
3647 4397 3778 4435 vero

2189 4469 2316 4524 mihi
2345 4470 2647 4539 perpende,
2688 4469 2956 4540 quomodo
3000 4469 3139 4524 unde
3178 4469 3267 4524 alii
3300 4472 3528 4537 maligne
3572 4482 3776 4542 agunt,

2187 4563 2275 4617 alii
2305 4563 2592 4617 lucrentur.
2626 4562 2756 4616 Nam
2783 4562 2975 4626 Judaei,
3005 4577 3122 4616 cum
3153 4562 3282 4616 nihil
3311 4562 3649 4625 didicissent,
3677 4565 3777 4618 ab-

2188 4654 2363 4708 ierunt
2392 4669 2405 4707 :
2434 4672 2538 4708 non
2579 4655 2717 4709 enim
2746 4663 2802 4708 ut
2841 4653 3108 4708 discerent
3148 4653 3544 4722 interrogabant
3569 4671 3584 4718 ;
3613 4654 3776 4708 disci-

2187 4744 2294 4814 puli
2319 4761 2448 4800 vero
2475 4745 2596 4799 inde
2624 4745 2827 4799 lucrum
2857 4744 3174 4799 retulerunt.
3198 4746 3280 4800 i3.
3311 4743 3454 4798 Tunc
3483 4747 3641 4800 oblati
3659 4759 3780 4801 sunt

2187 4839 2233 4891 ei
2264 4838 2480 4908 pueruli,
2511 4848 2562 4892 ut
2595 4854 2772 4891 manus
2811 4839 3084 4908 imponeret
3114 4838 3204 4902 eis,
3229 4846 3276 4890 et
3301 4847 3487 4890 oraret.
3520 4837 3780 4908 Discipuli

2186 4937 2352 4981 autent
2393 4929 2770 4998 increpaverunt
2795 4944 2896 4981 eos.
2928 4927 3013 4982 14.
3047 4925 3145 4980 Ille
3168 4942 3281 4980 vero
3311 4927 3439 4981 dixit
3468 4929 3540 4981 eis
3565 4944 3584 4981 :
3612 4928 3780 4982 Sini:e

2187 5022 2421 5090 parvulos
2458 5021 2624 5074 venire
2648 5021 2716 5074 ad
2757 5037 2835 5073 me
2853 5034 2875 5084 ;
2906 5021 3083 5073 talium
3108 5030 3180 5074 est
3218 5020 3350 5073 enim
3378 5036 3588 5090 regnum
3623 5022 3777 5073 ca'lo-

2186 5128 2318 5173 rum,
2350 5111 2435 5167 15.
2469 5110 2534 5164 Et
2558 5129 2673 5166 cum
2699 5111 3014 5182 imposuisset
3041 5111 3111 5164 eis
3134 5127 3333 5175 manus,
3359 5111 3480 5164 abiit
3500 5110 3638 5164 inde.
3665 5111 3776 5166 Cur

2185 5205 2427 5275 discipuli
2472 5219 2666 5273 pueros
2719 5203 3034 5274 abigebant?
3084 5202 3367 5272 Dignitatis
3402 5216 3584 5256 causa.
3637 5203 3775 5270 Quid

2182 5311 2312 5365 ergo
2355 5295 2477 5350 ille?
2505 5295 2570 5350 Ut
2598 5293 2788 5350 doceat
2819 5295 2935 5348 illos
2962 5293 3203 5348 modeste
3231 5307 3438 5362 sapere.
3472 5291 3777 5364 [astumque

2186 5387 2508 5442 mundanum
2539 5388 2885 5453 conculcare,
2917 5398 2972 5441 et
3014 5386 3232 5454 suseipit
3272 5395 3324 5439 et
3369 5385 3510 5439 ulnis
3539 5387 3777 5453 comple-

2185 5479 2377 5544 ctitur,
2425 5479 2718 5547 talibusque
2766 5493 2988 5546 regnum
3043 5477 3296 5531 ca‘lorum
3349 5477 3670 5545 pollicetur;
3728 5477 3781 5530 id

2185 5569 2328 5640 quod
2356 5572 2516 5625 etiam
2549 5571 2677 5626 dixit
2707 5570 2972 5640 superius.
3005 5568 3070 5624 Et
3102 5583 3200 5623 nos
3229 5570 3425 5638 itaque,
3452 5567 3495 5621 si
3531 5569 3784 5622 volumus

2188 5661 2411 5717 heredes
2436 5677 2556 5718 esse
2585 5663 2834 5717 caelorum
2861 5704 2874 5726 ,
2907 5661 3043 5716 hanc
3075 5661 3319 5716 virtutem
3351 5675 3470 5715 cum
3498 5661 3784 5729 diligentia

2191 5768 2378 5826 magna
2406 5763 2692 5810 sectemur,
2725 5753 2836 5810 lloe
2873 5762 2954 5810 est
2982 5753 3122 5808 enim
3161 5751 3509 5824 philosophia!
3537 5754 3760 5809 cubuen
