3990 6216
338 256 426 313 σοι
1352 259 1415 314 ΙΝ
1455 256 1856 314 ΜᾹΤΤΙΙᾹΞΟΜ

2002 258 2127 316 λιιι.
2174 264 2326 322 LXll.
2362 271 2430 325 al.
2475 273 2655 332 LXI".

335 374 625 446 simplicem
647 385 767 430 esse
789 386 909 428 cum
939 373 1211 443 prudentia
1231 390 1243 425 :
1266 374 1377 427 lucc
1405 375 1510 427 vita
1540 380 1622 427 est
1650 372 1908 441 angelica.

334 469 521 525 Anima
561 469 702 525 enim
746 466 970 537 puerulo
1015 466 1257 520 omnibus
1295 466 1456 519 animi
1504 464 1704 519 morbis
1747 477 1910 517 vacua

333 568 445 625 eSt;
478 575 583 617 non
614 558 925 615 memoriam
955 558 1142 614 retinet
1174 557 1503 627 iujuriarum,
1538 556 1631 611 sed
1662 571 1752 610 eas
1780 553 1911 609 infe-

331 661 510 708 rentes
550 651 659 706 adit
707 660 765 705 ut
805 650 1038 710 amicos.
1071 666 1133 704 ac
1161 651 1204 704 si
1236 650 1361 703 nihil
1409 649 1602 704 factum
1654 646 1815 703 esset.
1847 647 1911 701 Et

328 746 667 814 quantumvis
690 761 719 797 a
742 754 911 799 matre
936 743 1243 798 verberibus
1269 743 1521 805 cmdatur,
1554 758 1669 797 eam
1698 757 1910 811 semper

327 837 517 907 quierit
539 879 553 900 ,
582 845 633 891 et
663 835 908 889 omnibus
935 836 1226 905 anteponit.
1254 834 1310 889 Si
1339 836 1574 904 reginam
1601 833 1698 904 ipsi
1727 842 1907 889 osten-

326 928 424 984 das
478 927 779 983 diademate
833 938 1111 990 ornatam,
1140 943 1245 980 non
1296 926 1541 996 pra-feret
1586 941 1701 980 eam
1750 924 1906 979 matri

324 1019 515 1090 pannis
557 1019 765 1073 detritis
808 1017 1329 1088 veStitrc,n:aletque
1380 1016 1522 1070 illam
1555 1016 1802 1070 incultam
1832 1018 1909 1070 vi-

323 1109 455 1165 dere
481 1150 498 1177 ,
530 1125 687 1181 quam
714 1109 949 1176 reginam
983 1108 1259 1178 magniﬁce
1303 1109 1571 1162 amictam.
1604 1108 1733 1162 Nam
1764 1108 1903 1179 quod

322 1219 501 1269 suum,
534 1202 675 1273 quod
705 1202 934 1256 alienum
967 1210 1068 1266 est,
1097 1216 1203 1256 non
1228 1217 1293 1255 ex
1324 1211 1632 1272 paupertate
1661 1202 1741 1256 vel
1767 1201 1904 1255 divi-

324 1298 431 1361 tiis,
459 1296 552 1351 sed
578 1312 642 1351 ex
671 1310 855 1349 amore
900 1295 1167 1349 mstimare
1211 1295 1346 1349 Solet
1376 1314 1388 1349 :
1421 1304 1473 1350 et
1512 1294 1638 1349 nihil
1670 1296 1785 1363 plus
1815 1308 1903 1349 re-

322 1388 485 1454 quirit
507 1427 523 1451 ,
548 1401 706 1456 quam
738 1385 1059 1449 necessaria,
1092 1394 1251 1455 atque
1273 1395 1332 1439 ut
1356 1387 1490 1440 lacte
1529 1387 1761 1454 repletus
1787 1392 1899 1445 est.

320 1480 501 1534 statim
532 1476 771 1532 abscedit
798 1492 826 1530 a
864 1492 1112 1530 mamma.
1139 1476 1254 1531 Non
1284 1476 1469 1531 iisdem
1500 1517 1516 1541 ,
1544 1476 1733 1546 quibus
1774 1491 1900 1543 nos,

318 1571 571 1625 mrumnis
630 1570 888 1639 premitur
950 1568 1236 1638 parvulus,
1288 1584 1393 1623 non
1439 1568 1779 1638 pecuniarum
1823 1568 1903 1637 ja-

314 1672 467 1717 ctura
492 1705 507 1726 ,
543 1661 805 1731 rebusque
850 1660 1149 1726 similibus;
1196 1676 1293 1715 nec
1337 1660 1404 1714 de
1452 1660 1635 1715 iisdem
1660 1701 1674 1725 ,
1707 1660 1901 1729 quibus

317 1771 437 1819 nos,
467 1755 624 1810 ﬂuxis
651 1754 808 1810 rebus
836 1754 1064 1819 laetatur,
1098 1770 1266 1824 neque
1295 1768 1579 1824 corporum
1611 1752 1905 1822 pulchritu-

313 1846 497 1901 dinem
551 1847 795 1900 miratur.
840 1845 964 1900 ldeo
1010 1845 1256 1901 diccbat:
1288 1844 1493 1898 Talium
1540 1854 1612 1899 est
1654 1845 1784 1898 enim
1822 1860 1902 1898 re-

313 1957 472 2013 gnum
501 1941 742 1994 celarunt
771 1958 791 1992 :
824 1948 879 1992 ut
920 1956 986 1994 ex
1019 1940 1290 2009 proposito
1318 1939 1604 1992 voluntatis
1640 1938 1727 1992 illa
1769 1953 1899 2008 0pc-

314 2051 535 2099 remur,
578 2048 698 2104 quae
751 2042 939 2087 natura
983 2048 1077 2087 sua
1127 2031 1275 2103 pueri
1324 2030 1542 2086 faciunt.
1573 2031 1705 2098 Quia
1755 2031 1897 2086 enim

313 2126 568 2182 Pharisazi
610 2140 714 2180 non
744 2123 979 2191 aliunde,
1007 2139 1166 2194 quam
1192 2138 1221 2177 a
1252 2122 1482 2193 nequitia
1514 2132 1564 2177 et
1598 2121 1897 2192 arrogantia

311 2217 374 2271 ad
407 2215 671 2286 agendum
699 2214 1008 2270 ferebantur
1031 2256 1045 2278 ,
1080 2213 1199 2267 ideo
1230 2214 1422 2282 ubique
1451 2212 1741 2283 discipulos
1772 2227 1898 2266 suos

310 2307 586 2376 simplices
628 2321 748 2361 esse
784 2305 975 2375 jubet,
1010 2305 1233 2375 illosque
1260 2303 1559 2359 subindicat
1583 2346 1596 2368 ,
1629 2304 1754 2358 dum
1799 2302 1899 2358 hos

312 2398 559 2454 instituit.
582 2396 723 2452 Nihil
747 2397 889 2451 enim
918 2397 989 2449 ita
1013 2396 1314 2465 superbiam
1344 2397 1475 2465 parit
1503 2438 1516 2460 ,
1550 2405 1607 2449 ut
1636 2397 1899 2465 principa-

310 2502 396 2546 tus
436 2501 491 2547 et
521 2489 673 2560 primi
716 2503 1025 2544 consessus.
1053 2488 1312 2553 Quoniam
1349 2488 1504 2558 igitur
1533 2487 1774 2559 discipuli
1800 2502 1897 2556 per

308 2593 481 2639 totum
508 2592 766 2637 terrarum
796 2582 981 2637 orbem
1007 2582 1230 2636 multum
1260 2580 1478 2636 honoris
1518 2582 1893 2652 consequuturi

306 2683 485 2740 erant,
516 2674 751 2745 ipsorum
772 2673 981 2728 animos
1006 2672 1281 2742 prtevenit,
1314 2687 1413 2727 nee
1434 2672 1561 2726 sinit
1582 2687 1676 2726 cos
1704 2672 1894 2727 huma-

307 2779 445 2821 num
459 2766 587 2837 quid
607 2767 742 2836 pati,
761 2781 859 2820 nec
873 2766 1134 2821 honorem
1151 2781 1182 2820 a
1199 2768 1360 2835 vulgo
1371 2772 1643 2834 expetere,
1662 2764 1890 2819 velante

306 2856 439 2912 illos
454 2874 575 2913 sese
587 2858 799 2913 ell'crre.
820 2855 952 2912 Nam
968 2857 1183 2913 etiamsi
1200 2858 1313 2912 haec
1329 2847 1493 2926 parva
1506 2856 1791 2911 videantur
1809 2872 1900 2911 es—

310 2963 379 3013 se.
417 2950 643 3004 atmalis
672 2950 984 3019 ingentibus
1000 2964 1221 3005 causam
1243 2949 1502 3018 prtebent.
1528 2946 1619 3001 Sic
1643 2950 1787 3002 enim
1806 2950 1895 3002 in-

305 3040 486 3095 stituti
505 3039 763 3097 Pharisaei
785 3043 835 3095 in
872 3042 1142 3096 malorum
1169 3041 1386 3095 culmen
1402 3040 1787 3105 ascenderunt,
1802 3054 1892 3093 sa-

308 3127 632 3194 lutatioues,
661 3129 870 3198 primos
907 3145 1201 3185 consessus
1218 3138 1272 3183 et
1307 3130 1557 3184 incessus
1577 3128 1786 3182 medios
1804 3143 1893 3181 re-

303 3224 584 3292 quirentes
608 3240 621 3273 :
648 3220 771 3275 hinc
803 3221 853 3273 in
883 3220 1157 3274 ardentem
1179 3218 1359 3287 gloria:
1384 3219 1747 3288 cupiditatem,
1768 3220 1892 3275 inde

303 3331 433 3370 vero
480 3314 533 3369 in
576 3314 898 3382 impietatem
931 3312 1062 3382 lapsi
1105 3319 1248 3365 sunt.
1276 3310 1477 3367 ideirco
1507 3312 1580 3366 illi
1610 3322 1889 3383 postquam

301 3406 567 3463 tentando
612 3405 948 3461 maledictum
978 3403 1077 3458 sibi
1103 3412 1461 3469 attraxerant,
1506 3416 1843 3461 recesserunt
1873 3426 1886 3461 :

302 3499 458 3567 pueri
488 3512 618 3553 vero
648 3495 1071 3552 benedictionem
1097 3495 1348 3561 habuere,
1383 3506 1567 3567 utpote
1590 3497 1693 3553 illis
1717 3500 1890 3553 omni-

300 3589 401 3646 luis
431 3591 720 3645 immunes.
753 3587 932 3643 Simus
970 3602 1099 3658 ergo
1141 3602 1239 3642 nos
1284 3598 1341 3641 ut
1385 3589 1566 3657 pueri,
1594 3598 1646 3644 et
1687 3589 1887 3644 malitia

297 3682 553 3737 ittbntes.
584 3680 768 3750 Neque
796 3680 936 3734 enim
967 3693 1273 3748 possumus,
1299 3695 1403 3732 non
1436 3695 1718 3748 possumus
1743 3690 1889 3736 certe

294 3775 405 3829 alio
430 3773 597 3829 modo
622 3772 811 3827 celum
835 3771 1016 3827 videre
1049 3789 1061 3823 :
1094 3769 1188 3826 sed
1222 3785 1441 3825 necesse
1474 3786 1689 3838 prorsus
1719 3772 1769 3826 in
1795 3786 1889 3842 ge-

294 3865 536 3921 hennam
569 3864 806 3920 incidere
832 3878 954 3919 eum
992 3862 1081 3932 qui
1114 3863 1181 3916 sit
1208 3861 1574 3916 fraudulentus
1610 3872 1663 3917 et
1688 3863 1888 3933 impro-

292 3957 415 4012 bus.
451 3955 565 4011 Imo
588 3965 712 4011 ante
740 3955 1036 4026 gehennam
1073 3953 1158 4008 hic
1183 3968 1393 4024 quoque
1436 3963 1671 4009 extrema
1715 3956 1885 4023 patie-

290 4064 438 4103 mur.
465 4046 599 4102 Nam
626 4046 689 4101 Si
710 4020 871 4100 maliis
898 4046 1072 4115 (ueris,
1107 4020 1462 4113 inquitpsolus
1491 4046 1690 4099 Imuries
1714 4020 1885 4112 mala;

289 4143 334 4195 si
359 4151 537 4195 autem
564 4142 719 4193 bonus
736 4180 750 4205 ,
780 4149 826 4192 et
868 4140 957 4192 tibi
987 4148 1035 4192 et
1064 4139 1292 4206 proximo
1323 4139 1480 4192 bonus
1500 4140 1596 4192 eris
1622 4137 1803 4206 (Prov.
1828 4139 1882 4192 9.

288 4231 431 4303 12).
463 4230 868 4286 Animadvertas
913 4231 1089 4290 enim,
1125 4229 1192 4282 ita
1235 4243 1445 4297 quoque
1490 4230 1663 4298 prisce
1706 4238 1882 4284 actum

284 4339 435 4378 esse.
470 4320 611 4376 Nihil
653 4320 795 4375 enim
825 4321 1096 4376 scelestius
1138 4318 1297 4374 Saulc
1323 4318 1447 4384 fuit,
1480 4335 1653 4387 neque
1677 4319 1885 4389 simpli-

284 4415 408 4469 cius
443 4411 667 4466 Davide.
698 4411 827 4476 Quis
854 4425 982 4478 ergo
1008 4410 1194 4463 fortior
1232 4409 1368 4463 fuit?
1396 4410 1587 4465 Annon
1618 4410 1700 4465 bis
1730 4412 1880 4466 illum

286 4521 403 4575 prae
435 4503 683 4558 manibus
712 4502 894 4557 habuit
936 4502 1095 4556 David
1120 4543 1134 4563 .
1166 4511 1219 4557 et
1249 4516 1369 4556 cum
1399 4511 1579 4570 posset
1603 4503 1845 4560 occidere
1864 4544 1879 4569 ,

281 4594 595 4649 abstinuit?
619 4610 795 4648 annon
839 4594 984 4648 illum
1010 4593 1161 4663 quasi
1200 4609 1393 4664 sagena
1429 4603 1484 4647 et
1510 4609 1724 4650 carcere
1751 4610 1872 4650 con-

279 4686 502 4740 clusum
534 4685 760 4751 habuit,
789 4694 847 4740 et
874 4686 1109 4755 pepercit
1136 4686 1228 4742 ei?
1266 4686 1483 4740 Etiamsi
1520 4687 1607 4741 alii
1647 4688 1881 4742 concita-

280 4787 411 4833 rent
440 4776 647 4847 ipsum,
674 4776 884 4833 etiamsi
916 4777 1004 4831 ille
1052 4776 1356 4833 innumeras
1380 4777 1727 4847 querimonia:
1754 4794 1879 4833 eau-

278 4883 373 4923 sas
404 4867 651 4934 haberet,
674 4876 908 4923 attamen
935 4869 1141 4923 salvum
1162 4869 1382 4926 dimisit.
1400 4868 1729 4939 Quamquam
1751 4870 1877 4926 Saul

278 4959 467 5029 ipsum
494 4974 616 5014 cum
644 4968 756 5014 toto
774 4960 1011 5015 exercitu
1035 4961 1431 5032 insequebatur,
1464 4961 1731 5033 Davidque
1753 4978 1874 5019 cum

276 5050 477 5121 paucis
503 5050 738 5122 fugitivis
759 5054 903 5108 omni
946 5067 1042 5123 spe
1084 5052 1353 5109 destitutis
1389 5052 1604 5109 errabat
1648 5054 1879 5111 interce-

275 5154 443 5214 ptus.
476 5157 508 5197 s
535 5142 654 5198 loco
692 5143 746 5198 in
786 5144 960 5200 locum
1014 5147 1322 5201 transiens:
1353 5154 1588 5202 attamen
1628 5146 1877 5217 fugitivus

273 5249 471 5305 regem
525 5234 798 5304 superavit
826 5254 841 5290 :
872 5237 993 5307 quia
1040 5237 1132 5292 ille
1174 5252 1295 5292 cum
1335 5238 1675 5309 simplicitate
1701 5279 1718 5305 ,
1748 5239 1873 5294 Sani

275 5340 407 5380 cum
434 5325 633 5381 malitia
654 5327 1149 5384 eastramctabatur.
1164 5328 1298 5395 Quid
1319 5330 1462 5384 enim
1484 5330 1761 5385 scelestius
1783 5330 1879 5385 illo

270 5416 482 5484 fuerit,
509 5418 599 5487 qui
630 5418 821 5475 ducem
850 5422 1117 5476 exercitus
1144 5421 1225 5475 sui
1246 5465 1259 5486 ,
1290 5422 1379 5491 qui
1410 5423 1584 5476 omnia
1613 5423 1752 5478 bella
1782 5440 1869 5478 ro-

271 5517 365 5563 cte
392 5508 640 5579 gerebat,
668 5525 790 5566 cum
824 5512 1067 5569 victoriis
1094 5522 1149 5569 et
1178 5514 1410 5585 tropaeis,
1437 5516 1527 5586 qui
1557 5515 1764 5570 labores
1790 5515 1869 5571 fe-

271 5600 462 5666 ιιὼθι,
487 5609 545 5656 et
569 5617 799 5662 coronas
836 5605 948 5676 regi
978 5606 1217 5677 parabat,
1248 5606 1482 5663 tentabat
1511 5606 1800 5665 occidere?

3496 302 3596 359 €03

2097 378 2150 432 ὕ.
2196 378 2395 437 Ini-idin
2438 386 2578 443 bouis
2619 409 2814 463 quoque
2868 400 2971 454 suis
3034 403 3319 463 insidiatur.
3356 442 3427 454 —
3460 417 3500 471 Τ
3502 418 3599 472 alii:

2019 470 2213 576 quippe
2238 485 2321 574 est
2347 476 2553 576 invidia
2584 499 2597 534 :
2631 484 2784 541 bouis
2810 488 2921 559 ipsa
2965 497 3193 568 propriis
3231 517 3443 576 semper

2018 559 2223 659 diatur,
2254 565 2595 643 iuvidumquc
2626 577 2872 636 tabefacit
2893 624 2908 649 ,
2952 559 3009 640 et
3038 559 3182 646 mille
3206 559 3597 659 calamitatibus

2019 654 2251 712 involvit.
2288 662 2446 718 Miser
2470 682 2597 738 ergo
2630 670 2731 737 ille,
2758 674 2927 731 donec
2957 679 3118 737 David
3146 684 3214 741 ab
3244 688 3335 745 illo
3353 654 3593 754 recessit:

2024 750 2380 810 miserabilem
2406 758 2549 815 illam
2575 778 2756 819 vocem
2781 769 2967 840 lugens
2988 789 3093 830 non
3118 780 3294 836 emisit
3326 801 3339 838 :
3365 784 3595 842 Nimium

2014 851 2263 911 conrclor,
2295 845 2592 919 alienigena:
2617 854 2800 912 bellum
2828 863 2955 917 milii
2976 865 3201 934 inferunt
3219 913 3234 938 ,
3271 883 3318 927 et
3344 874 3595 933 Dominus

2015 936 2213 1030 recessit
2233 953 2264 989 a
2287 954 2364 992 me
2393 939 2411 1009 (
2440 940 2488 995 l.
2529 943 2654 1016 Reg.
2684 947 2773 1004 28.
2808 952 2871 1007 l5
2965 936 3262 1030 Antequam
3290 965 3456 1023 David
3482 969 3563 1024 dis

2013 1027 2226 1118 cederet
2249 1071 2264 1095 ,
2298 1046 2403 1086 non
2446 1035 2629 1092 incidit
2678 1041 2729 1095 in
2758 1043 2985 1117 bellum,
3012 1027 3203 1110 sed—in
3231 1061 3515 1118 securitate
3543 1078 3590 1117 it

2094 1119 2254 1220 gloria
2280 1121 2536 1220 degebat:
2566 1129 2731 1199 gloria
2758 1137 2951 1207 quippe
2972 1116 3126 1199 ducis
3152 1147 3203 1201 in
3225 1164 3401 1220 regem
3422 1116 3596 1211 trans;

2012 1207 2137 1314 ibat.
2170 1210 2351 1314 Neque
2376 1217 2517 1272 enim
2551 1228 2804 1291 tyrannus
2825 1238 2939 1283 erat
2958 1231 3148 1303 David,
3174 1207 3343 1309 neque
3366 1207 3589 1314 ipsu'rn'a

2010 1300 2152 1398 solio
2187 1303 2419 1374 dejicere
2461 1312 2694 1369 tentabat
2738 1332 2751 1381 ;
2787 1318 2879 1373 sed
2921 1336 3017 1391 pro
3058 1300 3150 1380 illo
3190 1300 3443 1398 priecla‘rc
3479 1353 3591 1392 rem

2009 1394 2226 1462 gerebat
2250 1440 2263 1461 ,
2302 1399 2441 1455 bene
2465 1418 2586 1474 erga
2627 1406 2775 1462 illum
2804 1410 3022 1469 all‘eetus
3048 1432 3062 1471 :
3095 1418 3147 1472 id
3175 1394 3313 1490 quod
3342 1426 3501 1482 etiam
3525 1444 3591 1484 ex

2009 1492 2355 1557 sequentibus
2388 1497 2725 1555 manifestum
2756 1502 2872 1560 fuit.
2905 1506 3038 1563 Nam
3071 1514 3323 1581 quamdiu
3368 1519 3468 1573 sub
3498 1522 3589 1576 illo

2013 1581 2273 1677 militabat
2298 1626 2313 1647 ,
2342 1584 2442 1656 legi
2472 1586 2698 1647 fortasse
2727 1596 3073 1666 subjectionis
3101 1603 3230 1659 illud
3265 1609 3555 1667 attribuent
3574 1654 3588 1677 ,

2010 1672 2095 1740 qui
2126 1689 2229 1728 non
2256 1688 2502 1734 accurate
2527 1697 2636 1736 rem
2665 1686 2943 1754 explorant
2974 1708 2988 1744 :
3016 1693 3109 1747 sed
3140 1707 3421 1768 postquam
3444 1672 3590 1757 illuni

2006 1780 2037 1819 e
2063 1782 2227 1862 regno
2251 1785 2348 1825 suo
2368 1775 2573 1842 expulit
2591 1817 2604 1840 .
2629 1779 2752 1847 quid
2787 1780 2933 1836 illum
2964 1784 3317 1855 impediebat,
3344 1793 3467 1862 quid
3515 1796 3590 1851 illi

2008 1860 2265 1915 suadebat
2307 1872 2422 1917 uta
2470 1866 2613 1922 bello
2656 1870 2754 1939 ipsi
2800 1871 3078 1931 inferendo
3121 1860 3455 1939 abstineret?
3482 1885 3592 1942 imo

2007 1969 2153 2020 vero,
2186 1957 2311 2027 quid
2334 1974 2437 2013 non
2466 1961 2717 2019 incitabat
2739 1974 2793 2020 ut
2817 1982 2999 2023 necem
3027 1970 3097 2025 illi
3122 1972 3374 2031 inferret?
3395 1978 3586 2035 Annon

2004 2047 2193 2110 semel,
2250 2048 2331 2104 bis
2382 2059 2434 2105 et
2481 2054 2676 2122 pluries
2723 2057 2821 2126 ipsi
2854 2059 3127 2117 insidiatus
3155 2076 3270 2119 erat
3317 2067 3587 2139 improbus

2006 2138 2132 2194 ille?
2174 2157 2350 2196 annon
2381 2143 2652 2201 beneﬁciis
2677 2148 2937 2206 allectus?
2973 2168 3147 2209 annon
3179 2174 3302 2226 erga
3326 2138 3585 2220 insontem

2005 2230 2058 2286 id
2090 2236 2309 2303 egerat?
2334 2251 2509 2293 annon
2542 2256 2663 2295 cum
2695 2242 2929 2311 periculo
2956 2261 3054 2301 suo
3078 2248 3203 2305 Sail!
3238 2255 3509 2324 regnabat,
3533 2269 3586 2312 et

2006 2325 2185 2380 salvus
2225 2328 2379 2382 erat?
2411 2345 2588 2385 annon
2619 2333 2712 2388 illo
2742 2334 2951 2392 vivente
2977 2348 3031 2394 et
3077 2340 3371 2411 imperante
3401 2362 3583 2402 erran-

2003 2418 2126 2473 dum
2168 2435 2379 2491 semper
2419 2425 2515 2494 ipsi
2543 2437 2658 2480 erat
2697 2437 2749 2483 et
2779 2428 3082 2500 fugiendum
3108 2476 3123 2501 ,
3152 2450 3214 2490 ac
3241 2436 3308 2491 de
3332 2442 3584 2496 extremis

2005 2513 2451 2582 periclitandum?
2489 2517 2625 2572 Nihil
2664 2529 2837 2576 tamen
2884 2539 3067 2579 eorum
3121 2527 3289 2597 ipsum
3336 2530 3585 2589 inducere

2003 2606 2172 2673 potuit
2189 2615 2244 2660 ut
2259 2607 2489 2678 gladium
2511 2621 2814 2668 cruentaret
2836 2632 2849 2669 :
2874 2615 2979 2671 imo
2999 2617 3353 2675 dormientem
3376 2622 3582 2691 videns,

2001 2707 2213 2767 captum
2242 2709 2296 2754 et
2323 2700 2496 2755 solum
2525 2703 2576 2757 in
2603 2704 2779 2760 medio
2821 2722 3041 2763 suorum
3074 2753 3089 2774 ,
3123 2726 3242 2765 cum
3274 2726 3435 2782 caput
3461 2716 3581 2784 ejus

2000 2792 2365 2861 contingeret,
2410 2794 2670 2866 multique
2696 2808 2877 2853 essent
2917 2802 3003 2870 qui
3037 2802 3183 2857 illum
3208 2806 3581 2872 concitabant,

1999 2880 2352 2953 dicebantque
2396 2885 2486 2941 Dei
2518 2897 2646 2943 nutu
2690 2890 2846 2946 talem
2890 2893 2988 2947 sibi
3018 2899 3465 2967 opportunitatem
3505 2900 3582 2955 of-

2003 2971 2147 3041 ferri,
2182 2976 2269 3031 ille
2294 2988 2347 3033 et
2375 2980 2657 3038 incitantes
2685 2999 2741 3039 se
2775 2985 3085 3057 increpavit,
3117 3000 3170 3045 et
3195 3006 3224 3045 a
3247 2993 3392 3048 crede
3417 2995 3580 3049 absti-

2000 3068 2148 3136 nuit,
2180 3071 2492 3143 salvumque
2531 3084 2584 3131 et
2622 3091 2812 3133 sanum
2849 3080 3019 3149 ipsum
3064 3083 3274 3154 reliquit
3302 3104 3315 3140 :
3346 3102 3409 3142 ac
3434 3089 3581 3158 quazi

1999 3162 2240 3230 corporis
2265 3163 2378 3231 ejus
2403 3174 2600 3231 custos,
2633 3182 2697 3224 ae
2727 3179 2997 3237 protector
3017 3213 3032 3236 ,
3061 3188 3166 3227 non
3196 3174 3363 3231 hostis
3392 3176 3580 3243 fuerit,

1998 3254 2075 3306 sic
2101 3255 2389 3309 exercitum
2420 3259 2688 3313 accusavit
2714 3260 2854 3327 quod
2885 3279 3061 3333 regem
3088 3268 3423 3333 prodidisset.
3446 3254 3581 3339 Quid

2000 3347 2122 3402 huic
2141 3348 2323 3404 animo
2348 3366 2441 3420 par
2461 3351 2655 3407 fuerit?
2673 3370 2790 3423 qua!
2811 3359 3161 3414 mansuetudo
3184 3361 3305 3416 huic
3330 3365 3581 3433 :equatis?

2000 3436 2052 3491 Id
2070 3440 2211 3493 enim
2235 3456 2296 3495 ex
2320 3441 2493 3507 dictis,
2515 3445 2785 3515 multoque
2805 3448 2971 3517 magis
2991 3464 3053 3504 ex
3082 3450 3143 3504 iis
3181 3466 3302 3519 qua:
3317 3452 3475 3511 modo
3497 3455 3574 3509 fa.

1995 3536 2083 3583 cla
2105 3534 2740 3603 sunt,conspicerclicet.
2758 3536 2970 3593 Sienim
3004 3542 3320 3609 pravitatem
3346 3555 3579 3601 nostram

1997 3623 2418 3689 consideremus,
2441 3635 2565 3681 tunc
2587 3629 2776 3684 melius
2795 3642 3098 3688 sanctorum
3122 3636 3366 3692 virtutem
3387 3653 3584 3709 cogno-

1997 3728 2227 3770 scemus.
2261 3716 2596 3788 Quapropter
2642 3720 2865 3776 obsecro
2896 3734 2951 3777 ut
2979 3725 3043 3780 ad
3074 3726 3281 3781 illorum
3330 3729 3581 3785 imitatio-

1998 3821 2120 3859 nem
2151 3821 2451 3863 curramus.
2483 3808 2612 3864 Nam
2652 3813 2694 3865 si
2732 3812 2955 3881 gloriam
2984 3831 3134 3869 amas
3157 3857 3173 3880 ,
3212 3828 3273 3872 et
3297 3818 3416 3875 ideo
3445 3838 3587 3891 pro-

1996 3896 2140 3951 ximo
2170 3905 2259 3952 tuo
2308 3899 2574 3955 insidiaris
2599 3944 2613 3966 ,
2654 3912 2779 3958 tunc
2825 3905 3057 3961 maxime
3103 3907 3192 3962 illa
3239 3909 3430 3966 frueris
3459 3928 3580 3968 cum

1994 3988 2215 4058 gloriam
2251 4005 2510 4060 respuens
2529 4032 2545 4057 ,
2573 3992 2641 4047 ab
2670 3993 2874 4049 insidiis
2901 3995 3241 4053 abstinueris.
3267 3999 3415 4057 Sicut
3436 4004 3579 4059 enim

1996 4080 2341 4149 pecuniarum
2388 4092 2723 4153 contemptus
2752 4087 2991 4142 avaritizc
3018 4092 3318 4147 contrarius
3347 4104 3427 4148 est
3458 4112 3473 4149 :
3503 4095 3581 4150 sic

1995 4173 2216 4241 gloriam
2267 4176 2519 4243 consequi
2564 4185 2618 4231 et
2658 4178 2879 4247 gloriam
2929 4196 3110 4236 amare
3137 4193 3261 4239 stunt
3289 4188 3577 4243 contraria.

1997 4264 2063 4319 Et
2110 4268 2153 4320 si
2183 4266 2395 4335 placet,
2429 4268 2639 4337 singula
2678 4280 2997 4327 scrutemur.
3038 4272 3171 4341 Quia
3209 4277 3353 4331 enim
3406 4279 3581 4334 nullus

1993 4359 2145 4415 nobis
2172 4359 2309 4415 inest
2329 4358 2586 4430 gebentun
2608 4362 2783 4425 timor,
2816 4378 2987 4433 neque
3008 4366 3155 4433 regni
3182 4367 3431 4423 cmlorum
3454 4386 3579 4424 cura

1993 4452 2121 4520 ulla,
2157 4468 2253 4522 age
2269 4494 2283 4515 ,
2302 4469 2369 4507 ex
2397 4452 2743 4521 praesentibus
2760 4454 2826 4508 ad
2845 4453 2932 4509 illa
2951 4471 3047 4511 vos
3092 4458 3423 4515 inducamus.
3446 4464 3574 4530 Qui-

1993 4560 2135 4608 nam,
2160 4559 2363 4613 quzeso,
2388 4544 2588 4598 ridiculi
2610 4544 2766 4597 sunt?
2785 4545 3010 4599 nonneii
3042 4547 3128 4615 qui
3155 4558 3375 4617 promer
3402 4553 3579 4605 multi-

1994 4635 2192 4690 tudinis
2213 4650 2397 4689 auram
2424 4634 2622 4704 aguut?
2645 4634 2871 4700 Quinam
2890 4649 3016 4689 vero
3042 4634 3326 4692 laudandi?
3344 4654 3519 4694 nerine
3542 4642 3576 4696 ii

1988 4730 2077 4800 qui
2096 4729 2365 4800 vulgarem
2386 4727 2593 4783 Iaudem
2610 4727 2991 4783 contemnunt?
3008 4727 3145 4799 Ergo
3160 4728 3203 4785 si
3227 4745 3374 4786 vana:
3392 4731 3577 4801 gloria:

1989 4838 2139 4877 amor
2186 4821 2571 4892 vituperandus
2610 4828 2734 4885 est,
2767 4830 2821 4875 et
2869 4821 2914 4875 si
2958 4836 3107 4877 vana)
3146 4822 3327 4892 gloria:
3352 4826 3577 4894 cupidus

1990 4928 2095 4968 non
2125 4921 2299 4983 potest
2324 4928 2385 4967 ea
2414 4913 2466 4966 in
2496 4927 2554 4966 re
2594 4912 2763 4965 latere
2786 4952 2802 4977 ,
2838 4911 2993 4980 plane
3034 4913 3414 4983 vituperandus
3440 4916 3569 4978 erit.

1985 5021 2243 5076 amorque
2284 5006 2466 5077 gloriae.
2507 5005 2611 5060 erit
2640 5005 2714 5058 illi
2743 5019 2900 5059 causa
2932 5004 3230 5059 dedecoris.
3260 5004 3442 5075 Neque
3471 5007 3571 5062 hac

1987 5102 2158 5155 solum
2188 5097 2256 5154 de
2281 5114 2439 5154 causa
2466 5097 2878 5165 deltuncstatur,
2922 5098 3014 5152 sed
3043 5100 3202 5153 etiam
3238 5100 3377 5169 quod
3407 5102 3578 5157 multa

1987 5195 2157 5265 turpia
2189 5201 2244 5248 et
2282 5193 2493 5248 servilia
2536 5190 2714 5246 facere
2761 5199 2999 5259 cogatur.
3028 5189 3117 5246 Sic
3145 5192 3305 5246 etiam
3335 5207 3528 5248 omnes
3550 5235 3566 5260 ,

1984 5288 2080 5358 qui
2107 5287 2255 5341 luero
2294 5300 2395 5341 ceu
2427 5283 2667 5339 furentes
2694 5281 2930 5347 student,
2959 5282 3027 5336 ab
3051 5297 3237 5338 amore
3264 5282 3395 5338 lucri
3424 5298 3568 5355 saepe

1986 5379 2106 5433 laedi
2151 5376 2327 5432 solent
2365 5394 2379 5430 :
2423 5374 2618 5430 multas
2672 5375 2868 5443 quippe
2918 5374 3131 5429 fraudes
3175 5374 3464 5441 adhibent,
3512 5386 3567 5431 et

1982 5485 2140 5541 quam
2173 5467 2390 5524 minima
2422 5467 2568 5522 lucra
2598 5480 2785 5535 magna
2820 5467 3029 5537 pariunt
3051 5465 3389 5523 detrimenta.
3421 5467 3564 5536 Qua-

1982 5573 2201 5634 propter
2231 5562 2333 5617 hoc
2361 5564 2529 5632 ipsqu
2563 5563 2613 5614 in
2656 5562 2996 5630 proverbium
3034 5562 3258 5616 transiit.
3292 5559 3380 5615 Sic
3400 5561 3561 5615 etiam

1984 5655 2178 5712 lascivo
2205 5697 2218 5722 ,
2249 5654 2630 5726 impedimento
2654 5652 2719 5709 ad
2753 5653 3073 5725 voluptatein
3123 5664 3203 5709 est
3231 5655 3341 5726 ipse
3366 5652 3561 5709 nimius
