4126 6220
373 195 478 251 6ῦὸ

369 304 590 360 allectus
621 324 633 360 :
668 320 791 360 nam
818 308 949 362 viles
975 306 1094 362 illos
1115 308 1453 364 ell‘eminat‘os
1493 308 1645 378 quasi
1690 308 1947 377 mancipia

368 395 620 453 mulieres
652 399 929 453 traducunt
959 415 972 463 ;
1003 413 1172 469 neque
1193 399 1477 470 dignantur
1500 400 1604 453 illis
1632 408 1688 452 ut
1710 398 1834 452 viris
1855 398 1949 463 uti,

367 489 608 559 colaphis
637 502 691 544 et
721 491 888 559 sputis
914 490 1362 557 dehonestantes,
1393 494 1811 561 circumagentes
1830 533 1844 556 ,
1875 492 1951 544 ri-

367 581 556 635 dentes
584 580 700 633 illos
721 623 734 644 ,
768 592 926 650 atque
949 586 1123 637 omnia
1155 584 1281 653 ipsis
1327 584 1664 654 imperantes.
1695 583 1781 637 Sic
1820 579 1951 635 nihil

367 672 547 727 vilius.
572 673 699 726 nihil
718 673 973 743 alijcctins
988 685 1266 745 arrogante
1292 692 1351 729 ac
1373 692 1520 729 vana:
1537 676 1716 746 gloria:
1737 674 1948 745 cupido,

371 763 458 831 qui
488 763 586 816 sibi
618 764 862 820 sublimis
900 776 953 821 et
983 768 1120 820 altus
1150 767 1374 821 videtur.
1406 767 1535 821 Nam
1564 768 1949 821 contentiosum

366 864 447 907 est
486 854 773 910 humanum
799 873 963 926 genus
985 901 999 925 ,
1029 867 1082 913 et
1112 860 1238 913 nulli
1269 860 1336 913 ita
1367 858 1679 912 adversatur
1705 866 1761 911 ut
1796 873 1950 911 arro-

364 945 509 1011 ganti
536 986 549 1009 ,
579 946 811 1014 superbo
831 990 845 1009 ,
878 957 931 1002 et
976 949 1155 1019 gloriae
1196 964 1371 1004 servo.
1405 949 1518 1018 lpsc
1549 964 1673 1002 vero
1704 991 1717 1010 ,
1768 958 1823 1001 ut
1851 947 1951 1001 sibi

366 1034 512 1087 illum
540 1038 855 1105 arrogantia:
879 1039 1090 1093 modum
1114 1050 1309 1103 servet,
1338 1042 1489 1111 quasi
1512 1038 1757 1109 mancipii
1780 1039 1951 1092 cilicia

365 1124 501 1191 apud
529 1124 722 1181 multos
752 1128 1005 1196 exhibet,
1052 1128 1297 1182 adulatur
1324 1172 1338 1196 ,
1371 1140 1668 1183 asscntatur
1691 1171 1706 1195 ,
1746 1137 1799 1182 et
1835 1128 1950 1197 plus

1091 198 1145 252 S.
1187 196 1465 252 JOANNIS
1503 193 1978 253 CIIRYSOSTOM]
2017 193 2333 251 ARCIlIEl’.
2374 194 2901 253 CONS'I'ANTINOP.

3531 201 3635 258 604

2059 322 2215 374 quam
2244 306 2279 361 ii
2304 308 2394 375 qui
2424 322 2531 362 tere
2561 309 2725 376 empti
2756 318 2915 375 sunt,
2945 324 3003 363 se
3044 310 3367 379 gravissima:
3394 317 3633 370 servituti

2057 398 2293 466 subjicit.
2328 399 2449 454 llaec
2473 415 2598 469 ergo
2627 402 2800 454 omnia
2827 416 2945 455 cum
2977 402 3235 467 sciamus,
3284 403 3443 458 hosce
3472 404 3639 475 depo-

2059 502 2247 541 namns
2288 488 2538 555 allectus,
2580 506 2645 543 ne
2674 499 2727 545 ct
2764 490 2848 544 hic
2887 507 3069 561 pinnas
3097 491 3317 558 demus,
3346 503 3398 550 et
3426 496 3533 549 illic
3582 498 3635 554 in

2060 588 2315 632 aeternum
2357 581 2672 635 cruciemur.
2725 582 2941 636 Virtutis
2979 598 3106 652 ergo
3144 593 3408 639 amatores
3447 588 3633 641 simus.

2058 670 2146 723 Sic
2173 672 2314 725 enim
2356 672 2515 726 etiam
2543 682 2667 726 ante
2697 688 2951 743 regnum,
2981 675 3266 728 tnaximnm
3296 677 3379 729 hic
3406 675 3633 733 fructum

2059 761 2405 831 decerpemus
2426 803 2439 824 ,
2468 772 2520 815 et
2547 762 2669 816 illuc
2698 765 2983 831 migrantes
3009 765 3222 819 :eternis
3252 768 3513 836 potientur
3536 768 3634 823 b0-

2058 853 2139 906 nis
2172 871 2183 906 :
2210 868 2329 923 quae
2356 856 2551 908 utinam
2583 858 2767 908 omnes
2793 870 3211 924 consequamur,
3259 859 3427 927 gratia
3456 868 3509 912 et
3534 860 3634 912 mi-

2058 946 2343 999 sericordia
2370 946 2577 1000 Domini
2602 947 2728 1000 .lesu
2750 946 2969 1011 Christi,
2990 948 3072 1002 cui
3094 948 3257 1019 gloria
3279 959 3331 1005 et
3354 950 3631 1021 imperium

2059 1038 2111 1093 in
2137 1040 2327 1095 saecula
2355 1039 2688 1094 seculorum.
2716 1042 2904 1094 Amen.

1513 1334 1857 1395 manus
1898 1330 2125 1392 LXIII.
2167 1331 2252 1393 al.
2298 1306 2570 1393 LXIV.‘

365 1480 494 1534 CAP.
537 1480 625 1536 19.
666 1498 718 1537 v.
762 1482 962 1537 16.'Et
1008 1500 1116 1538 ecce
1155 1501 1285 1537 unus
1330 1484 1571 1537 accedens
1636 1483 1763 1536 dixit
1829 1479 1945 1533 illi:

442 1570 688 1639 Magister
734 1575 860 1627 bone
879 1616 892 1642 ,
943 1576 1065 1645 quid
1089 1575 1320 1644 faciendo
1359 1575 1510 1627 vitam
1539 1585 1776 1628 (sternam
1808 1574 1947 1628 liere-

436 1664 644 1718 ditabo?

438 1801 490 1854 1.
518 1800 859 1855 Pecunitn'unt
878 1820 1019 1857 amor
1044 1804 1288 1857 malorum
1310 1805 1531 1858 omnium
1557 1806 1723 1858 radix.
1742 1805 1946 1871 —Qui-

367 1892 486 1945 dam
532 1895 673 1948 hunc
714 1893 965 1964 juvenem
1022 1905 1080 1950 ut
1122 1896 1509 1950 fraudulentum
1554 1906 1607 1951 et
1650 1897 1946 1966 improbum

365 1983 752 2050 criminantur,
788 1994 843 2038 ut
887 1986 973 2055 qui
1011 1987 1245 2040 tentandi
1294 2001 1450 2041 causa
1494 1986 1673 2041 Jesum
1717 1987 1945 2041 adierit:

368 2092 469 2145 ego
508 2092 634 2130 vero
662 2076 807 2129 illum
837 2093 1052 2132 avarum
1094 2090 1147 2133 et
1176 2080 1512 2147 pecuniarum
1550 2089 1815 2133 amantem
1865 2078 1948 2132 di-

368 2180 491 2221 cere
540 2182 646 2221 non
698 2166 933 2221 dubitem
963 2210 977 2233 ,
1028 2169 1242 2238 quando
1288 2168 1529 2225 Christus
1586 2171 1745 2225 talem
1795 2171 1942 2224 illum

370 2274 492 2313 esse
536 2259 922 2314 demonstravit
949 2277 963 2319 '.
991 2261 1382 2317 fraudulentum
1424 2279 1551 2317 vero
1581 2279 1945 2334 nequaquam,

367 2348 797 2421 quandoquidem
846 2367 951 2407 non
998 2360 1166 2407 tutum
1196 2364 1276 2408 est
1320 2354 1387 2408 de
1430 2354 1650 2409 occultis
1701 2354 1952 2409 audacter

369 2440 630 2508 judicare,
660 2457 781 2497 cum
809 2445 1038 2498 maxime
1067 2445 1133 2499 de
1154 2446 1397 2515 quapiam
1428 2446 1726 2500 accusando
1743 2446 1948 2517 agitur:

370 2541 532 2601 atque
578 2533 735 2587 etiam
779 2535 916 2605 quod
950 2534 1154 2590 Marcus
1199 2535 1341 2591 illam
1383 2537 1736 2606 suspicionem
1776 2552 1951 2591 remo-

370 2626 505 2678 vcrit
531 2642 543 2677 :
572 2642 690 2680 nam
722 2627 795 2680 ait
827 2645 839 2680 :
865 2628 1143 2682 Accurrcns
1170 2638 1215 2680 et
1236 2630 1568 2697 genu/lectens
1589 2630 1793 2699 rogabat
1815 2646 1950 2695 eum;

367 2725 421 2768 et
441 2755 455 2777 ,
489 2716 777 2785 Respiciens
807 2717 955 2771 Jcsus
982 2720 1155 2772 dilexit
1182 2736 1291 2772 eum
1322 2721 1340 2788 (
1368 2720 1528 2772 Marc.
1567 2720 1651 2774 10.
1687 2721 1773 2774 17.
1812 2721 1875 2774 21

369 2806 477 2863 Sed
525 2809 687 2861 multa
729 2818 810 2861 est
854 2810 1193 2878 pecuniarum
1244 2811 1481 2882 tyrannis
1504 2851 1517 2873 ,
1549 2810 1687 2878 quod
1716 2811 1797 2864 vel
1829 2811 1952 2865 hinc

368 2896 540 2964 palam
569 2906 650 2950 cst
681 2915 692 2950 :
726 2898 850 2951 licet
896 2900 1035 2952 enim
1086 2900 1302 2952 virtutes
1349 2900 1478 2953 alias
1516 2899 1752 2953 colamus
1776 2942 1791 2967 ,
1839 2899 1951 2954 haec

369 2987 548 3040 omnia
572 2987 706 3041 bona
728 2987 1028 3043 labefactat.
1051 2988 1176 3043 Jnrc
1197 3005 1321 3057 ergo
1342 2990 1530 3043 Paulus
1552 2990 1693 3044 illam
1715 2992 1949 3045 onmium

366 3078 627 3132 malorum
654 3080 886 3134 radicem
914 3097 1033 3135 esse
1054 3081 1184 3134 dixit
1212 3098 1226 3133 :
1262 3082 1429 3135 Radix
1448 3083 1575 3134 enim
1598 3086 1816 3135 onniium
1844 3101 1925 3137 ma

367 3162 531 3214 lorum
556 3172 630 3215 est
656 3165 908 3233 avan’tia(
936 3167 985 3219 l.
1020 3164 1149 3218 Tim.
1184 3166 1234 3218 fi.
1269 3165 1332 3220 10
1362 3167 1398 3234 ).
1431 3166 1604 3233 Quare
1634 3182 1761 3236 ergo
1799 3166 1951 3221 Clui-

366 3260 480 3303 stus
504 3251 570 3304 ita
595 3255 866 3323 respondit
894 3255 967 3309 illi
990 3255 1173 3309 dicens
1197 3268 1209 3303 ε
1236 3254 1397 3308 Nemo
1420 3256 1620 3311 bonus?
1643 3258 1775 3323 Quia
1800 3258 1946 3313 illum

369 3349 425 3392 ut
452 3341 748 3408 simplicem
784 3343 1051 3398 hominem
1082 3344 1308 3398 habebat
1330 3355 1383 3398 et
1410 3346 1582 3415 vulgo,
1611 3356 1664 3401 ct
1695 3357 1749 3400 ut
1768 3347 1951 3402 docto-

370 3445 482 3483 rem
513 3430 792 3487 Judaicum
821 3452 832 3485 :
864 3434 1088 3502 ideoque
1133 3443 1191 3488 ut
1222 3434 1380 3489 homo
1429 3436 1600 3507 ipsum
1643 3438 1947 3508 alloquitur.

366 3520 497 3573 Nam
517 3536 657 3589 sa'pe
674 3524 1273 3595 sccuudumrogantium
1289 3527 1593 3597 opinionem
1604 3529 1885 3599 respondet
1909 3532 1947 3595 ’,

368 3618 423 3663 ut
438 3624 556 3663 cum
578 3611 703 3665 dicit
729 3632 741 3667 :
769 3612 877 3668 Nos
898 3615 1166 3668 adoramus
1186 3617 1319 3684 quod
1344 3618 1527 3670 scimus
1548 3617 1723 3690 (Ioan.
1757 3621 1809 3674 4.
1833 3620 1945 3689 9.9.):

365 3710 415 3753 et
436 3740 451 3764 ,
475 3700 535 3755 Si
559 3719 650 3773 ego
673 3703 1006 3758 testimonium
1036 3706 1267 3775 pcrhibeo
1294 3707 1356 3759 de
1376 3708 1584 3778 tneipso,
1615 3708 1949 3763 testimonium

365 3808 530 3845 meum
551 3806 737 3849 nonest
758 3813 924 3850 verum
949 3797 1124 3870 (Joan.
1144 3798 1196 3853 5.
1220 3798 1331 3870 51).
1349 3798 1477 3853 Cum
1498 3801 1655 3870 igitur
1671 3802 1762 3866 ait,
1787 3800 1949 3856 Nemo

366 3886 545 3951 bonus,
579 3903 681 3941 non
710 3886 810 3942 hoc
836 3889 961 3943 dicit
992 3899 1049 3944 ut
1077 3906 1133 3943 se
1162 3890 1355 3943 bonmn
1388 3906 1489 3943 non
1522 3906 1641 3944 esse
1664 3892 1944 3960 signiticet,

372 3976 511 4030 absit
537 3996 550 4032 :
577 3994 682 4033 non
705 3981 844 4034 enim
868 3980 1018 4043 dixit,
1048 3982 1182 4047 Quid
1207 3997 1281 4033 me
1302 3981 1426 4033 dicis
1454 3982 1677 4033 bonum?
1705 3998 1806 4034 non
1832 3998 1947 4036 sum

365 4068 538 4123 bonus
570 4086 583 4123 :
613 4072 704 4125 sed
726 4112 740 4136 ,
771 4071 934 4125 Nemo
984 4072 1141 4126 bonus
1172 4072 1373 4141 (Marc.
1415 4074 1496 4127 l0.
1532 4074 1637 4141 18)
1663 4091 1677 4138 ;
1735 4075 1784 4129 id
1826 4087 1905 4131 est
1930 4118 1944 4143 ,

371 4160 548 4212 nullus
579 4160 875 4214 hominum.
910 4161 1027 4230 Ipse
1057 4177 1183 4215 vero
1216 4178 1336 4216 cum
1383 4164 1481 4217 hoc
1511 4165 1669 4227 dicit,
1706 4182 1808 4219 non
1851 4168 1947 4220 ho-

368 4251 540 4303 mines
579 4265 608 4303 a
653 4251 889 4306 bonitate
931 4252 1201 4318 excludit;
1231 4253 1325 4307 sed
1369 4256 1763 4323 comparatione
1812 4254 1946 4311 l‘acta

365 4355 485 4393 cum
517 4340 608 4395 Dei
632 4340 882 4397 bonitate.
907 4342 1238 4413 Quapropter
1261 4344 1460 4412 adjicit,
1490 4344 1607 4398 Nisi
1627 4347 1761 4400 solus
1787 4346 1943 4401 Deus.

365 4430 548 4500 Neque
574 4432 740 4496 dixit,
774 4433 883 4487 Nisi
917 4435 1071 4489 l’aler
1101 4451 1250 4489 meus
1273 4475 1287 4499 ,
1320 4446 1375 4489 ut
1404 4435 1576 4489 discas
1601 4477 1614 4501 ,
1642 4436 1809 4504 ipsum
1843 4453 1945 4490 non

368 4538 429 4577 se
470 4523 654 4592 juveni
698 4524 773 4577 illi
803 4524 1245 4580 manifestavisse.
1287 4526 1374 4580 Sic
1401 4528 1559 4580 etiam
1592 4542 1749 4596 supra
1781 4529 1948 4581 malos

362 4612 573 4667 dicebat
608 4606 851 4669 homines
878 4616 960 4669 his
994 4616 1173 4670 verbis
1210 4637 1221 4671 :
1255 4617 1313 4672 Si
1340 4627 1507 4670 autem
1538 4632 1623 4670 vos
1644 4658 1658 4683 ,
1688 4634 1800 4670 cum
1840 4619 1947 4671 sitis

376 4705 516 4771 mali,
548 4706 701 4759 nostis
722 4708 850 4760 bona
870 4708 989 4759 data
1013 4708 1136 4760 dare
1155 4708 1274 4775 ﬁliis
1302 4710 1473 4762 vestris
1491 4709 1507 4778 (
1528 4708 1709 4761 Matth.
1744 4709 1793 4763 7.
1826 4711 1943 4779 11).

360 4795 491 4848 Nam
526 4795 631 4850 illic
669 4798 836 4851 malos
868 4798 1072 4851 vocavit
1095 4840 1109 4862 ,
1137 4813 1239 4852 non
1270 4799 1409 4867 quod
1441 4800 1533 4852 toti
1565 4810 1765 4854 natura:
1795 4802 1948 4855 mali-

361 4886 488 4939 tiam
516 4886 845 4941 adscriberet
870 4905 883 4951 ;
914 4904 1033 4941 nam
1073 4887 1222 4953 illud,
1260 4888 1361 4942 Vos
1380 4930 1393 4952 ,
1422 4904 1527 4943 non
1556 4904 1741 4943 omnes
1772 4889 1946 4946 homi-

370 4989 464 5029 nes
495 4976 752 5044 signiticat
774 5019 788 5043 ,
819 4978 910 5032 sed
945 4977 1216 5032 hominum
1253 4979 1542 5033 bonitatem
1570 4994 1689 5033 eum
1723 4980 1815 5034 Dei
1847 4982 1939 5035 bo-

361 5066 523 5119 nitate
548 5081 883 5135 comparans,
907 5069 982 5123 sic
1005 5069 1250 5137 qutmltlS
1272 5078 1353 5123 est
1372 5085 1385 5132 ;
1412 5069 1634 5139 ideoque
1654 5070 1942 5139 subjnnxit.

365 5154 566 5220 Quanto
604 5157 765 5227 magis
799 5157 955 5211 Pater
993 5166 1149 5211 vester
1196 5158 1333 5211 dabit
1374 5158 1503 5212 bona
1532 5161 1805 5229 petentibus
1842 5177 1895 5213 se
1919 5162 1945 5214 ?

360 5244 562 5314 Ecquid
588 5247 736 5303 illum
769 5248 1025 5318 urgebat,
1058 5249 1260 5318 inquies
1281 5290 1297 5315 ,
1325 5260 1413 5303 aut
1438 5250 1562 5318 quid
1588 5250 1852 5303 commodi
1879 5266 1943 5304 ex

361 5336 664 5405 bujusmodi
692 5341 987 5407 responso?
1013 5340 1266 5393 Paulatim
1296 5340 1439 5393 illum
1466 5342 1529 5393 ad
1558 5342 1745 5395 altiora
1772 5341 1941 5396 adduc

362 5428 433 5480 cit
460 5467 476 5492 ,
520 5441 679 5500 atque
707 5431 931 5485 instituit
957 5441 1013 5486 ut
1035 5433 1180 5487 omni
1210 5432 1278 5486 sit
1302 5432 1606 5488 adulatione
1636 5448 1829 5489 vacuus
1853 5474 1868 5500 ,
1911 5450 1939 5488 a

426 5584 442 5615 ι
466 5584 613 5648 Editi,
641 5589 901 5639 scentulum
925 5585 1189 5651 Opinionem
1224 5586 1479 5637 multorum
1506 5581 1773 5647 respondet.

2054 1479 2384 1548 terrenisque
2406 1480 2673 1534 abducens
2697 1481 2803 1534 Deo
2831 1482 3119 1549 coniungit,
3146 1480 3438 1550 suadetque
3458 1480 3631 1534 futura

2050 1582 2308 1636 qurerere,
2338 1569 2671 1639 discereqne,
2700 1571 2816 1640 quis
2855 1572 2922 1625 sit
2950 1586 3077 1625 vere
3106 1571 3275 1625 bonus
3295 1612 3309 1637 ,
3337 1573 3455 1641 quis
3480 1572 3628 1625 radix

2051 1668 2103 1712 et
2122 1658 2238 1713 {ens
2255 1662 2513 1725 onmium,
2536 1662 2737 1731 ipsique
2758 1662 3011 1716 honorem
3034 1662 3247 1717 referre.
3270 1660 3397 1715 Nam
3420 1663 3633 1730 quando

2052 1750 2217 1816 dicit,
2250 1750 2422 1805 Nolite
2460 1754 2753 1822 magistrum
2784 1769 2958 1805 vocare
3000 1769 3149 1821 super
3174 1762 3359 1804 terram
3398 1754 3413 1819 (
3440 1751 3629 1805 Matth.

2051 1840 2141 1895 25.
2171 1840 2275 1911 9),
2304 1850 2411 1895 tum
2439 1843 2490 1895 in
2513 1843 2957 1911 comparationem
2980 1844 3059 1897 sui
3080 1844 3147 1897 ita
3172 1842 3318 1909 dicit,
3340 1853 3447 1897 tum
3470 1845 3629 1900 etiam

2053 1941 2109 1986 ut
2138 1932 2345 1987 discant
2379 1935 2519 2004 quod
2547 1937 2615 1987 sit
2656 1934 2880 2003 primmn
2922 1950 3097 1988 rerum
3138 1935 3371 1987 omnium
3400 1935 3630 1989 initium.

2052 2022 2233 2092 Neque
2269 2025 2411 2079 enim
2441 2025 2703 2078 modicum
2732 2024 2940 2093 juvenis
2983 2024 3071 2077 ille
3114 2024 3368 2078 hactenus
3398 2024 3631 2079 studium

2053 2116 2361 2171 ostenderat
2432 2128 2486 2172 et
2523 2132 2757 2171 amorem
2785 2160 2799 2181 ,
2834 2118 2902 2171 ita
2932 2126 2986 2170 ut
3011 2158 3026 2183 ,
3075 2118 3194 2171 cum
3240 2118 3329 2171 alii
3366 2127 3631 2172 tentarent

2053 2210 2345 2276 Christum,
2379 2211 2468 2265 alii
2502 2226 2596 2280 pro
2626 2211 2824 2264 morbis
2851 2221 2940 2264 aut
2971 2211 3081 2265 suis
3108 2220 3197 2264 aut
3225 2210 3446 2265 aliorum
3477 2225 3629 2265 acce-

2051 2301 2273 2369 derent,
2307 2303 2418 2372 ipse
2449 2317 2544 2371 pro
2575 2301 2678 2355 vita
2715 2311 2914 2355 mtema
2960 2302 3165 2356 veniret
3204 2310 3362 2372 atque
3400 2301 3625 2356 interm-

2050 2403 2220 2463 garct.
2267 2393 2483 2463 Pinguis
2520 2402 2666 2447 certe
2692 2400 2832 2446 terra
2863 2401 2916 2445 et
2954 2392 3143 2446 fertilis
3184 2407 3310 2463 ager
3333 2404 3481 2457 erat,
3534 2394 3631 2448 sed

2053 2486 2327 2553 spinarum
2373 2484 2654 2537 multitudo
2695 2498 2876 2537 semen
2906 2483 3203 2537 sull'ocavit.
3252 2483 3633 2539 Animadverte

2053 2574 2194 2629 enim
2240 2590 2396 2643 quam
2446 2574 2514 2628 sit
2554 2582 2767 2642 paratus
2810 2572 2877 2626 ad
2916 2573 3269 2627 obedientium
3321 2574 3630 2629 mandatis:

2058 2667 2193 2733 Quid
2220 2668 2451 2739 faciendo
2470 2710 2485 2734 ,
2528 2668 2726 2736 inquit,
2758 2667 2910 2719 vitam
2938 2676 3177 2719 teter-nam
3216 2666 3515 2736 possidebo?
3540 2666 3635 2720 Sic

2055 2766 2331 2827 promptus
2375 2752 2495 2812 esse
2525 2757 2589 2809 ad
2616 2756 2906 2826 parendum
2935 2755 3226 2809 videbatur.
3259 2755 3408 2823 Quod
3438 2757 3481 2809 si
3510 2765 3633 2810 ten-

2056 2856 2170 2901 tans
2198 2849 2546 2910 accessisset,
2581 2846 2707 2900 illud
2750 2856 2894 2899 certe
2923 2845 3075 2899 nobis
3113 2844 3434 2901 declarasset
3471 2861 3633 2900 evan-

2053 2939 2258 3008 gelista,
2287 2938 2729 3007 quemadmodum
2759 2946 2812 2991 et
2836 2938 2885 2991 in
2914 2937 3031 2990 aliis
3062 2935 3304 3001 faciebat,
3334 2946 3389 2990 ut
3418 2938 3468 2990 in
3501 2938 3633 3007 legis

2053 3028 2291 3082 doctore.
2322 3027 2377 3081 Si
2404 3043 2533 3081 vero
2573 3028 2687 3096 ipse
2712 3026 2965 3089 siluisset,
2999 3042 3102 3079 non
3134 3026 3343 3080 sivisset
3388 3026 3631 3082 Christus

2054 3121 2224 3191 ipsum
2254 3120 2416 3173 latere
2436 3161 2449 3183 ,
2482 3120 2575 3174 sed
2603 3121 2686 3173 vel
2714 3128 2895 3187 aperte
2921 3119 3090 3185 ipsum
3124 3117 3477 3186 redarguisset
3496 3158 3512 3184 ,
3542 3117 3631 3172 vel

2053 3212 2258 3267 occulte
2287 3212 2579 3281 tetigisset,
2626 3227 2691 3265 ne
2722 3211 2988 3264 videretur
3012 3210 3285 3278 decepisse
3324 3218 3377 3264 et
3419 3210 3586 3265 latere
3608 3251 3625 3274 ,

2054 3304 2238 3373 sicque
2267 3302 2424 3356 liPSllS
2454 3302 2633 3355 fuisse.
2669 3301 2723 3355 Si
2747 3301 2886 3353 enim
2917 3310 3125 3354 tentans
3156 3302 3487 3361 accessisset.
3522 3317 3630 3357 non

2053 3408 2285 3448 manens
2311 3393 2378 3446 ob
2406 3393 2491 3446 illa
2522 3408 2639 3461 qua:
2684 3392 2919 3445 audierat
2960 3392 3290 3445 recessisset.
3331 3392 3440 3445 lloc
3485 3393 3629 3446 enim

2053 3500 2336 3552 numquam
2366 3500 2428 3538 ex
2460 3482 2738 3537 Phariszeis
2767 3482 2956 3551 aliquis
2981 3491 3061 3535 est
3088 3497 3295 3551 passus,
3326 3483 3417 3537 sed
3440 3484 3629 3537 confu-

2053 3577 2145 3630 lati
2172 3577 2338 3645 magis
2360 3574 2781 3644 indignabantur.
2814 3574 2906 3627 llic
2926 3588 3052 3628 vero
3081 3588 3184 3627 non
3212 3576 3307 3637 sic,
3338 3573 3432 3628 sed
3465 3576 3629 3629 tristis

2051 3666 2198 3731 abit;
2243 3665 2381 3736 quod
2414 3664 2620 3735 signum
2654 3678 2757 3717 non
2792 3678 3008 3731 parvum
3034 3672 3142 3723 est.
3174 3662 3346 3731 ipsum
3372 3679 3474 3717 non
3504 3678 3627 3718 cum

2054 3757 2192 3811 mala
2243 3757 2512 3809 voluntate
2558 3754 2883 3819 accessisse,
2927 3754 3021 3807 sed
3068 3768 3188 3808 eum
3239 3753 3626 3815 imbecilliore,

2051 3860 2104 3903 et
2148 3863 2272 3903 vere
2318 3847 2478 3901 vitam
2527 3846 2927 3912 concupivisse;
2977 3844 3071 3900 sed
3104 3844 3414 3913 gravissimo
3460 3843 3628 3898 fuisse

2053 3940 2239 3994 morbo
2302 3938 2592 3992 detentum.
2648 3936 2783 3991 Cum
2831 3935 3053 3989 dixisset
3104 3949 3233 4002 ergo
3284 3934 3487 3988 .lesus:
3535 3934 3623 3988 17.

2053 4032 2112 4085 Si
2154 4033 2224 4084 vis
2265 4031 2332 4083 ad
2374 4031 2525 4083 vitam
2560 4033 2778 4092 intrare,
2821 4044 2961 4081 serva
2997 4028 3235 4079 mandata
3270 4041 3289 4079 :
3328 4027 3457 4081 dicit
3495 4027 3583 4081 ille
3606 4067 3624 4094 ,

2054 4124 2336 4187 Qiaenam?
2385 4137 2489 4174 non
2556 4129 2765 4174 tentans
2806 4161 2821 4183 ,
2888 4118 3064 4183 absit;
3126 4118 3220 4171 sed
3264 4117 3401 4187 quod
3440 4118 3625 4171 existi-

2050 4223 2221 4267 maret
2262 4213 2364 4265 alia
2411 4210 2650 4281 quaedam
2702 4224 2822 4264 esse
2873 4208 3117 4262 mandata
3165 4217 3358 4277 przcter
3401 4207 3625 4276 legalia,

2051 4320 2167 4374 quae
2207 4305 2366 4357 vitam
2398 4303 2495 4356 sibi
2531 4310 2746 4370 possent
2789 4301 3008 4364 am-rre;
3037 4300 3176 4369 quod
3221 4298 3488 4353 desiderio
3528 4300 3626 4351 lla-

2048 4394 2247 4464 grantis
2274 4402 2403 4447 erat.
2442 4391 2638 4445 Deinde
2658 4434 2672 4455 ,
2702 4406 2823 4445 cum
2860 4390 3084 4443 dixisset
3108 4389 3267 4443 Iesus
3312 4389 3441 4455 legis
3473 4404 3624 4441 man-

2048 4483 2165 4538 data
2192 4525 2206 4547 ,
2258 4482 2529 4552 respondit
2555 4481 2643 4535 ille
2675 4497 2692 4534 :
2719 4481 2808 4535 20.
2846 4479 2969 4533 11αέ
2995 4481 3161 4532 omnia
3190 4480 3380 4532 servavi
3412 4478 3473 4530 ab
3503 4478 3627 4531 ado-

2049 4574 2284 4627 lescentia
2311 4589 2439 4626 mea.
2472 4570 2651 4639 Neque
2683 4570 2767 4624 hic
2795 4572 2951 4624 ﬁnem
2981 4569 3124 4633 fecit,
3156 4570 3247 4624 sed
3276 4584 3458 4623 rursus
3481 4585 3627 4638 qua:-

2048 4665 2192 4732 sivit,
2232 4666 2368 4732 Quid
2396 4665 2563 4717 adhuc
2584 4663 2706 4715 mihi
2730 4663 2909 4716 deest?
2932 4661 3072 4731 quod
3103 4670 3157 4716 et
3192 4662 3362 4731 ipsum
3410 4662 3623 4731 signum

2048 4766 2162 4811 erat
2207 4757 2351 4810 illum
2415 4754 2680 4809 desiderio
2724 4754 2974 4822 ﬂagrasse
3016 4767 3031 4804 :
3076 4767 3174 4807 nec
3232 4767 3451 4822 parvum
3498 4751 3625 4805 illud

2048 4856 2183 4911 erat,
2211 4846 2351 4915 quod
2380 4846 2479 4899 sibi
2512 4853 2719 4913 putaret
2745 4842 2939 4911 aliquid
2968 4842 3174 4907 deesse,
3206 4856 3377 4910 neque
3410 4849 3626 4910 putaret

2046 4939 2174 4991 satis
2200 4951 2319 4990 esse
2349 4949 2432 5000 ea,
2460 4950 2578 5001 qua:
2607 4934 2745 4987 dicta
2774 4935 2998 4996 inerant,
3023 4941 3080 4985 ut
3106 4942 3342 5000 optatum
3368 4946 3628 4999 asseque-

2048 5038 2211 5082 retur.
2241 5026 2377 5093 Quid
2422 5040 2548 5094 ergo
2576 5022 2817 5077 Christus
2842 5023 2868 5074 ι
2894 5024 3025 5090 Quia
3064 5039 3309 5093 magnum
3354 5022 3627 5092 quidpiam

2048 5127 2408 5187 praecepturus
2433 5126 2547 5168 erat
2571 5156 2585 5179 ,
2616 5117 2827 5183 praemia
2862 5116 3007 5183 prius
3051 5114 3299 5183 preponit
3326 5154 3340 5180 ,
3369 5124 3422 5167 et
3450 5114 3581 5167 dicit
3610 5130 3625 5167 :

2046 5210 2135 5263 ‘21.
2167 5209 2225 5262 Si
2248 5209 2317 5261 vis
2339 5210 2588 5277 perfectus
2614 5223 2738 5268 esse,
2765 5206 2911 5267 vade,
2944 5206 3098 5259 vende
3114 5206 3281 5257 omnia
3311 5222 3428 5275 qua:
3449 5205 3623 5270 habes,

2046 5313 2091 5355 et
2140 5301 2206 5354 da
2235 5300 2540 5370 pauperibus
2568 5316 2586 5356 :
2619 5309 2665 5351 et
2695 5297 2896 5352 habebis
2938 5298 3231 5352 thesaurum
3270 5298 3324 5351 in
3362 5298 3536 5351 cazlis:
3579 5306 3626 5350 et

2046 5395 2152 5447 veni
2174 5435 2187 5459 ,
2219 5408 2420 5460 sequere
2445 5407 2540 5444 me.

2117 5486 2167 5537 9..
2215 5484 2393 5538 Viden‘
2424 5492 2552 5552 quot
2594 5482 2792 5546 hravia,
2838 5491 2969 5552 qttot
3014 5495 3239 5535 coronas
3286 5480 3409 5534 huic
3448 5477 3623 5531 stadio

2048 5577 2262 5632 tribuit?
2291 5576 2346 5633 Si
2379 5592 2503 5632 vero
2532 5585 2804 5642 tentasset,
2838 5590 2940 5630 non
2969 5575 3082 5631 lucc
3114 5575 3188 5633 illi
3211 5573 3453 5629 dixisset.
3476 5568 3623 5625 Nunc
