4126 6220
444 304 549 359 605

445 429 617 476 autem
663 428 715 473 et
759 416 906 483 dicit,
946 421 1000 468 et
1046 420 1103 465 ut
1139 409 1286 463 illum
1324 402 1570 465 attrahat,
1621 412 1863 464 magnam
1914 398 2015 461 ipSt

450 511 747 567 mercedem
764 507 1017 568 ostendit,
1041 513 1311 570 totumque
1332 498 1446 567 ejus
1462 491 1717 546 voluntati
1745 486 2016 555 relinquit,

447 604 548 659 sub
570 603 753 656 umbra
786 599 1012 669 quadam
1053 595 1354 661 relinquens
1392 603 1454 641 ea
1480 600 1597 656 quae
1629 584 1679 636 in
1707 581 1804 634 hac
1835 578 2020 631 admo-

451 697 652 750 nitione
692 693 868 764 gravia
899 706 1014 745 esse
1045 687 1355 741 videbantur
1392 698 1405 733 :
1450 679 1693 747 ideoque,
1738 683 2019 764 antequam

448 760 719 842 certamen
765 794 819 838 et
869 783 1099 835 laborem
1129 777 1350 835 diceret,
1393 769 1630 825 bravium
1658 763 1907 824 ostendit,
1937 760 2021 813 di-

448 891 575 930 cens
606 895 619 928 :
649 875 708 929 Si
760 875 831 926 vis
879 873 1122 942 perfectus
1168 882 1293 929 esse,
1341 872 1394 917 et
1447 871 1571 914 tunc
1619 856 1819 926 adjicit,
1859 851 2024 907 Vende

450 969 618 1020 omnia
644 982 753 1035 qnte
773 965 942 1027 habes,
972 971 1015 1013 et
1047 961 1113 1013 da
1144 954 1482 1028 pauperibus;
1504 950 1787 1017 statimque
1809 944 2019 1013 prannia

432 1061 601 1124 dicit,
649 1057 962 1124 llabebisque
991 1054 1279 1107 thesaurum
1318 1048 1370 1101 in
1412 1046 1554 1110 cwlo,
1586 1053 1631 1097 et
1665 1041 1793 1103 veni,
1822 1054 2023 1106 sequere

451 1167 548 1205 me.
576 1150 703 1204 Nam
729 1149 805 1203 vel
836 1147 982 1217 sequi
1015 1146 1178 1207 illum,
1213 1156 1397 1212 magna
1430 1153 1633 1192 merces
1657 1145 1758 1189 est.
1786 1134 1846 1187 Et
1874 1126 2025 1185 habe-

451 1241 525 1296 bis
554 1243 840 1294 thesaurum
878 1236 931 1290 in
969 1236 1122 1290 aclis.
1159 1234 1291 1301 Quia
1315 1232 1456 1286 enim
1483 1229 1550 1283 de
1576 1225 1808 1297 pecuniis
1846 1238 2022 1278 sermo

448 1333 586 1386 erat,
612 1322 871 1391 illumque
895 1323 1233 1387 hortabatur,
1249 1330 1307 1375 ut
1327 1338 1385 1376 se
1403 1322 1656 1376 omnibus
1674 1321 2026 1392 exspoliaret,

447 1416 738 1469 ostendens
752 1430 858 1469 non
874 1431 972 1470 sua
990 1415 1088 1469 sibi
1113 1414 1335 1480 auferri,
1357 1415 1448 1468 sed
1465 1413 1671 1484 augeri,
1691 1416 1852 1467 etiam
1871 1412 2023 1484 plura

446 1505 522 1560 illi
561 1506 673 1570 dat,
697 1521 863 1575 quam
892 1505 1005 1575 ipse
1031 1505 1606 1573 praeberejuheretur;
1654 1519 1826 1573 neque
1866 1503 2021 1572 plura

453 1592 633 1658 modo,
660 1593 750 1646 sed
781 1602 925 1646 tanto
956 1591 1177 1660 majora,
1208 1600 1405 1659 quanto
1445 1588 1613 1657 majus
1647 1587 1835 1640 czelum
1866 1600 2022 1656 quam

454 1694 592 1739 terra
634 1692 734 1749 est,
782 1684 888 1738 imo
918 1682 1041 1750 quid
1084 1681 1325 1735 ulterius.
1355 1679 1682 1733 Thesaurum
1722 1687 1895 1730 autem
1928 1691 2025 1744 ap-

454 1778 636 1848 pellat,
682 1777 885 1847 prtemii
926 1774 1305 1846 prmstantiam,
1355 1771 1719 1833 stabilitatem,
1765 1768 2023 1822 securita-

452 1878 664 1938 temque
691 1869 805 1936 ejus
834 1868 1126 1930 declarans,
1159 1875 1409 1934 quantum
1450 1879 1544 1932 per
1573 1861 1798 1914 humana
1840 1860 2023 1913 subin-

454 1961 633 2014 dicare
664 1969 866 2030 poterat
895 1958 1146 2012 audienti.
1178 1957 1291 2011 Non
1319 1972 1444 2024 ergo
1474 1955 1601 2007 satis
1640 1963 1721 2008 est
1750 1953 2022 2022 pecuniam

455 2063 827 2111 contemnere;
873 2050 963 2105 sed
1010 2058 1216 2120 Oportet
1260 2062 1518 2118 pauperes
1576 2046 1752 2104 alere;
1801 2054 1854 2097 et
1902 2053 2025 2098 ante

456 2142 630 2195 omnia
658 2140 923 2195 Christum
952 2142 1121 2210 sequi,
1158 2139 1205 2193 id
1234 2150 1333 2197 est.
1362 2139 1534 2192 omnia
1569 2136 1713 2207 jussa
1740 2136 1854 2203 ejus
1878 2151 2026 2189 cont-

452 2233 619 2302 plerc,
649 2247 767 2287 esse
792 2232 1025 2302 quotidie
1056 2242 1291 2300 paratum
1319 2230 1383 2282 ad
1414 2229 1606 2289 czcdcs,
1630 2237 1682 2281 ct
1702 2227 1767 2281 ad
1798 2236 2021 2281 mortem

450 2323 828 2391 quotidianam.
880 2324 967 2375 Ait
994 2324 1133 2375 enim
1170 2339 1182 2375 :
1218 2320 1277 2375 Si
1319 2321 1430 2390 quis
1458 2320 1563 2372 vult
1590 2328 1700 2388 post
1736 2335 1813 2370 me
1838 2320 2019 2384 venire,

448 2415 655 2485 abneget
680 2417 1017 2485 semetipsum,
1048 2425 1092 2467 et
1116 2414 1260 2466 tollat
1288 2429 1481 2466 crucem
1514 2429 1677 2476 suam,
1718 2421 1761 2465 et
1785 2421 2024 2481 sequatur

448 2506 697 2576 nte.(Luc.
727 2507 779 2563 9.
812 2507 928 2576 2'5):
961 2506 1099 2576 quod
1138 2505 1373 2573 profecto
1404 2505 1705 2558 mandatum
1751 2508 2021 2574 proprium

449 2600 702 2655 fundeudi
743 2601 1052 2669 sanguinem
1102 2604 1269 2666 majus
1296 2607 1396 2661 est,
1426 2614 1582 2667 quam
1613 2598 1850 2667 pecuniae
1889 2612 2022 2651 con-

448 2701 676 2760 temptus
706 2711 717 2747 :
750 2694 837 2763 qui
864 2702 1034 2745 tamen
1061 2708 1162 2744 non
1194 2708 1373 2761 parum
1404 2691 1608 2745 confert
1637 2690 1701 2744 ad
1732 2691 1855 2744 illud
1876 2705 2024 2745 assc-

445 2783 735 2854 quendum.
783 2784 873 2837 22.
917 2782 1040 2838 Cum
1091 2784 1310 2836 audisset
1358 2794 1525 2835 autem
1554 2782 1866 2846 adolescens,
1898 2782 2022 2834 abiit

446 2875 619 2929 tristis.
650 2875 803 2941 Quod
852 2890 956 2928 non
988 2875 1101 2927 sine
1141 2889 1297 2927 causa
1323 2873 1578 2927 accidisse
1608 2872 1679 2927 illi
1708 2872 2021 2942 significavit

444 2967 761 3036 evangelista
785 2965 965 3020 dicens
1004 2981 1017 3017 :
1048 2963 1269 3018 Habebat
1289 2965 1422 3017 enim
1458 2964 1789 3031 possessiones
1812 2962 2016 3017 multas.

514 3058 703 3112 Divites
730 3057 1012 3127 cupidiores
1038 3064 1151 3109 sunt
1175 3072 1323 3117 quam
1343 3055 1425 3125 qui
1451 3055 1645 3107 modica
1669 3054 1891 3125 gaudent
1914 3056 2020 3124 for-

445 3156 582 3203 tuna.
614 3150 852 3203 Avaritia:
870 3150 940 3203 vis
969 3159 1174 3218 quanta.
1203 3179 1273 3189 —
1299 3148 1413 3203 Non
1440 3148 1515 3202 sic
1541 3147 1681 3201 enim
1714 3147 2018 3202 detinentur

445 3242 502 3307 ii,
534 3242 722 3311 quibus
752 3259 927 3313 pauca:
957 3242 1254 3307 facultates,
1285 3252 1341 3295 ut
1372 3242 1401 3293 ii
1430 3242 1515 3309 qui
1540 3241 1699 3293 multa
1727 3256 1904 3294 rerum
1927 3255 2018 3293 co-

444 3335 529 3403 pia
561 3332 804 3387 fruuntur
833 3348 848 3387 :
877 3342 999 3387 tunc
1023 3336 1163 3387 enim
1184 3333 1461 3386 violentior
1484 3332 1775 3399 cupiditas:
1800 3330 1848 3383 id
1876 3328 2014 3400 quod

443 3422 649 3479 dicendi
693 3422 850 3477 ﬁnem
881 3438 984 3477 non
1032 3424 1239 3489 faciam,
1288 3438 1477 3491 nempe
1515 3423 1818 3475 accessione
1856 3436 2014 3490 opum

443 3516 696 3584 majorem
716 3516 931 3571 accendi
947 3516 1232 3577 llanuuam,
1256 3525 1653 3583 etpossesstires
1678 3514 2016 3581 pauperiores

445 3608 602 3675 efﬁci,
636 3610 754 3679 quia
784 3610 1022 3679 pluribus
1051 3609 1405 3677 corripiuntur
1429 3607 1821 3675 cupiditatibus,
1855 3616 1909 3661 et
1937 3608 2018 3660 in-

444 3702 726 3773 digentiam
770 3703 936 3773 magis
979 3703 1231 3757 sentiunt.
1278 3701 1372 3755 llic
1412 3700 1802 3753 animadvertas
1832 3698 2011 3762 velim,

443 3804 690 3863 quantam
722 3795 936 3848 morbus
963 3794 1066 3846 vim
1098 3792 1414 3847 exhibuerit.
1445 3791 1593 3845 lllum
1625 3792 1764 3845 enim
1788 3791 2015 3861 quicum

443 3887 634 3957 gaudio
672 3895 725 3941 et
766 3887 1038 3942 alacritate
1085 3894 1402 3946 acccsserat,
1454 3884 1540 3937 ubi
1585 3883 1825 3938 Christus
1860 3882 2019 3951 jussit

445 3978 696 4048 pecunias
723 3978 973 4040 abiicere,
1004 3978 1072 4030 ila
1100 3977 1274 4030 obruit
1299 3985 1351 4029 et
1381 3975 1588 4041 afflixit,
1620 3984 1676 4028 ut
1704 3990 1770 4029 ne
1788 3990 2013 4042 respon-

444 4067 648 4121 sionem
690 4067 900 4138 quidem
934 4068 1104 4133 daret,
1150 4066 1241 4120 sed
1270 4067 1453 4129 silens,
1486 4066 1671 4129 tristis,
1716 4077 1770 4122 et
1798 4080 2018 4121 mmsms

445 4159 630 4211 abiret.
664 4159 796 4224 Quid
830 4159 985 4228 igitur
1010 4158 1289 4212 Christus?
1315 4158 1402 4210 9.3.
1442 4158 1605 4225 Quam
1629 4157 1826 4227 difﬁcile
1845 4158 2018 4211 divites

446 4253 701 4306 intrabunt
737 4253 789 4305 in
835 4268 1040 4322 regnum
1093 4250 1362 4305 caelorum!
1389 4267 1491 4303 non
1531 4252 1782 4321 pecunias
1810 4252 2018 4320 vitupe-

444 4354 592 4407 rans,
624 4340 717 4396 sed
744 4356 835 4396 eos
862 4341 947 4411 qui
974 4341 1276 4394 detinentur
1296 4339 1362 4393 ab
1388 4340 1534 4409 ipsis.
1558 4342 1611 4395 Si
1636 4340 1850 4394 difﬁcile
1878 4340 2016 4411 divi—

446 4445 547 4497 tes,
574 4434 729 4507 longe
756 4432 1021 4490 difﬁcilius
1064 4432 1228 4487 avari.
1280 4431 1408 4486 Nam
1454 4434 1497 4486 si
1538 4447 1629 4486 sua
1679 4449 1781 4485 non
1817 4410 2015 4501 largiri.

446 4528 883 4598 impedimentum
928 4535 1011 4582 est
1048 4525 1112 4580 ad
1162 4542 1381 4596 regnum
1409 4525 1815 4595 asscquendum,
1846 4526 2019 4579 aliena

447 4635 656 4689 rapere,
685 4619 853 4691 cogita
878 4625 1129 4687 quantum
1159 4618 1331 4685 ignem
1372 4616 1689 4670 accumulet.
1716 4616 1822 4669 Cur
1842 4622 2018 4669 autem

445 4708 719 4778 discipulis
762 4708 910 4771 dicit,
954 4706 1170 4761 difﬁcile
1208 4706 1424 4759 divitem
1467 4705 1517 4758 in
1546 4721 1762 4772 regnum
1804 4706 2017 4768 intrare,

446 4799 536 4869 qui
566 4813 820 4869 pauperes
847 4806 1019 4862 erant,
1053 4795 1288 4866 nihilque
1310 4794 1685 4864 possidebant?
1713 4795 1876 4848 Docet
1905 4794 2024 4849 illos

448 4908 515 4945 ne
535 4891 601 4947 de
629 4899 935 4959 paupertate
959 4889 1295 4954 erubescant,
1325 4897 1378 4942 et
1417 4890 1672 4941 rationem
1705 4886 1895 4953 reddit,
1927 4901 2024 4941 cur

451 4984 579 5039 nihil
607 4999 700 5037 eos
732 4982 927 5036 habere
967 4980 1290 5051 permiserit.
1330 4978 1611 5045 Postquam
1653 4988 1826 5031 autem
1868 4977 2020 5044 dixit,

448 5089 559 5129 rem
586 5088 704 5128 esse
730 5070 1022 5136 difﬁcilem,
1042 5086 1153 5125 rem
1177 5087 1280 5124 non
1303 5084 1460 5139 posse
1483 5068 1617 5133 ﬁeri,
1639 5080 1817 5138 postea
1846 5079 2026 5123 osten-

445 5163 543 5229 dit,
577 5179 674 5219 nec
702 5162 860 5217 modo
904 5161 1018 5216 ﬁeri
1049 5177 1154 5217 non
1196 5176 1370 5231 posse,
1416 5161 1508 5215 sed
1537 5177 1601 5216 ex
1630 5161 2025 5232 comparatione

448 5254 583 5310 facta
611 5256 796 5309 cameli
823 5265 980 5323 atque
1009 5270 1154 5317 acus,
1184 5252 1378 5322 aliquid
1402 5253 1535 5307 ultra
1559 5253 1753 5310 addere
1779 5255 2021 5309 videtur:

448 5363 569 5401 nam
602 5348 693 5411 ait,
718 5346 806 5401 21.
853 5345 1080 5399 Facilius
1106 5357 1179 5400 est
1221 5347 1465 5399 cornelum
1509 5363 1597 5415 per
1634 5348 1861 5417 foramen
1904 5363 2024 5401 acus

449 5439 695 5502 transire,
735 5456 882 5509 quant
930 5430 1367 5492 divitem’intrare
1416 5440 1467 5492 in
1512 5456 1718 5509 regnum
1764 5440 2024 5494 caelorum.

449 5528 606 5586 Unde
649 5529 945 5583 ostenditur
973 5543 1077 5582 non
1122 5543 1307 5598 parum
1336 5528 1598 5584 mercedis
1627 5530 1798 5597 parari
1843 5529 2025 5584 diviti-

448 5623 587 5685 bus,
632 5622 720 5689 qui
768 5620 1124 5690 philosOphari
1171 5624 1394 5690 possint.
1426 5620 1549 5675 Ideo
1589 5620 1678 5676 Dei
1718 5635 1854 5691 opus
1896 5622 2027 5678 illud

449 5730 570 5771 esse
587 5714 836 5779 asseruit,
862 5722 917 5768 ut
938 5713 1033 5768 dcc
1054 5724 1249 5785 araret,
1274 5728 1459 5785 magna
1479 5728 1609 5782 opus
1627 5729 1743 5769 esse
1757 5715 1921 5784 gratia
1950 5713 2020 5781 ci,

1445 290 1509 344 IN
1547 281 1954 343 hlA'ITIIA‘ZUM
1994 279 2223 334 IIOMIL.
2263 279 2447 333 LXIII.
2488 277 2559 333 al.
2603 277 2780 332 LXIV.

3604 275 3704 328 (ὶῦϋ

2128 391 2216 460 qui
2250 388 2299 444 id
2330 402 2672 457 suscepturus
2713 397 2872 443 esset.
2917 385 3239 442 I‘ertttrbatis
3270 394 3407 458 ergo
3436 383 3705 459 discipulis

2127 481 2300 535 dixit:
2331 479 2421 535 26.
2472 478 2584 534 Hoc
2627 479 2765 546 apud
2812 479 3035 532 homines
3090 478 3397 543 impossibile
3438 490 3529 543 est,
3569 486 3704 549 apud

2129 573 2292 627 Deum
2316 583 2483 626 autem
2512 573 2679 625 omnia
2697 571 2951 640 possibilia
2975 580 3110 624 sunt.
3138 571 3246 625 Cur
3266 581 3439 624 autem
3461 572 3702 641 discipuli

2132 665 2439 730 turbantur,
2490 665 2576 734 qui
2626 680 2919 733 pauperes,
2962 664 3067 717 imo
3110 664 3393 717 admodum
3447 681 3705 734 pauperes

2129 759 2288 812 sont?
2311 774 2406 813 cur
2433 774 2559 828 ergo
2590 757 2897 811 turbantur‘l
2930 758 3001 811 De
3017 758 3297 811 multorum
3316 757 3508 811 amissa
3536 729 3702 815 salute

2127 849 2392 915 dolentes,
2417 849 2505 918 qui
2538 863 2722 916 magna
2762 862 2885 916 erga
2917 862 3104 901 omnes
3127 849 3342 901 caritate
3371 848 3702 916 tenebantur,

2127 948 2181 993 et
2203 940 2311 1009 jam
2336 940 2704 1007 magistrorum
2724 939 2924 993 viscera
2952 938 3222 1008 gerebant.
3249 939 3529 994 Timehant
3550 940 3703 1009 igitur

2129 1030 2527 1098 tremebantque
2553 1044 2648 1098 pro
2676 1037 2785 1082 toto
2813 1030 2963 1092 orbe,
2996 1029 3083 1083 tali
3128 1031 3389 1085 sententia
3430 1030 3702 1095 commoti,

2128 1120 2197 1174 ita
2229 1130 2284 1173 ut
2310 1120 2470 1173 multa
2501 1128 2716 1189 egerent
2740 1119 3122 1173 consolatione.
3152 1118 3263 1186 Qua
3292 1120 3358 1173 de
3383 1135 3538 1175 causa
3564 1130 3704 1187 post-

2126 1226 2282 1280 quam
2335 1210 2478 1279 prius
2519 1210 2820 1279 inspexerat
2869 1223 2979 1273 cos,
3014 1208 3188 1263 dixit:
3223 1210 3347 1275 Qute
3377 1210 3705 1279 impossibilia
3782 1260 3797 1275 ,

2123 1312 2238 1358 sunt
2267 1303 2404 1373 apud
2446 1303 2689 1365 homines,
2731 1301 2990 1371 possibilia
3018 1311 3134 1355 sunt
3174 1301 3316 1370 apud
3347 1300 3508 1355 Deum
3537 1300 3556 1373 (
3575 1301 3702 1356 Luc.

2128 1396 2215 1449 18.
2240 1394 2352 1463 27).
2380 1393 2621 1448 .lucundo
2646 1394 2785 1448 enim
2816 1408 2878 1447 ac
2898 1402 3173 1447 mansueto
3194 1404 3410 1462 aspectu
3438 1394 3553 1446 illos
3583 1395 3696 1448 hor-

2126 1501 2249 1540 rore
2292 1485 2454 1538 animi
2502 1495 2685 1553 captos
2734 1486 2878 1553 prius
2916 1484 3237 1547 consolatus,
3268 1493 3322 1537 et
3349 1485 3587 1554 angustia
3617 1486 3701 1539 illa

2127 1574 2298 1628 soluta
2351 1575 2501 1644 (hoc
2557 1574 2700 1628 enim
2746 1574 3058 1643 signiﬁcavit
3120 1576 3439 1645 evangelista
3496 1575 3702 1640 dicens,

2129 1662 2476 1735 Respiciens
2530 1673 2653 1716 tunc
2695 1664 2870 1716 verbis
2909 1664 3028 1717 illos
3074 1665 3244 1732 erigit,
3291 1664 3383 1719 Dei
3414 1667 3701 1733 potentiam

2130 1756 2180 1808 in
2212 1755 2441 1809 medium
2471 1755 2761 1821 adducens,
2791 1765 2844 1809 et
2864 1755 2939 1809 sic
2969 1755 3210 1808 ﬁduciam
3242 1755 3447 1809 indidit.
3488 1757 3541 1811 Si
3578 1759 3703 1812 velis

2127 1855 2303 1901 autem
2334 1847 2549 1902 modum
2580 1862 2790 1917 quoque
2813 1846 3071 1911 ediscere,
3103 1855 3279 1916 etquo
3298 1856 3449 1914 pacto
3475 1848 3546 1913 id,
3566 1850 3703 1917 quod

2129 1938 2453 2007 impossibile
2493 1947 2592 2001 est,
2626 1938 2875 2007 possibile
2909 1938 3015 2001 ﬁat,
3064 1937 3209 1991 andi.
3272 1937 3384 1992 Non
3413 1945 3553 1994 enim
3587 1941 3704 1994 ideo

2128 2029 2281 2094 dixit,
2332 2047 2448 2101 qua:
2492 2031 2834 2100 impossibilia
2877 2040 2999 2084 sunt
3048 2030 3388 2099 hominibus,
3436 2034 3703 2102 possibilia

2121 2124 2245 2175 ‘esse
2278 2122 2404 2187 Deo,
2438 2132 2493 2175 ut
2524 2124 2703 2176 animo
2727 2121 2995 2187 concidas,
3025 2131 3074 2175 et
3102 2122 3169 2175 ab
3200 2122 3261 2174 iis
3286 2124 3432 2192 quasi
3461 2126 3705 2195 impossi-

2126 2211 2320 2267 bilibus
2358 2214 2603 2280 absistas,
2648 2213 2739 2269 sed
2781 2222 2838 2267 ut
2867 2214 3127 2269 intellecta
3164 2214 3411 2269 facinoris
3441 2219 3704 2287 magnitu-

2125 2302 2269 2366 dine,
2313 2302 2519 2359 facilius
2561 2320 2672 2359 rem
2721 2303 3076 2375 aggrediaris,
3120 2313 3175 2359 et
3216 2304 3460 2360 invocato
3509 2309 3617 2362 Deo
3647 2319 3703 2364 ut

2126 2406 2284 2463 Opem
2316 2393 2415 2447 tibi
2446 2394 2498 2447 in
2528 2392 2615 2448 his
2643 2393 2888 2461 pulchris
2931 2394 3324 2451 certaminibus
3355 2407 3595 2467 prtestet,
3624 2398 3710 2452 vi-

2124 2493 2236 2539 tam
2266 2486 2651 2554 consequaris.

2197 2574 2252 2628 5.
2290 2573 2570 2640 Quomodo
2597 2574 2754 2642 igitur
2782 2573 2831 2627 id
2864 2575 2977 2629 ﬁeri
3003 2575 3205 2643 possit?
3233 2576 3286 2631 Si
3313 2591 3442 2647 opes
3462 2578 3700 2649 abjicias.

2126 2665 2169 2718 si
2196 2665 2446 2733 pecunias
2471 2680 2711 2729 evacues,
2757 2666 2799 2719 si
2827 2680 2854 2717 a
2881 2668 3017 2721 mala
3057 2670 3480 2737 concupiscentia
3512 2673 3701 2728 absce-

2125 2755 2238 2809 das.
2279 2755 2428 2820 Quod
2471 2758 2611 2810 enim
2658 2757 2707 2810 id
2747 2772 2850 2810 non
2893 2759 2991 2812 soli
3023 2760 3129 2814 Deo
3174 2763 3451 2823 tribuatur.
3480 2765 3571 2818 sed
3601 2765 3701 2822 hoc

2124 2846 2245 2903 ideo
2265 2847 2474 2912 dixerit,
2503 2857 2562 2903 ut
2596 2849 2671 2904 rei
2713 2850 3080 2906 difﬁcultatem
3123 2855 3460 2922 esprimerct,
3491 2858 3611 2912 audi
3637 2874 3699 2916 ea

2123 2954 2241 3007 qua:
2266 2947 2574 3009 sequuntur.
2604 2940 2764 2995 Petro
2807 2958 3036 3012 namque
3064 2943 3291 3007 dicente,
3332 2946 3423 3001 27.
3453 2946 3580 3002 Ecce
3610 2967 3701 3005 nos

2123 3031 2417 3101 reliquimus
2442 3034 2632 3098 omnia,
2680 3044 2727 3087 et
2749 3036 3128 3105 scquutisumus
3148 3047 3210 3099 te,
3239 3047 3292 3092 et
3317 3039 3698 3111 interrogante,

2126 3126 2262 3191 Quid
2286 3142 2404 3195 ergo
2433 3128 2525 3179 erit
2549 3128 2688 3181 nobis
2706 3128 2732 3181 ?
2757 3128 3056 3184 mercedem
3088 3130 3188 3183 illis
3210 3141 3466 3191 statuens.
3490 3134 3700 3202 subjun-

2122 3219 2195 3271 xit
2226 3237 2237 3271 :
2268 3218 2357 3272 29.
2403 3218 2465 3271 Et
2493 3221 2792 3291 quicumque
2824 3222 3077 3289 reliquerit
3107 3222 3310 3275 domum
3332 3223 3409 3278 vel
3433 3241 3600 3293 agros,
3624 3226 3699 3280 vel

2121 3313 2321 3379 fratres,
2353 3311 2429 3364 vel
2456 3327 2666 3375 sorores,
2701 3310 2777 3365 vel
2805 3320 3015 3380 patrem,
3047 3313 3123 3366 vel
3147 3324 3373 3379 matrem,
3413 3317 3699 3386 centuplum

2121 3401 2331 3471 accipiet
2356 3404 2409 3454 in
2434 3390 2669 3471 praesenli
2696 3402 2903 3466 surculo,
2933 3412 2979 3456 et
3007 3403 3158 3457 vitam
3197 3414 3438 3458 teternum
3470 3408 3697 3472 posside—

2120 3492 2210 3545 bit.
2240 3492 2328 3546 Sic
2372 3493 2512 3563 quod
2540 3492 2866 3562 impossibile
2893 3503 2994 3558 cst,
3027 3493 3084 3548 ﬁt
3125 3494 3393 3564 possibile.
3424 3496 3527 3551 Sed
3564 3513 3698 3569 quo.

2121 3584 2301 3647 modo,
2323 3585 2548 3654 inquies,
2570 3587 2682 3641 haec
2708 3588 3009 3655 relinquere
3034 3589 3282 3657 possibile
3298 3591 3412 3644 est?
3434 3592 3699 3659 quomodo

2121 3684 2294 3743 potest
2320 3676 2383 3739 is,
2411 3676 2499 3745 qui
2524 3684 2662 3729 tanta
2688 3678 3026 3741 pecuniarum
3044 3678 3332 3747 cupiditate
3352 3681 3570 3735 obrutus
3594 3690 3696 3750 est,

2122 3769 2300 3824 Statim
2330 3769 2644 3837 emergere?
2667 3768 2720 3823 Si
2747 3770 2962 3839 incipiat
2990 3784 3119 3836 opes
3149 3786 3427 3834 evacuare,
3452 3782 3504 3827 et
3523 3790 3700 3841 super-

2122 3861 2222 3915 ﬁua
2253 3860 2552 3929 prmcidere.
2590 3860 2662 3915 lla
2691 3861 2832 3914 enim
2862 3870 2915 3914 et
2946 3860 3164 3915 ulterius
3189 3862 3459 3931 procedet,
3485 3874 3538 3918 et
3566 3863 3700 3920 faci-

2120 3953 2222 4007 lius
2255 3962 2433 4020 postea
2457 3962 2655 4006 curret.

2192 4045 2384 4098 Avarus
2427 4044 2679 4097 sitibundo
2725 4054 2771 4098 et
2811 4042 3110 4115 febricitanti
3139 4045 3337 4112 similis,
3379 4048 3532 4102 simili
3552 4049 3701 4103 modo

2121 4137 2376 4191 curandus
2406 4146 2496 4190 est.
2521 4136 2690 4192 -—Ne
2730 4137 2906 4207 itaque
2949 4138 3103 4192 simul
3150 4147 3315 4192 totum
3356 4141 3699 4210 aggrediaris,

2122 4230 2216 4285 sed
2264 4229 2461 4283 sensim
2506 4237 2559 4282 et
2604 4228 2851 4298 paulatim
2893 4244 2989 4298 per
3032 4228 3166 4284 hanc
3212 4232 3405 4284 scalam
3446 4234 3699 4301 ascende,

2121 4337 2238 4391 qme
2254 4320 2318 4375 ad
2340 4321 2525 4374 czrlnm
2551 4328 2602 4373 te
2629 4318 2861 4380 adducit,
2881 4318 2924 4371 si
2949 4318 3162 4373 difﬁcile
3190 4319 3279 4373 tibi
3304 4321 3513 4376 videtur
3535 4333 3700 4379 totum

2123 4413 2279 4468 simul
2309 4410 2538 4480 assequi.
2571 4407 3025 4476 Quemadmodum
3055 4409 3197 4462 enim
3238 4410 3617 4470 febricitantes.
3649 4426 3703 4468 et

2124 4506 2212 4576 qui
2239 4519 2413 4560 acrem
2450 4502 2608 4557 bilem
2638 4501 2777 4555 intus
2818 4501 3016 4554 habent
3045 4503 3443 4568 cxuberanlem,
3475 4521 3594 4559 cum
3624 4507 3702 4560 ci-

2124 4597 2249 4651 bum
2276 4605 2329 4650 ct
2358 4602 2538 4664 potum
2583 4593 2818 4657 sorbent,
2852 4605 2956 4645 non
2988 4592 3146 4645 modo
3192 4608 3296 4645 non
3326 4594 3466 4647 sitim
3498 4598 3703 4650 exstin-

2124 4696 2310 4759 guunt,
2334 4685 2425 4741 sed
2456 4686 2615 4740 etiam
2639 4682 2905 4739 ﬂammam
2938 4682 3264 4738 succendunt
3296 4701 3308 4736 :
3342 4684 3419 4739 sic
3457 4695 3508 4740 et
3537 4688 3703 4755 avari,

2125 4805 2245 4845 cum
2274 4789 2396 4844 huic
2420 4803 2596 4859 prava:
2624 4784 2915 4855 cupiditati,
2940 4784 3043 4839 bile
3064 4784 3274 4845 acriori,
3307 4784 3558 4853 pecunias
3574 4785 3704 4841 alle-

2125 4891 2270 4949 runt,
2316 4880 2457 4934 illam
2490 4879 2655 4948 magis
2700 4876 3044 4931 inﬂammant.
3090 4875 3227 4928 Nihil
3271 4877 3411 4928 enim
3456 4876 3535 4931 sic
3562 4876 3702 4930 illam

2128 4973 2298 5035 sedat,
2333 4982 2391 5026 ut
2419 4973 2462 5025 si
2488 4972 2729 5024 intercaa
2754 4968 2884 5023 lucri
2907 4967 3195 5036 cupiditate
3220 4966 3541 5033 discedatur,
3570 4968 3706 5023 sit-ut

2128 5067 2286 5121 etiam
2310 5081 2486 5120 acrem
2513 5063 2674 5117 bilem
2696 5061 2848 5117 sedat
2879 5060 3029 5114 cibus
3060 5059 3298 5113 modicus
3326 5067 3379 5113 et
3405 5060 3699 5113 evacuatio.

2127 5158 2231 5216 Sed
2259 5156 2407 5224 illud,
2436 5155 2661 5226 inquies,
2687 5151 2952 5223 quomodo
2975 5150 3104 5205 fiet?
3127 5150 3182 5205 Si
3209 5150 3407 5220 cogites
3430 5158 3498 5213 te,
3518 5164 3707 5221 quam-

2129 5250 2216 5304 diu
2248 5248 2443 5302 divitiis
2462 5246 2668 5309 afﬁnes,
2697 5257 2983 5312 numquam
3010 5240 3150 5294 sitim
3178 5242 3511 5309 exstinguere
3527 5255 3707 5309 posse,

2131 5341 2221 5396 sed
2254 5341 2372 5411 plus
2402 5336 2631 5391 habendi
2662 5334 2909 5404 cupidine
2945 5334 2996 5387 in
3031 5332 3202 5387 tabem
3236 5333 3506 5401 lapsurum
3547 5346 3705 5387 esse:

2132 5433 2177 5489 si
2227 5440 2401 5487 autem
2450 5444 2580 5501 opus
2624 5426 2954 5497 deposueris,
2997 5424 3134 5479 hanc
3158 5423 3523 5494 aegritudinem
3552 5437 3707 5494 posse

2131 5526 2417 5596 deponere.
2467 5520 2585 5576 Noli
2628 5535 2755 5589 ergo
2803 5518 2950 5587 plura
2998 5517 3197 5573 circum
3232 5531 3505 5587 aggerere,
3544 5531 3613 5571 ne
3640 5531 3703 5572 ea

2134 5614 2469 5689 persequaris
2492 5626 2613 5683 qum
2638 5626 2745 5666 non
2777 5618 3001 5680 possunt
3032 5608 3378 5681 apprehendi,
3419 5617 3472 5664 et
3496 5608 3709 5666 incora-

2137 5708 2230 5765 bili
2259 5705 2448 5764 morbo
2475 5703 2706 5769 labores,
2756 5702 2948 5772 talique
2989 5699 3135 5756 rabie
3163 5710 3443 5772 correptus
3470 5700 3707 5759 omnium
