3990 6216
373 218 479 273 607

376 331 709 386 miserrimus
731 329 825 384 sis.
856 325 1140 398 ReSponde
1164 325 1292 380 mihi
1326 343 1342 382 :
1372 340 1528 395 quem
1565 323 1806 379 dicamus
1847 331 1958 378 tor-

375 423 525 492 queri
555 433 608 477 et
647 420 894 484 cruciari,
928 434 1119 474 eumne
1141 419 1228 488 qui
1255 419 1452 472 lautum
1477 417 1650 472 cibum
1695 425 1751 472 et
1779 426 1957 486 potum

376 514 575 582 cupiat,
599 527 696 565 nec
726 510 891 579 possit
915 509 1108 579 optatis
1131 507 1235 563 frui
1262 528 1276 564 :
1306 523 1371 562 an
1394 523 1516 563 eum
1544 508 1634 578 qui
1656 506 1961 577 lmjusmodi

378 601 862 672 concupiscentiam
905 617 1011 655 non
1047 599 1242 654 habet?
1281 599 1472 654 Procul
1510 597 1671 652 dubio
1709 599 1963 668 concupi-

377 710 637 762 scentem,
670 697 759 768 qui
792 712 894 752 non
925 696 1091 766 possit
1115 711 1175 751 ea
1205 710 1324 766 quae
1362 693 1692 764 concupiscit
1727 693 1958 762 assequi.

377 791 508 846 Nam
555 793 624 844 ita
672 791 922 845 miserum
972 797 1074 855 est,
1120 788 1586 859 concupiscentem
1637 796 1818 856 optato
1863 786 1962 841 frui

379 900 484 936 non
504 898 681 952 posse,
714 897 810 936 nec
833 882 1100 936 sitientem
1129 881 1332 944 bibere,
1358 889 1412 934 ιιι
1432 879 1730 949 gehennam
1761 879 1966 934 descri-

379 976 508 1030 bere
554 977 736 1030 volens
776 973 1039 1037 Christus.
1079 972 1183 1028 hoc
1221 972 1363 1027 illam
1405 972 1563 1026 modo
1603 970 1872 1042 depingat,
1912 980 1966 1025 et

382 1068 599 1122 divitem
633 1066 844 1121 inducat
889 1067 1080 1120 ardore
1120 1065 1433 1127 cruciatum,
1482 1064 1570 1134 qui
1614 1079 1734 1117 cum
1762 1071 1963 1133 guttam

377 1173 528 1225 aqua:
580 1165 839 1225 posceret.
888 1171 986 1210 nec
1023 1156 1111 1210 illa
1165 1155 1262 1209 frui
1311 1163 1509 1224 posset,
1539 1155 1607 1208 ita
1649 1153 1968 1224 puniebatur

379 1247 544 1316 (Luc.
577 1247 687 1317 l6).
718 1247 901 1317 Itaque
933 1247 996 1311 is,
1027 1246 1113 1316 qui
1146 1246 1396 1315 pecunias
1427 1245 1671 1314 despicit,
1704 1244 1965 1314 cupidita-

383 1348 490 1391 tem
519 1338 756 1404 sedavit;
785 1338 870 1406 qui
891 1345 1064 1390 autem
1094 1336 1357 1390 ditescere
1386 1336 1550 1406 cvpit,
1576 1345 1631 1389 et
1657 1335 1807 1404 plura
1833 1333 1984 1390 con?

379 1445 590 1496 gerere,
625 1431 765 1483 illam
790 1430 955 1498 magis
981 1428 1142 1491 auxit,
1177 1439 1228 1481 et
1259 1443 1541 1496 numquam
1567 1427 1724 1481 finem
1754 1426 1966 1494 assequi

381 1519 523 1571 valet
542 1517 593 1570 ίε
623 1518 830 1572 etiamsi
859 1519 999 1572 enim
1033 1518 1304 1572 innumera
1335 1519 1530 1572 talenta
1552 1518 1835 1586 acceperit,
1863 1517 1968 1570 alia

383 1613 494 1681 pari
523 1627 744 1665 numero
773 1611 1129 1679 concupiscit;
1178 1610 1220 1663 si
1244 1610 1358 1662 hinc
1383 1618 1756 1678 consequatur.
1784 1623 1969 1664 rursus

382 1702 542 1773 duplo
579 1704 724 1772 plura
751 1702 1043 1764 desiderat,
1080 1702 1324 1770 ultraque
1356 1715 1690 1771 progressus,
1737 1711 1966 1765 montes,

384 1804 600 1859 terram,
631 1809 777 1847 mare
807 1801 862 1848 et
890 1793 1065 1847 omnia
1097 1793 1193 1846 sibi
1226 1808 1414 1845 aurum
1453 1791 1590 1847 effici
1633 1801 1801 1862 optat,
1831 1808 1970 1846 novo

381 1898 436 1942 et
457 1886 675 1941 terribili
729 1886 921 1940 furoris
959 1901 1154 1957 genere
1199 1886 1506 1949 insaniens,
1557 1887 1644 1956 qui
1683 1901 1968 1955 numquam

387 1982 553 2048 possit
573 1980 854 2050 exstingui.
885 1981 1056 2049 Atque
1078 1989 1136 2033 ut
1165 1979 1360 2043 discas,
1388 1996 1494 2034 non
1519 1981 1841 2046 accessione,
1873 1981 1968 2035 sed

385 2073 740 2126 abstractionc
782 2072 880 2125 hoc
908 2072 1102 2124 malum
1133 2071 1247 2126 sisti
1289 2087 1444 2142 posse
1479 2090 1492 2125 :
1525 2071 1570 2126 si
1603 2082 1653 2127 te
1685 2073 1972 2143 aliquando

386 2165 616 2218 absurda
663 2163 873 2218 volandi
923 2165 1118 2234 cupido
1162 2164 1471 2230 incesseret,
1521 2167 1790 2235 quomodo
1829 2167 1970 2220 illam

387 2258 788 2327 restingueres?
825 2273 892 2311 an
940 2273 1060 2311 cum
1103 2257 1204 2310 alis
1241 2258 1466 2328 aliisque
1509 2259 1874 2312 instrumentis
1904 2259 1971 2314 ad

389 2351 490 2404 hoc
519 2350 889 2404 concinnatis?
911 2364 977 2402 an
1007 2349 1098 2403 tibi
1132 2349 1520 2418 persuadendo.
1547 2366 1659 2405 rem
1688 2365 1790 2406 non
1818 2367 1971 2420 posse

388 2445 524 2504 fieri.
575 2457 674 2496 nec
721 2443 856 2495 ultra
891 2441 939 2494 id
984 2441 1290 2495 tentandum
1340 2441 1497 2496 esse?
1526 2441 1634 2496 Hac
1667 2442 1782 2496 sine
1810 2441 1973 2496 dubio

385 2536 655 2590 suasione.
695 2533 914 2596 Verum,
961 2533 1189 2604 inquies,
1240 2533 1366 2587 illud
1413 2532 1741 2602 impossibile
1771 2544 1872 2589 est.
1903 2536 1972 2589 At

384 2626 541 2697 longe
569 2624 946 2694 impossibilius
981 2634 1062 2679 est
1101 2624 1225 2679 huic
1262 2623 1536 2693 cupiditati
1578 2624 1860 2679 terminum
1888 2625 1971 2679 in-

387 2716 590 2769 venire.
632 2713 862 2768 Facilius
899 2713 1095 2783 quippe
1137 2721 1241 2778 est,
1285 2713 1527 2768 homines
1571 2714 1769 2778 volare,
1813 2729 1972 2782 quam

388 2806 696 2860 accessione
725 2803 1067 2873 cupiditatem
1097 2803 1337 2872 explere.
1378 2804 1604 2870 Quando
1631 2805 1774 2859 enim
1802 2805 1976 2874 possi-

388 2896 510 2950 bilia
540 2893 926 2958 desideramus,
973 2909 1068 2963 spe
1124 2894 1331 2949 fruendi
1363 2909 1460 2950 nos
1487 2895 1750 2951 consolari
1788 2909 1974 2965 possu-

390 3005 540 3053 mus;
573 2987 786 3057 quando
829 2995 1007 3040 autem
1040 2985 1384 3054 impossibilia
1410 2994 1551 3050 sunt,
1595 3002 1759 3040 unum
1784 3002 1976 3041 curan-

390 3080 514 3132 dum
539 3088 642 3144 est,
673 3086 774 3131 uta
801 3078 1090 3147 cupiditate
1118 3077 1202 3131 illa
1231 3093 1329 3131 nos
1358 3077 1702 3144 abducamus,
1725 3093 1843 3133 cum
1870 3078 1976 3133 alia-

393 3169 600 3223 ratione
625 3185 728 3223 non
755 3169 1017 3238 possimus
1038 3168 1199 3222 animi
1225 3169 1659 3239 tranquillitatem
1695 3170 1970 3238 consequi.

391 3261 467 3316 Ne
507 3262 682 3330 itaque
725 3261 778 3315 in
821 3275 1028 3316 cassum
1069 3260 1378 3326 doleamus,
1416 3271 1675 3332 perpetuo
1712 3261 1973 3318 furentem

395 3354 736 3421 pecuniarum
779 3369 1036 3416 amorem,
1085 3355 1173 3422 qui
1206 3369 1489 3424 numquam
1533 3355 1747 3423 reprimi
1779 3365 1972 3424 potest,

393 3444 716 3511 rejicientes,
745 3442 812 3498 ad
838 3445 998 3497 alium
1030 3444 1381 3512 appellamus,
1417 3445 1506 3514 qui
1533 3459 1630 3498 nos
1661 3447 1825 3514 possit
1852 3447 1978 3501 bea-

394 3543 477 3588 tos
519 3534 750 3593 efficere.
783 3535 976 3601 quique
1004 3535 1223 3587 multam
1276 3535 1469 3590 habeat
1519 3535 1855 3600 facilitatem;
1886 3553 1980 3593 su-

397 3641 694 3696 pernosque
725 3625 1003 3679 thesauros
1031 3627 1488 3696 concupiscamus.
1516 3627 1697 3697 Neque
1717 3630 1857 3684 enim
1891 3630 1976 3687 hic

395 3717 544 3772 labor
573 3727 769 3784 tantus,
798 3727 852 3772 et
886 3719 1088 3774 lncrtnn
1132 3719 1397 3775 ineffabile
1425 3729 1525 3785 est,
1564 3738 1662 3777 nec
1689 3733 1863 3792 potest
1886 3725 1978 3794 qui

394 3810 572 3880 vigilat
613 3819 667 3864 ct
704 3812 980 3879 prassentia
1012 3812 1253 3882 despicit,
1296 3829 1543 3881 umquam
1571 3831 1599 3868 a
1638 3830 1801 3884 scapo
1823 3816 1978 3869 aber-

395 3917 515 3957 rare
540 3920 553 3958 :
587 3910 644 3957 ut
670 3913 854 3958 contra
881 3905 969 3974 qui
1002 3904 1103 3958 illis
1123 3906 1288 3960 servit
1314 3913 1368 3960 et
1392 3904 1602 3962 deditus
1628 3915 1730 3974 est,
1759 3908 1980 3964 omnino

395 3994 464 4047 ab
496 3993 597 4046 illis
625 3994 860 4049 excidet.

465 4085 519 4140 4.
562 4084 687 4140 llzcc
726 4086 902 4154 itaque
940 4085 1118 4139 omnia
1145 4085 1322 4139 animo
1361 4094 1632 4154 reputans,
1664 4087 1855 4142 malam
1887 4104 1977 4158 pe-

393 4176 667 4230 cuniarum
683 4174 1165 4241 concupiscentiam
1186 4176 1252 4228 ab
1276 4176 1452 4230 animo
1476 4185 1565 4230 tuo
1585 4177 1775 4245 abjice.
1799 4178 1978 4248 Neque

394 4266 535 4320 enim
566 4263 745 4319 dicere
771 4264 964 4333 possis,
995 4264 1138 4318 illam
1172 4264 1306 4318 bona
1336 4268 1614 4335 praesentia
1643 4269 1790 4334 dare,
1815 4283 1974 4340 atque

397 4371 425 4409 a
456 4354 645 4410 futuris
689 4355 956 4422 spoliare:
995 4371 1112 4409 nam
1162 4358 1370 4411 etiamsi
1411 4357 1511 4412 hoc
1548 4369 1708 4422 esset.
1741 4370 1979 4418 extrema

398 4457 574 4500 t:nnen
599 4436 710 4500 lucc
731 4455 813 4500 est
840 4461 992 4516 ptcna
1017 4458 1177 4517 atque
1205 4449 1540 4519 supplicimn.
1567 4454 1638 4506 At
1664 4469 1766 4508 non
1795 4455 1865 4508 ita
1893 4471 1983 4512 res

397 4557 457 4596 se
488 4541 665 4595 habet.
712 4541 840 4596 Nam
884 4551 1078 4610 praeter
1123 4543 1454 4613 gehennam,
1497 4547 1656 4600 etiam
1695 4556 1978 4617 antequam

399 4635 482 4687 illa
511 4633 776 4698 adveniat,
821 4632 908 4688 hic
937 4643 988 4687 te
1031 4635 1082 4686 in
1112 4637 1411 4703 graviorem
1462 4637 1713 4693 ultionem
1741 4641 1979 4708 conjicit.

401 4725 611 4779 Etenim
634 4724 1061 4794 concupiscentia
1082 4725 1167 4778 illa
1193 4725 1384 4780 multas
1409 4726 1595 4782 domos
1611 4731 1822 4794 evertit,
1845 4731 1980 4786 bella

398 4814 578 4882 gravia
606 4813 876 4878 excitavit,
899 4823 955 4868 et
983 4814 1210 4869 violenta
1235 4826 1406 4871 morte
1432 4817 1625 4873 multos
1647 4814 1805 4874 vitam
1827 4820 1981 4878 finire

400 4906 612 4974 coegit;
663 4907 769 4958 itno
815 4915 939 4959 ante
983 4904 1097 4959 hmc
1136 4907 1368 4974 pericula
1412 4910 1604 4964 anima:
1649 4912 1978 4969 nobilitatem

402 4996 705 5059 labefactat,
737 5014 984 5068 eumque,
1017 4999 1105 5068 qui
1134 4999 1224 5052 illo
1251 4999 1435 5055 morbo
1465 5010 1650 5070 captus
1679 5010 1987 5068 esset,timi.

401 5085 523 5143 dam
554 5097 604 5143 et
650 5089 956 5158 ignavnm',
998 5091 1251 5146 audacem
1299 5102 1352 5145 et
1396 5093 1703 5148 mendacem
1735 5103 1790 5149 et
1823 5110 1982 5166 syco-

403 5181 677 5250 phantam,
721 5189 775 5234 et
821 5191 1086 5248 raptorem
1127 5192 1180 5236 et
1205 5197 1442 5246 avarum,
1470 5192 1524 5237 et
1552 5184 1763 5253 quidvis
1801 5194 1980 5239 extre-

404 5288 548 5325 tnum
572 5270 789 5332 dixeris,
822 5286 965 5339 saape
990 5271 1182 5324 effecit.
1219 5271 1322 5325 Sed
1353 5272 1656 5342 frequenter
1685 5285 1733 5328 te
1759 5273 1983 5330 fortasse

402 5365 670 5419 demulcet
696 5379 756 5417 ac
797 5362 989 5431 decipit
1015 5364 1216 5432 argenti
1263 5365 1533 5433 splendor,
1564 5365 1846 5420 multitudo
1874 5382 1984 5421 ser-

405 5471 611 5521 vorum,
644 5455 835 5509 mdium
878 5454 1286 5525 magnificentia,
1335 5465 1390 5510 et
1425 5457 1668 5512 clientela
1701 5457 1789 5511 illa
1825 5473 1983 5529 quam

437 5629 440 5632 .
469 5588 493 5654 ξ
523 5585 666 5654 Morel
707 5586 778 5636 si:
795 5585 961 5645 habet.
977 5591 1026 5636 et
1046 5597 1307 5654 numnam
1327 5598 1359 5636 α
1378 5585 1540 5637 morbo
1563 5582 1811 5640 liberatur.

474 5649 495 5680 '
527 5648 749 5710 Quidam,
784 5660 978 5699 servum
1013 5653 1058 5697 et
1080 5648 1318 5711 ignarum.

1115 209 1171 266 δ.
1205 209 1480 268 JOANNIS
1505 205 1976 266 CHRYSOSTOMI
2012 205 2330 264 ARCHIEP.
2371 205 2902 264 CONSTANTINOP.

3543 213 3644 271 608

2076 323 2129 377 in
2160 321 2273 377 foro
2303 321 2506 377 habes?
2533 323 2683 390 Quod
2711 322 3004 378 remedium
3029 321 3233 378 vulneri
3262 331 3408 380 tanto
3426 327 3450 380 2
3470 325 3525 382 Si
3551 343 3647 382 Co-

2066 418 2315 484 gitaveris
2356 415 2624 486 quomodo
2655 416 2735 470 his
2772 415 3038 472 afficiatur
3063 415 3272 470 anima:
3313 433 3470 487 quam
3499 428 3646 474 tcnc-

2067 507 2302 572 brosam,
2323 508 2822 577 desertam,tnrpem
2845 523 2908 561 ac
2927 508 3217 564 deformem
3237 509 3376 562 illam
3403 512 3647 566 reddant:

2069 598 2114 653 si
2145 606 2318 652 tecum
2350 610 2565 669 reputes
2600 611 2792 669 quanta
2823 600 2959 653 mala
2991 600 3126 654 hanc
3163 601 3647 670 concupiscentiam

2067 691 2433 758 comitentur,
2505 706 2624 748 cmn
2687 693 2898 761 quantis
2963 691 3233 747 laboribus
3295 704 3348 747 et
3402 695 3651 762 periculis

2069 768 2306 852 pecuniae
2336 793 2648 848 serventur;
2695 783 2803 837 imo
2859 799 3143 854 numquam
3200 800 3366 853 usque
3391 784 3455 838 ad
3489 785 3646 839 finem

2069 886 2382 941 servantur;
2412 876 2504 930 sed
2541 891 2660 931 eum
2703 877 2936 930 omnium
2965 887 3186 931 conatus
3211 876 3477 946 effugeris,
3507 894 3652 933 mors

2070 968 2357 1023 adveniens
2404 969 2454 1022 in
2499 985 2686 1022 manus
2733 969 3060 1024 inimicorum
3109 979 3316 1024 tuorum
3372 969 3485 1024 lmc
3540 980 3649 1024 tra-

2069 1059 2238 1123 duxit,
2295 1068 2346 1114 te
2394 1075 2521 1114 vero
2563 1060 2739 1114 abhis
2769 1061 3034 1115 desertum
3057 1060 3270 1129 abripit,
3305 1061 3434 1116 nihil
3461 1063 3650 1117 horum

2069 1151 2418 1216 auferentem,
2462 1151 2560 1206 nisi
2597 1151 2814 1206 vulnera
2847 1152 3132 1223 ulceraque
3163 1161 3390 1218 tantum,
3415 1169 3536 1223 qua:
3564 1170 3651 1208 se-

2071 1255 2192 1294 cum
2241 1240 2478 1296 referens
2523 1242 2698 1296 anima
2745 1242 2866 1296 hinc
2895 1244 3106 1313 migrat.
3135 1242 3267 1297 Cum
3294 1259 3422 1314 ergo
3453 1245 3654 1300 videris

2070 1332 2372 1400 quempiam
2439 1332 2732 1402 magnificis
2792 1334 3027 1387 vestibus
3079 1334 3314 1387 exterius
3360 1333 3651 1404 fulgentem

2073 1421 2346 1490 multoque
2362 1422 2427 1476 sti
2436 1431 2611 1490 patmn
2633 1423 2898 1484 satellitio,
2917 1422 3034 1492 ejus
3049 1425 3423 1480 conscientiam
3443 1427 3652 1494 evolve,

2072 1514 2368 1584 multasque
2414 1515 2554 1568 intus
2596 1515 2801 1569 videbis
2840 1531 3082 1580 araneas,
3111 1523 3451 1588 cineremque
3493 1519 3657 1586 pluri-

2071 1620 2238 1659 mum.
2266 1602 2448 1676 Cogita
2480 1606 2696 1662 Paulum
2722 1615 2776 1661 et
2804 1607 3018 1661 Petrum
3051 1625 3064 1660 :
3099 1609 3268 1678 cogita
3311 1609 3571 1663 Joannem
3601 1617 3658 1664 et

2073 1693 2280 1760 Ellam;
2312 1695 2417 1748 imo
2449 1697 2620 1764 potius
2650 1697 2818 1764 ipsum
2849 1697 2944 1751 Dei
2976 1697 3190 1762 Filium,
3213 1698 3303 1767 qtti
3333 1715 3437 1752 non
3469 1698 3655 1754 habuit

2074 1787 2160 1840 ubi
2182 1796 2339 1856 caput
2361 1804 2520 1842 sutnn
2546 1788 2846 1844 reclinaret.
2874 1789 3003 1857 Ejus
3032 1791 3265 1845 imitator
3283 1801 3420 1856 esto,
3447 1809 3654 1848 necnon

2073 1876 2187 1944 ejus
2215 1893 2510 1941 servorum,
2555 1890 2606 1934 et
2653 1880 3048 1934 inaestimabiles
3077 1881 3193 1934 illas
3219 1881 3429 1937 divitias
3457 1885 3653 1952 cogita.

2072 1967 2224 2037 Quod
2247 1969 2293 2022 si
2316 1977 2593 2039 postquam
2622 1970 2740 2024 illas
2769 1973 3089 2039 respexeris,
3113 1986 3140 2024 a
3163 1973 3511 2028 saecularibus
3540 1975 3655 2029 istis

2073 2060 2271 2114 divitiis
2299 2061 2688 2128 obteuebreris,
2731 2063 2882 2132 quasi
2932 2063 2982 2116 in
3010 2063 3235 2132 quodam
3265 2063 3541 2136 naufragio
3580 2068 3655 2121 fu-

2075 2164 2225 2208 rente
2257 2162 2590 2222 tempestate,
2630 2152 2754 2208 audi
2781 2155 3096 2208 sententiam
3126 2153 3321 2210 Christi
3367 2156 3656 2224 dicentem,

2075 2245 2404 2314 impossibile
2431 2259 2550 2300 esse
2571 2245 2787 2302 divitem
2817 2247 3016 2302 intrare
3041 2248 3093 2300 in
3125 2263 3343 2318 regnum
3378 2250 3653 2305 ca'lorutn.

2075 2334 2154 2387 Ad
2185 2337 2318 2388 hanc
2350 2335 2664 2389 sententiam
2696 2340 2880 2392 confer
2905 2346 2958 2391 tu
2981 2348 3212 2405 montes,
3243 2348 3460 2406 terram,
3489 2357 3653 2407 mare;

2074 2435 2126 2480 et
2151 2427 2350 2490 omnia,
2383 2427 2425 2480 si
2448 2427 2529 2480 vis
2548 2427 2870 2497 cogitatione
2890 2443 3078 2482 aurum
3096 2429 3273 2495 facito,
3301 2430 3536 2500 nihilque
3565 2447 3656 2500 par

2078 2520 2315 2575 invenies
2334 2519 2652 2575 detrimento
2672 2521 2764 2575 tibi
2789 2521 2912 2576 hinc
2937 2521 3238 2591 importato.
3266 2523 3334 2577 Et
3361 2533 3414 2577 tu
3440 2524 3656 2594 quidem

2075 2621 2153 2667 tot
2182 2627 2448 2668 memoras
2486 2621 2643 2667 terra:
2666 2613 2872 2684 jugera,
2906 2613 3094 2668 domos
3109 2614 3316 2676 decem.
3336 2615 3418 2670 vel
3449 2615 3656 2686 viginti,

2077 2702 2264 2758 balnea
2289 2703 2528 2770 totidem,
2553 2717 2738 2758 servos
2762 2705 2927 2768 mille,
2945 2715 3039 2758 aut
3056 2705 3136 2760 bis
3165 2705 3324 2767 mille.
3358 2721 3549 2761 currus
3574 2723 3658 2761 ar-

2075 2797 2281 2866 genteis
2307 2796 2515 2850 laminis
2535 2797 2617 2851 vel
2633 2812 2764 2852 auro
2783 2806 2996 2868 opertos
3010 2813 3028 2852 :.
3043 2812 3142 2868 ego
3167 2807 3340 2853 autem
3359 2798 3499 2863 dico,
3519 2800 3659 2870 quod

2078 2889 2120 2941 si
2144 2889 2367 2957 qui8qtlc
2384 2887 2530 2942 dives
2547 2888 2683 2942 inter
2701 2903 2815 2953 v0s,
2835 2887 2933 2944 hac
2951 2888 3133 2943 relicta
3155 2900 3464 2961 paupertate
3506 2890 3527 2962 (
3548 2891 3658 2947 hinc

2078 2982 2218 3036 enim
2253 2993 2534 3052 paupertas
2561 2982 2675 3045 fuit,
2703 2993 3005 3052 comparata
3028 3000 3147 3038 cum
3187 2986 3252 3040 iis
3274 3002 3391 3056 qua:
3416 2986 3657 3043 dicturus

2077 3074 2216 3145 smn)
2232 3083 2397 3128 totum
2412 3074 2706 3144 possideret
2722 3075 2925 3138 orbem,
2947 3073 2992 3129 si
3005 3075 3224 3145 quisque
3243 3085 3317 3130 tot
3330 3075 3546 3131 haberet
3559 3077 3658 3131 bo-

2079 3165 2271 3228 mines,
2303 3174 2434 3235 quot
2459 3176 2584 3221 sunt
2609 3182 2699 3234 per
2724 3175 2886 3220 totam
2915 3176 3108 3221 terram
3131 3177 3186 3221 et
3209 3185 3375 3233 mare,
3401 3171 3445 3225 si
3468 3170 3661 3241 singuli

2079 3267 2276 3314 terram
2307 3267 2362 3313 et
2389 3273 2533 3314 mare
2560 3258 2841 3325 haberent,
2864 3270 2918 3314 et
2940 3261 3132 3329 ubique
3152 3261 3371 3316 aedificia
3393 3275 3446 3318 et
3477 3264 3660 3330 urbes,

2077 3360 2132 3405 et
2156 3359 2364 3419 gentes,
2393 3363 2550 3421 atque
2577 3349 2809 3420 undique
2837 3366 2934 3419 pro
2958 3366 3090 3421 aqua
3124 3362 3179 3407 et
3202 3353 3435 3408 fontibus
3471 3371 3665 3411 aurum

2080 3442 2208 3512 ipsis
2239 3442 2446 3508 flueret,
2480 3443 2600 3496 illos
2629 3443 2716 3512 qui
2743 3443 2811 3496 ita
2851 3443 3041 3499 divites
3062 3454 3262 3509 essent,
3293 3448 3528 3517 singulos
3555 3465 3659 3504 non

2081 3535 2234 3604 pretii
2269 3535 2425 3587 trium
2457 3533 2736 3588 obolorum
2765 3549 2884 3589 esse
2914 3534 3189 3600 ducerem,
3232 3536 3277 3590 si
3311 3553 3474 3602 regno
3503 3539 3658 3593 caelo-

2081 3641 2196 3680 rum
2227 3625 2549 3680 exciderent.
2577 3624 2708 3679 Nam
2731 3625 2777 3680 si
2805 3640 2943 3680 nunc
2973 3626 3042 3679 ita
3068 3625 3328 3682 fluitarunt
3359 3627 3659 3684 divitiarum

2079 3717 2256 3788 cupidi
2279 3718 2583 3773 cruciantur
2623 3719 2668 3772 si
2703 3734 2832 3774 ,nou
2868 3719 3164 3788 acquirant,
3225 3720 3274 3772 si.
3313 3719 3662 3776 inelfabilinm

2081 3809 2340 3864 bonorum
2371 3811 2603 3878 aliquem
2631 3824 2846 3864 sensum
2876 3810 3122 3874 habeant,
3152 3810 3274 3880 quid
3305 3811 3403 3864 illis
3441 3811 3506 3864 ad
3532 3826 3659 3866 con.

2082 3904 2395 3958 solutionem
2441 3903 2570 3958 satis
2609 3903 2750 3958 erit?
2776 3902 2917 3956 Nihil
2945 3911 3109 3957 certe.
3153 3903 3228 3958 Ne
3257 3904 3382 3958 mihi
3413 3919 3540 3974 ergo
3571 3919 3662 3973 pe-

2081 3996 2358 4051 cuniarum
2404 3996 2609 4065 copiam
2662 4010 2978 4061 recenseas;
3037 3995 3128 4050 sed
3177 3997 3348 4066 cogita
3401 4005 3662 4066 quantum

2082 4089 2331 4144 damnum
2363 4089 2481 4142 hinc
2514 4089 2760 4141 hauriant
2787 4087 2994 4141 illarutn
3024 4097 3310 4152 amatores,
3343 4089 3429 4158 qui
3459 4104 3556 4157 pro
3598 4089 3664 4144 iis

2082 4183 2241 4236 c:elos
2262 4181 2530 4247 amittunt,
2561 4181 2896 4251 idipsumqne
2928 4182 3221 4248 patiuntur,
3247 4196 3309 4234 ac
3347 4181 3390 4234 si
3421 4181 3540 4250 quis
3566 4180 3664 4236 ho-

2084 4290 2214 4329 nore
2264 4275 2376 4339 illo,
2431 4274 2520 4344 qui
2564 4274 2617 4328 in
2666 4275 2808 4344 regia
2860 4273 3108 4337 habetur,
3160 4274 3379 4338 amisso,
3407 4276 3666 4330 stercoris

2084 4382 2332 4421 acervum
2363 4366 2642 4436 possidens
2677 4366 2954 4436 glorietur,
2982 4375 3037 4419 et
3055 4365 3220 4418 altum
3255 4365 3321 4419 de
3349 4366 3440 4420 illo
3469 4367 3668 4436 sapiat.

2083 4456 2258 4512 Nihilo
2285 4457 2425 4511 enim
2458 4457 2664 4518 melior,
2705 4458 2811 4510 imo
2851 4459 2999 4526 pejor
3029 4466 3111 4512 est
3139 4457 3442 4511 divitiarum
3474 4472 3666 4512 Ctllllll-

2085 4547 2188 4611 lus,
2217 4563 2374 4616 quam
2399 4547 2487 4600 ille
2513 4561 2752 4600 acervus.
2781 4545 2912 4600 Nam
2941 4556 3146 4601 stercus
3171 4556 3251 4601 est
3281 4546 3346 4600 ad
3378 4547 3668 4616 agricultu-

2086 4654 2198 4693 ram
2248 4639 2396 4703 utilc,
2446 4655 2651 4693 necnon
2694 4638 2760 4691 ad
2805 4638 2992 4693 balnea
3041 4638 3398 4694 calefacienda
3423 4639 3464 4705 ⁸,
3505 4651 3562 4694 et
3601 4639 3669 4694 ad

2057 4729 2326 4800 quaedam
2372 4730 2595 4793 similia;
2625 4744 2810 4784 aurum
2842 4745 2968 4784 vero
2994 4729 3276 4784 suffossnm
3305 4729 3372 4784 ad
3403 4728 3533 4783 nihil
3573 4729 3672 4783 ho-

2087 4837 2204 4876 rum
2252 4821 2491 4876 adhiberi
2545 4829 2942 4890 potestzatque
2985 4821 3184 4874 utinam
3229 4821 3416 4876 inutile
3459 4830 3668 4876 tantum

2086 4923 2260 4979 esset;
2295 4930 2435 4969 nunc
2452 4923 2628 4968 autem
2658 4914 2853 4968 multas
2873 4912 3085 4968 habenti
3107 4913 3380 4967 succendit
3399 4911 3668 4980 fut-uaces,

2086 5009 2188 5062 nisi
2235 5022 2301 5062 eo
2349 5017 2406 5061 ut
2452 5015 2662 5074 Oportet
2707 5016 2919 5059 utatur:
2954 5006 3095 5059 mille
3139 5006 3334 5074 quippe
3363 5005 3499 5058 mala
3545 5005 3672 5061 hinc

2087 5100 2351 5153 oriuntur.
2368 5097 2704 5165 Quapropter
2719 5094 2885 5148 exteri
2908 5095 3193 5163 scriptores
3209 5109 3384 5149 arcem
3407 5095 3670 5149 malorum

2088 5192 2360 5245 avaritiam
2402 5201 2627 5254 vocant;
2673 5191 2856 5244 beatus
2883 5204 3009 5242 vero
3037 5189 3251 5254 Paulus,
3283 5189 3435 5258 longe
3475 5189 3675 5242 melius

2089 5294 2286 5338 etcum
2323 5282 2520 5351 majore
2560 5281 2819 5349 emphasi,
2852 5280 3082 5334 radicem
3127 5280 3386 5333 malorum
3429 5279 3671 5332 omnium

2091 5375 2256 5445 ipsam
2295 5373 2573 5443 appellavit
2603 5370 2690 5443 (l.
2721 5371 2854 5425 Tim.
2882 5371 2935 5425 6.
2967 5371 3035 5426 10
3061 5368 3102 5440 ).
3130 5370 3252 5424 ΙΙωο
3282 5370 3458 5438 itaque
3491 5370 3674 5423 omnia

2089 5465 2406 5536 cogitantes,
2430 5463 2741 5518 :emulcmur
2760 5479 2821 5518 ea
2844 5477 2960 5532 qum
2984 5461 3140 5531 digna
3167 5469 3291 5515 sunt
3305 5459 3673 5514 mmulatione:

2089 5585 2348 5706 (£5333?
2372 5580 2510 5634 sam
2533 5580 2798 5646 legendum
2842 5587 2994 5643 θδδθίυ
3037 5578 3383 5643 mmmam,
3408 5587 3514 5640 pro,
3548 5577 3685 5626 cale-
