3990 6216
179 298 280 354 διιο

174 430 278 470 non
306 412 584 484 magniﬁca
620 412 864 479 aedilicia,
914 429 1018 468 non
1065 415 1329 469 uberrima
1374 417 1605 486 przedia;
1656 416 1749 472 sed

174 509 311 561 viros
335 519 423 575 qut
451 519 698 575 magnam
745 506 884 575 apud
924 505 1091 561 Deum
1137 506 1382 561 ﬁduciam
1412 508 1625 573 habent,
1656 509 1745 581 qui

173 600 223 655 in
244 599 375 652 celo
402 595 593 652 divites
618 606 760 661 sunt,
783 597 873 667 qui
913 597 1193 653 thesauros
1217 600 1335 654 illos
1366 599 1659 670 possident,
1685 616 1751 656 ac

173 704 294 745 vero
318 688 556 759 opulenti
582 699 729 755 sunt,
754 689 843 759 qui
869 699 1085 760 propter
1106 691 1377 745 Christum
1400 702 1525 746 sunt
1544 708 1744 762 paupe-

1129 298 1192 353 IN
1232 299 1639 357 MATTHEUM
1682 301 1909 362 iiOMlL.
1951 303 2134 360 LXIV.
2175 305 2244 361 al.
2289 305 2449 361 LXV.

3342 315 3448 371 010

1869 434 1991 484 res;
2023 431 2079 475 ut
2104 432 2301 477 mter-ua
2330 423 2464 477 bona
2491 439 2903 496 consequamur,
2938 431 3108 501 gratia
3130 442 3184 488 et
3208 432 3445 505 benigni-

1863 518 1971 566 tate
2021 512 2226 567 Domini
2277 514 2443 568 nostri
2487 514 2616 570 Jcsu
2645 516 2861 585 Christi,
2908 521 3125 590 quicum
3166 523 3310 579 Patri
3343 542 3443 583 una

1856 619 1976 656 cum
1998 602 2194 673 Spiritu
2215 614 2401 659 sancto
2420 606 2606 676 gloria,
2626 606 2816 675 honor,
2845 612 3144 681 imperium,
3175 614 3440 684 adoratto,

1855 711 1996 749 nunc
2041 705 2095 749 et
2130 710 2381 766 semper,
2421 708 2476 752 et
2526 698 2579 753 in
2630 701 2826 756 saecula
2878 705 3217 761 mulorum.
3250 709 3441 763 Amen.

1836 852 3437 882 .__.________._—_____

1315 925 1647 987 HOMILIA
1692 926 1915 987 LXIV.
1962 926 2046 988 al.
2094 924 2288 987 LXV.

168 1076 293 1129 Cn.
344 1073 429 1128 i9.
473 1087 528 1126 ι’.
569 1072 661 1127 27.
707 1070 851 1126 Tunc
893 1073 1202 1143 respondens
1250 1071 1433 1128 Petrus
1479 1074 1608 1128 dixit
1650 1074 1698 1127 ei
1733 1089 1752 1128 :

237 1160 371 1216 Ecce
394 1178 485 1215 nos
508 1162 801 1229 reliquimus
815 1163 1005 1227 omnia,
1035 1172 1079 1216 et
1104 1163 1299 1232 sequuti
1321 1179 1497 1217 sumus
1527 1173 1575 1216 te
1595 1180 1614 1228 ;
1631 1162 1752 1233 quid

239 1270 359 1324 ergo
380 1253 473 1306 erit
502 1252 645 1306 nobis
671 1253 698 1306 ἵ

237 1347 287 1400 ι.
329 1345 585 1412 Qumnam
616 1344 821 1409 Omnia,
844 1344 1001 1399 beate
1025 1345 1183 1399 Petre
1206 1345 1231 1398 ?
1256 1345 1518 1399 calamum
1546 1345 1570 1399 ‘l
1593 1344 1750 1400 rete?

168 1437 518 1492 naviculam?
575 1435 795 1489 artem?
849 1436 1091 1492 llmccine
1146 1436 1323 1490 omnia
1374 1436 1510 1492 dicis
1569 1436 1751 1490 mihi?

170 1529 367 1592 Etiam,
411 1528 603 1598 inquit.
656 1528 761 1582 Sed
812 1545 916 1582 non
960 1544 1054 1597 per
1096 1528 1439 1584 ambitionem
1467 1530 1750 1599 quamdam

178 1621 284 1674 haec
311 1620 466 1684 dico,
515 1620 608 1675 sed
642 1629 698 1673 ιιι
735 1635 832 1689 per
873 1619 1012 1675 hanc
1055 1621 1527 1689 interrogationem
1557 1637 1754 1690 paupe-

171 1726 277 1763 rum
312 1710 526 1778 plebem
567 1710 920 1765 introducam.
947 1712 1080 1778 Quia
1111 1712 1253 1767 enim
1290 1711 1425 1767 dixit
1451 1710 1704 1766 Dominus
1735 1729 1747 1766 :

169 1801 225 1854 Si
262 1803 333 1855 eis
374 1801 626 1871 perfectus
654 1817 780 1868 esse,
814 1802 969 1855 vende
996 1818 1110 1871 quia
1134 1803 1304 1866 habes,
1333 1813 1381 1857 et
1406 1803 1476 1856 da
1501 1806 1745 1872 pauperi-

169 1896 284 1955 bus,
322 1904 369 1947 et
410 1893 613 1947 habebis
652 1895 940 1947 thesaurum
983 1895 1036 1948 iu
1077 1894 1202 1948 ctelo
1228 1894 1441 1966 (Matth.
1468 1896 1555 1950 i9.
1582 1895 1694 1967 21)
1732 1914 1746 1951 :

169 2002 232 2041 ne
258 1987 377 2057 quis
400 2001 695 2056 pauperum
728 1986 870 2041 dicat
897 2004 910 2039 :
938 1986 1077 2054 Quid
1106 2002 1235 2057 ergo
1260 1987 1283 2039 ?
1309 1987 1353 2040 si
1382 2002 1485 2041 non
1519 1987 1742 2043 habeam

174 2079 559 2145 possessionem
580 2118 596 2145 ,
629 2093 734 2132 non
766 2094 978 2148 possum
1007 2094 1128 2133 esse
1160 2078 1476 2148 perfectus?
1512 2080 1743 2134 interro-

171 2180 251 2233 gat
280 2166 475 2222 Petrus
494 2209 509 2229 ,
542 2177 597 2221 ut
636 2177 691 2222 tu
725 2184 924 2238 pauper
945 2169 1120 2223 discas
1140 2209 1156 2235 ,
1185 2169 1315 2223 nihil
1346 2178 1397 2223 te
1428 2168 1551 2223 hinc
1572 2171 1746 2225 minus

170 2256 390 2321 habere;
440 2258 729 2327 interrogat
777 2257 964 2311 Petrus
985 2299 999 2322 ,
1031 2268 1085 2311 ut
1110 2274 1195 2323 ne,
1220 2258 1264 2311 si
1293 2273 1321 2311 a
1366 2258 1520 2313 Petro
1550 2259 1599 2312 id
1631 2259 1747 2311 edi-

171 2367 314 2413 scas,
360 2350 573 2404 dubites
622 2350 862 2417 (etenim
904 2349 1246 2418 imperfectus
1288 2349 1460 2405 adimo
1504 2360 1647 2417 erat,
1695 2361 1749 2405 et

168 2438 354 2509 Spiritu
402 2439 642 2507 vacuus)
670 2480 686 2504 ,
740 2437 835 2494 scd
887 2449 945 2492 ut
991 2456 1020 2492 a
1056 2441 1310 2508 niagistro
1343 2441 1481 2495 Petri
1527 2451 1743 2510 accepta

171 2529 446 2593 sententia,
494 2529 751 2584 conlidas.
796 2529 1252 2597 Quemadmodum
1297 2532 1438 2585 enim
1470 2547 1568 2585 nos
1613 2531 1743 2585 faci-

172 2636 297 2687 mus,
324 2637 449 2675 cum
477 2637 574 2691 pro
598 2621 717 2675 aliis
736 2620 1067 2691 diSpttlattleS
1089 2638 1173 2676 res
1192 2623 1343 2676 nobis
1363 2624 1701 2677 attribnimus
1726 2641 1738 2677 :

173 2714 241 2767 sic
264 2724 314 2766 et
350 2714 629 2782 apostolus
654 2714 810 2779 fecit,
839 2731 958 2769 cum
996 2732 1090 2784 pro
1137 2716 1268 2771 orbe
1312 2727 1425 2771 toto
1454 2718 1612 2772 talem
1642 2718 1738 2785 ipsi

174 2804 631 2874 interrogationem
681 2805 890 2859 obtulit.
954 2806 1084 2859 Nam
1134 2808 1273 2876 quod
1321 2823 1381 2861 ca
1414 2792 1541 2877 qua:
1583 2808 1648 2862 ad
1684 2823 1743 2863 se

172 2896 473 2963 spectabant
492 2896 602 2963 jam
630 2895 777 2950 clare
801 2897 983 2959 sciret,
1018 2898 1190 2966 palam
1210 2909 1292 2951 est
1312 2898 1379 2951 ab
1418 2898 1483 2952 iis
1507 2914 1624 2967 qua:
1652 2914 1741 2953 su-

169 2999 252 3054 pra
299 2984 443 3039 dicta
484 2993 609 3038 sunt
645 3002 660 3039 :
693 2986 894 3040 etenim
942 2986 1029 3055 qui
1070 2986 1247 3041 claves
1288 2988 1435 3057 regni
1484 2988 1739 3041 czelnrum

170 3076 279 3129 inde
298 3078 415 3147 jam
440 3087 759 3146 acceperat,
787 3078 952 3131 multo
982 3078 1151 3147 magis
1196 3078 1262 3131 de
1287 3080 1495 3133 cwteris
1523 3094 1642 3149 qua:
1684 3079 1736 3134 in

165 3170 286 3223 uelo
340 3180 504 3235 sunt,
558 3170 830 3225 conlidere
887 3170 1090 3225 debuit.
1134 3171 1514 3226 Animadverte
1558 3184 1737 3227 autem

163 3262 423 3328 quomodo
459 3272 707 3317 accurate
750 3262 1070 3331 respondeat
1113 3262 1179 3316 ad
1220 3278 1283 3317 tut
1326 3278 1443 3332 quas
1489 3264 1734 3319 Christus

162 3354 429 3420 qua-rebat
456 3370 469 3405 :
509 3370 630 3407 nam
662 3354 749 3409 ille
774 3369 802 3408 a
828 3354 990 3408 divite
1030 3353 1139 3408 duo
1168 3353 1282 3408 lucc
1314 3354 1625 3423 expetebat.
1676 3365 1734 3409 ttt

160 3460 243 3498 sua
268 3446 423 3500 daret
455 3446 794 3515 pauperibus,
825 3457 882 3501 et
910 3457 1225 3516 sequeretur
1251 3460 1327 3499 se.
1372 3443 1600 3515 Ideoque
1628 3447 1728 3502 Pe-

159 3549 259 3592 trus
288 3545 402 3597 lure
433 3542 539 3596 duo
566 3542 743 3610 punit,
769 3550 821 3593 et
850 3539 991 3610 quod
1017 3539 1363 3609 reliquerint,
1394 3548 1446 3592 et
1476 3539 1616 3609 quod
1649 3555 1737 3593 se-

161 3643 377 3698 quantur
414 3649 429 3696 ;
456 3648 575 3686 nam
603 3633 674 3685 ait
702 3650 713 3685 :
743 3629 876 3684 Ecce
904 3646 995 3684 nos
1018 3629 1312 3698 reliquimus
1338 3631 1506 3683 omnia
1526 3672 1541 3697 ,
1573 3641 1620 3684 et
1653 3647 1733 3684 se-

151 3725 278 3790 quuti
312 3742 491 3777 simius
534 3735 600 3777 te.
633 3723 763 3777 Nam
811 3723 1118 3791 relinquunt
1144 3730 1200 3774 ut
1241 3735 1535 3791 sequantur
1557 3764 1572 3789 ,
1604 3721 1731 3777 faci—

160 3817 349 3885 liusque
407 3826 526 3871 erat
570 3816 717 3886 sequi
767 3825 1045 3886 postquam
1097 3814 1460 3883 reliquerant,
1509 3824 1563 3869 et
1605 3816 1727 3884 quia

154 3908 508 3977 reliquerant,
544 3907 787 3962 ﬁduciam
847 3906 974 3976 ipsis
1017 3914 1072 3960 et
1112 3904 1362 3976 gaudium
1403 3906 1721 3961 conciliavit.

150 3998 271 4065 Quid
317 4017 447 4070 ergo
496 4001 584 4055 ille
612 4004 636 4053 τ
672 3999 761 4055 28.
805 3999 960 4052 Amen
1000 3999 1111 4051 dico
1157 3999 1328 4065 vobis,
1359 4000 1495 4069 quod
1522 4016 1607 4054 vos
1641 4001 1727 4066 qui

150 4094 327 4159 sequuti
364 4094 488 4146 estis
529 4109 626 4158 me,
664 4093 717 4145 in
742 4093 1139 4162 regeneratione,
1174 4108 1286 4145 cum
1325 4094 1510 4147 sederit
1554 4094 1723 4149 Filius

151 4184 347 4235 traininis
368 4184 422 4235 in
443 4182 625 4236 throno
652 4184 926 4250 maiestatis
952 4199 1060 4235 sua:
1087 4222 1102 4246 ,
1131 4184 1362 4238 sedebitis
1387 4195 1433 4237 et
1455 4202 1540 4239 vos
1568 4202 1723 4255 super

150 4275 338 4328 thronos
379 4276 668 4339 duodecim,
704 4276 992 4346 judicantes
1028 4275 1294 4329 duodecim
1336 4277 1492 4331 tribus
1524 4276 1711 4331 Israel.

147 4362 268 4428 Quid
299 4364 465 4432 igitur
493 4365 516 4418 ?
560 4380 625 4419 an
652 4365 836 4430 Iudas,
894 4365 1103 4435 inquies
1123 4406 1138 4427 ,
1183 4365 1434 4420 sedebit?
1476 4367 1711 4422 Minime.

150 4454 419 4518 Quomodo
454 4456 614 4525 igitur
640 4456 767 4510 dicit
791 4496 806 4520 ,
852 4452 920 4508 Et
945 4472 1029 4509 ros
1053 4473 1208 4526 super
1226 4458 1489 4511 duodecim
1511 4459 1718 4514 thronos

144 4546 359 4599 udi-bilis
386 4547 414 4600 .’
448 4547 717 4617 quomodo
748 4548 1031 4616 promissio
1062 4548 1148 4601 illa
1182 4548 1486 4618 implebitur
1514 4548 1538 4603 ?
1577 4550 1713 4604 Audi

144 4636 420 4702 quomodo.
447 4635 557 4691 Lex
584 4647 661 4691 est
698 4652 727 4691 a
772 4638 881 4691 Deo
922 4637 1114 4706 posita.
1159 4653 1253 4706 per
1273 4637 1556 4693 Ieremiam
1586 4654 1712 4709 pro-

144 4725 339 4789 phetam
370 4725 577 4781 Judteis
622 4728 789 4794 lecta,
836 4743 955 4797 qua:
994 4728 1072 4783 sic
1099 4728 1258 4783 habet
1301 4745 1316 4783 :
1357 4729 1437 4782 Ad
1464 4746 1712 4784 summa»:

143 4816 305 4879 loqm
328 4834 488 4888 super
531 4830 726 4890 gentem
773 4830 819 4875 et
855 4837 1008 4891 super
1036 4838 1277 4891 regnum,
1313 4830 1369 4875 ut
1406 4824 1636 4894 auferam
1663 4834 1711 4877 et

144 4910 371 4975 perdam;
398 4922 445 4965 et
476 4912 520 4965 si
562 4928 801 4967 conversa
827 4914 980 4984 fuerit
1004 4931 1125 4985 gens
1150 4914 1241 4967 illa
1259 4930 1291 4966 a
1316 4915 1464 4969 malis
1482 4916 1608 4982 suis,
1631 4933 1709 4971 me

139 5020 316 5071 quoque
359 5009 616 5076 panitcbil
645 5008 928 5073 malorum,
972 5022 1082 5077 qua:
1125 5009 1338 5079 cogitavi
1365 5009 1533 5080 facere
1578 5011 1702 5069 illis.

140 5094 194 5147 Et
216 5097 281 5149 ad
299 5116 546 5152 summam
579 5100 758 5170 loquar
792 5117 945 5169 super
970 5111 1166 5169 gentem
1188 5112 1236 5155 et
1258 5119 1487 5173 regnum,
1516 5113 1571 5156 ut
1584 5116 1710 5156 rea:-

139 5186 320 5251 «ﬁlicem
348 5200 396 5243 et
428 5191 647 5260 plantem
684 5207 702 5243 :
731 5203 779 5245 et
817 5192 862 5244 si
902 5193 1112 5263 fecerint
1138 5195 1329 5247 malum
1363 5194 1415 5248 in
1438 5203 1701 5265 conspectu

140 5295 248 5341 meo,
279 5292 331 5333 ut
358 5299 460 5336 non
482 5283 694 5337 audiant
721 5299 890 5337 uocem
917 5300 1099 5349 meam,
1136 5301 1216 5339 rte
1235 5302 1428 5355 quoque
1456 5288 1704 5357 panitebit

138 5376 358 5426 bonorum
378 5414 395 5441 ,
427 5390 539 5442 quis
565 5375 761 5430 locutus
784 5392 897 5429 sunt
921 5386 975 5429 ut
1004 5379 1221 5446 facerem
1246 5378 1318 5431 eis
1346 5380 1367 5442 (
1384 5374 1495 5430 Jer.
1527 5377 1613 5431 18.
1639 5376 1701 5431 7-

142 5458 230 5527 ιιι).
262 5462 520 5531 ldipsum,
544 5465 734 5536 inquit,
758 5467 985 5521 servabo
1013 5466 1173 5521 etiam
1198 5467 1249 5520 in
1273 5466 1447 5521 bonis.
1476 5466 1697 5521 Etiamsi

138 5554 260 5608 enim
286 5556 478 5611 dixero
504 5572 590 5613 me
620 5557 1071 5613 reaedihcaturum
1116 5573 1237 5613 esse
1257 5600 1272 5623 ,
1314 5560 1358 5615 si
1388 5573 1447 5613 se
1473 5559 1703 5627 promis-

136 5658 266 5703 Imne
304 5649 551 5717 indignos
592 5652 953 5717 reddiderint,
986 5652 1038 5707 id
1067 5669 1173 5707 non
1203 5653 1409 5707 faciam.
1459 5652 1513 5708 ld
1558 5655 1698 5722 ιιιιιιιΙ

139 5754 276 5795 etiam
319 5745 492 5814 primo
529 5747 726 5801 homini
768 5746 958 5800 accidit
990 5767 1000 5798 :
1033 5744 1244 5799 Tremor
1269 5747 1409 5799 enim
1433 5788 1446 5811 ,
1488 5742 1689 5815 inquit,

1860 1082 2019 1127 vester
2056 1083 2103 1126 et
2134 1074 2285 1129 timor
2314 1076 2410 1129 erit
2437 1093 2590 1145 super
2616 1080 2752 1149 feras
2787 1081 2943 1149 (Gen.
2971 1084 3023 1140 9.
3052 1085 3111 1155 2)
3132 1098 3334 1159 meque
3363 1100 3444 1145 ta-

1858 1177 1977 1216 men
2002 1162 2049 1217 id
2078 1162 2274 1218 factum
2305 1175 2385 1219 est
2418 1183 2433 1221 :
2462 1182 2582 1221 nam
2605 1168 2692 1223 ille
2721 1184 2780 1223 se
2802 1170 2890 1225 tali
2922 1173 3146 1243 imperio
3172 1176 3441 1250 indignum

1860 1253 2130 1324 teddidn;
2164 1256 2610 1324 quemadmodum
2640 1271 2694 1313 et
2721 1260 2906 1316 Iudas.
2942 1264 3019 1319 Ne
3046 1268 3187 1322 enim
3219 1285 3282 1323 ex
3312 1287 3442 1341 sup.

1860 1347 1999 1415 plicii
2028 1348 2289 1401 sententia
2321 1349 2671 1419 deSpet-antes
2698 1354 2915 1422 quidam
2948 1355 3192 1415 duriores
3219 1360 3439 1429 tierent,

1858 1451 1990 1490 neve
2016 1453 2082 1492 ex
2124 1438 2388 1494 bonorum
2431 1442 2783 1509 promissione
2808 1447 2898 1499 alii
2932 1451 3208 1518 segniores
3247 1454 3439 1511 evade-

1857 1538 2010 1592 rent,
2042 1532 2279 1599 utrisque
2304 1533 2597 1588 remedium
2625 1535 2843 1591 adhibet
2871 1538 3055 1594 dicens
3080 1560 3093 1597 :
3122 1542 3177 1598 Si
3208 1545 3439 1602 minatus

1857 1621 2011 1673 fuero
2030 1659 2046 1683 ,
2076 1635 2143 1675 ne
2167 1620 2421 1691 desperes
2453 1641 2468 1677 :
2516 1634 2667 1694 poles
2692 1628 2833 1681 enim
2863 1631 3228 1695 ptenitentiam
3256 1652 3437 1707 agere.

1856 1712 2279 1781 sententiamque
2299 1728 2469 1768 meam
2499 1716 2729 1780 solvere,
2762 1729 2815 1771 ut
2843 1718 3085 1775 Ninivitae
3117 1742 3132 1778 :
3159 1726 3278 1780 etsi
3307 1728 3430 1783 boni

1855 1801 2125 1871 quidpiam
2156 1804 2477 1871 promittam,
2514 1823 2578 1858 ne
2595 1808 2774 1877 segnis
2794 1810 2867 1863 sis
2893 1811 2963 1866 ob
2990 1815 3398 1881 promissionem
3421 1839 3435 1873 :

1856 1907 1979 1946 nam
2010 1893 2053 1946 si
2084 1892 2331 1964 indignus
2372 1895 2630 1963 reddaris,
2662 1898 2792 1953 nihil
2821 1909 2871 1954 te
2892 1900 3102 1969 juvabit
3130 1909 3432 1975 promissio,

1858 1981 1953 2037 sed
1977 1983 2150 2052 majus
2177 1986 2497 2056 supplicium
2520 1989 2623 2043 erit
2654 2007 2667 2043 :
2692 2005 2791 2060 ego
2820 1993 2962 2048 enim
2996 1999 3247 2064 promitto
3277 2001 3325 2056 ei
3347 2004 3435 2072 qui

1855 2072 2045 2143 dignus
2073 2087 2174 2131 est.
2207 2077 2409 2133 Idcirco
2439 2087 2565 2135 tunc
2587 2097 2798 2151 quoque
2819 2082 3109 2154 discipulos
3132 2089 3432 2160 alloquens,

1855 2180 1961 2220 non
1990 2165 2307 2235 simpliciter
2334 2170 2592 2237 promittit
2617 2187 2632 2235 ;
2666 2188 2771 2227 non
2798 2174 2940 2230 enim
2968 2176 3306 2235 solummodo
3339 2183 3434 2245 ait,

1868 2253 1980 2317 Vos.
2031 2255 2123 2310 sed
2161 2257 2329 2323 addit,
2386 2258 2489 2325 Qui
2516 2262 2716 2329 sequuti
2742 2264 2860 2318 estis
2896 2282 3007 2332 me,
3055 2278 3195 2324 utet
3241 2269 3431 2329 Iudam

1852 2347 2089 2415 ejiceret,
2119 2361 2173 2405 et
2223 2364 2318 2405 eos
2368 2352 2457 2421 qui
2499 2362 2679 2421 postea
2729 2356 2885 2411 futuri
2930 2368 3083 2415 erant
3122 2362 3432 2420 attraheret.

1852 2440 2033 2510 Neque
2061 2443 2202 2497 enim
2237 2442 2304 2497 ad
2343 2442 2463 2497 illos
2500 2444 2697 2500 dictum
2726 2458 2807 2501 est
2834 2449 2999 2513 solos,
3031 2467 3206 2523 neque
3245 2457 3312 2511 ad
3341 2456 3434 2514 Ju-

1851 2531 2009 2596 dam,
2042 2534 2129 2603 qui
2174 2548 2233 2588 se
2272 2534 2543 2605 indignum
2595 2538 2844 2593 reddidit.
2877 2541 3156 2613 Discipulis
3185 2561 3313 2619 ergo
3354 2550 3434 2604 fu-

1852 2631 1966 2676 tura
2018 2624 2280 2691 promittit
2332 2625 2561 2680 dicendo
2615 2645 2630 2682 :
2673 2627 2922 2686 Sedcbitis
2966 2649 3117 2703 super
3169 2636 3432 2693 duodecim

1850 2715 2057 2767 thronos
2087 2730 2106 2767 :
2133 2714 2473 2770 snblimiores
2508 2717 2652 2771 enim
2691 2719 2863 2773 allecti
2912 2723 3042 2777 nihil
3092 2729 3431 2793 przcsentiunt

1848 2806 2160 2871 ιιιιτιιιόιιιιιιι
2195 2821 2209 2869 ;
2242 2806 2453 2860 caneris
2482 2816 2660 2862 autem
2707 2814 2988 2878 prtesentia
3033 2831 3246 2888 quoque
3279 2821 3432 2889 polli-

1847 2903 1996 2948 Cctur
2025 2894 2207 2949 dicens
2247 2913 2262 2949 :
2313 2895 2403 2950 29.
2448 2897 2764 2970 Quicumque
2795 2902 3041 2957 dimiserit
3079 2910 3296 2977 fratres,
3344 2922 3432 2965 aut

1847 3001 2065 3048 sorores,
2093 2994 2179 3039 aut
2210 2997 2427 3056 patrem,
2469 2996 2559 3041 aut
2585 3001 2814 3057 matrem,
2847 3002 2936 3046 aut
2962 3011 3190 3061 uxorem,
3239 3011 3326 3054 aut
3363 3005 3427 3070 ﬁ-

1846 3074 1960 3140 lios,
1992 3085 2080 3129 aut
2107 3093 2289 3145 agros,
2321 3088 2528 3148 prapter
2562 3095 2743 3133 nomen
2773 3098 2957 3148 meum,
2988 3089 3273 3156 centuplum
3299 3096 3431 3146 acci-

1844 3170 1946 3238 piet
1974 3169 2024 3222 iu
2064 3168 2165 3223 hoc
2197 3171 2428 3235 smculo,
2471 3180 2517 3224 et
2554 3173 2705 3224 vitam
2737 3184 2975 3229 (sternam
3016 3181 3305 3245 possidebit.
3350 3185 3427 3241 Nc

1842 3258 2056 3329 quidam
2091 3261 2233 3315 enim
2269 3261 2421 3325 illud,
2478 3260 2597 3328 Vos,
2643 3263 2947 3328 audientes,
2996 3267 3124 3323 illud
3160 3274 3310 3341 quasi
3358 3277 3425 3332 ad

1840 3350 2131 3421 discipulos
2167 3353 2343 3407 solutn
2381 3354 2656 3419 pertinens
2693 3356 2999 3426 acciperent
3040 3357 3061 3432 (
3086 3361 3151 3415 de
3181 3365 3425 3423 maximis

1841 3443 2031 3514 loquor
2070 3454 2125 3499 et
2144 3444 2212 3500 de
2241 3446 2425 3516 primis
2451 3447 2666 3502 sedibus
2696 3447 2715 3517 )
2740 3489 2754 3511 ,
2796 3450 2847 3503 in
2876 3466 2969 3506 eos
2995 3453 3086 3522 qui
3121 3458 3423 3514 mercedem

1837 3540 2103 3605 accepturi
2152 3547 2306 3592 erant
2348 3552 2648 3592 sermonem
2699 3540 2956 3606 extendit,
3010 3554 3065 3599 et
3111 3549 3423 3615 promissio-

1838 3642 1959 3679 nctn
1988 3627 2144 3680 latius
2171 3627 2381 3681 dillitdit
2410 3628 2461 3681 in
2495 3638 2661 3683 totum
2687 3631 2890 3694 urbem,
2921 3642 3080 3703 atque
3100 3652 3163 3690 ex
3195 3654 3423 3707 praesen-

1838 3718 1977 3771 tibus
2010 3716 2185 3771 Itttura
2230 3717 2528 3772 conﬁrmat.
2568 3718 2848 3789 Discipulis
2879 3736 3056 3778 autem
3089 3728 3140 3779 in
3169 3730 3418 3798 exordio,

1834 3823 1954 3863 cum
1986 3806 2159 3862 adhuc
2191 3807 2607 3878 imperfectiores
2632 3820 2832 3876 essent,
2856 3826 2921 3866 ex
2962 3818 3314 3882 praesentibus
3342 3820 3421 3875 lo-

1832 3900 2114 3969 quebatur.
2158 3898 2291 3953 Cum
2346 3900 2489 3954 enim
2534 3898 2756 3955 abduxit
2806 3916 2898 3956 eos
2948 3918 3015 3958 ex
3072 3906 3204 3961 mari
3257 3918 3312 3962 et
3351 3927 3418 3967 ex

1831 4001 1946 4045 arte
1983 4006 2080 4045 sua
2103 4033 2119 4055 ,
2161 3991 2426 4061 jussitque
2453 3991 2750 4046 naviculam
2790 3992 3060 4059 deserere,
3094 4012 3201 4052 non
3229 4000 3414 4066 melos,

1833 4098 1938 4138 non
1969 4082 2191 4138 thronos
2212 4085 2529 4138 memoravit
2560 4100 2574 4149 ;
2602 4083 2695 4138 sed
2728 4101 2814 4139 res
2844 4098 3157 4155 praesentes,
3182 4090 3367 4148 dicens
3397 4112 3411 4148 :

1830 4175 2042 4229 Faciam
2072 4192 2157 4230 vos
2185 4177 2457 4246 piscatores
2486 4180 2743 4230 hominum
2771 4176 2982 4244 (Matth.
3008 4181 3061 4233 4.
3096 4181 3217 4252 19);
3264 4196 3412 4253 post-

1826 4282 1983 4337 quam
2011 4277 2186 4321 autem
2224 4267 2342 4320 illos
2371 4265 2711 4321 Sublimiores
2733 4266 3003 4336 ell‘ecerat,
3029 4280 3152 4326 tunc
3196 4273 3412 4330 demum

1827 4361 1985 4413 etiam
2015 4357 2082 4412 de
2102 4358 2407 4412 caelestibus
2436 4358 2686 4427 loquitur.

1893 4450 1947 4507 9..
1988 4450 2123 4518 Quid
2152 4450 2251 4505 sibi
2284 4450 2395 4504 vult
2431 4449 2556 4504 illud
2580 4492 2596 4516 ,
2632 4448 2928 4504 Judicautes
2957 4452 3221 4508 duodecim
3252 4458 3409 4513 tribus

1822 4541 2036 4597 Israel?
2083 4543 2136 4597 ld
2182 4552 2284 4605 cst,
2315 4541 2752 4597 condemnautes.
2796 4542 2978 4614 Neque
3014 4547 3153 4600 enim
3181 4557 3237 4602 ut
3262 4548 3408 4617 judi-

1819 4650 1911 4690 ces
1954 4634 2216 4691 scdebunt
2249 4652 2261 4689 :
2304 4634 2396 4689 sed
2424 4635 2560 4689 sicut
2593 4636 2829 4704 reginam
2858 4637 3035 4692 Austri
3058 4639 3394 4695 condemna-

1821 4738 1991 4781 turam
2032 4737 2244 4797 gentem
2288 4726 2431 4781 illam
2478 4726 2724 4793 dicebat,
2778 4736 2833 4781 et
2879 4728 3138 4782 Ninivitas
3182 4745 3397 4801 quoque

1816 4820 2262 4875 condemnaturos
2310 4834 2433 4873 esse
2484 4817 2713 4889 (Matth.
2772 4819 2854 4872 l2.
2905 4820 2996 4873 42.
3041 4821 3101 4874 il
3131 4820 3149 4889 )
3179 4837 3191 4872 :
3224 4822 3303 4875 sic
3348 4833 3402 4877 et

1813 4912 2037 4983 apostoli
2066 4910 2515 4966 condemnabunt.
2542 4912 2769 4981 Ideoque
2801 4926 2904 4966 non
2932 4911 3091 4975 dixit,
3122 4911 3319 4968 Gentes
3347 4925 3401 4970 et

1809 5005 1997 5059 urbem
2017 5044 2032 5068 ,
2063 5002 2155 5057 sed
2180 5044 2197 5069 ,
2227 5001 2406 5056 Tribus
2432 5000 2614 5055 Israel.
2644 5002 2778 5069 Quia
2808 5002 2949 5056 enim
2992 5001 3042 5057 in
3080 5002 3269 5058 iisdem
3300 5022 3397 5059 nu-

1814 5097 1923 5151 triti
1964 5105 2118 5152 erant
2153 5106 2209 5150 et
2256 5095 2460 5165 legibus
2496 5103 2551 5149 et
2598 5094 2842 5148 moribus
2892 5104 2944 5147 et
2982 5093 3235 5150 institutis
3288 5108 3393 5152 tatu

1808 5187 1977 5242 Judmi
2011 5204 2168 5257 quam
2212 5186 2475 5255 apostoli,
2517 5200 2639 5240 cum
2667 5183 2834 5239 Judzei
2870 5183 3139 5248 dicerent,
3173 5200 3232 5240 se
3268 5185 3391 5241 ideo

1810 5280 2022 5336 Christo
2062 5278 2282 5334 credere
2321 5292 2425 5331 non
2454 5277 2717 5346 potuisse,
2750 5276 2872 5347 quia
2900 5276 2982 5331 lex
3020 5276 3267 5331 mandata
3304 5278 3390 5347 ip-

1806 5376 1918 5430 sius
1955 5372 2191 5442 recipere
2225 5367 2569 5440 prohibebat,
2608 5366 2691 5421 his
2718 5366 2770 5421 in
2801 5365 3034 5421 medium
3082 5367 3379 5436 productis,

1805 5466 1897 5537 qui
1922 5464 2165 5521 eamdem
2197 5464 2369 5532 legem
2398 5470 2719 5531 acceperant
2740 5470 2793 5515 ct
2811 5459 3169 5526 crediderant,
3198 5474 3386 5517 omnes

1804 5562 1925 5616 illos
1946 5559 2270 5614 condemnat
2301 5574 2316 5611 :
2349 5554 2400 5610 id
2429 5554 2571 5624 quod
2596 5554 2759 5609 etiam
2784 5553 2894 5623 jam
2924 5551 3057 5606 dixit
3089 5568 3108 5608 :
3146 5551 3273 5607 Ideo
3284 5553 3377 5625 jn-

1802 5654 1938 5707 dices
1984 5652 2133 5706 uestri
2177 5659 2323 5704 erunt
2355 5647 2525 5719 (Ibid.
2558 5663 2605 5703 ν.
2652 5648 2719 5701 27
2748 5648 2787 5717 ).
2840 5645 2906 5700 Ει
2950 5645 3076 5715 quid
3132 5661 3382 5714 maguum

1805 5745 1932 5813 ipsis
1978 5742 2255 5813 promisit,
2293 5744 2534 5807 ὀνιμιὶιιδ,
2568 5740 2612 5795 si
2646 5740 2731 5805 ul,
2779 5736 2919 5808 quod
2965 5737 3157 5790 habent
3204 5739 3383 5808 regina
