4126 6220
633 356 729 406 6H

629 464 812 520 Austri
843 471 897 519 et
933 464 1199 530 Ninivitzr,
1241 464 1468 519 habituri
1505 476 1625 519 sunt
1652 466 1676 519 ?
1704 465 1862 520 Certe
1896 466 2060 520 multa
2097 466 2199 519 alia

630 558 735 611 illis
778 567 931 611 antea
962 558 1221 626 promisit,
1251 565 1304 611 et
1349 566 1531 625 postea
1571 557 1730 611 etiam
1771 557 2042 627 promittet
2075 574 2089 613 :
2120 572 2205 611 ae-

627 664 730 717 que
758 648 885 702 illud
929 649 1098 701 solum
1143 659 1225 702 est
1271 650 1570 716 pr:emium.
1623 649 1863 719 Alioquin
1900 660 2073 704 autem
2121 649 2206 703 hic

632 754 839 808 quoque
896 739 1092 809 aliquid
1156 740 1329 809 majus
1383 740 1751 795 snbindicavit.
1804 741 1933 795 Nam
1982 742 2048 796 de
2100 742 2206 795 illis

625 832 937 900 simpliciter
990 833 1121 885 dixit
1170 849 1183 884 :
1235 830 1341 884 Viri
1393 831 1636 886 Ninivita:
1692 841 1928 902 surgent,
1977 841 2023 885 et
2070 848 2206 884 con—

625 924 929 978 demnobunt
991 925 1355 992 generationem
1417 924 1593 987 hanc;
1655 933 1741 989 et,
1790 923 1983 995 Regina
2033 922 2204 977 Austri

626 1016 974 1069 condemnabit
1004 1032 1023 1070 :
1048 1016 1115 1071 de
1146 1017 1226 1071 his
1253 1032 1379 1071 vero
1426 1032 1529 1070 non
1555 1018 1863 1085 simpliciter
1896 1034 1909 1068 :
1948 1015 2038 1069 sed
2066 1031 2201 1085 quo-

622 1107 783 1161 modo
814 1108 837 1156 ‘l
868 1106 993 1161 Cum
1030 1109 1212 1160 sederit
1244 1107 1288 1160 F
1292 1108 1406 1161 ilius
1434 1109 1647 1161 hominis
1676 1109 1727 1160 in
1773 1109 1890 1161 sede
1927 1108 2201 1175 majestatis

621 1217 748 1260 sure.
780 1212 897 1253 tunc
923 1200 1152 1254 stdebitis
1181 1210 1227 1253 et
1252 1217 1335 1253 ros
1363 1218 1513 1270 super
1541 1201 1804 1253 duodecim
1831 1201 2036 1253 thronos
2059 1213 2078 1261 ;
2107 1214 2197 1252 os-

627 1292 852 1345 tendens
882 1291 1027 1359 ipsos
1071 1302 1124 1344 et
1166 1302 1579 1359 conregnaturos
1602 1333 1614 1354 ,
1644 1303 1694 1345 et
1721 1292 1902 1359 gloriae
1927 1301 2199 1347 consortes

620 1380 848 1433 futuros.
879 1380 1008 1435 Nam
1042 1380 1102 1434 Si
1138 1383 1461 1446 sustinemus,
1492 1383 1679 1450 inquit,
1710 1393 1755 1434 et
1786 1382 2197 1452 conregnabimus

624 1470 878 1540 (2.1‘im.
919 1471 972 1524 ‘2.
1006 1471 1130 1543 19.).
1161 1472 1342 1540 Neque
1366 1474 1505 1526 enim
1550 1472 1724 1525 throni
1758 1472 1940 1525 sedem
1989 1470 2193 1540 signiﬁ-

621 1572 741 1617 cant
772 1580 784 1615 :
814 1564 961 1616 solus
1007 1565 1202 1632 quippe
1234 1565 1345 1630 ipse
1369 1578 1612 1616 sessurus
1653 1572 1705 1616 et
1727 1562 2056 1631 judicaturus
2076 1572 2192 1626 est;

626 1657 722 1712 sed
756 1672 851 1724 per
878 1656 1098 1710 thronos
1126 1657 1244 1711 illos
1264 1656 1521 1710 honorem
1550 1668 1601 1709 et
1629 1656 1847 1726 gloriam
1878 1656 2195 1709 inellabilem

618 1748 953 1818 signiﬁcavit.
986 1747 1079 1801 His
1110 1749 1286 1816 itaque
1320 1748 1433 1799 lucc
1464 1747 1596 1800 dixit
1635 1766 1646 1800 :
1684 1747 1902 1816 reliquis
1928 1762 2054 1800 vero
2081 1761 2195 1801 om-

622 1841 777 1894 nibus
826 1841 987 1892 vitam
1029 1847 1320 1904 mtcrnam,
1367 1847 1419 1891 et
1469 1837 1554 1891 hic
1595 1841 1919 1907 centuplum.
1962 1836 2019 1893 Si
2070 1852 2196 1892 vero

619 1930 862 1995 reliquis,
894 1930 1061 1983 multo
1084 1930 1249 1998 magis
1279 1929 1553 1997 apostolis,
1585 1929 1743 1982 etiam
1777 1930 1826 1981 in
1855 1928 1953 1982 hoc
1976 1928 2193 1982 saeculo.

620 2023 675 2077 1d
703 2023 844 2092 quod
865 2024 1024 2077 etiam
1055 2024 1246 2076 evenit.
1292 2022 1509 2077 Calamo
1539 2023 1680 2075 enim
1709 2031 1762 2077 et
1786 2024 1987 2076 retibus
2008 2023 2192 2076 dimis-

621 2118 727 2183 sis,
756 2118 994 2171 omuium
1029 2117 1163 2169 bona
1201 2116 1252 2169 in
1280 2131 1373 2170 sna
1409 2125 1666 2184 potestate
1694 2116 1975 2179 habebant,
2005 2114 2193 2167 domo-

621 2221 736 2261 rum
765 2206 935 2276 pretia
965 2216 1018 2261 et
1052 2222 1324 2276 agrorum,
1359 2207 1575 2276 ipsaque
1597 2220 1818 2273 corpora
1841 2205 2191 2259 credentium.

620 2296 751 2351 Nam
794 2296 955 2350 etiam
986 2298 1119 2351 mori
1153 2313 1249 2366 pro
1276 2297 1403 2365 ipsis
1433 2310 1577 2365 smpe
1598 2296 1908 2359 \‘0lUtSScM,
1951 2305 2005 2348 ut
2033 2296 2193 2349 etiam

619 2391 814 2447 Paulus
863 2390 1041 2444 multis
1097 2389 1444 2455 testiﬁcantur,
1477 2404 1596 2441 cum
1631 2388 1764 2441 dixit
1796 2406 1806 2439 :
1843 2388 1903 2441 Si
1946 2388 2189 2454 possetis,

619 2485 770 2540 etiam
794 2484 965 2538 oculos
987 2496 1175 2538 vestros
1196 2484 1394 2536 avulsas
1422 2484 1542 2533 mihi
1564 2482 1823 2535 dedissetis
1846 2481 1984 2553 (Gal.
2004 2482 2057 2535 4.
2080 2482 2189 2549 15).

621 2577 752 2632 Cum
793 2586 968 2630 autem
1007 2575 1163 2639 dicit,
1200 2574 1511 2644 Quicumque
1538 2575 1794 2643 reliquerit
1825 2589 2053 2637 uxorem,
2088 2587 2191 2625 non

621 2671 733 2723 vult
767 2667 1058 2721 dirimenda
1085 2682 1205 2721 esse
1228 2666 1559 2720 matrimonia
1586 2682 1599 2729 ;
1630 2665 1722 2719 sed
1754 2664 1890 2717 sicut
1913 2663 1980 2718 de
2019 2664 2195 2716 anima

622 2761 858 2826 dicebat,
902 2760 1001 2825 Qui
1028 2759 1298 2827 perdiderit
1324 2759 1543 2809 animam
1572 2772 1713 2808 suam
1740 2764 1945 2824 propter
1972 2771 2050 2807 me
2068 2796 2082 2820 ,
2112 2755 2193 2806 in-

622 2852 778 2906 ueniet
808 2868 914 2903 eam
954 2851 971 2920 (
1007 2849 1190 2903 Matth.
1229 2848 1325 2923 i0.
1357 2848 1425 2901 59
1459 2849 1475 2916 )
1509 2863 1653 2901 :non
1696 2847 1796 2901 hoc
1842 2847 1974 2899 dixit
2006 2854 2063 2899 ut
2100 2860 2196 2899 nos

622 2945 925 2999 occidamns
956 2959 969 3007 ;
1004 2958 1179 3011 neque
1226 2950 1281 2995 ut
1316 2942 1436 2995 ideo
1482 2955 1790 3010 st-paremus
1834 2939 1976 2992 illam
2017 2955 2047 2993 a
2072 2954 2194 2993 cor-

624 3054 774 3108 pore.
808 3037 897 3092 sed
930 3049 985 3091 ut
1014 3036 1261 3091 omnibus
1291 3036 1539 3105 pietatem
1566 3049 1935 3103 prmponamus
1968 3051 1981 3086 :
2011 3033 2111 3088 hoc
2140 3043 2196 3089 et

622 3130 689 3185 de
717 3143 883 3183 uxore
928 3137 981 3182 et
1024 3127 1090 3182 de
1120 3126 1369 3182 fratribus
1398 3125 1545 3180 dicit.
1586 3124 1802 3179 Videtur
1827 3133 2003 3179 autem
2034 3127 2192 3179 etiam

621 3220 1061 3290 persequutiones
1086 3217 1172 3271 hic
1214 3217 1575 3271 subindicare.
1618 3215 1747 3270 Nam
1777 3216 1896 3286 quia
1922 3215 2067 3269 multi
2105 3230 2197 3285 pa-

621 3321 729 3367 tres
753 3313 1006 3382 erantqui
1036 3311 1171 3365 lilios
1192 3352 1208 3377 ,
1240 3319 1293 3364 et
1318 3324 1514 3363 uxores
1543 3324 1660 3378 qua:
1687 3309 1829 3362 viros
1854 3306 1918 3360 ad
1947 3306 2194 3376 impieta-

623 3415 729 3457 tem
760 3404 1039 3456 trahebant
1080 3419 1093 3455 :
1135 3400 1264 3455 Cum
1295 3401 1409 3455 ha-e
1445 3401 1825 3470 pra-ceperint,
1861 3400 2064 3468 inquit,
2092 3413 2192 3453 nec

622 3510 815 3549 uxores
863 3493 1190 3557 habeantur,
1237 3506 1406 3561 neque
1455 3499 1673 3559 patres,
1707 3489 1846 3559 quod
1900 3500 1954 3542 et
2003 3488 2194 3543 Paulus

621 3585 829 3639 diccbat
878 3602 892 3638 :
944 3581 1175 3650 Inﬁdelis
1211 3598 1325 3636 vero
1356 3583 1397 3634 si
1425 3582 1652 3644 discedit,
1687 3581 1909 3634 discedat
1933 3580 1950 3648 (
1976 3580 2022 3634 1.
2070 3577 2190 3634 Cor.

621 3678 674 3732 7.
708 3678 839 3747 15).
884 3676 1086 3731 Eorum
1129 3676 1306 3745 itaque
1335 3674 1544 3728 animos
1578 3673 1823 3743 erigens,
1869 3683 1923 3728 et
1965 3673 2196 3729 suadetis

620 3770 725 3824 illis
748 3780 803 3823 ut
833 3780 884 3824 et
914 3770 981 3822 de
1007 3783 1065 3823 se
1087 3777 1141 3823 et
1168 3767 1232 3822 de
1259 3776 1368 3822 toto
1394 3768 1523 3822 orbe
1553 3766 1885 3822 conﬁderent
1904 3807 1919 3833 ,
1949 3765 2151 3822 addidit
2175 3781 2192 3821 :

618 3859 710 3916 30.
753 3860 903 3913 Multi
934 3870 1103 3913 autem
1129 3870 1274 3912 erunt
1320 3860 1468 3926 primi
1511 3860 1800 3922 novissimi,
1855 3869 1901 3911 et
1941 3859 2195 3912 novissimi

620 3953 791 4021 primi.
827 3952 937 4005 lloc
963 3961 1139 4005 autem
1171 3951 1442 4004 indeﬁnite
1464 3960 1517 4004 et
1543 3950 1610 4003 de
1640 3950 1822 4003 multis
1845 3952 1962 4003 aliis
1992 3951 2192 4005 dictum

618 4052 733 4105 est;
780 4041 978 4095 dictum
1013 4051 1185 4093 tamen
1230 4038 1326 4093 fuit
1366 4048 1417 4092 et
1452 4038 1517 4093 de
1549 4040 1663 4103 his,
1694 4048 1747 4092 et
1772 4039 1838 4093 de
1874 4039 2192 4104 Phariszeis,

620 4137 708 4203 qui
738 4153 843 4189 non
870 4135 1207 4189 crediderunt
1237 4176 1250 4200 ,
1283 4133 1423 4202 quod
1453 4144 1505 4186 et
1547 4134 1596 4186 in
1639 4132 2002 4201 superioribus
2045 4134 2194 4190 dice-

620 4227 746 4283 bat:
782 4225 935 4278 Multi
964 4225 1155 4279 venient
1198 4226 1259 4278 ab
1291 4224 1490 4277 Oriente
1528 4234 1573 4276 et
1616 4222 1901 4286 Occidente,
1935 4233 1981 4277 et
2010 4241 2198 4277 recum-

620 4317 732 4371 bent
776 4333 887 4369 cum
923 4316 1216 4380 Abraham,
1250 4313 1396 4369 Isaac
1433 4325 1477 4368 et
1504 4313 1705 4369 Iacob:
1737 4316 1831 4383 ﬁlii
1860 4324 2025 4367 autem
2054 4315 2195 4386 regni

622 4408 889 4477 ejicientur
930 4410 1066 4477 foras
1104 4406 1338 4476 (Matth.
1371 4406 1424 4462 8.
1462 4408 1519 4460 11
1553 4406 1592 4475 ).
1639 4406 1838 4459 Deinde
1890 4406 2194 4475 parabolam

619 4497 821 4566 adjicit,
844 4514 943 4568 qua
968 4513 1151 4552 eorum
1178 4497 1263 4566 qui
1282 4496 1431 4551 tarde
1450 4506 1712 4550 venerunt
1729 4495 1901 4550 studia
1925 4496 2200 4550 fiduciam-

618 4607 722 4662 que
764 4590 1016 4646 incendit.
1061 4590 1147 4644 Ait
1201 4590 1381 4645 enim:
1413 4588 1577 4660 (Cap.
1631 4587 1770 4661 XX)
1798 4590 1851 4643 1.
1904 4589 2085 4644 Simile
2125 4598 2200 4645 est

618 4699 828 4755 regnum
869 4684 1103 4737 malorum
1143 4682 1334 4735 homini
1361 4680 1737 4751 patrifamilias,
1764 4681 1849 4748 qui
1887 4681 2005 4734 exiit
2035 4681 2197 4748 primo

619 4792 767 4828 mane
789 4775 1067 4827 conducere
1094 4773 1350 4842 operarios
1379 4773 1428 4823 in
1457 4772 1649 4824 vineam
1687 4787 1849 4824 suam.
1881 4771 1938 4825 2.
1969 4770 2198 4825 Conven—

616 4868 753 4922 tione
795 4876 962 4920 autem
990 4865 1125 4935 facta
1174 4880 1286 4917 cum
1331 4862 1575 4933 operariis
1627 4879 1689 4915 ex
1726 4863 1933 4915 denario
1975 4862 2196 4929 diurno,

617 4961 751 5012 misit
788 4976 872 5013 eos
895 4960 944 5011 in
987 4959 1181 5010 vineam
1207 4973 1370 5009 suam.
1409 4955 1463 5010 5.
1506 4954 1575 5008 Et
1605 4956 1749 5008 tertia
1775 4955 1900 5008 hora
1926 4956 2046 5009 vidit
2071 4955 2201 5011 alios

620 5064 801 5107 stantes
831 5053 1015 5106 otiosos
1034 5093 1048 5115 ,
1080 5052 1134 5105 4.
1164 5060 1209 5104 et
1248 5050 1375 5102 dixit
1418 5050 1519 5102 illis
1554 5064 1574 5101 :
1603 5047 1684 5101 Ite
1721 5058 1767 5101 et
1808 5064 1893 5102 vos
1921 5049 1972 5101 in
2004 5050 2199 5101 vineam

621 5163 815 5209 meum,
845 5156 889 5199 et
930 5146 1063 5215 quod
1083 5148 1277 5214 justum
1311 5145 1459 5213 fuerit
1504 5141 1631 5195 dabo
1675 5141 1830 5196 vobis.
1863 5143 1917 5199 5.
1963 5140 2032 5194 Et
2065 5143 2201 5195 circa

619 5249 813 5292 sextam
843 5247 888 5291 et
919 5253 1104 5289 nonam
1140 5236 1313 5288 harant
1350 5235 1465 5304 fecit
1503 5235 1749 5288 similiter.
1783 5234 1835 5287 6.
1869 5233 2014 5287 Circa
2038 5233 2199 5287 unde-

621 5331 802 5382 cimam
827 5338 992 5380 autem
1020 5328 1216 5392 harant,
1257 5326 1375 5379 vidit
1397 5326 1526 5379 alios
1556 5334 1739 5379 stantes
1775 5326 1977 5390 otiosos,
2010 5336 2056 5378 et
2081 5323 2201 5380 dicit

620 5420 724 5473 illis
778 5434 796 5473 :
843 5418 979 5483 Quid
1007 5418 1087 5471 hic
1130 5418 1273 5472 statis
1311 5427 1415 5471 tota
1452 5418 1535 5471 die
1578 5418 1776 5471 otiosi?
1818 5419 1871 5472 7.
1905 5416 1995 5471 Illi
2034 5428 2201 5471 autent

624 5512 794 5565 dicunt
821 5513 865 5565 ci
891 5527 909 5565 :
940 5509 1103 5565 Nemo
1143 5528 1234 5564 nos
1258 5509 1515 5564 conduxit.
1552 5508 1686 5563 Dicit
1716 5510 1785 5563 eis
1809 5526 1826 5563 :
1848 5508 1929 5563 Ite
1955 5519 2000 5563 et
2038 5526 2122 5563 vos
2147 5511 2201 5564 in

623 5605 818 5658 tineam
850 5620 1034 5669 meam,
1063 5617 1105 5657 et
1132 5603 1265 5673 quod
1282 5605 1481 5673 justum
1509 5604 1658 5672 fuerit
1685 5602 1960 5672 accipietis.
2001 5601 2054 5657 8.
2098 5600 2198 5656 Vc-

630 5714 771 5761 ,ψει-ε
794 5706 959 5749 autem
982 5696 1138 5764 facta,
1155 5697 1275 5748 dicit
1301 5696 1534 5749 dominus
1554 5694 1711 5747 vinea!
1736 5694 2049 5764 procuratori
2068 5709 2158 5745 suo
2181 5708 2199 5745 :

640 5784 1054 5860 Vorapperarios
1112 5797 1156 5846 et
1184 5787 1251 5844 da
1291 5789 1361 5844 eis
1386 5788 1659 5843 mercedem
1679 5829 1694 5854 ,
1724 5787 1966 5859 incipiens
1996 5786 2056 5840 ab
2082 5785 2201 5839 ulti-

1353 350 1409 406 S.
1449 348 1723 407 JOANNIS
1761 351 2227 409 CIIRYSOSTO-Ml
2268 355 2584 416 AllClllEP.
2623 364 3149 427 CONSTANTINOI‘.

2330 381 2584 457 .Il-lllbl'.
2623 381 2823 421 LUtVb'l
2840 381 3149 427 AXI‘LVUI‘.
3786 381 3895 435 (ili

2315 471 2409 560 mis
2430 488 2583 542 usque
2608 476 2676 527 ad
2696 479 2902 546 primos.
2924 481 2974 535 9.
3007 484 3127 537 Cum
3150 488 3391 543 venissent
3413 492 3449 544 ii
3473 494 3559 560 qui
3580 495 3713 549 circa
3728 496 3895 548 unde-

2314 559 2494 613 cimam
2533 562 2709 618 horam
2740 582 3003 637 venerant,
3043 589 3339 645 acceperunt
3368 579 3593 652 singulos
3619 586 3883 643 denarios.

2316 650 2402 703 10.
2446 650 2513 704 Et
2542 658 2785 711 venientes
2814 662 2963 727 primi
2999 666 3400 723 existimauerunt
3428 650 3562 740 quod
3587 678 3701 745 plus
3725 694 3893 737 essent

2313 746 2583 839 accepturi,
2624 756 2667 799 et
2694 763 2991 818 acceperunt
3018 754 3117 823 ipsi
3144 774 3338 828 quoque
3365 762 3589 833 singulos
3626 768 3890 839 denarios,

2318 832 2401 884 11.
2432 843 2478 885 et
2515 837 2812 902 accipientes
2855 846 3233 898 murmurabant
3259 832 3496 904 adversus
3542 832 3891 928 patremfanti:

2313 922 2409 976 lias
2432 967 2446 987 ,
2480 925 2564 979 12.
2614 927 2830 984 dicentes
2860 946 2879 984 .'
2914 932 2980 985 Ili
3026 937 3282 989 novissimi
3314 956 3411 993 una
3437 922 3560 995 hora
3590 922 3816 1016 fecerunt
3850 954 3891 1017 ί,

2311 1024 2358 1067 et
2383 1034 2526 1085 pares
2556 1019 2670 1072 illos
2705 1025 2844 1076 nobis
2873 1024 3051 1093 fecisti,
3079 1031 3161 1092 qui
3202 1035 3507 1099 portavimus
3536 1039 3732 1105 pondus
3763 1044 3889 1108 diei,

2311 1118 2356 1161 et
2381 1120 2557 1163 testum
2582 1113 2608 1164 ἰ)
2640 1114 2723 1168 15.
2750 1112 2777 1165 Ι
2784 1133 2870 1181 pse
2889 1130 3051 1170 autem
3073 1124 3377 1191 respondens
3399 1128 3485 1179 uni
3514 1144 3683 1182 eorum
3710 1134 3842 1187 dixit
3872 1154 3894 1191 :

2313 1198 2501 1263 Amice,
2537 1219 2635 1255 non
2666 1206 2797 1273 facio
2828 1208 2914 1259 tibi
2934 1209 3173 1276 injuriam
3208 1229 3226 1265 :
3248 1230 3411 1267 nonne
3438 1233 3501 1269 ex
3526 1218 3732 1274 denario
3762 1240 3893 1276 con-

2308 1294 2483 1344 venisti
2505 1311 2693 1347 mecum
2726 1297 2750 1349 ?
2776 1298 2861 1352 H.
2902 1298 3042 1353 Tolle
3061 1304 3195 1369 quod
3215 1314 3351 1357 tuum
3374 1318 3466 1370 est,
3502 1320 3547 1362 et
3574 1314 3717 1366 vade.
3760 1314 3893 1370 Volo

2308 1392 2476 1433 autent
2506 1383 2629 1437 dare
2657 1396 2702 1438 et
2725 1388 2900 1442 ultimo
2921 1390 3038 1443 huic
3074 1393 3203 1445 sicut
3228 1404 3273 1448 et
3303 1397 3409 1449 tibi.
3439 1399 3526 1453 15.
3560 1402 3741 1455 Annon
3772 1406 3891 1459 licet

2310 1474 2434 1526 mihi
2460 1477 2596 1545 quod
2620 1479 2730 1531 volo
2768 1482 2932 1551 facere
2961 1483 3013 1536 in
3043 1485 3104 1537 iis
3124 1502 3236 1550 qua:
3263 1504 3371 1540 mea
3398 1501 3520 1542 sunt
3550 1494 3575 1543 ?
3602 1493 3681 1545 An
3708 1499 3890 1550 oculus

2309 1576 2428 1618 tuus
2466 1584 2679 1637 nequam
2710 1581 2814 1635 est,
2854 1573 2972 1641 quia
3010 1590 3099 1643 ego
3135 1576 3291 1629 bonus
3315 1594 3425 1631 sum
3455 1580 3480 1632 ?
3509 1581 3591 1635 16.
3625 1580 3713 1635 Ita
3741 1596 3889 1639 erunt

2306 1658 2564 1710 nouissimi
2608 1662 2786 1727 primi,
2821 1672 2865 1714 et
2908 1664 3056 1732 primi
3091 1666 3367 1722 novissimi.
3418 1668 3573 1723 Multi
3600 1672 3735 1725 enim
3767 1685 3887 1728 sunt

2304 1753 2498 1814 vocati,
2530 1753 2677 1819 pauci
2704 1768 2816 1806 vero
2841 1754 3001 1807 electi.

2375 1841 2429 1895 5.
2471 1842 2606 1906 Quid
2636 1844 2735 1896 sibi
2769 1846 2877 1897 vult
2905 1848 3016 1899 lucc
3039 1847 3284 1913 parabola
3314 1848 3338 1901 ?
3366 1849 3546 1920 Neque
3564 1854 3705 1907 enim
3732 1856 3881 1924 priu-

2301 1932 2440 2000 cipio
2466 1935 2729 1987 consentit
2763 1935 2887 1988 illud
2920 1937 3059 2005 quod
3091 1938 3142 1991 in
3175 1941 3278 1993 line
3303 1940 3515 2007 dicitur,
3545 1944 3637 1998 sed
3666 1957 3879 2001 eontra-

2304 2022 2441 2074 rinm
2473 2026 2690 2077 omnino
2719 2026 2976 2079 enuntiat.
3019 2028 3075 2080 In
3122 2029 3218 2081 hac
3262 2031 3403 2083 enim
3452 2034 3666 2088 exhibet
3696 2052 3883 2091 omnes

2304 2111 2487 2165 eadem
2520 2114 2734 2180 prmmia
2760 2116 3098 2183 accipientes,
3139 2134 3309 2187 neque
3338 2120 3471 2175 alios
3495 2122 3717 2190 ejectos,
3750 2126 3883 2181 alios

2306 2218 2431 2257 vero
2462 2204 2722 2258 admissos
2750 2222 2764 2269 ;
2814 2206 2926 2275 ipse
2958 2219 3132 2261 autem
3168 2219 3221 2264 et
3250 2220 3373 2265 ante
3414 2223 3466 2266 et
3507 2225 3627 2282 post
3655 2218 3882 2285 parabo-

2306 2293 2409 2347 lam
2440 2298 2763 2350 contrarium
2796 2297 2927 2352 dixit
2961 2317 2971 2350 :
3006 2298 3168 2352 Erunt
3204 2302 3355 2367 primi
3379 2305 3635 2358 novissimi
3654 2349 3667 2372 ,
3710 2318 3758 2361 et
3782 2326 3880 2362 no-

2303 2386 2492 2440 vissimi
2532 2388 2680 2455 primi
2706 2407 2726 2452 ;
2760 2389 2807 2442 id
2834 2400 2911 2443 est
2934 2430 2947 2452 ,
2981 2391 3105 2459 ipsis
3144 2392 3330 2460 primis
3361 2396 3599 2462 priores,
3628 2399 3734 2453 illis
3774 2417 3880 2455 non

2306 2479 2489 2547 primis
2519 2479 2873 2544 manentibus,
2899 2480 2991 2534 sed
3024 2491 3142 2550 post
3163 2482 3284 2535 illos
3314 2485 3521 2552 positis.
3554 2486 3708 2553 Quod
3738 2492 3880 2543 enim

2304 2570 2406 2625 hoc
2422 2571 2681 2640 significet
2698 2570 2933 2626 declarat
2953 2573 3136 2627 dicens
3166 2592 3179 2628 :
3218 2574 3367 2628 Multi
3394 2577 3525 2629 enim
3550 2588 3666 2632 sunt
3696 2582 3882 2645 uocati,

2304 2663 2452 2733 pauci
2485 2679 2598 2715 vero
2642 2661 2783 2715 electi
2811 2678 2830 2715 :
2861 2663 2929 2715 ita
2974 2674 3028 2716 ut
3076 2664 3273 2731 duplici
3309 2667 3469 2721 modo
3499 2677 3554 2724 et
3587 2670 3705 2723 illos
3733 2688 3883 2726 mor-

2305 2754 2428 2810 deat
2452 2796 2467 2819 ,
2495 2766 2548 2809 et
2575 2755 2672 2809 hos
2702 2757 3005 2809 consoletur
3031 2766 3083 2810 et
3111 2756 3369 2813 hortetur.
3413 2761 3668 2816 Parabola
3699 2775 3880 2819 autem

2304 2860 2411 2898 non
2442 2845 2492 2898 id
2518 2843 2682 2909 dicit;
2715 2845 2808 2899 sed
2846 2846 2964 2899 illos
2993 2848 3228 2914 probatis
3263 2850 3409 2913 viris,
3434 2852 3524 2919 qui
3546 2854 3771 2907 multum
3805 2856 3884 2908 la-

2303 2935 2647 3002 boraverint,
2701 2952 2856 3005 pares
2901 2936 3103 2992 futuros
3141 2956 3153 2991 :
3188 2955 3308 2993 nam
3345 2942 3525 3009 aiunt,
3562 2942 3724 2998 Pares
3768 2946 3882 2999 illos

2304 3032 2450 3084 nobis
2473 3029 2659 3097 fecistis
2683 3071 2696 3092 ,
2737 3030 2821 3095 qui
2854 3033 3163 3098 portavimus
3205 3032 3405 3101 pondus
3448 3034 3567 3097 diei,
3606 3046 3653 3088 et
3681 3048 3880 3090 testam.

2302 3117 2434 3188 Quid
2481 3135 2610 3189 ergo
2661 3120 2763 3174 sibi
2816 3120 2927 3174 vult
2982 3122 3279 3190 parabola?
3324 3124 3694 3180 Necessarium
3738 3130 3882 3185 enim

2301 3222 2385 3268 est
2411 3212 2512 3267 hoc
2539 3213 2711 3283 primo
2734 3212 3009 3267 declarare
3028 3254 3044 3280 ,
3072 3223 3127 3269 et
3149 3226 3271 3270 tunc
3308 3217 3433 3271 illud
3464 3219 3758 3275 solvemns.
3787 3222 3881 3276 νὶ-

2303 3321 2455 3361 neam
2478 3306 2633 3377 igitur
2662 3305 2905 3359 mandata
2930 3308 3039 3371 Dei,
3062 3309 3315 3376 operandi
3339 3319 3544 3379 tempus
3566 3322 3880 3379 prazsentem

2302 3399 2463 3453 vitam
2490 3398 2723 3468 appellat
2755 3416 2767 3451 :
2811 3400 3083 3467 operarios
3103 3442 3119 3463 ,
3148 3416 3241 3455 eos
3270 3402 3356 3470 qui
3387 3403 3604 3458 diverso
3633 3405 3791 3459 modo
3812 3406 3880 3460 ad

2304 3489 2395 3544 Dei
2425 3498 2684 3559 prmcepta
2708 3490 2876 3544 vocati
2898 3500 3021 3544 sunt
3049 3506 3062 3555 ;
3098 3507 3269 3556 mane,
3305 3493 3479 3558 tertia,
3511 3503 3679 3559 sexta,
3715 3512 3878 3562 nona,

2302 3580 2580 3635 undecima
2626 3579 2755 3633 hora
2780 3622 2792 3642 ,
2826 3581 2913 3650 qui
2944 3580 3184 3635 diversis
3220 3582 3465 3637 natatibus
3502 3597 3880 3654 accesserunt,

2300 3682 2357 3727 et
2409 3688 2521 3727 rem
2567 3672 2704 3726 bene
2745 3681 3044 3741 gesserunt.
3076 3672 3180 3727 Sed
3226 3675 3515 3742 quaeritur,
3562 3693 3692 3730 num
3722 3679 3878 3749 primi

2301 3767 2392 3837 qui
2413 3766 2618 3837 probati
2648 3766 2812 3829 luere,
2840 3774 2893 3819 et
2924 3766 3031 3820 Deo
3063 3765 3325 3833 placuere,
3356 3768 3551 3838 quique
3580 3785 3673 3838 per
3709 3782 3877 3826 totum

2299 3857 2550 3911 diurnum
2589 3854 2821 3909 laborem
2849 3854 3108 3924 splendidi
3138 3856 3285 3911 luere
3304 3898 3318 3921 ,
3349 3867 3591 3912 extremo
3630 3863 3881 3928 nequitiae

2298 3948 2487 4002 morbo
2527 3946 2899 4009 laboraverint,
2933 3946 3124 4000 invidia
3158 3962 3347 4015 nempe
3373 3958 3425 4001 et
3459 3948 3651 4003 livore.
3683 3950 3883 4004 Viden-

2302 4049 2383 4093 tes
2425 4037 2566 4092 enim
2606 4037 2724 4090 illos
2748 4035 2932 4090 eadem
2964 4036 3211 4092 mercede
3248 4036 3473 4091 donatos
3495 4079 3510 4100 ,
3552 4040 3736 4093 dicunt
3768 4059 3780 4094 :
3816 4041 3885 4095 Ili

2300 4129 2554 4182 nouissimi
2578 4143 2678 4178 una
2703 4126 2829 4178 hora
2856 4130 3114 4195 fecerunt,
3140 4136 3185 4178 et
3213 4143 3359 4195 pares
3382 4128 3500 4180 illos
3530 4128 3671 4181 nobis
3698 4132 3882 4200 fecisti,

2300 4225 2386 4292 qui
2404 4223 2711 4291 portavimus
2751 4223 2948 4291 pondus
2974 4223 3072 4276 diei
3099 4264 3113 4287 ,
3148 4234 3192 4276 et
3228 4236 3402 4277 (ustum
3427 4228 3452 4278 ?
3482 4226 3551 4279 Et
3589 4243 3709 4279 cum
3744 4228 3882 4281 nihil

2301 4312 2479 4367 damni
2520 4311 2820 4380 acciperent
2843 4352 2858 4375 ,
2894 4329 2990 4365 uec
3023 4313 3254 4381 ipsorum
3296 4330 3502 4370 merces
3525 4318 3882 4380 minueretur,

2301 4404 2472 4457 aliena
2500 4404 2634 4457 bona
2658 4418 2798 4472 a‘gre
2827 4413 2878 4457 ct
2914 4404 3126 4473 indigne
3169 4406 3406 4459 ferebant
3435 4424 3448 4469 ;
3479 4408 3618 4477 quod
3650 4425 3715 4462 ex
3750 4409 3891 4462 iuvi-

2302 4494 2387 4548 dia
2426 4504 2481 4548 et
2511 4494 2673 4547 livore
2704 4494 2879 4547 (iebat.
2923 4494 3002 4547 Ad
3045 4496 3158 4549 lucc
3198 4511 3323 4550 vero
3353 4498 3463 4566 ipse
3500 4498 3890 4566 paterfamilias

2304 4599 2401 4654 pro
2426 4585 2555 4653 ipsis
2584 4584 2932 4652 respondens,
2958 4594 3011 4638 et
3041 4586 3295 4640 adversus
3315 4603 3438 4642 eum
3466 4589 3555 4657 qui
3588 4589 3700 4641 lucc
3730 4589 3894 4643 disc-

2302 4687 2383 4732 rat
2403 4692 2521 4731 sese
2545 4676 2858 4740 defendens,
2890 4678 3135 4746 nequitia:
3163 4695 3283 4732 eum
3309 4696 3640 4750 summa-que
3670 4682 3891 4734 invidia:

2301 4769 2537 4833 damnat,
2570 4768 2649 4821 his
2678 4768 2855 4821 verbis
2884 4786 2896 4820 :
2935 4767 3120 4823 Nonne
3146 4787 3207 4823 ex
3247 4770 3453 4824 denario
3493 4774 3765 4825 convenisti
3790 4790 3892 4825 me»

2302 4863 2462 4913 cum?
2500 4858 2646 4913 Tolle
2683 4860 2817 4927 quod
2843 4868 2982 4911 tuum
3012 4870 3105 4925 est,
3146 4871 3192 4913 et
3233 4864 3379 4914 vade.
3418 4860 3542 4915 Volo
3573 4873 3741 4914 autem
3766 4864 3890 4916 huic

2302 4951 2483 5004 ultimo
2511 4951 2634 5002 dare
2678 4950 2804 5002 sicut
2855 4960 2899 5003 et
2928 4950 3034 5002 tibi.
3075 4951 3153 5003 An
3180 4952 3357 5005 oculus
3385 4963 3497 5004 tuus
3537 4969 3754 5020 nequam
3787 4964 3887 5020 est,

2302 5045 2422 5113 quia
2448 5058 2538 5113 ego
2564 5042 2722 5094 bonus
2757 5058 2869 5095 sum
2898 5043 2922 5095 .7
2962 5042 3096 5108 Quid
3142 5043 3299 5111 igitur
3326 5058 3389 5096 ex
3446 5042 3529 5096 his
3579 5045 3753 5096 verbis
3784 5046 3890 5096 ad-

2304 5133 2569 5196 struitur?
2597 5132 2725 5187 Nam
2757 5142 2809 5187 et
2849 5134 2900 5185 in
2922 5133 3041 5185 aliis
3069 5133 3331 5200 parabolis
3358 5133 3459 5188 hoc
3501 5135 3671 5203 ipsum
3702 5136 3892 5190 videre

2302 5233 2405 5279 est.
2456 5224 2621 5278 Filius
2650 5224 2791 5277 enim
2834 5223 2920 5277 ille
2967 5223 3162 5291 probus
3204 5224 3254 5276 in
3291 5223 3431 5276 hunc
3478 5240 3689 5294 quoque
3719 5227 3896 5282 animi

2306 5317 2551 5372 morbum
2608 5316 2857 5369 incidisse
2897 5314 3249 5384 perhibetur,
3298 5315 3510 5383 quando
3554 5316 3685 5368 vidit
3735 5316 3893 5370 illum

2306 5408 2583 5478 prodigum
2633 5406 2881 5467 fratrem,
2936 5406 3022 5472 qui
3056 5405 3224 5458 multo
3256 5403 3531 5459 fruebatur
3561 5406 3765 5459 honore
3789 5446 3801 5467 ,
3838 5419 3897 5462 et

2304 5498 2505 5566 majore
2550 5511 2709 5566 quam
2742 5497 2855 5564 ipse
2884 5494 3153 5547 liabuisSct
3179 5496 3196 5563 (
3225 5492 3352 5549 Luc.
3388 5495 3474 5549 15.
3515 5493 3604 5547 28.
3633 5496 3789 5564 sqq.).
3827 5495 3901 5551 lit

2309 5592 2444 5645 enim
2477 5590 2527 5643 hi
2557 5587 2813 5657 majorem
2848 5587 2971 5640 inde
3001 5585 3304 5640 mercedem
3336 5586 3709 5655 accipiebant,
3740 5586 3895 5654 quod

2359 5734 2411 5839 ἐι
2422 5725 2583 5777 \torel.
2606 5733 2658 5776 et
2684 5722 2875 5788 quidam
2908 5722 2987 5773 alii
3024 5720 3225 5783 habent,
3260 5718 3447 5785 operati
3468 5726 3595 5782 siml,
3631 5733 3741 5783 pro,
3765 5720 3905 5783 {ccc-

2304 5804 2432 5840 runt.
