3990 6216
225 441 320 496 613

225 553 372 625 primi
416 551 744 621 acciperent.
780 549 855 602 sic
896 547 984 601 ille
1009 543 1163 613 copia
1192 542 1456 598 donorum
1496 534 1665 605 magis
1702 534 1798 586 ho-

223 645 506 702 norabotur
538 652 629 699 :ct
650 643 765 696 haec
800 641 887 695 ille
913 638 1110 709 probus
1141 635 1278 690 titius
1306 632 1638 689 testificatur.
1665 625 1802 693 Quid

224 737 380 807 igitur
405 735 588 791 dicere
639 749 920 803 possumus
947 733 970 786 2
997 731 1162 786 Nemo
1191 729 1262 784 de
1304 726 1390 781 tali
1420 725 1539 792 jure
1571 721 1805 792 disputat

222 832 268 886 in
325 845 494 898 regno
537 829 790 883 ca'lorum
829 825 1046 888 :absit;
1101 823 1249 878 locus
1275 819 1420 876 enim
1452 818 1539 872 ille
1566 831 1597 869 a
1636 815 1805 869 livore

222 933 268 978 ct
298 921 494 977 invidia
526 934 692 987 purus
716 926 820 973 est.
845 915 976 972 Nam
1005 916 1048 970 si
1076 914 1245 969 sant-ti
1275 914 1326 968 iu
1350 912 1451 965 hac.
1473 909 1576 964 vita
1603 907 1807 962 animas

220 1029 344 1069 suas
386 1029 480 1081 pro
523 1009 893 1080 peccatoribus
935 1007 1231 1069 dederunt,
1265 1003 1434 1059 inulto
1473 1001 1641 1070 magis
1678 1013 1809 1068 gau-

221 1112 368 1174 dent,
395 1123 514 1162 cum
541 1107 658 1159 illos
685 1104 756 1158 ibi
793 1103 974 1157 vident
1006 1101 1159 1154 bonis
1197 1098 1297 1152 frui
1326 1094 1653 1154 czclestibus,
1689 1105 1808 1160 quze

225 1205 359 1254 lunia
388 1199 488 1252 sibi
529 1196 832 1251 communia
871 1202 1075 1263 putant.
1109 1191 1220 1258 Qua
1261 1203 1392 1257 ergo
1417 1185 1484 1240 de
1513 1198 1672 1238 causa
1710 1182 1810 1235 hac

225 1291 393 1362 figura
440 1287 707 1343 sermonis
737 1302 862 1339 usus
902 1284 1035 1337 cst?
1075 1281 1328 1336 Parabola
1384 1285 1666 1339 narratur,
1712 1288 1810 1326 nec

224 1389 437 1450 oportet
466 1380 516 1433 in
546 1376 818 1446 parabolis
845 1375 1023 1428 omnia
1050 1372 1116 1426 ad
1145 1372 1354 1425 literam
1377 1367 1684 1435 explorare,
1715 1362 1810 1417 sed

226 1487 348 1526 cum
387 1485 608 1540 scopum
655 1465 923 1538 [tr-rabula:
959 1463 1245 1518 didicimus
1268 1501 1282 1517 .
1312 1459 1454 1513 hunc
1480 1457 1771 1525 decerpere
1792 1492 1808 1516 .

227 1579 320 1616 nec
353 1571 548 1616 cxi-tera
584 1559 851 1614 curiosius
881 1555 1210 1610 examinare.
1246 1552 1354 1606 Cur
1396 1563 1528 1618 ergo
1567 1547 1683 1600 haec
1716 1559 1811 1614 pa-

227 1654 407 1706 rabola
437 1653 515 1705 sic
554 1649 874 1703 concinnata
924 1647 1057 1712 fuit,
1102 1655 1158 1698 et
1197 1641 1321 1713 quid
1363 1641 1472 1694 vult
1527 1636 1814 1692 statuere?

231 1744 352 1798 Vult
377 1760 473 1798 eos
497 1786 512 1806 ,
550 1745 638 1813 qui
682 1743 732 1795 in
777 1751 1021 1795 extrema
1064 1744 1340 1791 Senectute
1369 1730 1614 1786 Conversi
1647 1737 1812 1790 sunt,

227 1837 580 1892 studiosiores
603 1834 848 1895 reddere,
883 1846 1055 1900 neque
1077 1838 1264 1899 putare
1282 1826 1407 1882 sinit
1429 1839 1549 1879 esse
1573 1824 1691 1878 illos
1712 1837 1817 1876 can

229 1929 360 1981 teris
390 1927 692 1980 inferiores.
739 1923 864 1979 Ideo
893 1921 1092 1975 inducit
1110 1919 1247 1973 alios
1268 1932 1409 1987 mgre
1437 1916 1668 1970 ferentes
1694 1911 1816 1966 illo-

229 2035 346 2073 rum
379 2019 516 2070 bona
536 2056 549 2078 ,
583 2030 690 2069 non
723 2025 776 2067 ut
806 2012 1016 2066 invidia:
1040 2011 1161 2065 tabe
1191 2009 1497 2064 laborantes
1521 2002 1813 2059 ostendat:

227 2112 370 2164 absit
399 2126 414 2174 ;
442 2107 537 2163 sed
571 2116 626 2161 ut
651 2107 844 2162 doceat
876 2106 995 2160 illos
1029 2113 1178 2158 tanto
1210 2101 1311 2156 frui
1339 2101 1575 2163 honore,
1603 2108 1660 2152 ut
1691 2111 1816 2166 pos-

227 2203 332 2256 sint
371 2202 533 2254 ctiam
570 2200 706 2253 alios
747 2197 814 2252 ad
847 2196 1102 2251 invidiam
1134 2208 1353 2249 movere
1387 2208 1402 2256 ;
1450 2199 1507 2244 ut
1532 2190 1692 2244 etiam
1721 2202 1820 2242 nos

230 2295 550 2366 plerumque
574 2292 802 2347 dicimus
833 2309 846 2343 :
875 2291 970 2346 Ille
996 2305 1082 2344 me
1112 2288 1415 2353 accusavit,
1447 2285 1589 2356 quod
1615 2291 1820 2338 tantum

232 2386 319 2439 tibi
365 2385 625 2440 honorem
671 2383 980 2446 tribuerim;
1025 2395 1129 2435 non
1159 2377 1301 2449 quod
1349 2392 1699 2440 accusemur,
1738 2374 1821 2429 vel

237 2476 378 2546 quod
425 2476 502 2528 illi
531 2475 736 2529 crimen
768 2474 1033 2528 intentare
1063 2470 1287 2525 velimus
1307 2467 1441 2531 ,‘sed
1482 2477 1537 2522 ut
1557 2465 1682 2520 doni
1710 2480 1824 2519 ma-

231 2566 566 2636 gnitudinem
615 2564 950 2620 declaremus
980 2564 1016 2614 ⁸.
1069 2561 1178 2618 Sed
1226 2575 1324 2616 cur
1353 2575 1458 2614 non
1489 2571 1679 2613 mones
1715 2568 1824 2611 sta-

232 2662 322 2714 tim
374 2673 506 2714 meri
524 2658 627 2714 ede
661 2656 916 2711 conduxit
945 2656 968 2709 ?
994 2654 1261 2723 Quantum
1294 2654 1346 2707 in
1380 2666 1441 2708 se
1467 2659 1601 2713 erat,
1635 2664 1823 2704 omnes

230 2752 496 2806 conduxit
528 2770 540 2804 :
575 2750 716 2821 quod
743 2750 789 2805 si
817 2764 922 2803 non
953 2748 1111 2803 simul
1152 2761 1340 2802 omnes
1368 2743 1650 2814 obsequuti
1671 2751 1820 2807 sunt,

231 2844 593 2897 differentiam
617 2841 854 2896 exhibuit
877 2855 1062 2895 eorum
1084 2841 1172 2910 qui
1201 2839 1370 2893 vocati
1397 2829 1544 2891 fuere
1559 2835 1825 2890 voluntas.

237 2933 360 2986 Ιι1ιιο
389 2932 487 2986 alii
531 2945 722 2996 mane,
747 2931 842 2987 alii
885 2931 1064 2996 tertia,
1095 2929 1183 2984 alii
1211 2937 1360 2984 sexta
1395 2927 1481 2984 vel
1527 2939 1666 2980 nona
1695 2924 1824 2979 hora

232 3033 536 3082 vocantur,
578 3022 666 3075 alii
711 3020 1030 3084 undecima,
1077 3020 1197 3088 quia
1242 3026 1368 3073 tunc
1407 3017 1827 3086 obtemperaturi

231 3126 405 3170 erant.
457 3114 572 3169 Hoc
621 3114 744 3169 item
791 3113 988 3171 Paulus
1027 3111 1319 3167 declaravit
1362 3129 1377 3164 :
1412 3111 1630 3176 Quando
1659 3120 1830 3164 autern

232 3209 392 3262 risum
422 3217 500 3260 est
529 3205 658 3271 Deo,
701 3208 784 3276 qui
807 3224 884 3260 me
911 3206 1190 3277 segregavit
1214 3221 1277 3258 ea:
1310 3213 1452 3258 utero
1489 3205 1667 3258 matris
1707 3218 1830 3258 utne

237 3313 248 3358 t
277 3299 400 3353 Gul.
440 3301 494 3354 1.
533 3299 649 3369 15).
680 3298 1028 3366 Quandonam
1062 3298 1112 3351 id
1151 3297 1204 3352 ei
1247 3297 1419 3352 visum
1445 3305 1528 3352 cst
1553 3296 1575 3350 ἲ
1600 3294 1827 3364 Quando

232 3391 320 3445 ille
361 3392 832 3458 obtemperaturus
857 3399 992 3444 erat.
1025 3388 1158 3444 Nam
1192 3388 1307 3458 ipse
1337 3403 1367 3442 a
1396 3388 1657 3457 principio
1684 3388 1830 3442 volc-

233 3483 322 3534 bat
356 3499 370 3534 :
400 3480 530 3549 quia
574 3489 751 3534 autem
783 3480 876 3534 ille
918 3489 1043 3534 tunc
1093 3495 1199 3534 non
1242 3494 1494 3533 cessurus
1521 3487 1638 3533 erat
1660 3519 1674 3541 ,
1707 3487 1832 3532 tunc

232 3572 332 3639 ipsi
366 3574 545 3623 visum
578 3570 692 3637 fuit,
724 3586 844 3624 cum
863 3568 951 3623 ille
969 3569 1362 3639 obsequuturus
1388 3577 1524 3622 erat.
1554 3568 1642 3623 Sic
1671 3569 1830 3622 etiam

232 3664 508 3716 latri-nem
558 3662 788 3722 vocavit.
836 3661 936 3716 etsi
983 3660 1242 3729 puluis-et
1283 3668 1439 3714 antea
1473 3673 1700 3724 vocare;
1739 3656 1833 3716 sed

233 3755 320 3808 ille
355 3767 490 3807 tunc
518 3769 624 3807 nun
654 3752 1092 3821 obtemperasset.
1119 3751 1248 3804 Nam
1280 3751 1323 3804 si
1373 3751 1568 3805 Paulus
1590 3749 1657 3802 ab
1686 3749 1837 3806 initio

229 3863 341 3900 non
371 3846 643 3916 paruisset
666 3886 680 3906 .
713 3845 879 3900 multo
909 3845 1086 3898 minus
1117 3844 1272 3897 latro.
1296 3842 1446 3909 Quod
1477 3842 1521 3896 si
1553 3842 1604 3896 hi
1634 3841 1837 3906 dicant,

233 3939 412 3992 Nemo
446 3955 540 3991 nos
571 3937 813 3991 conduxit
843 3952 861 3990 :
890 3936 974 3990 hic
1005 3952 1108 3989 non
1138 3942 1347 4006 opertet
1368 3976 1383 3999 ,
1422 3942 1479 3989 ut
1502 3933 1634 3998 dixi,
1659 3932 1836 3986 omnia

226 4034 284 4089 iu
316 4032 601 4103 parabolis
630 4032 795 4100 posita
823 4028 1087 4084 curiosius
1126 4027 1431 4093 explorare.
1459 4024 1557 4080 llic
1577 4039 1706 4078 vero
1732 4038 1837 4078 non

232 4121 636 4194 paterfamilias
681 4122 780 4174 hoc
813 4121 976 4184 dicit,
1016 4117 1110 4174 sed
1142 4117 1218 4172 illi
1260 4117 1465 4173 dicunt.
1512 4115 1629 4185 Ipse
1661 4125 1838 4170 autem

229 4233 344 4271 non
377 4213 590 4270 refutat
627 4213 770 4279 illos,
803 4221 859 4267 ut
895 4227 1000 4266 non
1033 4209 1316 4280 perplexos
1346 4206 1596 4263 redderet
1617 4248 1632 4271 ,
1660 4206 1754 4261 sed
1785 4215 1842 4262 ut

231 4306 578 4362 attraheret.
622 4303 752 4361 Nam
783 4303 924 4374 quod
950 4317 1164 4363 omnes.
1192 4308 1449 4372 quantum
1476 4297 1544 4352 ad
1585 4313 1647 4353 se
1678 4297 1842 4368 perti—

231 4400 411 4456 nebat
441 4441 459 4463 ,
496 4399 666 4468 prima
697 4397 874 4450 statim
899 4394 1032 4450 hora
1073 4393 1362 4454 vocaverit.
1386 4389 1706 4463 significavit
1731 4389 1843 4461 ipsa

233 4493 512 4564 parabota
534 4532 550 4557 ,
594 4505 712 4562 quae
757 4488 919 4555 dicit,
951 4503 1107 4543 mane
1134 4486 1306 4558 ipsum
1334 4483 1400 4540 ad
1441 4481 1844 4540 conducendum

229 4589 509 4642 exivisse.

303 4679 372 4732 4.
426 4675 681 4744 Undique
710 4687 839 4743 ergo
881 4669 1224 4727 manifestum
1268 4677 1350 4725 est
1397 4666 1572 4733 nobis,
1613 4665 1844 4729 adillos,

230 4769 324 4836 qui
361 4783 441 4821 ex
466 4765 640 4835 prima
667 4773 844 4829 aetate,
868 4772 924 4816 et
947 4760 1013 4818 ad
1041 4761 1184 4825 illos,
1231 4759 1319 4831 qui
1349 4759 1552 4815 tardius
1589 4765 1749 4829 atque
1793 4759 1846 4813 in

231 4867 536 4915 nutante
567 4856 814 4910 virtutem
841 4855 1257 4922 amplectuntur,
1281 4851 1475 4905 dictam
1505 4849 1670 4905 fuisse
1702 4863 1850 4919 para-

234 4953 438 5005 bobm
476 4965 489 4999 :
523 4949 589 5000 ad
615 4947 756 5010 illos,
803 4960 870 5000 ne
898 4945 1256 5013 superbirent,
1307 4957 1439 4997 neve
1465 4941 1854 5011 exprobrarent

237 5045 326 5105 iis,
381 5040 487 5109 qui
514 5039 658 5092 circa
690 5038 1023 5090 undecimam
1073 5035 1256 5087 horam
1300 5041 1593 5094 venerunt;
1644 5030 1709 5084 ad
1756 5032 1854 5084 hos

237 5143 472 5194 autem,
525 5138 581 5182 ut
629 5127 921 5189 discerent,
967 5125 1111 5179 brevi
1158 5133 1397 5192 tempore
1442 5130 1610 5175 totum
1651 5119 1856 5190 acquiri

237 5237 443 5290 ruisse.
501 5219 633 5274 Nam
685 5219 806 5287 quia
851 5216 919 5271 de
961 5215 1263 5270 vehemenii
1308 5213 1484 5268 studio
1515 5212 1851 5281 Inque-batur,

236 5319 306 5371 de
342 5310 675 5380 alijiciendis
696 5309 953 5377 pecuniis,
981 5308 1046 5362 de
1066 5316 1372 5374 contemptu
1397 5321 1572 5359 rerum
1591 5305 1849 5368 omnium,

241 5418 571 5474 singanue
617 5403 680 5453 ad
729 5417 844 5452 eam
892 5416 1003 5453 rem
1050 5399 1230 5451 animo
1276 5397 1602 5465 juvenilique
1645 5395 1855 5448 fervore

243 5515 392 5564 opus
447 5506 602 5562 emt,
647 5494 945 5550 accendi-ns
995 5493 1045 5548 iu
1099 5492 1203 5546 illis
1260 5489 1528 5544 flammam
1581 5488 1855 5552 caritatis,

247 5604 716 5658 constantemqne
768 5589 818 5641 in
869 5588 998 5656 ipsis
1047 5601 1240 5653 parans
1296 5583 1574 5646 animum,
1625 5580 1862 5635 ostendit

251 5699 430 5756 posse
462 5697 558 5738 eos
587 5683 673 5750 qui
709 5679 960 5749 postremi
992 5683 1278 5741 venertmt,
1334 5675 1492 5729 totius
1521 5671 1626 5726 dici
1657 5687 1862 5726 merce-

322 5841 345 5872 ⁸
374 5834 574 5889 ﬂoret,
591 5831 677 5883 sed
703 5844 750 5884 ut
771 5831 883 5882 doni
907 5831 1034 5897 quod
1057 5823 1285 5892 accepisti
1308 5823 1685 5896 nmguitudincm
1710 5823 1867 5876 decla-

265 5911 458 5950 rasus.

606 5992 873 6052 Pnaoc
930 5997 1047 6052 Gn.
1104 5991 1315 6052 l.\'lll.

1176 428 1238 484 IN
1280 419 1684 481 διΑτιίιΑᾳωι
1727 415 1958 473 1103111..
1999 418 2184 474 LXIV.
2225 418 2293 473 al.
2339 419 2496 477 LXV.

3387 423 3491 480 GH

1911 529 2032 585 dem
2075 532 2338 602 accipere.
2381 533 2487 589 Sed
2518 533 2617 589 hoc
2648 550 2754 590 non
2783 534 2932 598 dicit,
2961 553 3027 590 ne
3062 537 3178 589 illos
3210 535 3262 590 in
3301 552 3492 609 supcr-

1909 622 2046 678 biam
2074 624 2362 692 conjiceret
2391 642 2404 678 :
2432 625 2664 679 ostendit
2693 635 2871 680 autem
2903 635 3072 680 totum
3111 643 3177 682 ex
3204 628 3321 696 ejus
3347 629 3496 683 beni-

1908 715 2112 784 gnitate
2142 731 2280 777 esse.
2324 715 2546 786 ejusque
2574 734 2676 786 ope
2715 719 2858 787 ipsos
2907 735 3012 772 non
3061 719 3305 788 lapsuros
3350 735 3490 786 esse,

1909 806 2003 860 sed
2035 805 2317 860 ineffabilia
2349 808 2484 861 bona
2512 820 2956 876 consequuturos.
3016 808 3084 864 Et
3127 809 3226 865 hoc
3264 812 3496 867 maxime

1911 908 1992 953 est
2020 897 2162 966 quod
2192 913 2286 968 per
2314 897 2450 953 hanc
2497 901 2801 968 parabolam
2832 902 2944 954 vult
2968 904 3202 957 elliccrc.
3249 903 3404 971 Quod
3449 902 3494 958 si

1913 991 2220 1062 sohjungat,
2271 992 2338 1045 Et
2387 1004 2534 1046 erant
2573 994 2834 1054 novissimi
2864 996 3034 1063 primi,
3085 1005 3130 1049 et
3156 995 3303 1062 primi
3331 997 3498 1049 novis-

1913 1084 2047 1147 simi,
2089 1093 2176 1147 et,
2221 1083 2374 1137 Multi
2405 1085 2538 1137 enim
2575 1094 2692 1138 sunt
2743 1086 2939 1151 vocati,
2984 1087 3132 1156 pauci
3170 1103 3286 1140 vero
3331 1088 3493 1146 electi,

1916 1191 1981 1229 ne
2012 1176 2242 1230 mireris.
2266 1175 2379 1230 Non
2401 1176 2542 1230 enim
2573 1175 2674 1231 hoe
2697 1177 2846 1247 quasi
2872 1193 2936 1231 ex
2967 1179 3213 1246 parabola
3242 1179 3499 1247 colligens

1915 1267 2063 1331 dicit,
2097 1267 2190 1321 sed
2227 1268 2329 1324 hoc
2371 1267 2634 1337 significat
2684 1285 2696 1321 :
2741 1267 2889 1322 Sicut
2925 1270 3027 1323 hoc
3066 1270 3307 1340 contigit.
3338 1270 3414 1324 sic
3447 1279 3500 1324 et

1918 1357 2044 1412 illud
2077 1360 2368 1428 (Ontiugct.
2397 1359 2493 1413 llic
2519 1359 2662 1412 enim
2695 1375 2802 1412 non
2835 1359 2954 1413 facti
2985 1369 3108 1414 sunt
3137 1361 3294 1429 primi
3325 1361 3503 1414 novis-

1916 1450 2062 1511 simi.
2091 1451 2186 1505 sed
2211 1451 2399 1506 eadem
2425 1451 2696 1519 assequuti
2725 1462 2850 1506 sunt
2889 1467 3078 1506 omnes
3115 1462 3313 1522 praeter
3351 1468 3503 1521 spem

1917 1551 1970 1596 et
1994 1544 2476 1611 chpectationem.
2523 1544 2674 1599 Sicut
2698 1553 2875 1599 autem
2901 1545 3028 1600 illud
3055 1555 3248 1617 ιιι-πείσειν
3274 1561 3423 1616 spem
3450 1557 3509 1603 et

1917 1635 2372 1702 exsjurctatiouetn
2404 1639 2604 1700 evenit,
2633 1644 2686 1690 et
2715 1636 2803 1705 qui
2836 1647 3016 1705 postea
3047 1649 3326 1703 venerunt,
3361 1640 3505 1706 prio-

1920 1725 2068 1781 ribus
2095 1743 2251 1796 parcs
2279 1729 2491 1782 fuerunt
2525 1746 2538 1782 :
2569 1728 2638 1782 ita
2662 1739 2716 1783 et
2743 1729 2843 1782 hoc
2870 1729 3010 1798 quod
3041 1730 3210 1798 majus
3239 1739 3320 1784 est
3348 1732 3508 1784 miru-

1922 1817 2076 1872 bilius
2104 1818 2397 1890 Continget,
2429 1819 2568 1889 qnod
2609 1819 2816 1874 scilicet
2844 1821 3120 1876 novissimi
3149 1831 3274 1875 ante
3303 1823 3510 1892 priores

1920 1908 2027 1962 sint
2049 1949 2064 1973 ,
2108 1918 2161 1963 ct
2193 1909 2396 1977 priores
2440 1920 2559 1980 post
2599 1909 2942 1967 novissimos.
2973 1912 3126 1966 Aliud
3158 1912 3317 1983 igitur
3350 1913 3504 1978 illud,

1921 2001 2064 2055 aliud
2088 2002 2189 2057 hoc
2214 2011 2317 2057 est.
2339 2001 2556 2057 Videtur
2583 2012 2761 2058 autem
2785 2003 2886 2060 hoc
2909 2004 3042 2060 mihi
3067 2005 3267 2068 dicere,
3294 2005 3511 2061 Iudaeos

1924 2095 2286 2157 subindicans,
2336 2104 2392 2148 et
2435 2095 2619 2149 tidcles
2649 2096 2766 2150 illos
2789 2097 2880 2166 qui
2907 2113 2938 2152 e
2969 2096 3229 2167 principio
3257 2098 3509 2160 ﬂoruere.

1924 2184 2226 2255 deindcque
2255 2187 2494 2254 neglecta
2522 2186 2718 2242 virtute
2745 2199 2890 2242 retro
2922 2199 3239 2252 ccsscrunt;
3283 2190 3510 2260 illosque

1924 2289 2133 2342 rursus,
2157 2277 2247 2346 qui
2273 2292 2304 2330 a
2340 2279 2572 2348 nequitia
2595 2293 2950 2350 emergentes.
2981 2282 3178 2334 multos
3201 2291 3510 2338 antecesse-

1926 2378 2070 2422 runt.
2133 2369 2265 2425 Nam
2313 2369 2637 2428 salutationes
2691 2373 2810 2428 illas
2854 2383 2904 2429 et
2957 2374 3008 2428 in
3061 2375 3163 2431 tide
3206 2386 3262 2431 et
3309 2376 3362 2430 in
3408 2377 3512 2432 vita

1926 2459 2192 2514 videmus.

2011 2549 2123 2604 Vita
2150 2553 2279 2606 bona
2303 2563 2351 2607 ct
2376 2565 2509 2608 recta
2540 2555 2666 2624 [idos
2689 2556 2758 2611 ad
2781 2557 2997 2611 salutem
3025 2561 3335 2614 necessarias.
3381 2559 3514 2614 Pars

1928 2643 2124 2698 virtutis
2171 2657 2457 2717 contempta
2501 2648 2878 2703 damnationem
2934 2650 3104 2716 a/Icrt.
3171 2651 3519 2722 Eteomosyme

1929 2737 2107 2788 modus
2136 2738 2266 2803 quis.
2297 2767 2368 2778 —
2391 2738 2783 2804 Quamobrem,
2835 2741 3092 2808 obsecro,
3148 2747 3272 2797 tntis
3313 2744 3516 2802 viribus

1932 2828 2265 2893 stuilvamus,
2316 2841 2372 2883 ut
2414 2831 2464 2885 in
2500 2840 2640 2885 recta
2677 2833 2780 2887 tide
2817 2844 3041 2898 stemus,
3086 2847 3139 2891 et
3175 2839 3337 2892 vitam
3380 2840 3522 2908 opti-

1928 2935 2072 2974 mam
2095 2921 2461 2977 cxhibeamus.
2478 2921 2585 2977 Nisi
2611 2925 2754 2979 enim
2783 2925 2944 2980 vitam
2973 2927 3076 2982 fiilc
3102 2939 3282 2984 nostra
3303 2929 3516 3000 dignam

1933 3013 2210 3076 ducamus,
2251 3023 2526 3069 cstrmnas
2551 3015 2796 3070 dabimus
2827 3033 3028 3086 pinnas.
3079 3020 3143 3074 Et
3174 3019 3274 3074 hoc
3303 3036 3369 3076 ex
3403 3021 3514 3091 pri-

1929 3105 2040 3162 scis
2066 3104 2171 3161 illis
2197 3107 2524 3177 temporibus
2557 3106 2852 3164 declaravit
2898 3111 3084 3166 beatus
3132 3109 3348 3180 Paulus,
3391 3129 3516 3168 cum

1934 3197 2068 3254 dixit
2109 3215 2127 3258 ;
2178 3197 2364 3253 Omnes
2405 3201 2630 3254 eumdem
2665 3217 2830 3254 escam
2869 3204 3186 3273 spiritualem
3231 3206 3519 3260 manduca-

1935 3301 2133 3355 vcruut,
2180 3300 2226 3346 ct
2268 3307 2439 3346 omnes
2476 3293 2705 3346 eumdem
2734 3305 2905 3364 potum
2934 3297 3248 3365 spiritualcm
3289 3299 3518 3352 biberunt

1941 3385 2016 3453 (1.
2044 3384 2164 3438 Cor.
2190 3385 2276 3441 10.
2306 3386 2401 3442 3—5
2424 3388 2462 3457 ),
2490 3387 2740 3458 additque
2768 3405 2872 3443 non
2901 3391 3126 3446 salutem
3157 3403 3344 3447 nactos
3374 3408 3516 3456 οεςιι,

1937 3484 1992 3532 et
2026 3475 2080 3530 in
2105 3476 2324 3530 deserto
2352 3487 2652 3546 prostratos
2683 3479 2872 3533 fuisse.
2904 3476 3145 3548 ldipsum
3171 3490 3224 3534 et
3255 3482 3322 3537 de
3354 3497 3522 3537 evan-

1939 3567 2143 3638 gelistis
2169 3567 2388 3637 (Matth.
2419 3569 2476 3624 7.
2497 3571 2590 3623 εἰ.
2618 3570 2711 3640 25)
2737 3571 2992 3624 Christus
3024 3571 3340 3636 declaravit,
3368 3575 3528 3631 indu-

1937 3675 2066 3715 cens
2089 3661 2354 3731 quosdam
2377 3662 2469 3730 qui
2494 3662 2772 3717 daemonas
2794 3661 3066 3734 cjccerant
3086 3673 3137 3717 et
3161 3667 3519 3735 prophetavc-

1936 3761 2082 3817 rant,
2103 3762 2155 3807 ct
2170 3753 2235 3806 ad
2256 3753 2586 3822 supplicium
2603 3754 2822 3809 abducti
2848 3753 3085 3808 fuerant.
3105 3755 3183 3807 Ad
3205 3756 3318 3811 haec
3333 3773 3524 3816 omnes

1941 3844 2058 3915 ejus
2083 3843 2388 3915 parabolae;
2420 3844 2606 3913 quales
2633 3843 2736 3897 illae
2761 3844 3045 3914 virginum,
3077 3859 3310 3916 sugenae,
3345 3845 3526 3914 spina-

1943 3951 2084 4001 rum,
2123 3934 2331 3988 arboris
2377 3935 2602 3988 fructum
2649 3951 2754 3989 non
2799 3935 3060 4001 facientis,
3108 3937 3362 3991 virtutem
3399 3952 3521 3990 cum

1945 4026 2196 4096 operibus
2242 4026 2483 4097 exigunt.
2535 4026 2609 4082 De
2634 4026 2975 4097 dogmatibus
3001 4045 3126 4083 raro
3151 4029 3389 4094 disserit,
3433 4028 3525 4083 illa

1945 4119 2144 4191 quippe
2193 4118 2373 4174 labore
2414 4135 2519 4174 non
2551 4129 2740 4190 egent;
2773 4121 2842 4175 de
2867 4121 2972 4174 vita
3001 4133 3180 4178 autem
3205 4137 3374 4193 saepe,
3422 4122 3531 4177 imo

1948 4211 2173 4279 ubique;
2201 4220 2514 4279 perpetuum
2542 4213 2686 4266 enim
2708 4212 2901 4266 bellum
2925 4228 2987 4267 ca
3017 4214 3067 4267 in
3094 4229 3153 4268 re
3177 4215 3372 4284 agitur,
3397 4214 3536 4270 ideo

1948 4315 2054 4371 qna
2096 4300 2246 4355 labor
2273 4301 2342 4356 ibi
2387 4301 2656 4356 assiduus.
2703 4301 2904 4371 Ecquid
2950 4303 3139 4374 loquor
3177 4305 3244 4358 de
3285 4305 3536 4360 universo

1951 4393 2075 4446 vita:
2121 4393 2401 4446 mstituto?
2449 4392 2578 4448 Pars
2624 4393 2769 4448 enim
2817 4395 2959 4450 illius
3003 4406 3308 4466 contempta
3343 4414 3538 4467 magna

1953 4485 2112 4540 intcrt
2147 4485 2319 4548 mala;
2369 4487 2601 4556 exempli
2645 4501 2802 4540 causa
2833 4505 2846 4540 :
2879 4489 3226 4560 clecmosyna
3257 4491 3495 4560 neglecta
3521 4533 3539 4552 .

1951 4577 2208 4636 socordes
2247 4578 2298 4632 in
2339 4579 2639 4648 gehennam
2680 4579 2936 4649 conjicit;
2969 4581 3097 4635 licet
3135 4598 3240 4638 non
3286 4581 3534 4637 universa

1953 4669 2125 4724 virtus
2171 4668 2262 4734 sit,
2311 4668 2403 4724 scd
2455 4685 2576 4740 pars
2615 4679 2821 4726 tantum
2853 4674 2994 4740 ejus.
3026 4675 3277 4728 Attamen
3309 4673 3544 4744 virgines

1957 4761 2098 4833 quod
2143 4761 2241 4816 hac
2286 4763 2484 4818 virtute
2525 4773 2728 4818 ornata:
2776 4781 2882 4820 non
2928 4775 3129 4828 essent,
3165 4781 3351 4835 po-nas
3375 4767 3542 4821 ἀνύει

1957 4863 2084 4907 runt
2126 4871 2139 4907 :
2187 4853 2336 4908 dives
2372 4868 2585 4924 quoque
2631 4855 2730 4911 bac
2768 4857 2836 4911 de
2873 4872 3030 4913 causa
3075 4859 3438 4928 torquebatur.
3491 4868 3546 4912 ut

1957 4945 2049 5014 qui
2079 4944 2376 5000 famelicum
2410 4962 2515 5000 non
2545 4948 2810 5012 cibarunt,
2850 4963 2912 5001 ea
2951 4947 3020 5002 de
3067 4963 3224 5002 causa
3269 4963 3392 5001 cum
3434 4947 3548 5001 dia-

1963 5038 2086 5092 bolo
2113 5039 2552 5092 condemnamur.
2583 5038 2791 5094 Rursus
2820 5055 2923 5092 non
2965 5040 3287 5094 maledicere
3315 5054 3438 5106 pars
3465 5050 3546 5096 cst

1962 5135 2082 5204 ejus
2108 5134 2324 5187 minima
2357 5150 2370 5186 :
2404 5142 2459 5186 et
2501 5143 2675 5187 tamen
2715 5135 2814 5187 hoc
2853 5135 3014 5186 etiam
3053 5132 3288 5185 excludit
3325 5148 3418 5186 eos
3458 5132 3549 5196 qui

1965 5243 2070 5281 non
2099 5226 2368 5278 abstinent
2402 5241 2415 5276 :
2444 5225 2517 5277 ait
2547 5226 2708 5285 cnim,
2767 5225 2863 5288 Qui
2904 5225 3087 5276 dixerit
3128 5224 3278 5294 fratri
3312 5241 3426 5288 suo,
3456 5222 3554 5274 Fa-

1966 5327 2068 5380 tue,
2117 5333 2231 5370 reus
2281 5315 2370 5369 erit
2417 5315 2656 5384 grltrima'
2701 5317 2830 5384 ignis
2877 5315 3086 5384 (Μαίη).
3194 5314 3310 5384 22).
3347 5315 3550 5368 Rursus

1966 5409 2292 5462 continentia
2338 5420 2548 5476 quoque
2596 5423 2715 5476 pars
2759 5408 2968 5460 virtutis
3009 5418 3109 5461 est.
3162 5409 3406 5462 Attamen
3436 5411 3552 5460 sine

1970 5501 2055 5554 illa
2086 5515 2243 5553 nemo
2273 5499 2474 5552 videbit
2505 5499 2786 5552 Dominum
2819 5516 2830 5552 :
2871 5497 3056 5551 Pacem
3092 5499 3257 5564 enim,
3309 5499 3402 5561 ait,
3437 5516 3554 5566 per-

1968 5592 2254 5660 sequimiui,
2300 5599 2347 5643 et
2374 5590 2780 5649 sanctimonimu.
2809 5593 2915 5644 sine
2942 5608 3041 5659 qua
3070 5609 3212 5644 uento
3240 5591 3419 5644 videbit
3450 5589 3555 5643 Do-

1972 5687 2160 5737 minum
2185 5681 2369 5755 (Hebr.
2405 5680 2490 5737 12.
2529 5681 2635 5751 lt).
2670 5681 2949 5737 llumilitas
2973 5683 3218 5738 similiter
3249 5685 3419 5753 portio
3445 5684 3553 5738 vir-

1975 5777 2103 5833 tutis
2149 5784 2233 5832 est
2285 5791 2301 5828 :
2347 5784 2582 5830 attamen
2631 5775 2674 5830 si
2719 5778 2838 5847 quis
2884 5787 3075 5832 ca-tcra
3123 5777 3260 5831 bona
3302 5786 3452 5848 agat,
3503 5785 3558 5830 et

1978 5878 2115 5932 hanc
2134 5888 2239 5930 non
2274 5879 2528 5937 sectetur,
2563 5869 2801 5942 impurus
2829 5880 2909 5926 est
2935 5872 3070 5942 apud
3099 5872 3262 5926 Deum
3291 5891 3303 5932 ;
3334 5871 3382 5925 id
3413 5868 3554 5940 quod

3181 5991 3250 6050 10
