3990 6216
590 415 696 466 iil'a

587 532 758 600 palam
788 541 869 585 cst
896 546 960 586 ex
993 532 1284 597 Pharisaao,
1328 534 1413 601 qui
1445 535 1709 586 sexcentis
1739 543 1958 587 ornatus
1986 535 2159 598 bouis,

587 634 711 676 t-tne
744 623 921 677 omnia
960 623 1209 694 perdidit.
1244 624 1357 692 Ego
1385 640 1511 679 vero
1539 627 1666 694 quid
1713 627 1941 695 amplius
1981 627 2163 680 dicen-

587 719 713 769 dum
768 717 959 773 habeo.
1006 717 1191 788 Neque
1234 718 1377 772 enim
1423 735 1524 773 uua
1574 718 1743 772 Solum
1798 735 1884 773 res
1927 721 2166 790 neglecta

580 809 779 863 claudit
828 808 981 863 nobis
1007 810 1222 873 cadum,
1266 808 1362 865 sed
1392 811 1437 863 si
1467 811 1557 863 liat
1583 810 1817 880 quidem,
1845 810 1936 865 sed
1968 827 2070 864 non
2101 825 2163 865 ea

579 917 738 968 quam
763 900 917 956 decet
944 900 1215 979 diligentia
1243 917 1304 955 ac
1337 904 1564 966 fervore,
1609 902 1841 974 idipsum
1874 904 1998 960 facit
2035 924 2048 959 :
2090 909 2164 962 ait

581 992 719 1046 enim
752 1008 766 1045 :
802 990 920 1045 Nisi
945 992 1272 1047 abundaverit
1288 994 1490 1064 justitia
1530 1006 1691 1049 vestra
1717 997 1831 1066 plus
1853 1014 2005 1063 quant
2032 999 2159 1051 scri-

582 1083 755 1137 barum
782 1093 827 1137 et
854 1084 1255 1151 Pharisaeorum,
1289 1102 1388 1139 non
1408 1086 1658 1141 itttrabitis
1686 1088 1738 1140 iu
1767 1105 1976 1159 regnum
2005 1090 2160 1143 caelos

577 1195 689 1232 ram
726 1176 938 1250 (Matth.
979 1180 1032 1234 5.
1063 1178 1177 1250 20).
1228 1178 1409 1251 Itaque
1433 1180 1477 1234 si
1499 1180 1894 1251 eleemosyuam
1924 1182 2155 1243 dederis,

579 1286 675 1323 nec
725 1270 876 1339 copia
931 1271 1149 1339 tttajorc,
1202 1287 1360 1341 quam
1411 1270 1507 1335 illi,
1538 1286 1605 1326 eo
1646 1287 1752 1326 non
1797 1272 2042 1326 intrabis.
2093 1272 2159 1328 Et

575 1375 831 1428 quantum
861 1361 933 1416 illi
965 1361 1276 1432 praebebant
1312 1361 1714 1433 eleemosynm?
1760 1362 1872 1417 Hoc
1909 1378 2009 1431 ego
2036 1364 2161 1417 vitio

575 1470 719 1509 nunc
742 1455 940 1519 dicere,
966 1464 1023 1509 ιιι
1045 1455 1133 1525 qui
1161 1470 1266 1511 non
1292 1455 1442 1518 dant,
1473 1454 1538 1510 ad
1572 1455 1805 1510 dandum
1836 1456 2153 1522 excitentur,

572 1547 664 1616 qui
692 1562 818 1602 vero
844 1546 992 1609 dant,
1040 1561 1107 1601 ne
1148 1546 1313 1600 altum
1344 1546 1575 1615 sapiant,
1615 1546 1709 1600 sed
1744 1547 1892 1615 plura
1924 1546 2156 1617 largian-

581 1652 685 1695 tur.
714 1639 849 1706 Quid
884 1639 1043 1706 igitur
1082 1638 1153 1692 illi
1179 1636 1416 1692 dabant?
1446 1638 1711 1692 Decimum
1739 1653 1917 1693 rerum
1941 1654 2154 1693 suarnnt

579 1735 839 1795 omnium,
890 1746 955 1785 ac
981 1746 1171 1784 rursus
1198 1730 1354 1784 aliam
1380 1730 1647 1785 decimam
1681 1732 1719 1793 ί,
1769 1729 1821 1784 ei
1851 1740 2035 1800 postea
2064 1730 2155 1785 de-

576 1825 771 1878 cimam
801 1824 956 1877 aliam
984 1826 1013 1886 ;‘
1048 1824 1117 1876 ita
1145 1829 1205 1876 ut
1230 1820 1341 1876 fere
1369 1822 1579 1877 tertiam
1612 1832 1815 1893 partem
1846 1823 2155 1877 substantim

552 1932 681 1971 sua:
729 1914 918 1971 darent
958 1933 973 1969 :
1021 1930 1143 1968 nam
1190 1922 1298 1969 tres
1347 1913 1570 1970 decima:
1618 1914 1760 1968 illam
1792 1929 1926 1984 pene
1951 1914 2153 1968 consti-

570 2016 741 2061 tuttttt.
795 2006 920 2061 Post
964 2005 1077 2060 haec
1124 2015 1300 2061 autem
1346 2006 1626 2077 primitias,
1676 2005 2047 2075 primogenita,
2099 2014 2153 2061 et

573 2100 677 2153 alia
710 2098 957 2167 plurima,
1007 2109 1064 2152 ttt
1112 2113 1208 2167 pro
1257 2099 1506 2167 peccatis,
1538 2112 1634 2167 pro
1673 2097 2151 2167 puriﬂtatiouibus,

563 2205 686 2260 qua:
724 2190 775 2244 itt
810 2189 978 2253 festis,
1011 2206 1130 2259 qua:
1158 2191 1208 2243 in
1232 2190 1470 2259 jubila-o,
1499 2205 1618 2258 qua:
1647 2189 1696 2243 in
1727 2188 2026 2244 debitorum
2058 2190 2150 2245 ab-

566 2282 847 2348 seissione,
900 2291 956 2335 et
1001 2296 1278 2337 servorum
1323 2282 1739 2345 dimissionilms,
1787 2291 1836 2336 et
1870 2283 1921 2336 in
1952 2283 2150 2337 mutuis

562 2375 764 2445 absque
804 2374 1036 2429 .ftenore.
1088 2374 1142 2429 Si
1186 2385 1364 2429 autem
1409 2374 1618 2427 tertiam
1666 2391 1892 2445 erogans
1917 2385 2144 2446 partem,

563 2467 670 2523 imo
706 2478 761 2524 et
787 2467 1062 2523 dimidium
1098 2468 1243 2537 (nam
1271 2469 1495 2522 collecta
1525 2467 1639 2522 lucc
1663 2469 1839 2522 omnia
1867 2469 2145 2524 dimidium

558 2560 846 2625 efficiunt),
889 2557 933 2613 si
972 2558 1063 2629 qui
1106 2557 1382 2612 ditttidittttt
1431 2557 1542 2621 dat,
1596 2558 1725 2611 nihil
1768 2560 1941 2628 magni
1984 2559 2144 2613 facit:

559 2650 650 2717 qui
682 2666 751 2704 tte
778 2650 1041 2705 decimam
1069 2649 1284 2718 quidem
1326 2660 1530 2718 partem
1559 2659 1763 2719 erogat,
1803 2652 1929 2721 quid
1967 2666 2142 2706 mere-

559 2740 734 2794 bitur?
768 2739 898 2794 iure
929 2756 1054 2809 ergo
1080 2740 1240 2802 dixit,
1277 2739 1442 2793 Pauci
1466 2740 1593 2792 salvi
1621 2741 1768 2801 ﬁunt.

630 2831 683 2885 5.
729 2831 803 2885 Ne
826 2830 1002 2899 itaque
1030 2830 1389 2900 dcspicianttts
1416 2839 1715 2883 accuratum
1748 2831 1955 2885 vivendi
1985 2833 2117 2887 ratio

562 2941 704 2980 nem.
759 2924 813 2979 Si
866 2924 1009 2978 enim
1059 2940 1181 2993 pars
1222 2923 1433 2977 virtutis
1476 2924 1713 2992 neglecta
1753 2932 1950 2977 tantam
1988 2924 2142 2979 affert

561 3015 874 3085 pernicicttt,
920 3030 1041 3068 cutn
1094 3013 1325 3083 undique
1361 3012 1561 3083 judicio
1606 3022 1660 3067 et
1708 3013 2136 3069 condemnationi

558 3108 775 3163 obnoxii
822 3106 1070 3171 erimus,
1118 3104 1386 3177 quomodo
1430 3105 1746 3175 supplicium
1785 3104 2137 3175 emigiemus?

554 3215 690 3269 quas
718 3215 845 3256 vero
868 3214 1062 3270 poenas
1093 3216 1196 3253 non
1225 3197 1470 3252 dabimus
1491 3197 1599 3260 ?ct,
1616 3212 1883 3265 quanam,
1907 3198 2134 3267 inquies,

550 3292 709 3346 nobis
735 3293 839 3347 erit
867 3307 991 3361 spes
1015 3290 1223 3354 salutis,
1260 3288 1304 3343 si
1334 3289 1539 3360 singula
1562 3306 1682 3359 qua:
1708 3289 2137 3344 enumerarimus

553 3383 852 3452 gehennam
886 3383 1039 3437 nobis
1058 3382 1494 3437 cornmiuantur?
1525 3382 1648 3436 I’lzcc
1682 3383 1831 3437 vobis
1856 3383 1977 3437 dico
2008 3402 2021 3438 :
2049 3401 2137 3437 re-

555 3490 854 3532 rttuttamen
884 3478 934 3531 si
976 3475 1339 3539 attendamus,
1387 3476 1613 3528 salutem
1651 3476 1905 3546 consequi
1950 3491 2133 3545 possu-

556 3583 694 3627 mus.
726 3568 769 3621 si
798 3566 1152 3637 electnosynze
1178 3564 1479 3620 remedium
1507 3564 1876 3621 adhibeamus.
1928 3576 1982 3621 ct
2013 3568 2128 3622 vul-

554 3674 683 3714 nera
722 3674 991 3715 curemus.
1039 3658 1152 3713 Non
1181 3658 1323 3713 enim
1351 3658 1529 3713 oleum
1558 3659 1627 3712 ita
1657 3674 1851 3729 corpus
1876 3660 2092 3715 roborat
2119 3702 2132 3725 ,

551 3766 609 3807 ut
640 3753 1006 3809 miscriccrdia
1042 3753 1275 3807 animam
1321 3760 1377 3807 et
1420 3753 1624 3807 ﬁrmam
1656 3763 1709 3807 et
1738 3753 1989 3807 invictam
2018 3768 2134 3807 out-

551 3845 711 3900 nibus
752 3843 948 3907 reddit,
979 3843 1551 3913 inexpugnabilemque
1589 3843 1807 3898 diabolo
1844 3862 1857 3897 :
1888 3845 2131 3898 ubicum-

548 3956 654 4010 que
696 3942 837 3997 enim
882 3942 1105 4011 ceperit,
1148 3938 1326 3993 statim
1366 3939 1636 4003 dilabitur,
1670 3954 1790 3993 cum
1818 3939 1994 3991 oleum
2024 3953 2131 3992 non

547 4037 688 4091 sinat
712 4051 835 4089 eum
866 4034 1121 4088 humeros
1151 4032 1555 4102 apprchendere
1587 4033 1828 4087 manibus
1850 4043 1899 4086 et
1924 4040 2127 4087 tenere.

555 4128 666 4182 lloc
692 4128 869 4195 itaque
892 4126 1012 4179 oleo
1039 4140 1135 4185 nos
1166 4124 1475 4193 frequenter
1506 4139 1789 4193 ungatnus.
1836 4123 1967 4178 Nam
2003 4125 2129 4180 illud

544 4228 633 4272 est
668 4218 913 4273 sanitatis
940 4226 1338 4286 argumentum,
1371 4214 1651 4284 lucemque
1685 4216 2054 4271 subministrat
2078 4227 2129 4271 et

545 4307 908 4377 splendorem.
939 4309 1004 4361 At
1032 4307 1140 4372 ille,
1173 4306 1406 4377 inquies,
1445 4315 1522 4360 tot
1546 4315 1601 4360 et
1633 4315 1709 4361 tot
1743 4306 1898 4361 habet
1933 4308 2128 4362 talenta

546 4401 684 4464 auri,
710 4409 765 4454 et
789 4398 1146 4469 nihil-erogat.
1179 4398 1249 4452 Et
1270 4397 1397 4468 quid
1422 4398 1523 4451 hoc
1550 4396 1616 4452 ad
1647 4399 1739 4452 te?
1775 4398 1865 4453 Sic
1891 4410 1943 4452 tu
1971 4400 2127 4455 mira-

546 4495 706 4549 bilior
744 4493 872 4558 eris,
921 4493 964 4549 si
994 4507 1060 4547 ex
1103 4500 1411 4563 paupertate
1453 4490 1725 4545 liberalior
1772 4490 1865 4545 illo
1904 4492 1997 4547 sis.
2039 4491 2131 4547 Sic

546 4585 862 4640 Macedonas
908 4584 1105 4639 Paulus
1149 4583 1371 4637 miratus
1414 4592 1495 4636 est
1544 4581 1619 4651 (Ξ.
1649 4581 1765 4635 Cor.
1792 4582 1843 4638 9.
1872 4583 1971 4650 2);
2022 4599 2127 4637 non

544 4681 685 4751 quod
713 4679 1068 4751 largirentur,
1109 4676 1207 4732 sed
1241 4676 1381 4746 quod
1419 4691 1483 4729 ea
1526 4683 1839 4745 paupertate
1875 4691 1966 4731 sua
2018 4675 2127 4731 lar-

543 4775 801 4843 giretttttr.

622 4864 698 4918 De
728 4864 845 4917 aliis
877 4879 978 4916 non
1004 4860 1363 4931 judicattduut.
1393 4887 1463 4899 --
1491 4858 1565 4912 Ne
1608 4858 1768 4927 igitur
1793 4860 1857 4914 ad
1889 4859 2011 4913 illos
2039 4875 2127 4915 re-

544 4956 761 5023 sbicias,
788 4954 884 5009 sed
914 4953 980 5007 ad
1002 4967 1347 5007 conttuuuem
1375 4950 1611 5005 omnium
1638 4953 1917 5009 doctorem
1946 4954 1967 4984 ²
1985 4994 1999 5015 .
2034 4953 2123 5022 (ιηῖ

549 5064 656 5103 non
712 5047 942 5102 habebat
987 5045 1075 5098 ubi
1118 5054 1281 5113 caput
1323 5059 1478 5099 suum
1522 5044 1823 5098 reclinaret.
1880 5045 1945 5098 Et
1992 5060 2125 5110 cur,

549 5140 778 5211 inquies,
822 5139 906 5193 hic
934 5147 987 5192 et
1018 5139 1107 5191 ille
1130 5136 1233 5191 hoc
1263 5152 1366 5189 tton
1404 5136 1647 5189 faciunt?
1689 5135 1766 5191 Ne
1805 5137 2129 5191 condemnes

549 5234 731 5293 alium,
760 5229 854 5284 sed
885 5229 1112 5297 teipsum
1138 5228 1461 5282 accusationi
1488 5226 1742 5287 subtrahe
1766 5244 1778 5278 :
1809 5242 1930 5279 nam
1959 5228 2129 5293 majus

547 5324 867 5394 supplicium
919 5322 1044 5386 erit,
1089 5321 1132 5373 si
1178 5329 1402 5375 ca-teros
1450 5320 1813 5376 accusaveris,
1851 5332 1971 5371 eum
2018 5318 2129 5385 ipse

549 5436 652 5473 uou
705 5418 907 5482 facias;
953 5430 1073 5471 eum
1128 5414 1196 5469 de
1236 5413 1356 5467 aliis
1399 5411 1647 5484 judicans
1694 5409 1869 5481 cidem
1915 5411 2126 5465 crimini

612 5594 627 5625 ³
656 5598 780 5646 luce.
809 5603 866 5639 ac.
904 5602 1073 5639 rursus
1095 5586 1241 5637 aliaat
1276 5584 1512 5635 decimam
1531 5622 1545 5645 ,
1572 5585 1621 5633 ιιι
1646 5583 1808 5632 Morel.
1845 5584 2129 5632 omittuntur

548 5668 635 5714 per
659 5651 1090 5714 bomnvtelenton.
1114 5649 1250 5714 Quod
1270 5654 1433 5714 autem
1460 5646 1537 5694 hic
1557 5647 1911 5714 _dicit,Attem|:e
1949 5647 2131 5693 scribas

550 5706 601 5762 ἱιι
625 5714 886 5761 t‘hariszcos
925 5706 1168 5762 dimidiam
1213 5706 1418 5763 singulis
1459 5709 1599 5757 annis
1641 5708 1885 5755 t‘cdltuttm
1931 5720 2126 5754 suorum

551 5783 735 5833 partem
762 5778 806 5822 in
823 5773 1182 5834 eletantosytum
1205 5770 1427 5824 dedisse,
1455 5769 1638 5834 nescio
1657 5782 1716 5815 an
1742 5768 1933 5834 probari
1959 5771 2126 5830 possit.

553 5830 730 5881 \ierum
757 5837 801 5881 ia
828 5830 1141 5881 concinnatae
1160 5846 1253 5880 non
1280 5838 1409 5879 tanta
1432 5831 1672 5879 accuratio
1696 5830 1979 5891 postulatur.

613 5897 634 5928 ί
674 5895 775 5941 ΑΜ.
802 5895 886 5942 .rd
908 5897 969 5941 ad
988 5905 1278 5941 ποιιιηιτησηι
1299 5892 1506 5940 muniam
1535 5890 1778 5939 I'omim'ut
1803 5900 1845 5941 rt
1868 5890 1954 5942 dcc
1971 5905 2119 5941 orem.

1414 417 1468 468 Ξ.
1511 415 1788 469 JOANNIS
1812 414 2641 474 CIIRYSOSTOMIAltillllEP.
2686 422 3215 481 (ONSTANTINOP.
3702 437 3780 496 om

2278 534 2393 603 ipse
2441 537 2704 593 obnoxius
2727 542 2853 597 eris.
2908 543 2964 597 Si
2990 545 3133 599 enim
3163 561 3231 600 ne
3266 547 3449 615 probos
3474 551 3666 620 quidem
3688 572 3777 626 per-

2272 628 2433 682 mittit
2484 630 2551 683 de
2609 632 2727 686 aliis
2781 635 3053 703 judicare,
3109 640 3275 693 ntulto
3317 642 3482 697 minus
3527 660 3774 715 peccantes.

2270 718 2347 773 Ne
2378 719 2554 789 itaque
2579 721 2647 775 de
2676 724 2794 777 aliis
2816 724 3137 793 judicemns,
3187 745 3255 784 ne
3282 731 3347 784 ad
3377 748 3553 801 segnes
3578 738 3777 806 respicia-

2271 827 2425 891 mus,
2468 814 2562 868 sed
2612 817 2677 871 ad
2731 817 3012 873 Dominum
3062 820 3246 877 Jesum
3284 822 3563 893 Christum,
3608 838 3655 883 et
3690 832 3779 887 inde

2268 905 2569 974 exemplum
2594 920 2889 963 sumamus.
2921 910 3054 965 Num
3097 928 3195 982 ego
3240 922 3292 968 te
3322 912 3579 970 beneﬁciis
3599 924 3778 976 ornari?

2268 1013 2392 1052 num
2416 1013 2517 1068 ego
2543 1008 2595 1055 te
2624 1000 2847 1066 redemi,
2877 1013 2933 1057 ut
2963 1005 3027 1058 ad
3054 1021 3137 1059 me
3161 1006 3450 1075 respicias?
3479 1008 3610 1064 Alius
3631 1020 3776 1083 estqui

2269 1087 2382 1141 lucc
2412 1088 2504 1142 tibi
2534 1091 2710 1143 omnia
2742 1091 2961 1162 largitus
2987 1103 3088 1148 est.
3135 1095 3244 1149 Cur
3274 1097 3456 1151 relicto
3492 1098 3699 1164 Domino,
3729 1106 3775 1157 ad

2265 1194 2585 1234 conservum
2637 1184 2798 1237 vertis
2847 1184 3071 1238 oculos?
3118 1184 3233 1240 Non
3278 1188 3466 1241 audisti
3507 1205 3614 1244 eum
3638 1190 3775 1247 dicen-

2266 1278 2372 1323 tem
2428 1290 2440 1323 :
2489 1270 2679 1325 Discite
2717 1290 2750 1326 a
2798 1291 2879 1329 me
2922 1276 3042 1343 quia
3091 1278 3224 1332 mitia
3258 1294 3366 1331 sum
3396 1288 3440 1333 et
3465 1282 3647 1335 humilis
3667 1287 3775 1337 corde

2264 1362 2476 1431 (.ilattlt.
2502 1364 2588 1418 il.
2613 1364 2747 1434 29)?
2776 1380 2837 1419 ac
2864 1381 3093 1433 rursum,
3129 1368 3229 1435 Qui
3267 1372 3369 1422 vult
3404 1370 3454 1423 iu
3491 1371 3610 1425 vobis
3632 1376 3776 1443 prima:

2263 1469 2388 1517 esse,
2429 1456 2494 1508 ait
2523 1457 2746 1509 omnium
2790 1458 3065 1513 minister?
3114 1471 3167 1515 et
3206 1476 3437 1526 rursum,
3488 1464 3618 1517 Sicut
3654 1464 3775 1519 Filius

2263 1544 2477 1597 hominis
2520 1562 2620 1600 non
2666 1548 2799 1601 venit
2840 1550 3137 1615 ministrari,
3179 1553 3269 1605 sed
3312 1554 3584 1606 ministrare
3610 1555 3771 1622 (Matth.

2260 1633 2349 1687 21).
2378 1635 2467 1687 26.
2500 1635 2635 1703 28)?
2676 1638 2752 1690 Ac
2790 1648 2972 1707 postea
3022 1654 3261 1703 rursum,
3307 1657 3372 1696 ne
3402 1643 3654 1697 oll'etuletts
3676 1661 3773 1698 cou-

2262 1738 2448 1779 δίει-νος
2495 1730 2690 1796 pigros.
2740 1729 2792 1782 itt
2837 1730 3155 1800 negligentia
3195 1733 3363 1798 vivas,
3403 1735 3469 1788 ab
3512 1736 3570 1789 iis
3603 1746 3645 1789 te
3682 1738 3772 1791 alts-

2267 1820 2483 1872 trahens
2527 1820 2597 1874 ait
2628 1837 2642 1876 :
2699 1820 3001 1890 Exemplum
3025 1823 3142 1877 dedi
3168 1824 3305 1879 vobis
3344 1829 3592 1893 mipsum,
3620 1831 3772 1881 utsicut

2257 1925 2349 1979 ego
2376 1911 2496 1979 feci,
2542 1921 2587 1963 et
2608 1927 2694 1963 vos
2716 1912 2916 1980 faciatis
2970 1911 3148 1983 (Joan.
3186 1915 3276 1970 l3.
3310 1916 3417 1985 15).
3455 1917 3551 1971 Sed
3594 1935 3680 1971 non
3716 1930 3772 1972 est

2261 2000 2349 2055 tibi
2383 2002 2637 2071 magister
2663 2004 2799 2057 ttllus
2831 2004 3274 2069 inter-viventes,
3329 2010 3416 2077 qui
3461 2020 3508 2063 te
3550 2012 3690 2079 possit
3725 2013 3770 2065 ad

2258 2108 2375 2148 eam
2419 2110 2531 2149 rem
2562 2095 2865 2151 deducere?
2905 2098 3071 2167 Major
3094 2115 3226 2168 ergo
3258 2102 3349 2155 tibi
3380 2102 3491 2155 laus
3519 2103 3610 2157 erit
3626 2113 3670 2157 et
3689 2104 3769 2171 glu-

2254 2186 2353 2251 ria,
2400 2188 2540 2254 qttod
2591 2188 2705 2242 sine
2746 2188 2968 2243 doctore
3015 2190 3277 2245 mirabilis
3330 2194 3601 2247 evaseris:
3641 2204 3767 2262 potest

2253 2278 2394 2332 enim
2424 2280 2550 2333 illml
2580 2279 2719 2343 fieri,
2750 2291 2803 2335 et
2828 2280 3041 2351 quidem
3074 2282 3249 2348 facile,
3281 2284 3323 2337 si
3350 2285 3579 2348 velimus,
3611 2294 3658 2338 ut
3679 2301 3768 2352 pm-

2253 2370 2409 2425 batur
2460 2387 2526 2426 ex
2569 2372 2633 2426 iis
2686 2373 2775 2443 qui
2826 2374 2983 2443 primi
3031 2374 3082 2427 id
3134 2376 3489 2443 perfecerunt.
3537 2387 3587 2431 ιιι
3625 2376 3766 2438 Noe‘.

2252 2461 2555 2526 Abraham,
2613 2462 2996 2530 Melchisedec,
3051 2465 3185 2527 Job.
3243 2467 3436 2537 aliique
3481 2469 3540 2522 iis
3583 2469 3768 2529 similes.

2254 2569 2391 2621 quos
2419 2569 2599 2623 operae
2627 2557 2856 2623 pretium
2890 2567 2975 2611 est
2999 2559 3240 2626 quotidie
3266 2560 3556 2629 respicere;
3592 2560 3669 2615 scd
3693 2576 3767 2613 non

2248 2661 2345 2701 eos
2387 2662 2521 2716 quos
2554 2664 2773 2717 semper
2818 2651 3163 2712 a-mulamioi,
3215 2662 3270 2706 ct
3309 2652 3360 2706 itt
3390 2653 3598 2709 canibus
3625 2653 3767 2706 vestris

2248 2738 2627 2795 circtttnfertis.
2691 2741 2830 2795 Nihil
2860 2743 3005 2796 enim
3047 2741 3192 2797 aliud
3224 2743 3418 2814 ubique
3455 2743 3614 2811 audio,
3650 2757 3766 2815 quant

2248 2830 2363 2886 haec
2412 2832 2571 2886 verba
2607 2851 2619 2886 :
2653 2832 2747 2888 llle
2794 2844 2867 2888 tot
2910 2844 2963 2887 et
3002 2843 3077 2887 tot
3121 2834 3314 2904 jugera
3361 2846 3513 2890 terra:
3549 2834 3766 2903 possidet,

2247 2921 2335 2977 ille
2363 2922 2512 2979 dives
2536 2933 2639 2989 est,
2674 2925 2760 2979 ille
2786 2925 3010 2979 :cdificia
3040 2928 3332 2981 construit.
3377 2925 3483 2982 Cur
3509 2926 3570 2980 ad
3593 2935 3767 2981 externa

2246 3010 2448 3077 inhias,
2475 3028 2508 3062 o
2534 3013 2721 3065 homo?
2744 3028 2840 3065 cur
2861 3014 2999 3068 alios
3026 3016 3294 3085 respicis?
3318 3016 3373 3071 Si
3399 3020 3476 3073 vis
3498 3018 3618 3073 alios
3638 3019 3763 3087 respi-

2244 3117 2388 3169 cere,
2428 3104 2624 3173 probos
2656 3113 2710 3158 et
2740 3104 2978 3160 illustres
3009 3107 3153 3161 viros
3183 3109 3492 3174 considera,
3524 3110 3605 3180 qtti
3638 3119 3761 3164 totam

2246 3195 2416 3265 legem
2438 3206 2692 3251 accurate
2711 3205 2952 3250 servant:
2980 3213 3084 3251 non
3108 3209 3294 3254 autem
3319 3217 3411 3256 eos
3433 3201 3519 3271 qui
3547 3203 3668 3256 illam
3688 3202 3766 3255 vio-

2240 3289 2358 3345 lant
2378 3299 2432 3344 et
2451 3304 2574 3345 eum
2596 3290 2860 3346 dedecore
2882 3292 3091 3346 vivunt:
3119 3308 3243 3347 nam
3267 3295 3313 3348 si
3336 3296 3400 3349 ad
3429 3297 3521 3349 hes
3540 3295 3760 3366 respicias.

2245 3385 2405 3438 tnttlta
2437 3383 2559 3437 hinc.
2587 3383 2800 3437 ltauries
2826 3383 2987 3445 mala,
3014 3383 3064 3436 in
3090 3382 3363 3452 ignaviam
3392 3392 3443 3437 et
3470 3378 3760 3446 arrogantiam

2242 3475 2464 3537 incides,
2507 3484 2834 3543 ca-ternsque
2879 3474 3176 3528 damnabis.
3238 3473 3296 3528 Si
3342 3488 3469 3527 vero
3508 3471 3674 3541 probos
3703 3481 3762 3519 te-

2240 3582 2483 3629 ceuseas,
2529 3567 2594 3620 ad
2630 3568 3006 3631 humilitatem,
3056 3564 3413 3635 diligentiam,
3457 3561 3759 3630 εοιιψιιιιιιιίοτ

2239 3674 2360 3712 nem
2389 3666 2441 3712 et
2467 3666 2717 3711 sexcenta
2760 3657 2897 3710 bona
2930 3666 2982 3711 te
3007 3656 3312 3725 apparabis.
3367 3655 3496 3711 Audi
3538 3652 3644 3723 quid
3679 3662 3759 3719 pas-

2237 3768 2331 3807 sus
2370 3752 2441 3805 sit
2488 3750 2807 3812 Pharisazus,
2838 3748 2979 3819 quod
3010 3749 3186 3802 missis
3214 3748 3399 3816 probis
3430 3747 3566 3810 viris,
3590 3744 3646 3798 ad
3672 3755 3763 3809 per:

2237 3852 2446 3897 cantem
2476 3842 2807 3911 respexerit;
2854 3841 3056 3895 audiet
3088 3840 3235 3893 time.
3284 3840 3412 3892 Vide
3456 3852 3600 3908 quant
3640 3833 3763 3888 utiia-

2238 3934 2359 3988 bilis
2404 3932 2566 3988 fuerit
2621 3932 2805 3999 David,
2856 3931 2997 4002 quod
3054 3931 3288 3999 majores
3333 3945 3456 3985 suos
3498 3930 3578 3999 qui
3617 3926 3764 3978 virtute

2239 4027 2498 4082 fulserunt
2526 4030 2835 4098 respiCeret.
2866 4028 3070 4080 Adrena
3109 4042 3201 4097 cga
3231 4042 3367 4089 sum,
3417 4023 3593 4092 inquit,
3621 4030 3660 4071 et
3681 4032 3763 4087 per-

2235 4121 2456 4191 egrinus,
2489 4121 2617 4174 sicut
2642 4136 2814 4173 omnes
2855 4129 3024 4189 patres
3067 4118 3163 4171 mei
3212 4116 3385 4186 (Psal.
3418 4116 3499 4170 58.
3534 4112 3632 4179 15).
3665 4108 3762 4163 Nam

2234 4221 2290 4266 et
2338 4212 2424 4266 ille
2450 4220 2505 4266 et
2530 4220 2785 4280 quotquot
2817 4210 2915 4276 ipsi
2943 4209 3143 4262 similes
3167 4218 3345 4271 erant,
3381 4205 3548 4261 missis
3572 4206 3762 4272 precato-

2234 4302 2412 4363 ribus,
2473 4303 2671 4355 virtute
2713 4301 3035 4370 conspicuus
3082 4299 3228 4353 viros
3269 4296 3583 4367 cogitabant.
3630 4289 3688 4343 Ita
3724 4293 3763 4336 et

2236 4403 2291 4448 ttt
2338 4393 2516 4447 facito.
2562 4391 2678 4447 Non
2709 4393 2852 4447 enim
2893 4402 2946 4446 ttt
2970 4391 3130 4461 jndex
3171 4390 3329 4445 sedes
3369 4388 3643 4441 alienorum
3668 4378 3763 4433 faci-

2237 4500 2461 4547 norum,
2507 4498 2623 4538 ncc‘
2650 4482 2935 4552 deputatus
2980 4498 3039 4537 es
3083 4482 3148 4537 ad
3203 4478 3544 4535 examinanda
3581 4474 3761 4527 aliorum

2235 4587 2453 4646 peccata
2504 4592 2519 4629 :
2565 4575 2631 4629 tle
2670 4575 2834 4630 rebus
2886 4575 2991 4628 tuis
3033 4574 3297 4643 judicare,
3354 4588 3456 4625 non
3498 4570 3560 4624 de
3592 4563 3759 4619 alieni-ﬁ

2229 4668 2412 4737 jussus
2440 4681 2519 4721 es.
2553 4663 2690 4719 Nunt
2716 4667 2760 4720 si
2786 4682 2877 4720 nos
2906 4667 3043 4735 ipsos
3075 4667 3448 4735 judicarcmas,
3472 4662 3544 4717 ait
3570 4659 3662 4719 ille,
3685 4670 3759 4707 twn

2233 4762 2405 4827 utique
2433 4759 2785 4830 judicaremur
2812 4774 2830 4812 :
2851 4758 3069 4828 iudicati
3097 4768 3265 4809 autem
3311 4774 3341 4808 a
3388 4753 3607 4811 Domino,
3625 4746 3758 4803 crudi

2233 4868 2347 4904 mur
2374 4852 2449 4922 (l.
2478 4848 2596 4903 Cor.
2630 4850 2713 4903 ll.
2740 4850 2827 4903 51.
2858 4847 2969 4920 3'3).
3021 4848 3099 4901 Tu
3143 4863 3268 4901 vero
3290 4848 3524 4900 ordinem
3548 4837 3758 4912 perverti-

2233 4943 2335 5003 sti,
2392 4941 2516 4995 dum
2565 4940 2633 4993 de
2694 4940 2925 5009 peccatis
2970 4940 3073 4991 tuis
3123 4939 3414 5006 majoribus
3452 4933 3758 4990 tniuoribusvc

2236 5033 2437 5087 nullam
2481 5048 2511 5086 a
2559 5040 2610 5085 te
2662 5032 2924 5084 rationem
2957 5030 3145 5098 exigis,
3176 5031 3405 5083 aliorum
3445 5042 3562 5080 vero
3587 5029 3756 5093 peccata

2236 5134 2481 5179 accurate
2515 5124 2781 5192 exploras.
2814 5123 3010 5177 \‘erum
3059 5122 3109 5176 id
3151 5139 3216 5177 ne
3251 5124 3383 5179 ultra
3418 5108 3755 5175 Ειρί.ιιιιιις,ει³ιί

2236 5218 2395 5269 missa
2445 5215 2545 5271 hac
2590 5215 2793 5268 ordinis
2825 5214 3249 5284 perturbatione,
3284 5212 3506 5266 tribunal
3552 5211 3595 5262 itt
3638 5200 3755 5258 nobis

2236 5310 2363 5377 ipsis
2388 5315 2703 5370 statuamus,
2738 5308 2833 5376 ipsi
2860 5306 3175 5361 delictorum
3217 5314 3509 5360 nostrorum
3536 5297 3656 5369 aptul
3680 5306 3756 5347 uos

2236 5400 2399 5468 ipsos,
2427 5408 2785 5460 accusatores,
2829 5397 3058 5467 iudices,
3090 5407 3145 5451 et
3175 5398 3391 5451 ultores.
3422 5395 3473 5447 Si
3517 5393 3586 5443 vis
3613 5396 3754 5440 autem

2234 5493 2461 5546 aliorttm
2488 5500 2634 5561 gesta
2667 5492 2998 5550 examinare.
3045 5490 3182 5544 bona
3227 5504 3407 5559 opera,
3456 5502 3551 5541 non
3584 5486 3754 5552 peccata

2234 5582 2475 5651 explora.
2511 5590 2566 5634 ut
2590 5590 2644 5634 ct
2673 5595 2739 5635 ex
2773 5582 3031 5635 memoria
3079 5580 3337 5636 scelerum
3386 5585 3677 5633 nostrorum.
3715 5572 3757 5616 et

2235 5686 2297 5726 ex
2330 5671 2667 5726 mutulatiane
2701 5671 3009 5740 proborum,
3038 5681 3092 5726 et
3116 5686 3184 5726 ex
3219 5667 3498 5738 incorrupti
3521 5654 3752 5719 tribunalis

2304 5873 2316 5900 ‘
2358 5870 2590 5928 Vri'bmtt,
2622 5876 2729 5927 Nec,
2757 5868 2894 5917 tlccst
2922 5869 2969 5917 in
2996 5866 3153 5917 \lorcl.
