4126 6220
332 246 435 301 617
1323 238 1390 294 ιδ
1424 235 1828 295 HATTIIEUM
1867 235 2101 292 IIOMIL.
2142 235 2299 291 LXV.
2342 237 2413 291 al.
2459 236 2641 294 LXVI.
3492 246 3592 300 δῖε

332 360 638 432 partientis,
684 357 922 429 quotidie
953 356 1105 429 quasi
1147 356 1368 411 stimulo
1403 356 1744 411 conscientiae
1774 367 1907 423 pun—

329 452 419 518 cti,
470 460 523 505 et
550 450 617 505 ad
647 450 903 520 majorem
944 463 1041 503 nos
1090 447 1437 502 humilitatem
1476 445 1909 516 diligentqu

329 541 642 605 excitantes,
670 541 847 596 futura
871 553 1259 609 consequamur
1283 537 1442 605 bona,
1479 536 1647 608 gratia
1673 540 1732 591 et
1753 534 1906 591 beni-

2012 351 2212 421 gnitate
2238 352 2447 407 Domini
2481 352 2647 408 nostri
2669 352 2794 409 Jesu
2823 353 3045 421 Christi,
3073 353 3284 425 quicum
3317 356 3459 411 Patri
3489 375 3593 412 una

2013 460 2134 500 cum
2158 444 2356 514 Spiritu
2380 454 2566 500 sancto
2590 445 2781 515 gloria,
2815 446 3119 515 imperium,
3152 446 3344 513 honor,
3376 463 3517 504 nunc
3542 460 3594 502 et

2012 549 2246 605 semper,
2276 544 2332 591 et
2358 536 2411 589 in
2437 535 2629 591 sa‘cula
2654 536 2990 592 saeculorum.
3024 538 3215 594 Amen.

1454 745 1801 806 HOMILIA
1843 743 2039 805 LXV.
2082 745 2172 806 al.
2213 744 2438 807 LXVI.

327 876 455 930 Car.
487 874 577 931 20.
608 890 660 927 ν.
695 874 779 931 17.
814 872 878 925 Et
914 870 1188 925 ascendens
1224 870 1375 923 Jesus
1402 867 1792 937 Jerosolgatant,
1820 882 1906 919 as-

397 958 610 1028 sumpsit
636 957 897 1011 duodecim
937 955 1213 1022 discipulos
1239 962 1426 1006 secreto
1449 952 1503 1005 in
1542 951 1624 1005 via
1644 991 1658 1015 ,
1698 959 1747 1003 et
1779 949 1911 1003 dixit

402 1053 475 1103 eis
506 1064 525 1103 :
554 1048 640 1103 18.
690 1047 819 1103 Ecce
862 1046 1179 1100 ascendimus
1203 1042 1571 1113 Jerosolymant
1594 1082 1609 1105 ,
1655 1050 1699 1095 et
1743 1039 1911 1094 Filius

398 1140 615 1195 hominis
660 1139 886 1192 tradetur
922 1137 1130 1191 sunnuis
1159 1136 1481 1208 pontiﬁcibus
1524 1144 1571 1187 et
1610 1132 1817 1194 scribis,
1859 1142 1907 1185 et

394 1230 799 1287 condemnabam!
834 1244 946 1283 eum
973 1237 1132 1281 morte
1160 1243 1183 1281 :
1211 1226 1303 1281 19.
1333 1235 1379 1279 et
1404 1224 1603 1279 tradent
1629 1242 1743 1277 eum
1784 1241 1908 1294 gen-

396 1326 528 1380 tibus
547 1326 614 1378 ad
633 1321 948 1378 illudendum
967 1330 1016 1376 et
1030 1318 1396 1391 ﬂagellandum
1408 1328 1453 1373 et
1468 1317 1863 1389 eruciﬁgendam
1885 1330 1909 1369 ξ

393 1426 441 1470 et
466 1416 611 1471 tertia
636 1414 717 1470 die
743 1422 985 1483 resurget.

396 1509 448 1564 1.
466 1507 579 1562 Non
593 1507 770 1561 statim
787 1520 853 1560 ex
879 1503 1098 1561 Galilaea
1118 1500 1502 1572 Jerosoiymam
1524 1498 1785 1563 ascendit,
1808 1496 1905 1553 sed

323 1615 444 1656 cum
491 1599 635 1671 prius
665 1597 918 1653 miracula
946 1605 1211 1669 patrasset
1231 1636 1245 1661 ,
1274 1603 1329 1651 et
1369 1594 1665 1648 Pharisazns
1687 1606 1904 1662 repres-

324 1694 511 1756 sisset,
553 1690 947 1761 discipulosque
973 1688 1041 1745 de
1071 1695 1380 1759 paupertate
1407 1685 1707 1755 alloquntus
1734 1692 1895 1740 esset.

324 1784 413 1837 Ait
436 1784 599 1846 enim,
634 1781 693 1837 Si
720 1782 791 1835 vis
821 1782 1071 1851 perfectus
1097 1796 1221 1844 esse,
1249 1777 1403 1832 vende
1421 1794 1479 1831 ea
1499 1792 1613 1847 qua:
1637 1778 1821 1832 habes:
1850 1784 1905 1831 et

324 1872 392 1927 de
420 1873 716 1942 virginitate
739 1910 757 1935 ,
804 1870 901 1935 Qui
943 1879 1099 1939 potest
1128 1885 1308 1937 capere
1329 1910 1345 1936 ,
1376 1867 1545 1937 capiat
1572 1866 1782 1939 (.llattlt.
1819 1866 1900 1922 l9.

325 1964 413 2019 2|.
452 1964 557 2036 12),
592 1973 645 2018 et
667 1963 732 2017 de
762 1963 1080 2029 humilitate,
1113 1960 1231 2015 Nisi
1258 1961 1481 2015 conversi
1508 1960 1724 2029 fueritis,
1751 1969 1799 2013 et
1828 1964 1903 2030 ef-

322 2058 569 2126 ]iciamini
586 2057 716 2110 sicut
732 2056 951 2125 parvuli,
971 2072 1069 2108 non
1096 2054 1345 2107 intrabitis
1361 2053 1413 2105 in
1437 2069 1644 2124 regnum
1667 2050 1905 2105 calorum

327 2152 346 2217 (
366 2150 552 2206 Matth.
577 2150 659 2205 l8.
678 2149 766 2219 ὅ),
790 2148 856 2203 de
883 2148 1229 2203 retributione
1250 2149 1301 2201 in
1341 2146 1438 2201 hac
1480 2148 1586 2199 vita
1618 2163 1631 2199 :
1669 2144 1904 2215 Quisquis

323 2242 566 2296 dimiserit
591 2242 786 2306 domos,
816 2252 904 2295 aut
926 2243 1134 2312 fratres,
1160 2249 1245 2293 aut
1268 2255 1484 2303 sorores,
1511 2239 1795 2308 centuplum
1820 2252 1903 2289 re—

320 2333 471 2401 cipiet
492 2334 545 2386 in
570 2333 665 2387 hoc
705 2333 916 2397 saeculo,-
943 2340 997 2385 et
1030 2332 1097 2387 de
1128 2330 1302 2385 futura
1331 2328 1577 2385 mercede
1608 2346 1623 2383 :
1653 2326 1720 2381 Et
1750 2328 1904 2381 vitam

319 2433 557 2477 eternam
583 2422 851 2493 possidebit
879 2419 1090 2487 (Matth.
1120 2421 1207 2476 19.
1238 2420 1353 2489 29).
1385 2419 1533 2474 Tunc
1567 2417 1780 2473 demum
1807 2432 1902 2472 ac-

318 2514 460 2571 cedit
485 2514 553 2568 ad
583 2514 767 2568 urbem
789 2554 804 2579 ,
832 2528 1059 2583 cumque
1088 2527 1407 2568 ascensurus
1428 2519 1612 2576 esset,
1662 2510 1731 2565 de
1776 2522 1900 2579 pas-

318 2606 471 2661 sione
520 2620 732 2659 rursum
792 2604 1041 2674 loquitur.
1084 2602 1217 2671 Quia
1257 2603 1416 2657 enim‘
1456 2601 1743 2657 verisimile
1785 2606 1903 2655 erat

317 2713 411 2754 eos
433 2739 449 2763 ,
480 2698 570 2767 qui
599 2696 803 2751 nollent
831 2696 929 2750 ista
961 2695 1238 2759 accidere,
1291 2693 1480 2749 horum
1518 2692 1712 2749 oblitos
1740 2705 1859 2747 esse
1879 2730 1898 2758 ,

319 2788 623 2860 frequenter
684 2788 799 2843 haec
853 2788 906 2843 in
963 2786 1277 2842 memoriam
1328 2792 1586 2849 revocat,
1637 2778 1902 2853 frequenti

319 2882 826 2937 commemoratione
860 2878 1097 2933 animum
1148 2876 1360 2932 illorum
1407 2890 1663 2932 exercens
1705 2889 1768 2929 ac
1805 2873 1904 2927 do-

318 2972 487 3029 lorem
535 2973 797 3028 minuens.
844 2971 1185 3041 Seorsimque
1231 2969 1351 3024 illos
1405 2967 1705 3023 necessnrio
1758 2964 1895 3020 allo-

318 3067 547 3139 quitur:
586 3080 759 3137 ncque
801 3064 942 3119 enim
985 3078 1081 3134 par
1122 3071 1238 3119 erat
1273 3061 1388 3116 ba-c
1431 3061 1484 3116 in
1528 3060 1712 3130 vulgus
1750 3057 1901 3114 clfer-

318 3157 387 3225 ri,
408 3156 491 3212 vel
520 3155 665 3211 clare
690 3154 929 3220 narrari;
963 3153 1091 3208 nihil
1118 3153 1313 3224 quippe
1338 3151 1462 3207 hinc
1487 3151 1611 3208 boni
1640 3149 1896 3206 emersis-

316 3260 421 3307 set.
467 3249 523 3306 Si
568 3249 711 3305 enim
758 3247 1002 3317 discipuli
1045 3247 1158 3303 haec
1184 3245 1463 3301 audientes
1514 3243 1707 3298 turbati
1736 3250 1895 3307 sunt,

316 3342 484 3396 multo
513 3341 681 3411 magis
706 3339 895 3410 vulgus
924 3337 1196 3393 turbatum
1227 3346 1389 3393 esset.
1434 3335 1569 3404 Quid
1593 3334 1787 3405 igitur?
1818 3333 1897 3388 in-

315 3434 508 3504 quies,
552 3448 728 3488 annon
770 3430 967 3503 populo
1007 3429 1059 3485 id
1096 3429 1398 3485 nuntiatum
1424 3426 1544 3482 est?
1587 3425 1897 3481 Nuntiatum

316 3524 532 3596 quidem
560 3524 633 3578 illi
662 3532 747 3579 est
768 3564 785 3590 ,
825 3521 918 3578 sed
959 3536 1065 3576 non
1104 3520 1175 3576 ita
1203 3520 1367 3575 clare.
1396 3518 1530 3574 Nam
1556 3517 1632 3571 ait
1661 3533 1675 3571 :
1706 3515 1899 3572 Solvite

316 3615 557 3687 tentplum
595 3618 689 3669 hoc
708 3656 724 3680 ,
754 3625 801 3668 et
821 3615 873 3666 in
906 3614 1067 3668 tribus
1094 3612 1267 3667 diebus
1291 3611 1519 3666 excitabo
1556 3609 1688 3664 illud
1716 3607 1896 3681 (Joan.

314 3704 372 3761 ἲ.
405 3705 518 3775 19);
540 3714 616 3772 ct,
636 3704 903 3760 Generatio
928 3704 1035 3758 hac
1052 3704 1253 3774 signum
1275 3703 1474 3771 quaerit,
1502 3711 1552 3757 et
1578 3701 1777 3772 signant
1797 3716 1899 3754 non

315 3798 521 3853 dabitur
540 3797 608 3865 ei,
640 3797 737 3852 nisi
755 3798 956 3868 signum
979 3794 1129 3851 Iona:
1148 3796 1409 3866 propheta:
1432 3793 1644 3867 (Matth.
1670 3793 1757 3849 12.
1780 3792 1896 3864 39);

314 3899 373 3946 ct
392 3905 618 3955 rursum,
646 3889 824 3943 Adhuc
850 3895 1004 3958 parvo
1032 3896 1254 3957 tempore
1276 3887 1527 3940 vobiscum
1541 3902 1673 3949 sum,
1701 3893 1748 3938 et
1763 3898 1902 3955 quc-

316 3982 440 4039 retis
466 3997 564 4047 me,
595 3990 644 4036 et
665 3997 767 4035 non
796 3979 1054 4034 invenietis
1085 3977 1267 4050 (Joan.
1297 3979 1350 4034 7.
1378 3978 1466 4036 55.
1492 3978 1608 4048 54);
1630 3976 1900 4047 discipulis

317 4087 448 4128 vero
477 4087 583 4126 non
612 4072 710 4139 sic,
740 4070 833 4126 sed
850 4071 987 4125 sicut
1014 4071 1115 4124 alia
1138 4069 1333 4125 clarius
1359 4068 1588 4134 dixerat,
1617 4070 1694 4124 sic
1721 4076 1778 4124 et
1800 4069 1899 4124 ista

316 4162 573 4218 narravit.
596 4161 702 4217 Sed
724 4177 820 4217 cur
846 4161 1053 4217 dicebat
1073 4203 1089 4229 ,
1132 4162 1175 4216 si
1201 4160 1481 4216 multitudo
1509 4161 1610 4216 vim
1632 4160 1897 4216 dictorum

316 4271 427 4312 non
473 4254 828 4325 intelligebat?
858 4253 926 4311 Ut
971 4263 1152 4324 postea
1178 4253 1477 4318 discerent,
1508 4268 1629 4309 eum
1658 4261 1714 4309 et
1756 4268 1898 4324 prte-

314 4348 576 4405 scientem
598 4356 651 4403 et
676 4346 928 4403 libentem
958 4346 1023 4400 ad
1050 4346 1346 4416 passionem
1370 4347 1597 4412 venisse,
1622 4363 1725 4402 non
1754 4348 1901 4417 igno-

316 4449 525 4495 rantem
561 4439 644 4494 vel
682 4447 946 4494 coactura.
982 4437 1261 4507 Discipulis
1286 4452 1413 4493 vero
1447 4453 1552 4492 non
1582 4436 1700 4493 ideo
1726 4438 1898 4492 solum

316 4527 585 4599 predixit,
609 4526 703 4583 sed
727 4570 743 4593 ,
776 4527 916 4598 quod
953 4527 1064 4596 jam
1092 4527 1235 4594 dixi,
1280 4536 1337 4581 ut
1374 4527 1770 4598 exspectatione
1810 4527 1899 4583 illa

314 4619 624 4684 exercitati,
673 4618 879 4674 facilius
924 4618 1226 4687 passionem
1270 4616 1513 4683 ferrent,
1558 4634 1623 4672 ne
1647 4618 1691 4672 si
1744 4616 1899 4673 inex-

316 4718 556 4783 spectata
582 4710 899 4777 accidisset,
928 4711 1044 4765 illos
1068 4710 1351 4764 admodum
1379 4708 1728 4780 perturbaret.
1760 4710 1903 4778 Qua-

317 4812 540 4874 prepter
586 4802 736 4857 initio
778 4814 1005 4858 mortem
1046 4811 1249 4855 tantum
1293 4801 1569 4871 prmdixit;
1622 4810 1898 4871 postquam

319 4903 498 4951 autem
530 4894 633 4951 hoc
658 4895 895 4949 meditati
921 4905 975 4950 et
1002 4894 1054 4948 iu
1085 4893 1167 4948 his
1189 4894 1466 4949 exercitati
1490 4893 1715 4957 fuerant,
1743 4903 1903 4950 cat-te-

320 5002 381 5041 ra
411 4987 588 5041 omnia
616 4986 845 5057 adjecit;
875 4986 1102 5056 exempli
1128 5001 1284 5041 causa
1316 5003 1329 5039 :
1358 4985 1588 5042 Tradent
1621 5002 1742 5042 eum
1772 5002 1902 5057 geu-

321 5079 483 5143 tibus,
512 5078 766 5144 illudent,
795 5077 1137 5148 ﬂagellabunt
1159 5096 1171 5132 :
1197 5088 1305 5132 tum
1347 5078 1445 5132 hac
1472 5078 1539 5133 de
1562 5093 1717 5133 causa
1740 5120 1754 5141 .
1788 5088 1898 5135 tum

321 5172 482 5227 eziam
506 5213 522 5235 ,
555 5179 613 5225 ut
642 5186 762 5227 cum
795 5172 908 5225 haec
949 5171 1115 5225 tristia
1143 5170 1420 5236 viderent,
1452 5172 1901 5227 resurrectionem

321 5270 718 5331 exspectarent.
746 5261 877 5317 Nam
904 5263 990 5330 qui
1016 5260 1207 5327 tristia,
1238 5268 1293 5315 et
1316 5274 1433 5329 qua:
1464 5260 1720 5329 probrosa
1752 5259 1901 5316 video

322 5355 556 5421 bantur,
598 5369 705 5409 nou
737 5354 1127 5419 occultaverat,
1150 5352 1271 5422 jure
1293 5351 1435 5407 circa
1480 5366 1730 5422 prospera
1783 5367 1901 5409 cre-

324 5443 536 5500 dendus
562 5450 697 5496 erat.
716 5436 994 5507 Perpende
1016 5443 1213 5499 autem,
1229 5433 1497 5501 quomodo
1522 5431 1779 5500 temporis
1804 5444 1901 5501 op-

326 5535 711 5604 portunitatem
755 5530 1027 5585 observet.
1072 5524 1189 5581 Non
1228 5525 1373 5581 enim
1422 5524 1491 5579 ab
1529 5524 1684 5579 initio
1714 5522 1767 5578 id
1798 5522 1903 5579 illis

324 5626 461 5682 dixit
515 5641 583 5681 ue
632 5622 901 5681 turbaret;
940 5632 1115 5684 neque
1162 5616 1218 5673 in
1267 5615 1383 5683 ipso
1439 5624 1707 5687 tempore,
1739 5630 1808 5671 ne
1841 5615 1893 5669 in

2012 882 2297 922 mmrorem
2325 867 2635 937 conjiceret;
2654 869 2745 923 sed
2768 878 3044 941 postquam
3076 872 3320 929 idoneam
3353 887 3587 945 potesta-

2013 958 2080 1012 tis
2113 958 2279 1028 ipsius
2307 959 2687 1028 experientiam
2718 973 3053 1030 accepcrant,
3078 978 3199 1018 cum
3229 981 3446 1037 magnas
3472 969 3593 1022 vitat

2010 1061 2224 1105 mternm
2248 1051 2629 1123 promissiones
2644 1050 2815 1117 daret,
2847 1062 2969 1107 tunc
2993 1056 3091 1109 hac
3117 1056 3183 1111 de
3208 1072 3589 1113 rescrnmneut

2013 1140 2219 1207 inserit,
2248 1142 2417 1197 semel
2447 1151 2501 1197 et
2531 1141 2611 1196 bis
2636 1152 2690 1197 et
2717 1143 2932 1211 pluries,
2968 1143 3068 1200 hoc
3095 1150 3230 1203 inter
3250 1149 3504 1205 miracula
3540 1161 3591 1206 et

2009 1231 2301 1288 doctrinam
2353 1233 2615 1287 intexens.
2664 1233 2812 1288 Alius
2848 1247 3027 1289 autem
3070 1239 3391 1308 evangelista
3438 1239 3587 1309 (Luc.

2009 1324 2096 1380 18.
2126 1323 2334 1394 51-54)
2360 1325 2522 1391 dicit,
2554 1326 2723 1395 ipsum
2748 1326 3035 1397 prophetas
3065 1337 3227 1385 testes
3253 1331 3587 1399 produxisse.

2007 1416 2159 1471 Alius
2178 1414 2370 1487 (Marc.
2397 1418 2483 1475 10.
2508 1417 2596 1486 32)
2622 1434 2748 1474 vero
2770 1420 2839 1475 ait
2859 1460 2877 1484 ,
2906 1419 3195 1490 discipulos
3220 1422 3356 1477 dicta
3386 1440 3490 1478 non
3514 1426 3591 1477 iu«

2009 1508 2297 1574 tellexisse,
2320 1509 2414 1565 sed
2443 1510 2707 1565 occultum
2756 1510 2920 1567 fuisse
2950 1513 3168 1568 verbum
3203 1513 3352 1583 ipsis,
3386 1524 3442 1569 et
3478 1525 3591 1570 stu-

2009 1597 2243 1668 pefactos
2291 1598 2463 1668 ipsum
2516 1615 2636 1655 esse
2659 1611 2934 1670 sequutus.
2986 1602 3124 1673 Ergo
3159 1603 3399 1659 sublatus
3439 1615 3587 1673 erat,

2006 1688 2236 1760 inquies,
2267 1690 2624 1759 praedictionis
2645 1691 2868 1747 fructus.
2894 1694 2950 1748 Si
2976 1696 3119 1749 enim
3147 1696 3476 1764 nesciebant,
3505 1697 3586 1752 in—

2006 1782 2141 1852 qnit,
2175 1781 2224 1836 id
2240 1781 2381 1852 quod
2411 1781 2710 1845 audierant,
2735 1798 2832 1837 nec
2860 1793 3177 1853 exspectare
3199 1796 3461 1855 poterant;
3482 1805 3587 1844 non

2005 1882 2378 1943 exspectantes
2418 1888 2545 1928 vero
2568 1913 2583 1938 ,
2631 1889 2731 1929 nec
2770 1873 2821 1928 itt
2862 1890 2957 1943 spe
2996 1883 3244 1944 poterant
3283 1878 3586 1941 exercitari,

2008 1964 2151 2035 Ergo
2173 1980 2301 2021 vero
2333 1964 2477 2021 aliud
2510 1964 2777 2020 difﬁcilius
2806 1966 2971 2021 all'ero
3006 1984 3020 2022 :
3048 1967 3093 2021 si
3124 1968 3460 2037 nesciebant,
3492 1985 3590 2026 cur

2008 2057 2331 2113 maerebant?
2348 2058 2498 2113 Alius
2522 2068 2699 2114 tamen
2726 2058 2876 2125 dicit,
2901 2059 3045 2130 ipsos
3066 2069 3288 2117 mmstos
3315 2061 3496 2118 fuisse.
3531 2064 3587 2121 Si

2006 2164 2134 2218 ergo
2174 2150 2517 2215 nesciebant,
2548 2165 2643 2205 cur
2685 2151 3069 2205 tristahantur?
3095 2151 3372 2219 Quomodo
3399 2154 3589 2210 Petrus

2006 2239 2138 2294 dixit
2170 2258 2183 2292 :
2218 2239 2479 2312 PrOpitius
2506 2241 2595 2296 tibi
2622 2243 2691 2297 sis
2711 2284 2726 2305 ,
2771 2260 2870 2297 non
2900 2244 2993 2297 erit
3020 2244 3107 2298 tibi
3133 2244 3227 2298 hoc
3257 2245 3471 2317 (Matth.
3499 2248 3585 2303 l6.

2005 2330 2118 2403 22).
2149 2333 2287 2399 Quid
2327 2349 2454 2404 ergo
2492 2333 2811 2391 dicendum?
2852 2335 3085 2390 Scivisse
3127 2336 3380 2406 quidem,
3411 2338 3583 2407 ipsum

2004 2438 2125 2479 esse
2150 2424 2485 2489 moriturum,
2514 2425 2613 2480 etsi
2638 2426 2951 2482 mcouomia:
2980 2427 3290 2497 mysterium
3313 2443 3419 2483 non
3442 2429 3588 2487 clare

2005 2513 2199 2570 scirent
2224 2554 2239 2581 ,
2273 2530 2445 2586 neque
2470 2515 2628 2570 etiam
2674 2517 3118 2572 resurrectionem
3147 2519 3291 2575 clave
3322 2520 3547 2576 scivisse
3566 2560 3585 2586 ,

2011 2612 2112 2653 nec
2150 2608 2355 2668 quanta
2399 2599 2547 2654 illam
2576 2614 2757 2657 essent
2792 2616 3066 2661 secutura.
3090 2606 3156 2661 Et
3185 2608 3288 2663 hoc
3313 2620 3433 2665 erat
3457 2612 3586 2668 abs-

2015 2689 2297 2745 conditum
2327 2690 2428 2746 eis.
2452 2689 2567 2746 Hac
2592 2693 2660 2747 de
2691 2708 2855 2749 causa
2901 2695 3179 2754 dolebant.
3202 2700 3356 2756 Alios
3388 2704 3589 2772 quippe

2004 2783 2247 2840 viderant
2286 2794 2528 2841 mortuos
2572 2785 2640 2841 ab
2685 2787 2804 2842 aliis
2848 2788 3131 2855 suscitari;
3168 2803 3290 2844 eum
3332 2805 3460 2844 vero
3496 2790 3585 2860 qui

2003 2876 2236 2945 seipsqu
2269 2877 2568 2938 suscitaret,
2597 2886 2756 2947 atque
2787 2877 2857 2932 ita
2883 2880 3186 2947 suscitaret,
3219 2891 3276 2937 ut
3297 2894 3584 2953 numquam

2002 2975 2189 3037 postea
2217 2974 2536 3033 moreretur,
2566 2967 2800 3023 nondum
2833 2968 3095 3024 viderant.
3121 2970 3236 3027 Hoc
3257 2972 3434 3042 igitur,
3484 2974 3585 3029 etsi

2001 3071 2147 3129 διξερε
2167 3058 2388 3127 dictant,
2416 3074 2520 3113 non
2545 3058 2934 3131 intelligebant:
2952 3076 3125 3132 neque
3142 3073 3327 3133 aperte
3350 3063 3593 3119 sciebant

2001 3148 2141 3221 quod
2172 3164 2340 3220 genus
2368 3148 2557 3204 mortis
2580 3189 2595 3213 ,
2630 3164 2729 3205 nec
2776 3150 3045 3220 quomodo
3088 3160 3370 3208 venturum
3412 3163 3578 3209 essot.

2002 3240 2235 3311 Ideoque
2281 3241 2565 3312 stupefacti
2607 3248 2795 3308 erant,
2837 3241 3010 3310 ipsum
3059 3252 3383 3312 sequentes;
3415 3258 3587 3315 neque

2003 3332 2125 3388 ideo
2148 3340 2372 3400 tantttm,
2405 3330 2531 3398 sed,
2555 3340 2614 3387 ut
2655 3330 2784 3388 mihi
2811 3331 3043 3400 videtur,
3070 3333 3193 3406 quia
3236 3332 3303 3389 de
3335 3336 3584 3405 passione

2002 3423 2247 3496 loquens,
2277 3422 2746 3493 perterrefaciebat
2769 3439 2887 3481 eos.
3570 3412 3575 3417 ”

2073 3515 2130 3570 2.
2160 3514 2301 3571 Nihil
2330 3525 2506 3573 tamen
2526 3518 2712 3573 horum
2734 3517 2979 3574 fiduciam
2999 3519 3128 3592 ipsis
3147 3519 3381 3588 indebat,
3400 3510 3588 3579 etiam?

2003 3607 2048 3664 si
2079 3622 2221 3678 saepe
2250 3609 2319 3664 de
2363 3612 2753 3666 resurrectione
2775 3612 3042 3669 audirent.
3071 3613 3204 3670 Nam
3227 3623 3421 3685 pra-ter
3436 3632 3586 3672 mor-

2006 3708 2113 3756 tem
2140 3700 2241 3755 hoc
2268 3701 2386 3756 illos
2412 3702 2643 3759 maxime
2670 3703 2936 3771 turbabat,
2967 3704 3108 3775 quod
3133 3706 3383 3763 audirent
3410 3708 3583 3777 ipsum

2004 3789 2333 3846 illudendum
2372 3801 2428 3846 et
2456 3790 2833 3860 ﬂagellandum
2861 3806 3013 3855 esse,
3053 3802 3108 3849 et
3131 3794 3232 3847 alia
3262 3794 3584 3865 bnjusmodi.

2005 3882 2137 3939 Cum
2168 3882 2312 3938 enim
2332 3883 2634 3953 c0gitabant
2663 3884 2937 3952 miracula,
2968 3884 3324 3943 daemoniacos
3353 3899 3587 3958 curatos,

2004 3984 2245 4030 mortuos
2269 3976 2570 4042 suscitatos,
2605 3985 2661 4033 et
2686 3976 2789 4031 alia
2819 3976 3140 4035 mirabiliter
3170 3978 3329 4045 facta,
3360 3964 3589 4035 deinde;

2003 4081 2108 4137 que
2136 4065 2253 4122 haec
2294 4066 2610 4134 audiebant,
2642 4066 3126 4139 obstupescebant,
3159 4068 3304 4139 quod
3341 4070 3431 4141 qui
3461 4071 3583 4126 talia

2004 4165 2266 4228 patraret,
2299 4160 2422 4214 talia
2464 4173 2717 4229 passurus
2751 4170 2930 4229 esset;
2963 4161 3191 4234 ideoque
3239 4164 3292 4219 in
3341 4179 3585 4236 magnam

2004 4251 2311 4308 incidebant
2344 4252 2749 4317 dubitationem,
2782 4269 2845 4308 ac
2872 4254 3032 4310 modo
3067 4255 3388 4322 credebant,
3429 4257 3591 4314 modo

2005 4358 2110 4397 non
2132 4342 2441 4409 credebant,
2471 4358 2569 4398 nec
2596 4344 2733 4398 dicta
2762 4344 2847 4398 illa
2873 4346 3169 4416 intelligere
3192 4357 3458 4419 poterant.
3486 4350 3587 4407 Us-

2003 4450 2107 4504 que
2132 4434 2266 4489 adeo
2299 4434 2438 4488 enim
2469 4435 2611 4491 clare
2641 4450 2745 4491 non
2776 4436 3138 4507 intelligebant
3160 4480 3181 4505 ,
3209 4449 3267 4494 ut
3294 4442 3384 4495 lilii
3416 4442 3591 4498 lebe-

2004 4522 2107 4579 dzei
2145 4525 2320 4578 statim
2351 4524 2665 4580 accederent
2686 4566 2702 4589 ,
2730 4534 2783 4581 et
2810 4526 2877 4581 de
2901 4527 3075 4597 primo
3099 4508 3355 4585 consessu
3398 4531 3581 4602 loque-

2004 4624 2190 4671 rentur
2218 4631 2234 4669 :
2272 4614 2513 4671 Volumus
2538 4619 2679 4672 enim
2696 4660 2711 4683 ,
2739 4619 2909 4683 aiunt,
2942 4630 2995 4671 ut
3020 4636 3148 4676 unus
3176 4636 3209 4675 a
3233 4621 3424 4677 dextris
3449 4625 3546 4678 tuis
3569 4667 3585 4691 ,

2004 4720 2135 4760 unus
2155 4722 2185 4759 a
2211 4705 2427 4760 sinistris
2451 4705 2621 4762 sedeat
2649 4706 2839 4777 (Marc.
2861 4708 2948 4765 l0.
2972 4709 3086 4779 35).
3104 4710 3382 4778 Quomodo
3408 4712 3586 4783 igitur,

2007 4794 2213 4867 inquies
2236 4840 2250 4861 ,
2283 4796 2369 4854 bic
2413 4800 2739 4870 evangelista
2790 4800 2959 4869 dicit,
2997 4805 3289 4860 accessisse
3326 4808 3591 4862 matrem!

2007 4887 2301 4961 Utrumque
2346 4889 2539 4946 factum
2580 4906 2701 4947 esse
2728 4892 3017 4949 verisimile
3054 4905 3156 4950 est.
3199 4896 3416 4952 Matrem
3445 4900 3588 4957 enim

2004 4992 2184 5035 secum
2202 4995 2540 5051 assumpsere
2565 4982 2631 5037 ad
2654 4983 2909 5052 majorem
2932 4985 3373 5056 supplicationem
3396 4988 3589 5047 facien-

2005 5071 2128 5127 dam
2155 5114 2171 5139 ,
2202 5083 2259 5127 ut
2282 5072 2549 5128 Christum
2578 5074 2679 5132 hoc
2710 5076 2867 5132 modo
2895 5076 3193 5133 ﬂecterent.
3224 5078 3377 5147 Quod
3405 5091 3583 5139 autem

2006 5179 2131 5221 vere
2159 5165 2471 5236 supplicatio
2498 5181 2681 5222 eorum
2704 5168 2813 5235 sit,
2850 5176 2905 5224 et
2930 5168 3069 5237 quod
3109 5184 3219 5237 pne
3248 5171 3450 5241 pudore
3472 5190 3588 5229 ma-

2007 5265 2146 5313 trem
2175 5256 2538 5321 adhibuerint,
2566 5257 2839 5328 perpende
2863 5258 3131 5330 quomodo
3156 5259 3223 5316 ad
3246 5261 3367 5318 illos
3380 5278 3584 5321 sermo-

2004 5361 2145 5403 mcm
2174 5346 2420 5402 Christus
2448 5346 2660 5417 dirigat.

2082 5430 2222 5499 Quid
2250 5446 2361 5485 vere
2386 5439 2610 5501 peterent
2641 5429 2742 5501 ﬁlii
2780 5429 3028 5486 Zebedwi.
3054 5462 3125 5473 —
3146 5432 3257 5490 lmo
3277 5450 3407 5489 vero
3438 5435 3582 5505 prius

2007 5523 2280 5580 discamus
2305 5523 2431 5591 quid
2463 5530 2645 5591 petant
2663 5526 2683 5587 ;’
2706 5539 2813 5587 quo
2840 5525 3005 5578 animi
3038 5528 3333 5596 proposito,
3356 5538 3409 5583 et
3441 5528 3581 5582 unde

2008 5616 2075 5671 ad
2102 5616 2203 5670 hoc
2233 5612 2448 5679 impulsi
2478 5615 2602 5668 sint.
2634 5613 2787 5671 Unde
2812 5629 2939 5685 ergo
2963 5615 3030 5670 ad
3059 5615 3159 5672 hoc
3182 5617 3394 5685 itnpulsi
3422 5628 3565 5675 sunt.

4110 6138 4121 6179 i
