3990 6216
588 335 847 395 Videbunt
876 351 934 394 se
959 351 1071 409 prae
1099 334 1217 390 aliis
1246 334 1313 389 in
1329 333 1531 388 honore
1556 346 1697 397 csse,
1723 339 1777 385 et
1806 328 1929 383 hinc
1951 342 2009 382 se
2033 326 2168 396 peti-

585 434 784 489 tionem
816 438 1239 499 consequuturos
1267 441 1386 484 esse
1426 424 1733 495 sperabant.
1775 421 1880 478 Sed
1921 421 2045 491 quid
2078 436 2172 489 pe-

588 524 743 578 tunt?
770 521 905 578 Audi
927 521 1089 581 alium
1106 518 1489 589 evangelistam
1516 516 1615 569 hoc
1639 514 1783 569 clare
1797 514 2171 582 explicantem.

584 616 736 686 Quod
767 616 932 682 enim,
964 614 1150 684 ittqoit,
1184 627 1346 682 prope
1367 608 1757 678 ierosolymam
1790 612 1995 669 essent,
2024 611 2173 673 puta-

586 715 811 777 rentque
852 722 1073 776 regnum
1123 704 1212 758 Dei
1250 702 1468 772 jamjttm
1501 696 1845 753 revelaudum
1871 709 1994 750 esse
2015 734 2034 761 ,
2058 692 2175 748 inec

588 799 946 870 postulabant.
980 794 1372 850 Existimabam
1399 792 1566 857 enim,
1597 806 1816 860 regnum
1849 787 1976 841 illttd
2009 800 2175 856 prope

585 906 704 946 esse
731 898 787 944 et
811 889 911 943 sub
938 902 1154 943 sensum
1176 885 1387 949 cadere,
1408 899 1469 937 ae
1488 897 1546 937 se
1577 880 1716 951 quod
1742 879 1987 950 petebant
2006 875 2173 931 semel

583 989 945 1051 consequutus
967 1018 983 1045 ,
1016 976 1148 1033 nihil
1179 976 1331 1030 triste
1362 987 1612 1044 passuros
1637 986 1759 1026 esse
1784 987 1796 1022 :
1830 983 2003 1038 neque
2028 967 2171 1020 enim

587 1074 715 1127 illttd
756 1080 976 1143 propter
1021 1070 1123 1125 hoc
1168 1070 1339 1139 ipsmn
1389 1077 1592 1121 tantum
1632 1065 1922 1137 petebant,
1965 1062 2058 1117 sed
2117 1072 2173 1117 ttt

584 1179 855 1219 aerumnas
886 1163 1137 1216 vitarent.
1183 1158 1308 1214 Ideo
1340 1158 1586 1213 Christus
1630 1155 1805 1227 primo
1832 1155 1948 1209 illos
1977 1153 2043 1207 ab
2073 1152 2173 1207 hic

588 1256 917 1325 cogitatione
946 1252 1180 1318 abducit,
1208 1251 1400 1320 jubens
1421 1250 1615 1315 ardes,
1660 1247 1891 1319 pericula
1918 1254 1972 1301 et
1996 1255 2175 1300 extre-

585 1360 671 1402 ma
718 1360 942 1418 qumque
965 1354 1294 1413 exspectare.
1324 1340 1415 1395 ΞΩ.
1462 1339 1722 1407 Potestis,
1762 1337 1965 1408 inquit,
2013 1334 2177 1390 bibere

588 1434 821 1504 calicem,
848 1453 993 1508 quem
1013 1451 1105 1507 ego
1131 1434 1376 1488 bibiturns
1406 1431 1561 1486 sunt?
1598 1430 1665 1485 At
1696 1444 1854 1484 nemo
1894 1427 2169 1490 turbetur,

586 1530 862 1600 apostolos
886 1529 963 1582 sic
990 1525 1328 1597 imperfectos
1355 1523 1562 1578 videns.
1596 1520 1841 1576 Nondum
1873 1520 2014 1575 enim
2042 1534 2169 1573 crux

588 1621 903 1687 advenerat,
938 1622 1173 1674 ttondum
1200 1617 1431 1688 Spiritus
1454 1614 1619 1686 gratia
1649 1614 1767 1669 data
1799 1624 1932 1670 erat.
1955 1612 2010 1667 Si
2042 1608 2173 1668 velis

587 1728 765 1770 autem
799 1715 1033 1786 ipsorum
1065 1709 1313 1764 virtutem
1343 1707 1603 1769 ediscere,
1628 1716 1748 1777 post
1769 1705 1885 1761 inec
1911 1705 2028 1760 illos
2050 1720 2177 1759 con-

588 1805 785 1865 sidera,
820 1801 1134 1871 videbisque
1167 1801 1308 1870 ipSUS
1339 1799 1484 1853 omni
1515 1798 1703 1853 morbo
1735 1796 1898 1851 animi
1927 1795 2173 1865 superio-

590 1909 696 1951 res.
730 1894 960 1962 Ideoque
985 1891 1128 1946 enim
1161 1890 1371 1945 illorum
1400 1888 1833 1958 itnperfectioncs
1852 1887 2075 1952 revelat,
2120 1894 2178 1941 ut

594 1996 778 2058 postea
804 1987 943 2041 scias
986 1984 1172 2055 quales
1215 1998 1280 2040 ex
1329 1983 1495 2053 gratia
1535 1982 1653 2036 tacti
1685 1981 1812 2036 sint.
1833 1980 1983 2049 Quod
2017 1980 2175 2049 igitur

593 2072 725 2134 nihil
750 2077 1031 2147 spirituale
1051 2082 1375 2147 quatrerent,
1402 2089 1573 2144 neque
1604 2073 1762 2127 ullam
1790 2072 2003 2141 superni
2027 2071 2177 2141 regni

593 2172 833 2228 notitiam
878 2170 1158 2236 baberent,
1205 2169 1329 2224 hinc
1381 2166 1554 2239 palam
1604 2177 1707 2222 est.
1757 2166 1863 2222 Sed
1905 2165 2178 2220 videamus

593 2263 864 2335 quomodo
879 2260 1156 2325 accedant,
1181 2271 1231 2315 et
1254 2258 1378 2330 quid
1398 2259 1597 2314 dicant.
1629 2257 1888 2324 Volumus,
1913 2251 2174 2327 inquiunt,

593 2365 648 2409 lt
675 2354 1023 2425 quodcumque
1049 2352 1340 2424 petierimus
1369 2350 1528 2421 facins
1554 2348 1697 2402 nobis
1745 2347 1931 2417 (Marc.
1965 2348 2052 2402 10.
2082 2347 2172 2402 55.

600 2445 715 2520 36).
783 2446 1090 2517 Respondet
1136 2444 1413 2509 Christus,
1465 2440 1601 2509 Quid
1639 2440 1829 2495 uultis?
1879 2440 1993 2495 Non
2036 2439 2177 2510 quod

600 2540 896 2608 ignoraret,
943 2536 1035 2592 sed
1070 2546 1128 2590 ut
1157 2544 1372 2606 cogeret
1403 2534 1524 2589 illos
1563 2530 1908 2602 respondere,
1949 2540 2002 2586 et
2033 2530 2181 2585 ulcus

596 2630 937 2701 patefaceret,
966 2639 1020 2683 ιιι
1045 2626 1336 2683 remedium
1368 2625 1442 2681 illi
1472 2624 1769 2680 adhiberet.
1804 2622 1881 2678 llli
1907 2637 2033 2676 vero
2062 2635 2181 2677 eru—

594 2721 899 2789 bescentes,
947 2722 1089 2791 quod
1132 2736 1198 2778 ex
1248 2720 1482 2774 humano
1522 2719 1713 2773 affectu
1739 2734 1804 2771 eo
1828 2717 2063 2770 animum
2089 2730 2184 2784 ap-

596 2813 877 2884 pulissent,
909 2812 1133 2866 seorsitn
1164 2803 1234 2864 ab.
1256 2810 1377 2866 aliis
1402 2808 1675 2878 discipulis
1702 2807 1985 2862 abductum
2020 2807 2185 2861 inter-

596 2911 871 2973 rogarunt.
900 2901 1305 2957 Prtecesserunt
1335 2901 1500 2965 enim,
1546 2900 1734 2970 inquit,
1778 2915 1844 2954 ne
1881 2897 2182 2969 deprehen-

596 2995 853 3049 dercutur
900 2994 968 3047 ab
1016 2992 1171 3058 aliis,
1222 3003 1274 3047 et
1320 2993 1399 3047 sic
1441 3006 1561 3061 qua:
1615 2989 1866 3045 volebant
1910 2990 2177 3044 dixerunt.

601 3084 862 3140 Volebaut
910 3093 1112 3150 autem,
1164 3092 1219 3138 ttt
1265 3098 1365 3155 ego
1418 3082 1669 3148 arbitror,
1716 3082 1838 3152 quia
1874 3081 2177 3147 audierunt,

600 3178 850 3234 Sedebitls
878 3195 1029 3247 super
1052 3178 1257 3231 thronos
1284 3176 1548 3231 duodecim
1573 3175 1787 3246 (Matth.
1816 3175 1895 3231 l9.
1928 3175 2043 3247 28),
2079 3175 2184 3245 pri-

605 3290 750 3329 mum
780 3287 1091 3328 consessum
1118 3272 1426 3342 impetrare.
1474 3268 1725 3325 Sciebant
1765 3284 1925 3338 porro
1964 3282 2022 3322 se
2051 3268 2186 3322 alios

601 3365 953 3431 antecedere;
998 3364 1258 3418 timebant
1284 3378 1410 3416 vero
1438 3361 1677 3427 Petrum,
1724 3375 1788 3415 ac
1824 3360 2007 3414 dicunt
2040 3377 2053 3412 :
2085 3356 2184 3415 Dic

601 3472 658 3518 ut
699 3461 870 3515 sedeat
909 3476 1039 3513 unus
1074 3475 1105 3510 a
1153 3457 1342 3511 dextris
1369 3456 1488 3521 tuis,
1516 3466 1562 3508 et
1593 3472 1723 3508 unus
1748 3470 1780 3509 α
1807 3454 2025 3508 sinistris
2055 3469 2072 3506 :
2103 3454 2185 3520 ip-

602 3565 828 3622 sumque
855 3559 1045 3619 urgent
1073 3548 1176 3602 hoc
1199 3548 1383 3609 verbo,
1416 3543 1534 3599 Dic.
1564 3544 1698 3616 Quid
1748 3544 1904 3615 igitur
1950 3543 2079 3598 ille?
2113 3541 2185 3599 Ut

602 3644 850 3700 ostendat
880 3642 1001 3697 illos
1033 3655 1129 3694 nee
1160 3637 1439 3709 spirituale
1466 3636 1737 3709 quidpiam
1772 3646 1972 3706 petere,
2015 3648 2186 3704 neque

606 3735 653 3790 si
697 3734 896 3788 scirent
939 3730 1063 3801 qttid
1110 3729 1211 3785 hoc
1253 3736 1416 3793 esset,
1462 3742 1713 3797 umquam
1755 3736 1934 3795 petere
1963 3735 2187 3778 ausuros

608 3825 795 3887 fuisse,
824 3822 896 3877 ait
930 3838 945 3880 :
974 3820 1063 3875 22.
1098 3818 1317 3875 Nescitis
1343 3818 1465 3887 quid
1488 3819 1670 3888 petatis
1695 3833 1710 3880 ;
1747 3832 1903 3887 quam
1936 3828 2185 3883 magnum

601 3929 799 3986 nempe
838 3913 927 3976 sit,
958 3926 1115 3981 quam
1150 3910 1413 3972 mirabile,
1459 3924 1616 3978 quam
1660 3918 1875 3976 superet
1907 3905 2048 3975 ipsas
2097 3920 2187 3960 su-

604 4021 797 4079 pernas
840 4012 1151 4075 potestates.
1186 4000 1384 4054 Deinde
1414 3998 1683 4068 subjungit
1718 4015 1730 4050 ε
1768 3996 1986 4050 Potestis
2023 3997 2186 4050 bibere

600 4098 830 4162 calicem,
858 4110 1002 4164 quem
1030 4110 1120 4163 ego
1145 4092 1391 4145 bibiturus
1422 4106 1532 4143 sunt
1550 4130 1565 4154 ,
1600 4099 1642 4142 ct
1672 4088 1937 4158 baptismo,
1968 4105 2066 4158 quo
2096 4104 2186 4159 ego

601 4188 849 4262 baptisor,
889 4184 1136 4255 baptizari
1179 4181 1368 4253 (Marc.
1398 4179 1485 4236 10.
1528 4180 1664 4249 58)?
1696 4179 1881 4234 Videu’
1918 4179 2188 4250 quomodo

602 4282 783 4338 statim
823 4278 893 4336 ab
931 4279 1031 4333 hac
1075 4276 1323 4347 opinione
1376 4274 1498 4330 illos
1536 4272 1782 4339 abducat,
1836 4288 1864 4326 a
1906 4273 2188 4329 contrariis

604 4375 750 4448 ipsos
778 4370 1096 4445 alloquens?
1127 4367 1236 4425 Vos
1256 4366 1468 4439 quidem
1498 4366 1565 4421 de
1596 4364 1799 4419 honore
1828 4364 1999 4435 deque
2025 4378 2185 4418 coro-

605 4466 691 4523 nls
733 4478 942 4520 mecum
980 4459 1280 4533 loquimini,
1332 4456 1536 4528 inquit;
1584 4471 1685 4526 ego
1731 4470 1858 4510 vero
1904 4454 1972 4510 de
2011 4463 2187 4510 certa-

607 4558 839 4616 minibus
865 4555 1013 4612 etde
1041 4553 1329 4610 sudoribus
1357 4552 1566 4621 loquor.
1612 4548 1727 4605 Non
1776 4560 1858 4604 est
1896 4548 2040 4603 enim
2087 4546 2188 4601 hoc

603 4650 947 4723 pnemlorum
984 4656 1214 4716 tempus,
1246 4657 1422 4713 neque
1465 4656 1606 4697 nunc
1628 4640 1795 4711 gloria
1827 4640 1909 4693 illa
1944 4653 2062 4696 mea
2091 4652 2187 4707 ap-

608 4742 818 4816 parebit
843 4757 859 4807 ;
909 4737 1004 4795 sed
1036 4751 1273 4811 praesens
1298 4736 1402 4789 vita
1431 4743 1512 4788 est
1542 4732 1788 4798 caadlum,
1809 4730 1932 4785 belli
1955 4744 2017 4785 ac
2043 4729 2154 4800 peri
2172 4757 2186 4767 -

604 4832 868 4889 culorum.
915 4829 981 4886 Et
1022 4828 1141 4883 vide
1189 4842 1295 4898 quo
1346 4833 1500 4896 pacto
1537 4839 1603 4879 ex
1635 4821 1796 4877 modo
1827 4820 2186 4890 interrogandi

603 4934 660 4982 et
702 4923 946 4981 hortetur
992 4928 1047 4976 et
1090 4917 1282 4974 trahat.
1327 4915 1510 4987 Neque
1554 4916 1698 4971 enim
1743 4912 1910 4979 dixit,
1958 4911 2187 4968 Potestis

603 5014 805 5071 ctedem
840 5011 982 5067 ferre
1001 5010 1055 5065 ‘l
1077 5008 1301 5081 potestis
1331 5006 1640 5077 sanguinem
1667 5014 1903 5061 vestrum
1934 5000 2190 5058 fundere?

603 5107 699 5164 sed
743 5103 1052 5178 quomodo?
1099 5100 1316 5157 Potestis
1362 5098 1525 5152 bibere
1565 5095 1821 5151 calicem?
1848 5095 2048 5150 Deinde
2075 5093 2191 5148 alli-

602 5200 753 5255 ciens
781 5214 876 5254 eos
902 5198 977 5252 ait
1005 5212 1020 5251 :
1053 5194 1212 5264 Quem
1242 5208 1332 5262 ego
1358 5190 1603 5245 bibiturus
1630 5205 1745 5242 sum
1792 5203 1812 5243 :
1854 5195 1913 5242 ut
1951 5203 2016 5242 ex
2060 5202 2188 5242 con-

605 5292 773 5347 sortio
800 5306 898 5345 suo
925 5288 1280 5360 promptiores
1308 5284 1515 5340 fierent.
1569 5280 1838 5353 Baptisms
1878 5290 2053 5334 autem
2091 5295 2187 5334 vo-

600 5396 688 5439 cst
728 5383 878 5449 illud,
927 5380 1216 5437 ostendens
1262 5392 1506 5449 magnam
1534 5376 1658 5431 inde
1698 5375 2065 5445 purgationem
2095 5372 2187 5427 toti

605 5477 719 5531 orbi
767 5474 900 5530 fore.
944 5472 1133 5530 Postea
1175 5470 1359 5526 dicunt
1404 5469 1511 5534 illi,
1545 5466 1845 5525 Possumus.
1899 5464 1976 5520 Ex
2025 5462 2186 5520 animi

667 5651 683 5685 ⁸
709 5656 837 5708 Hice,
866 5646 1062 5700 Potestis
1083 5645 1268 5697 cwdem
1290 5643 1440 5707 ferre,
1462 5641 1640 5692 desunt
1664 5641 1711 5691 in
1738 5638 1898 5692 Morel.

1272 220 1331 275 s.
1373 215 1651 274 JUANNIS
1685 182 2152 272 cunvsosrout
2194 210 2512 269 ABCIIIEP.
2553 210 3087 267 consummes.

3725 220 3816 281 020

2278 324 2490 379 fervore
2516 326 2691 378 statim
2723 324 3057 394 promittunt,
3103 325 3398 381 nescientes
3426 327 3551 397 quid
3573 328 3811 397 dicerent,

2279 414 2374 468 sed
2433 425 2838 481 0X8p¢¢13lll0§,
2906 429 2966 468 se
3006 415 3149 484 quod
3191 416 3434 483 petebant
3478 420 3814 485 impetraturos

2277 520 2417 559 esse.
2443 504 2579 574 Quid
2609 507 2765 576 igitur
2794 507 2924 561 ille?
2966 507 3056 562 35.
3085 506 3300 562 Calicem
3342 508 3541 575 quidem
3581 526 3730 564 meum
3756 514 3814 565 bi-

2278 597 2431 665 betis,
2477 608 2521 652 et
2561 598 2879 669 baptismate,
2921 616 3018 669 quo
3060 616 3151 670 ego
3193 601 3438 669 bapttzor,
3481 601 3814 669 baptizabimt'tti

2281 688 2469 759 (Marc.
2502 688 2591 744 10.
2621 689 2734 761 39).
2778 689 2960 759 Magna
3009 691 3116 744 illis
3157 691 3490 760 propltetavil
3533 690 3691 756 bona;
3737 694 3815 747 hoc

2278 788 2380 845 est,
2412 779 2666 851 Martyrio
2695 781 3062 851 dignabimini,
3092 792 3143 835 et
3173 782 3286 835 htec
3316 782 3586 852 patiemini
3609 800 3715 852 quae
3738 800 3817 852 ego

2283 873 2474 941 patiar,
2505 873 2736 928 violenta
2768 886 2940 927 morte
2982 876 3140 927 vitam
3192 874 3564 941 lcrminabitis,
3592 876 3639 928 itt
3664 877 3816 947 bisque

2284 966 2411 1019 milti
2475 979 2750 1022 consortes
2818 970 2986 1023 eritis.
3044 969 3232 1024 Sedere
3272 979 3441 1023 autent
3482 971 3549 1022 ad
3603 971 3815 1025 dextertmt

2280 1074 2439 1109 nteant
2485 1068 2531 1112 et
2575 1058 2643 1110 ad
2684 1060 2942 1113 sinistram
2986 1078 3083 1114 non
3126 1071 3197 1114 est
3241 1077 3409 1114 ineunt
3457 1060 3596 1126 dare,
3625 1063 3703 1114 sed
3725 1064 3815 1132 qui-

2276 1146 2367 1200 bus
2418 1158 2649 1216 paratum
2691 1161 2762 1204 est
2798 1167 2829 1202 a
2872 1151 3023 1204 I’atre
3068 1168 3194 1207 meo.

2353 1240 2402 1295 5.
2452 1241 2736 1311 Postquam
2771 1243 2979 1296 illorum
3021 1244 3227 1297 animos
3249 1242 3453 1306 erexit,
3500 1242 3816 1297 sublimiores-

2278 1350 2383 1402 que
2422 1333 2566 1399 fecit,
2613 1336 2834 1406 illosque
2861 1352 3094 1391 maerore
3121 1338 3429 1403 superiores
3461 1334 3695 1399 reddidit,
3722 1347 3817 1391 tunc

2279 1428 2485 1482 illorum
2516 1429 2820 1497 petitionem
2846 1430 3082 1499 corrigit.
3131 1430 3233 1485 Sed
3272 1428 3398 1499 quid
3427 1438 3509 1482 est
3548 1429 3675 1498 quod
3709 1445 3815 1482 nunc

2276 1518 2513 1572 dicitur?
2539 1517 2669 1572 Nam
2704 1520 2808 1573 duo
2838 1531 3146 1590 quatruntur
3175 1538 3202 1575 a
3236 1520 3457 1583 multis;
3507 1520 3687 1588 primo,
3718 1537 3814 1573 llttltt

2280 1618 2520 1681 paratum
2551 1611 2778 1680 cuipiam
2815 1612 2884 1665 sit
2924 1611 3112 1665 sedere
3139 1628 3167 1663 a
3197 1600 3401 1665 dextris
3424 1610 3575 1679 ejus;
3605 1611 3813 1674 secundo,

2280 1715 2405 1754 num
2450 1700 2685 1755 omnium
2719 1701 2971 1756 Dominus
2999 1718 3103 1756 non
3130 1703 3290 1771 possit
3318 1702 3424 1755 illis
3457 1701 3700 1769 pra-bere,
3730 1702 3819 1769 qui-

2279 1790 2376 1845 bus
2398 1802 2635 1860 paratum
2660 1803 2762 1849 est.
2782 1792 2916 1861 Quid
2943 1809 3070 1862 ergo
3092 1805 3171 1849 est
3204 1793 3367 1848 illttd?
3394 1793 3447 1849 Si
3474 1795 3685 1865 primam
3707 1810 3806 1861 quae

2278 1884 2505 1938 stionem
2552 1884 2887 1950 solverimus,
2934 1885 3165 1939 secunda
3192 1886 3332 1939 clara
3363 1885 3465 1939 erit
3486 1883 3813 1954 quaerentibus.

2279 1975 2416 2040 Quid
2458 1990 2586 2045 ergo
2628 1974 2771 2029 illud
2802 1976 2925 2030 est?
2969 1975 3135 2030 Nemo
3167 1976 3231 2029 ad
3259 1976 3534 2030 dexteram
3564 1975 3669 2045 ejus
3698 1975 3797 2030 sedc

2282 2067 2378 2127 bit,
2424 2082 2597 2136 neque
2631 2065 2696 2120 ad
2741 2067 3029 2121 sinistram.
3078 2066 3387 2121 lnaccessus
3414 2067 3553 2122 enim
3580 2077 3655 2122 est
3679 2069 3811 2122 omni-

2283 2159 2382 2213 bus
2433 2158 2656 2212 thronus
2703 2157 2794 2213 ille
2845 2174 2860 2211 :
2911 2173 3017 2212 non
3058 2156 3366 2212 hominibus
3396 2168 3596 2213 tantum
3624 2160 3742 2224 dice,
3777 2170 3815 2213 et

2283 2253 2481 2307 sanctis
2510 2263 2565 2305 et
2594 2251 2868 2322 apostolis,
2916 2249 3008 2303 sed
3050 2252 3207 2304 etiam
3239 2251 3469 2320 angelis,
3512 2252 3811 2320 archangelis,

2284 2353 2338 2399 et
2375 2342 2624 2396 omnibus
2664 2342 2907 2410 supernis
2956 2341 3325 2410 potestatibus.
3358 2341 3511 2409 Quod
3551 2342 3683 2411 quasi
3714 2357 3815 2410 pne-

2284 2434 2571 2503 rogativam
2623 2431 2891 2502 Unigeniti
2933 2434 3079 2501 ponit
3126 2431 3320 2486 Paulus
3365 2432 3687 2486 dicenszdd
3705 2449 3817 2501 quem

2283 2537 2447 2579 autem
2476 2525 2765 2595 angelorum
2809 2525 2936 2576 dixit
2974 2540 3209 2592 umquam
3239 2539 3257 2577 :
3288 2523 3429 2578 Sede
3455 2540 3486 2575 a
3512 2523 3683 2577 dextris
3708 2523 3812 2585 nteit,

2286 2617 2441 2671 donec
2485 2633 2668 2685 ponant
2696 2615 2925 2668 inimicos
2961 2624 3072 2667 tuos
3107 2615 3381 2668 scabellunt
3424 2615 3599 2683 pedum
3624 2621 3817 2670 tuorum?

2289 2710 2354 2764 Et
2408 2711 2475 2762 ad
2521 2709 2727 2779 angelos
2778 2707 2977 2776 quidem
3027 2708 3095 2759 ait
3122 2722 3140 2759 :
3182 2706 3281 2772 Qui
3331 2707 3458 2778 facit
3507 2707 3693 2777 angelos
3730 2721 3815 2759 suos

2284 2805 2530 2875 spiritus;
2578 2803 2646 2855 ad
2692 2800 2738 2855 F
2738 2802 2882 2854 ilium
2929 2810 3094 2853 autem
3116 2840 3130 2865 ,
3157 2798 3394 2853 Tltronus
3428 2808 3570 2863 tuus,
3600 2797 3745 2858 Deus,
3774 2797 3813 2848 in

2293 2895 2539 2952 swrulntn
2591 2895 2767 2948 διετειΙί
2810 2892 2995 2960 (Hebr.
3040 2892 3092 2945 1.
3140 2891 3228 2945 15.
3276 2890 3330 2946 7.
3376 2892 3443 2954 8;
3481 2889 3617 2945 Psal.
3656 2888 3811 2953 109.1;

2294 2988 2415 3043 105.
2443 2990 2496 3052 4;
2527 2986 2614 3041 44.
2639 2984 2713 3057 7).
2756 2983 3033 3051 Quomodo
3059 2983 3216 3049 igitur
3246 2982 3395 3045 dicit,
3430 2980 3613 3037 Sedere
3635 2990 3769 3034 autem
3790 2996 3810 3029 α

2287 3078 2477 3133 dextris
2520 3088 2564 3131 et
2605 3076 2822 3129 sinistris
2848 3092 2948 3127 non
2992 3084 3064 3127 est
3102 3091 3266 3128 meum
3294 3074 3422 3128 dare
3442 3074 3469 3128 .’
3492 3089 3554 3127 au
3575 3071 3698 3142 quod
3724 3070 3811 3139 qui-

2286 3172 2405 3226 dattt
2434 3170 2539 3225 sint
2563 3170 2653 3241 qui
2681 3168 2877 3224 sessuri
2922 3167 3086 3220 sunt?
3120 3167 3354 3233 Minime,
3406 3165 3539 3221 absit
3582 3184 3595 3220 :
3634 3163 3713 3220 sed
3748 3177 3809 3216 re-

2287 3262 2502 3333 spondit
2530 3259 2822 3317 secundum
2851 3260 3156 3328 opinionem
3188 3259 3642 3328 interrogantium,
3667 3268 3809 3308 eorum

2288 3354 2577 3409 infirmitati
2610 3367 2669 3407 se
2708 3361 3090 3421 attemperans.
3120 3349 3301 3419 Neque
3325 3350 3470 3403 ettim
3502 3345 3679 3416 aliquid
3703 3343 3809 3398 scie-

2288 3444 2415 3499 bant
2457 3443 2524 3499 de
2563 3442 2777 3498 sublimi
2829 3442 2917 3496 illo
2966 3443 3192 3505 throno,
3233 3456 3411 3510 neque
3439 3439 3503 3493 de
3531 3436 3647 3491 sede
3671 3432 3807 3488 illaad

2286 3536 2559 3591 dexteram
2594 3534 2786 3599 l’atris,
2837 3532 3049 3603 quando
3077 3532 3236 3586 etiam
3270 3531 3351 3585 his
3394 3532 3546 3600 longe
3576 3527 3804 3585 interiora.

2288 3642 2406 3696 qua:
2445 3624 2682 3695 quotidie
2725 3624 2834 3679 illis
2880 3623 3302 3689 iuculcabautur,
3348 3621 3652 3692 ignorabant
3690 3635 3702 3673 :
3740 3613 3807 3668 Sed

2288 3732 2450 3771 unum
2480 3724 2685 3770 tantum
2714 3714 3043 3786 quaerebant,
3076 3722 3134 3766 ut
3173 3712 3375 3783 primos
3405 3723 3671 3766 consessus
3694 3717 3808 3760 tene-

2289 3815 2428 3873 rent,
2470 3815 2524 3862 et
2566 3818 2690 3861 ante
2716 3806 2851 3859 alios
2883 3805 3153 3869 sederent,
3181 3813 3339 3872 atque
3364 3802 3504 3872 apud
3536 3802 3669 3856 illum
3691 3814 3715 3850 ει
3737 3810 3807 3848 ne-

2288 3901 2432 3956 mine
2478 3897 2945 3971 prteeederenlur;
3000 3897 3141 3966 quia,
3191 3904 3250 3950 ut
3274 3896 3383 3965 jam
3416 3895 3542 3956 dixi,
3583 3888 3807 3945 Duodecim

2287 3992 2495 4045 thronos
2518 3989 2812 4052 audierant,
2850 3990 3151 4058 ignorantes
3176 3987 3298 4056 qttid
3329 3986 3433 4042 hoc
3456 3994 3608 4045 esset,
3629 3981 3806 4050 primum

2289 4096 2599 4137 consessum
2648 4080 2993 4153 quaesierunt.
3054 4078 3167 4133 Hoc
3209 4080 3388 4149 itaque
3424 4077 3548 4133 dicit
3573 4073 3807 4128 Christus:

2291 4172 2516 4243 Propter
2544 4186 2631 4226 me
2662 4170 2875 4241 quidem
2904 4169 3221 4233 moriemini,
3265 4176 3317 4223 et
3354 4182 3451 4237 pro
3488 4159 3808 4237 pra-dicatione

2293 4263 2732 4329 immolabimiui,
2787 4269 3172 4328 consttrtesque
3218 4259 3347 4313 mihi
3400 4254 3645 4329 passionis
3676 4250 3806 4305 eritis.

2290 4355 2472 4425 Neque
2517 4364 2693 4411 tamen
2744 4352 2843 4408 hoc
2887 4352 3015 4406 satis
3059 4361 3162 4418 est,
3206 4359 3264 4404 ut
3297 4350 3521 4420 primum
3552 4351 3805 4401 consessum

2290 4451 2443 4504 vobis
2476 4448 2745 4514 conciliet,
2779 4454 2941 4516 utque
2990 4444 3218 4515 primum
3249 4441 3491 4498 ordinem
3520 4436 3729 4494 teneatis.
3766 4428 3805 4482 Si

2290 4542 2408 4613 quis
2453 4556 2582 4595 vero
2611 4539 2744 4593 alius
2771 4538 2978 4593 venerit
3015 4535 3329 4607 martyrium
3372 4548 3573 4605 passus,
3608 4530 3805 4581 virtutes-

2289 4651 2392 4704 que
2434 4634 2565 4688 alias
2590 4645 2775 4686 omnes
2805 4630 3043 4686 obtineat
3081 4627 3367 4698 perfectius
3392 4641 3543 4697 quam
3567 4635 3650 4675 vos
3676 4634 3688 4671 :
3712 4616 3802 4668 licet

2290 4743 2385 4783 vos
2407 4742 2505 4796 ego
2529 4724 2766 4794 diligam,
2797 4732 2852 4776 et
2880 4720 2999 4775 aliis
3028 4735 3355 4790 prmponam,
3376 4733 3479 4773 non
3509 4714 3616 4771 ideo
3634 4706 3803 4777 rchlSﬂ

2292 4821 2405 4887 illo,
2440 4819 2528 4890 qui
2558 4835 2622 4874 ex
2652 4816 2900 4888 operibus
2940 4813 3280 4884 praedicatur,
3308 4810 3459 4866 vobis
3484 4808 3661 4879 primas
3681 4797 3800 4890 dabo:

2291 4882 2487 4966 Verum
2517 4908 2630 4962 htee
2661 4882 2730 4961 ita
2763 4921 2866 4959 non
2898 4882 3052 4969 dixit,
3095 4918 3163 4958 ne
3188 4901 3429 4958 dolorem
3460 4898 3688 4955 inferret;
3732 4882 3800 4939 sed

2292 4992 2623 5072 a‘ttigmatice
2663 4996 2713 5052 id
2761 4995 3061 5051 subiudicat
3102 4994 3287 5049 dicens
3337 5009 3352 5047 :
3398 4991 3601 5048 Calicem
3646 4978 3800 5072 auiam

2292 5070 2454 5147 ineunt
2481 5090 2675 5156 bibatis,
2706 5098 2754 5144 et
2782 5088 3097 5160 baptismate,
3135 5101 3232 5155 quo
3257 5101 3347 5156 ego
3368 5083 3597 5153 baptisor,
3624 5070 3799 5142 baptiza-

2291 5183 2468 5238 bintitti
2495 5198 2514 5236 :
2541 5182 2714 5236 sedere
2740 5190 2906 5234 autem
2944 5178 3012 5230 ad
3039 5178 3270 5231 dextram
3319 5183 3367 5228 et
3408 5172 3639 5228 sinistram
3677 5171 3797 5239 meum

2291 5290 2392 5328 non
2418 5282 2487 5327 est
2515 5288 2678 5326 meum
2707 5272 2848 5336 dare,
2888 5270 2978 5324 sed
3016 5269 3195 5339 quibus
3240 5275 3471 5335 paratum
3519 5270 3585 5314 est
3617 5275 3642 5309 a
3685 5251 3798 5305 Ρσιη

2295 5382 2424 5419 meo.
2473 5362 2800 5432 Quibusnam
2849 5371 3087 5431 paratum
3136 5363 3257 5414 est?
3301 5357 3368 5412 lis
3408 5354 3492 5425 qui
3516 5352 3575 5405 ab
3599 5340 3795 5432 opel‘ili'Is

2298 5466 2518 5527 possunt
2560 5453 2830 5523 consitioni
2872 5452 3159 5507 evadere‘.
3215 5450 3338 5504 Ideo
3386 5464 3483 5503 non
3523 5440 3669 5499 dixit,
3710 5429 3793 5486 Νοι

2360 5640 2375 5665 ⁸
2402 5636 2515 5695 Alii,
2540 5638 2733 5700 possunt
2756 5627 3037 5696 insigniores
3058 5630 3277 5680 eradere.
