3990 6216
305 364 385 409 est
430 366 610 408 meum
656 351 807 418 dare,
858 349 955 406 sed
1001 349 1174 406 Patris
1219 349 1345 417 mei,
1384 349 1597 419 nequis
1620 344 1889 401 inﬁrmum

305 445 528 511 diceret,
565 444 719 514 quasi
761 456 869 497 non
913 452 1093 511 posset
1131 442 1221 496 ille
1259 443 1565 495 mercedem
1592 438 1739 493 dare.
1783 435 1890 491 Sed

306 532 619 602 quornodo‘t
650 533 771 588 Non
798 544 867 588 est
904 549 1092 599 meum,
1125 534 1214 587 sed
1240 533 1304 586 iis
1329 532 1508 601 quibus
1535 538 1768 601 paratum
1796 535 1890 581 est.

307 624 376 680 lit
402 634 587 678 autem
616 624 670 678 id
702 623 843 693 quod
869 624 991 679 dico
1014 623 1214 678 clarius
1240 625 1329 687 sit,
1356 623 1605 694 exemplo
1635 619 1762 674 illud
1792 634 1891 674 cx-

306 716 591 787 pllcemus,
635 724 693 770 et
736 730 994 785 ponamus
1032 729 1153 769 esse
1182 712 1463 784 quemdam
1493 709 1888 778 agmiothetam,

303 809 501 863 deinde
550 808 749 863 multos
805 807 1033 862 athletas
1089 806 1323 877 Optimos
1375 807 1427 861 in
1473 805 1572 860 hoc
1619 813 1889 859 certamen

304 898 660 964 descendere,
694 908 748 954 et
792 903 1106 954 accedentes
1157 898 1292 953 duos
1343 898 1572 951 athletas
1596 897 1890 965 agnrmtlte-

306 993 415 1046 tha:
446 992 680 1046 maxime
724 989 1015 1045 familiares
1056 989 1258 1053 dicere,
1306 989 1411 1044 Fac
1458 998 1517 1043 ut
1571 1001 1893 1043 coronemur

305 1099 362 1144 et
430 1088 859 1157 proruulgemur,
923 1084 1039 1156 ejus
1104 1084 1352 1139 amiciti.c
1404 1091 1459 1138 et
1506 1080 1891 1137 benevolentia!

304 1180 572 1243 ﬁdentes;
604 1178 755 1233 illum
788 1192 915 1231 vero
943 1177 1274 1248 respondere
1296 1218 1313 1243 ,
1335 1174 1451 1230 Non
1478 1183 1561 1229 est
1586 1190 1762 1229 meum
1792 1172 1893 1227 hoc

303 1272 439 1325 dare
482 1267 659 1331 vobis,
707 1268 801 1323 sed
846 1268 1038 1338 quibus
1063 1268 1133 1321 ob
1161 1267 1371 1321 labores
1395 1276 1448 1320 et
1476 1265 1700 1320 sudores
1733 1278 1891 1335 para-

304 1371 417 1415 tum
438 1369 523 1415 est
548 1377 562 1412 :
595 1374 721 1413 utrm
748 1357 888 1430 ergo‘
909 1359 1057 1413 ilhnn
1100 1356 1299 1412 nullius
1325 1370 1446 1412 esse
1474 1358 1729 1426 potentia:
1747 1354 1891 1423 judi-

300 1453 585 1507 cabimus?
643 1452 987 1521 Nequaquam
1019 1468 1033 1505 ε
1061 1449 1154 1504 sed
1180 1451 1250 1504 ob
1275 1448 1532 1518 justitiam
1558 1447 1891 1516 tiquitatem-

301 1558 411 1613 que
438 1542 793 1598 laudabimus.
825 1540 893 1597 Ut
928 1542 1087 1613 igitur
1117 1540 1265 1594 illum
1298 1553 1403 1593 non
1432 1538 1756 1603 diceremus,
1800 1551 1891 1590 co-

302 1646 491 1686 ronam
536 1632 658 1688 ideo
701 1648 808 1687 non
852 1631 1001 1695 dare,
1053 1628 1191 1701 quod
1236 1646 1339 1684 non
1384 1636 1584 1700 posset,
1628 1627 1721 1682 sed
1751 1624 1892 1696 quod

301 1726 472 1781 nollet
501 1726 670 1796 legem
712 1725 1064 1781 certaminum
1103 1724 1317 1789 violare,
1369 1736 1541 1792 neque
1576 1720 1711 1791 juris
1746 1720 1890 1774 ordi-

302 1833 429 1873 nem
458 1816 711 1872 turbare:
742 1816 821 1872 sic
863 1824 919 1871 et
956 1815 1226 1870 Christum
1260 1814 1373 1870 hare
1406 1814 1609 1869 dixisse
1647 1811 1892 1867 credide-

301 1909 431 1973 ritu,
461 1908 698 1979 undique
728 1908 850 1963 illos
884 1907 1260 1973 concitantem,
1304 1918 1359 1961 ut
1392 1917 1512 1978 post
1539 1906 1636 1961 Dei
1665 1904 1890 1976 gratiam

303 1998 362 2054 in
416 1999 555 2053 bona
589 2014 752 2069 opera
801 2012 895 2053 sua
942 2010 1090 2068 spem
1134 1998 1320 2053 salutis
1345 2005 1401 2053 et
1428 1997 1610 2068 gloria:
1639 1996 1887 2053 referant.

300 2090 433 2147 Ideo
477 2090 627 2156 dicit,
678 2089 871 2157 Quibus
909 2100 1143 2160 paratum
1180 2100 1278 2144 est.
1331 2089 1469 2157 Quid
1498 2089 1664 2154 enim,
1710 2089 1804 2153 ait,
1848 2086 1894 2142 si

299 2185 396 2241 alii
418 2184 570 2239 vobis
591 2184 841 2239 meliores
871 2183 1201 2254 appareant?
1244 2180 1369 2252 quid
1419 2182 1465 2236 si
1511 2180 1731 2236 meliora
1766 2193 1898 2250 ope-

299 2289 493 2333 rentur
512 2278 538 2331 ?
588 2276 725 2332 Num
748 2277 868 2347 quia
895 2275 1140 2345 discipuli
1169 2274 1276 2330 mei
1307 2272 1499 2338 fuistis,
1545 2272 1667 2327 ideo
1696 2273 1895 2341 primos

299 2383 595 2424 eonsessus
621 2367 969 2438 occupabitis,
1000 2367 1101 2421 nisi
1133 2365 1394 2421 elecﬁoue
1432 2364 1577 2435 digni
1601 2363 1891 2434 jndieemi-

301 2460 357 2515 ιιί
380 2460 407 2513 2
453 2459 603 2527 Quod
637 2460 779 2515 enim
812 2460 924 2528 ipse
949 2460 1018 2513 sit
1058 2457 1313 2512 Dominus
1361 2456 1615 2522 universi,
1640 2455 1761 2509 hnc
1797 2470 1893 2524 pa-

303 2550 415 2605 lam
463 2560 568 2615 est,
616 2550 757 2620 quod
790 2548 903 2620 ipse
936 2560 1102 2603 totum
1130 2547 1322 2602 habeat
1358 2546 1636 2616 judicium.
1688 2546 1893 2604 Etenim

303 2643 470 2700 Petro
519 2644 598 2697 sic
642 2642 772 2697 dicit
813 2660 827 2695 :
881 2641 990 2711 Ego
1014 2640 1103 2694 tibi
1140 2639 1271 2694 dabo
1295 2638 1459 2692 claves
1486 2639 1628 2708 regni
1653 2638 1894 2691 actorum

302 2736 525 2809 (lauti.
558 2736 647 2791 16.
678 2736 788 2804 i9).
823 2735 887 2789 Et
929 2734 1126 2789 Paulus
1157 2734 1259 2787 hoc
1284 2731 1588 2803 signiﬁcans
1632 2731 1843 2785 dicebat
1877 2746 1891 2783 :

300 2832 375 2893 In
406 2832 594 2907 reliquo
624 2840 842 2908 repetita
871 2838 945 2890 est
966 2828 1089 2888 mihi
1120 2842 1307 2886 corona
1324 2825 1565 2901 jar-stitia,
1596 2840 1746 2893 quam
1778 2824 1896 2878 red-

300 2931 393 2984 det
429 2929 555 2982 milii
598 2927 840 2982 Dominus
858 2929 1029 2996 justus
1047 2926 1211 2997 judcx
1239 2924 1291 2978 in
1318 2923 1407 2976 illa
1437 2923 1519 2976 die
1549 2932 1568 2976 :
1597 2933 1697 2971 non
1734 2916 1896 2971 solum

301 3030 483 3074 autem
511 3018 655 3084 mihi,
686 3018 774 3071 sed
800 3017 935 3070 etiis
974 3015 1202 3069 omnibus
1240 3014 1324 3084 qui
1367 3012 1591 3082 diligunt
1629 3009 1896 3066 adventum

299 3108 419 3179 eius
466 3109 543 3178 (2.
574 3107 709 3163 Tim.
739 3108 789 3164 ι.
825 3108 901 3177 8).
954 3107 1228 3161 Adventus
1257 3120 1385 3161 vero
1413 3104 1632 3167 Christi,
1675 3103 1764 3158 ille
1806 3106 1894 3173 qui

298 3200 414 3274 jam
448 3200 548 3255 fuit
578 3199 663 3255 hic
690 3199 903 3255 dicitur.
941 3196 1093 3266 Quod
1121 3205 1297 3251 autem
1327 3196 1548 3249 Paulum
1576 3208 1735 3250 nemo
1764 3210 1899 3264 pne-

300 3308 565 3349 eessurus
615 3290 720 3355 sit,
764 3288 1013 3346 omnibus
1062 3288 1237 3358 palam
1285 3296 1390 3343 est.
1448 3286 1503 3342 Si
1551 3296 1728 3341 autem
1783 3284 1899 3341 lucc

300 3383 553 3440 Clll‘laltls
602 3382 880 3437 obsmrius
928 3380 1140 3445 dixerit,
1190 3394 1258 3433 ne
1300 3378 1557 3433 mireris:
1590 3376 1709 3432 illos
1753 3376 1896 3431 enim

302 3476 553 3537 dimittit,
585 3489 673 3529 res
703 3474 772 3527 ita
803 3473 1116 3541 diSponens,
1150 3480 1298 3524 utne
1332 3484 1391 3524 se
1442 3468 1510 3524 de
1550 3468 1722 3537 primo
1769 3482 1899 3520 con-

303 3580 464 3622 sessu
495 3572 695 3619 temere
739 3564 821 3618 vel
867 3563 1062 3617 frustra
1112 3561 1432 3616 turbarent:
1478 3574 1601 3614 nam
1652 3557 1783 3613 illud
1831 3572 1896 3612 ex

305 3658 553 3715 humano
579 3656 770 3711 affectu
800 3654 1037 3725 perpessi
1080 3660 1224 3720 sunt,
1276 3667 1376 3709 nec
1403 3651 1524 3706 illos
1547 3650 1757 3705 tristitia
1782 3648 1898 3703 affl-

303 3764 437 3805 ccre
481 3749 688 3811 volens,
727 3746 1054 3800 obscuritate
1093 3743 1206 3798 lucc
1234 3742 1391 3797 ambo
1420 3741 1778 3811 consequitur.
1805 3738 1898 3793 24.

307 3839 461 3896 Tunc
503 3838 755 3910 indignati
794 3847 909 3891 sunt
948 3837 1117 3889 decem
1138 3836 1203 3889 de
1228 3834 1419 3888 duobus
1445 3832 1705 3903 fratribus.
1737 3830 1899 3895 Tunc,

304 3929 698 4001 quandonam?
723 3927 770 3997 Q
791 3928 947 3981 nando
981 3924 1187 3981 scilicet
1214 3924 1333 3979 illos
1360 3924 1669 3993 increpavit.
1723 3923 1903 3978 Donec

307 4025 460 4079 enim
486 4038 549 4077 ea
590 4019 786 4075 Chriin
838 4020 1099 4074 sententia
1128 4028 1265 4083 erat,
1300 4031 1404 4071 non
1450 4014 1900 4085 indignabantur;

309 4113 412 4170 sed
444 4112 689 4167 videntes
718 4112 837 4165 illos
868 4109 1128 4181 praeferri,
1183 4124 1246 4164 ex
1282 4108 1484 4162 honore
1525 4117 1578 4161 et
1604 4105 1904 4161 reverentia

308 4204 558 4275 magistri
612 4204 891 4268 tacebant,
941 4201 1153 4256 etiamsi
1198 4200 1377 4254 animo
1421 4199 1681 4260 dolerent,
1710 4198 1803 4251 sed
1850 4198 1903 4250 in

310 4295 559 4352 medium
612 4295 726 4348 lucc
777 4293 969 4347 ell'crre
1027 4306 1131 4345 non
1199 4290 1483 4344 audebant.
1545 4288 1905 4355 Similiterque

311 4402 444 4457 erga
500 4386 714 4440 Petrum
766 4384 1055 4439 lmmanrnn
1105 4381 1229 4451 quid
1272 4381 1435 4452 passi,
1478 4378 1693 4450 quando
1731 4378 1907 4433 didra~

312 4477 479 4534 clima
528 4474 696 4541 dedit,
733 4490 840 4529 non
880 4472 1093 4544 indigne
1128 4473 1385 4535 tulerunt,
1439 4470 1534 4524 sed
1577 4477 1781 4523 tantum
1828 4469 1904 4521 in-

316 4576 753 4639 terrogaverunt,
804 4565 929 4631 Quis
968 4565 1135 4638 νηπίων
1178 4571 1252 4615 est
1296 4561 1506 4631 (Matth.
1548 4560 1629 4615 l8.
1678 4559 1771 4631 l)?
1813 4559 1909 4614 llic

313 4674 500 4720 autem
548 4663 640 4717 ubi
683 4660 931 4715 viderunt
974 4656 1264 4723 discipulos
1298 4654 1351 4708 id
1382 4665 1581 4723 petere,
1625 4652 1907 4722 indignan-

318 4766 427 4811 tur.
459 4752 644 4823 Neque
670 4752 848 4806 statim
878 4748 1135 4820 indignati
1181 4756 1324 4812 sunt,
1370 4760 1490 4800 eum
1521 4752 1779 4812 peterent,
1811 4742 1907 4797 sed

316 4864 443 4904 cum
494 4845 788 4915 iniere-pavit
832 4856 925 4898 eos
966 4841 1231 4903 Christus,
1268 4837 1506 4906 dixitque
1550 4836 1751 4904 primos
1783 4847 1910 4887 con-

320 4952 507 4994 sessus
538 4950 643 4990 non
674 4943 1033 5005 occupaturos
1059 4932 1177 4986 illos
1197 4944 1340 4996 esse,
1383 4927 1483 4981 nisi
1506 4942 1565 4981 se
1591 4922 1697 4980 illis
1723 4924 1910 4995 dignos

320 5027 657 5085 exhiberent.

402 5121 457 5175 4.
489 5116 605 5174 Sibi
641 5115 763 5186 ipsis
792 5121 1149 5183 comparantur
1177 5108 1416 5181 apostoli,
1459 5114 1577 5161 ante
1599 5115 1644 5160 et
1668 5114 1782 5175 post
1810 5102 1907 5158 ad-

326 5221 529 5266 ventum
561 5208 790 5277 Spiritus
837 5204 1021 5258 sancti.
1060 5202 1333 5256 [humilitas
1359 5198 1753 5270 magnitudinem
1779 5197 1912 5267 parit

326 5304 641 5375 gloriamque
684 5307 851 5369 auget.
878 5326 949 5337 —
988 5295 1174 5349 Videu'
1196 5303 1451 5363 quantum
1482 5290 1773 5359 imperfecti
1798 5305 1915 5343 om-

330 5411 423 5451 nes
452 5404 653 5456 essent,
684 5402 796 5447 tum
828 5387 880 5443 hi
912 5389 999 5457 qui
1031 5387 1219 5441 decem
1250 5384 1369 5438 illos
1400 5380 1703 5452 praecedere
1737 5389 1912 5434 tenta-

332 5487 477 5551 bant,
511 5492 621 5537 tum
651 5481 837 5535 decem
865 5479 938 5533 illi
967 5478 1056 5548 qui
1084 5476 1293 5531 duobus
1323 5471 1668 5528 invidebant?
1694 5470 1823 5535 Sed,
1856 5478 1913 5526 ut

330 5577 460 5635 dixi.
488 5585 607 5644 post
637 5573 752 5626 iure
776 5569 999 5626 ostende
1025 5568 1147 5623 illos
1168 5566 1319 5630 mihi,
1350 5574 1404 5620 et
1432 5562 1638 5619 videbis
1666 5561 1913 5616 erunibus

335 5666 477 5724 hisce
503 5662 782 5721 affectibus
808 5675 1023 5717 vacuos.
1051 5658 1186 5717 Audi
1208 5657 1474 5729 quomodo
1505 5657 1593 5712 hic
1617 5660 1729 5728 ipse
1746 5654 1909 5711 Joan-

1318 230 1383 289 ιιι
1422 228 1825 288 marinam:
1866 227 2097 288 ιιοωι..
2139 228 2300 285 LXV.
2337 229 2411 285 al.
2452 226 2633 284 LXVI.

3476 233 3582 287 (ιὩῖ

1998 358 2116 407 nes.
2142 345 2233 414 qui
2261 359 2404 400 nunc
2435 344 2532 400 hac
2563 342 2632 399 de
2659 357 2818 399 causa
2846 346 3093 411 accessit.
3124 346 3325 416 primas
3363 359 3578 416 semper

1998 433 2158 490 Petro
2172 436 2349 498 cedat,
2372 446 2427 491 et
2445 436 2783 511 concionauti
2804 446 2858 492 et
2881 438 3133 493 miracula
3154 438 3333 494 edenti
3357 438 3411 493 in
3426 441 3578 494 Acti-

1998 524 2096 580 bus
2120 526 2504 594 apostolorum.
2548 525 2734 596 Neque
2779 528 2898 596 ejus
2946 528 3196 597 praeclara
3239 538 3385 597 gesta
3415 527 3574 597 celat,

1997 616 2090 671 sed
2135 626 2190 672 et
2232 617 2627 673 confessionem
2661 630 2876 683 narrat,
2908 636 3065 690 quam
3107 620 3195 675 ille
3221 621 3468 675 omnibus
3492 631 3576 675 ta-

1996 709 2242 761 centibus
2281 708 2484 775 emisit,
2525 717 2582 763 et
2609 710 2906 779 ingressum
2955 710 3006 764 in
3037 712 3361 779 sepulcrum,
3394 711 3574 764 illurn-

1995 812 2100 866 qne
2133 799 2149 829 ⁸
2176 798 2276 851 sibi
2310 799 2571 868 pra-ponit
2601 801 2733 871 (Act.
2761 801 2853 871 5).
2884 800 3015 868 Quia
3044 802 3184 856 cnim
3213 802 3370 854 ambo
3394 802 3571 855 cruci-

1998 888 2209 958 ﬁgendo
2257 890 2474 943 Christo
2526 890 2749 944 aderant
2775 931 2792 955 ,
2852 892 3061 947 laudem
3111 908 3258 947 suam
3298 893 3575 953 succidens

1994 978 2229 1034 Joannes
2255 980 2327 1032 ait
2361 997 2376 1032 :
2409 978 2574 1034 Notus
2595 989 2699 1033 erat
2715 981 2991 1050 discipulus
3014 982 3099 1036 ille
3113 984 3361 1037 sacerdoti
3377 984 3395 1054 (
3416 982 3573 1038 Joan.

2000 1070 2084 1124 18.
2122 1069 2241 1142 16).
2284 1070 2516 1125 Jacobus
2570 1087 2696 1125 vero
2749 1088 2853 1126 non
2899 1075 3063 1127 nmlto
3110 1085 3292 1143 postea
3338 1084 3575 1143 tempore

1997 1163 2176 1217 vixit:
2222 1162 2293 1216 ab
2342 1163 2492 1216 initio
2537 1164 2679 1216 enim
2728 1180 2921 1233 niagio
2968 1167 3233 1220 ferebatur
3265 1166 3480 1231 ardore,
3524 1178 3575 1221 et

1997 1253 2177 1306 missis
2214 1251 2461 1305 lnnnanis
2508 1253 2779 1317 omnibus,
2829 1255 2897 1307 ad
2938 1264 3043 1308 tant
3071 1256 3337 1310 ineffabile
3361 1258 3575 1311 culmen

1996 1342 2257 1407 ascendit,
2300 1354 2358 1396 ιιι
2401 1344 2579 1398 statim
2612 1344 2967 1398 occideretur.
3015 1346 3104 1399 Sic
3156 1357 3338 1415 postea
3382 1348 3576 1402 summi

2000 1434 2199 1489 virtute
2226 1449 2414 1488 omnes
2444 1434 2616 1489 eli'ecti
2648 1444 2791 1489 sunt.
2821 1434 2925 1491 Sed
2977 1447 3102 1492 tunc
3131 1437 3384 1507 indignati
3427 1448 3573 1493 sunt.

1995 1524 2133 1590 Quid
2164 1540 2291 1595 ergo
2327 1525 2613 1580 Christus?
2638 1527 2725 1581 9.5.
2762 1526 2887 1581 Cum
2923 1527 3213 1583 adromsset
3239 1545 3356 1594 eos,
3404 1530 3529 1583 dixit
3557 1547 3575 1585 :

2001 1613 2267 1683 Principes
2293 1618 2518 1686 gentium
2546 1617 2872 1671 dominantur
2899 1636 3091 1673 eorum.
3137 1620 3268 1689 Quia
3299 1620 3444 1676 enim
3472 1630 3584 1677 tur-

1998 1706 2104 1761 bati
2154 1718 2327 1770 erant,
2377 1708 2689 1763 advocanda
2742 1710 2862 1763 illos
2904 1720 3193 1781 antequam
3251 1714 3575 1781 loqueretur,

1999 1807 2108 1854 tum
2129 1800 2475 1855 advocatione
2502 1801 2610 1868 illa,
2644 1811 2751 1855 tum
2772 1803 2912 1872 quod
2937 1804 3152 1873 propius
3180 1820 3239 1858 se
3261 1804 3580 1870 attraheret.

1999 1894 2120 1949 illos
2149 1894 2425 1963 mitigavit.
2458 1893 2590 1948 Nam
2618 1893 2723 1949 duo
2750 1896 2847 1959 illi.
2876 1911 2945 1950 ex
2974 1906 3114 1951 creto
3141 1895 3327 1952 decem
3356 1907 3580 1951 creterri-

1998 1999 2116 2040 rum
2170 1985 2441 2053 disjuncti,
2500 2000 2666 2055 prope
2714 1986 2927 2041 stabant
2978 1988 3220 2057 privatim
3280 1989 3577 2057 loquentes.

1998 2070 2123 2125 Ideo
2154 2070 2276 2125 illos
2302 2086 2514 2139 quoque
2540 2085 2707 2139 prope
2739 2070 3004 2137 advocat,
3038 2080 3094 2127 et
3129 2072 3228 2127 hoc
3254 2072 3435 2137 ruodo,
3468 2082 3578 2127 tum

1998 2162 2160 2218 etiam
2188 2171 2246 2217 ut
2269 2162 2409 2231 quod
2436 2163 2524 2215 alii
2544 2162 2789 2217 dixerant
2816 2163 3050 2229 ederrct,
3074 2173 3127 2217 et
3150 2164 3361 2218 ceteris
3384 2178 3579 2218 renuu-

2000 2253 2161 2307 tiaret
2186 2295 2201 2317 ,
2231 2264 2529 2308 commotos
2560 2254 2748 2309 horum
2782 2255 3103 2324 illorumque
3142 2256 3352 2309 animos
3376 2258 3578 2309 solatio;

1939 2349 1942 2352 ’
1998 2352 2101 2397 est.
2129 2342 2317 2413 Neque
2338 2360 2477 2397 nunc
2510 2353 2565 2398 ut
2583 2352 2739 2398 antea
2768 2344 2920 2399 sedat
2944 2362 2959 2396 :
2993 2346 3136 2414 prius
3161 2345 3304 2400 enim
3331 2347 3581 2417 parvulos

1997 2435 2215 2488 adduxit
2244 2435 2293 2488 in
2313 2435 2566 2500 medium,
2601 2435 2921 2505 illormnquc
2942 2436 3335 2505 simplicitatem
3362 2436 3578 2492 humili-

2000 2535 2267 2596 lateraque
2295 2528 2488 2581 imitari
2511 2527 2668 2597 jussit
2691 2544 2705 2591 ;
2733 2527 2820 2582 hic
2845 2538 3021 2582 autem
3046 2528 3223 2583 acrius
3250 2528 3369 2583 illos
3391 2544 3421 2581 a
3446 2544 3578 2584 con-

2001 2619 2166 2672 trario
2200 2620 2371 2687 carpit
2400 2619 2584 2674 dicens
2617 2636 2633 2675 :
2670 2617 2935 2688 Principes
2983 2620 3202 2690 gentium
3231 2620 3578 2685 dominantur,

1998 2721 2042 2764 et
2068 2711 2154 2782 qui
2181 2711 2351 2781 magni
2371 2721 2511 2777 sunt,
2539 2720 2830 2781 potestatem
2853 2694 3080 2764 exercent
3109 2712 3160 2765 in
3183 2727 3265 2763 eos
3284 2729 3302 2776 ;
3323 2710 3413 2764 26.
3442 2710 3582 2778 apud

1998 2818 2084 2858 eos
2103 2812 2269 2856 autem
2304 2820 2407 2856 non
2435 2802 2505 2855 ita
2544 2804 2638 2857 erit
2670 2820 2688 2855 :
2722 2804 2810 2855 sed
2837 2804 2923 2872 qni
2962 2804 3066 2856 vult
3097 2819 3308 2872 magnus
3348 2802 3477 2856 inter
3497 2819 3582 2857 vos

1998 2910 2126 2962 csse,
2151 2895 2233 2948 hic
2260 2894 2325 2949 sit
2353 2894 2580 2948 omnium
2603 2894 2829 2949 minister
2858 2910 2877 2948 :
2897 2894 2986 2948 27.
3013 2904 3060 2947 et
3080 2895 3164 2963 qui
3200 2895 3303 2948 vult
3327 2911 3432 2949 esse
3470 2894 3580 2965 pri-

1999 3000 2133 3052 mus,
2160 2984 2224 3043 sit
2250 2984 2473 3043 omnium
2502 2984 2710 3042 ultimus
2734 3001 2754 3039 .'
2783 2984 3073 3039 ostendens
3102 2982 3227 3038 illud
3252 2984 3317 3039 ad
3345 2984 3579 3053 gentium

2000 3096 2204 3135 morem
2225 3080 2486 3136 accedere
2502 3122 2519 3147 ,
2541 3096 2663 3134 cum
2694 3076 2850 3149 primi
2867 3074 3061 3148 gradus
3080 3084 3423 3149 appetuntur.
3450 3073 3582 3131 Nam

2002 3172 2275 3245 tyrannica
2302 3171 2418 3226 lucc
2446 3171 2623 3241 passio
2652 3180 2731 3226 est
2759 3210 2777 3237 ,
2803 3185 2905 3238 qua
2938 3170 3241 3239 frequenter
3275 3168 3448 3238 magni
3485 3166 3581 3222 viri

2001 3267 2368 3337 exagitantur;
2401 3265 2627 3334 ideoque
2656 3263 3051 3319 vehementiore
3074 3263 3418 3333 castigatione
3443 3262 3582 3316 iudi-

1999 3370 2109 3432 get.
2141 3359 2474 3430 Quapropter
2500 3359 2613 3428 ipse
2658 3357 2866 3411 acriore
2913 3357 3065 3426 plaga
3115 3356 3310 3418 utitur,
3338 3353 3464 3409 dum
3516 3368 3581 3408 ex

2000 3452 2240 3522 gentium
2281 3449 2681 3518 comparatione
2708 3456 2999 3503 tumentem
3027 3447 3264 3502 animum
3294 3444 3578 3516 pudelaeit.

2002 3554 2059 3600 et
2085 3543 2275 3597 horum
2299 3541 2574 3607 invidiam,
2607 3541 2816 3595 illorum
2844 3540 3200 3610 arrogantiam
3226 3536 3448 3593 succidit
3473 3552 3489 3603 ;
3521 3551 3583 3591 ac

2003 3636 2049 3692 si
2070 3635 2273 3689 diceret
2299 3651 2313 3685 :
2343 3632 2421 3688 Ne
2447 3632 2794 3702 indignemini
2837 3632 2989 3701 quasi
3020 3630 3341 3685 contumelia
3386 3628 3581 3683 all'ccti.

2003 3726 2223 3795 Scipsos
2250 3726 2483 3779 maxime
2514 3724 2744 3788 Iredunt,
2767 3733 2817 3778 et
2843 3722 3107 3778 dedecore
3134 3721 3369 3777 afﬁciunt
3414 3721 3471 3783 ii,
3496 3720 3585 3790 qui

2005 3820 2291 3889 primatum
2319 3816 2589 3881 ambiunt;
2631 3831 2755 3870 nam
2799 3816 3041 3869 ultiumrn
3090 3815 3265 3869 locum
3303 3823 3585 3882 occupant.

2007 3912 2121 3965 Non
2146 3910 2289 3966 enim
2331 3924 2421 3964 res
2445 3907 2587 3978 apud
2640 3922 2739 3962 nos
2782 3921 2841 3961 se
2869 3906 3029 3960 habet
3072 3916 3130 3959 ut
3170 3905 3307 3973 apud
3352 3914 3585 3960 exteros.

2006 4003 2137 4059 Nam
2172 4000 2435 4071 Principes
2469 3999 2691 4071 gentium
2720 3998 3046 4051 dominantur
3081 4013 3294 4056 eorum;
3338 3995 3475 4063 apud
3504 4010 3592 4050 me

2006 4104 2184 4147 autem
2210 4091 2425 4146 ultimus
2447 4092 2649 4160 primus
2668 4097 2767 4143 est.
2791 4088 2868 4142 Ne
2886 4104 3012 4141 vero
3042 4095 3196 4157 putes
3217 4085 3333 4140 ιι.υο
3356 4101 3441 4140 me
3470 4086 3587 4139 siue

2007 4199 2165 4239 causa
2192 4183 2403 4241 dicere.
2432 4181 2582 4235 factis
2623 4179 2754 4235 meis
2782 4180 3082 4248 exemplum
3108 4193 3279 4232 sume.
3313 4177 3421 4246 Ego
3443 4192 3583 4229 t'lltlll

2011 4279 2128 4349 plus
2152 4274 2420 4345 quidpiam
2436 4272 2556 4326 feci.
2587 4271 2701 4327 Rex
2731 4270 2925 4339 quippe
2956 4284 3306 4339 supernarum
3337 4268 3587 4322 virtutum

2010 4383 2130 4423 cum
2156 4382 2352 4428 essem,
2380 4364 2542 4418 homo
2573 4362 2686 4417 lieri
2719 4361 2892 4425 volui,
2922 4370 2977 4414 et
2997 4361 3176 4430 sperni
3204 4370 3363 4430 atque
3393 4370 3587 4413 contu—

2011 4459 2185 4513 mcliis
2232 4456 2395 4511 uilici.
2444 4454 2627 4523 Neque
2681 4452 2765 4505 his
2802 4461 3106 4517 r-ootentus,
3158 4463 3383 4505 mortem
3429 4449 3590 4503 adivi.

2011 4550 2137 4606 ideo
2156 4551 2227 4604 ait
2256 4567 2270 4603 :
2299 4548 2388 4602 28.
2421 4546 2587 4600 Filias
2613 4544 2829 4598 hominis
2857 4560 2958 4596 non
2996 4542 3130 4595 venit
3172 4552 3226 4593 ut
3253 4542 3582 4605 ministretur,

2011 4644 2098 4699 sed
2133 4652 2184 4695 tu
2211 4640 2475 4703 ministret,
2519 4646 2567 4691 ct
2596 4637 2678 4690 det
2704 4636 2925 4687 animant
2951 4650 3096 4687 suam
3121 4632 3172 4685 in
3200 4631 3588 4699 redemptionem

2015 4753 2107 4805 pro
2136 4735 2327 4788 multis.
2353 4731 2535 4800 Neque
2572 4729 2715 4783 enim
2747 4728 2831 4781 hic
2859 4727 3067 4780 substiti
3092 4725 3113 4757 ⁹
3142 4766 3159 4791 ,
3187 4724 3388 4793 inquit;
3417 4722 3510 4777 sed
3540 4733 3593 4778 et

2013 4829 2244 4882 animam
2268 4841 2438 4879 meam
2461 4821 2582 4876 dedi
2606 4821 2659 4874 in
2690 4818 3112 4889 redemptionem
3142 4834 3155 4869 :
3180 4825 3228 4869 et
3254 4831 3351 4884 pro
3367 4813 3595 4883 quibus?

2017 4920 2121 4975 Pro
2152 4916 2401 4973 inimicis.
2434 4915 2473 4968 Τ
2481 4931 2514 4967 ιι
2541 4928 2667 4967 vero
2696 4911 2740 4966 si
2770 4910 3075 4965 humiliatus
3098 4906 3278 4968 fueris,
3311 4922 3404 4975 pro
3427 4906 3598 4973 teipso

2016 5013 2132 5083 agis
2162 5029 2175 5065 :
2200 5027 2300 5080 ego
2327 5018 2507 5064 autem
2532 5023 2627 5076 pro
2658 5016 2730 5061 te.
2760 5004 2836 5059 Ne
2864 5004 3041 5073 itaque
3082 5001 3289 5065 timeas,
3318 4999 3469 5069 quasi
3497 4996 3592 5052 ho-

2018 5117 2201 5157 norem
2230 5113 2375 5153 tuum
2408 5099 2677 5152 amittens.
2712 5094 3209 5159 Quantumcumque
3230 5090 3371 5142 enim
3404 5097 3453 5141 te
3485 5087 3584 5142 litt-

2019 5192 2307 5250 miliaveris
2327 5230 2342 5256 ,
2374 5206 2477 5244 non
2505 5197 2657 5258 potes
2697 5194 2901 5239 tantum
2941 5181 3267 5238 descendere
3290 5222 3307 5246 ,
3335 5190 3591 5249 quantum

2052 5330 2068 5362 ⁸
2082 5335 2221 5377 Juxta
2236 5332 2448 5373 Graecum
2463 5320 2730 5382 legendum
2744 5312 3223 5382 esbapostolnmqne.
3238 5322 3380 5363 Porro
3390 5319 3599 5382 Joannes

2017 5375 2357 5446 biclintelligit
2378 5375 2774 5449 Petraiu._quem
2808 5375 2902 5449 sibi
2924 5379 3212 5449 _pr.eponit,
3236 5390 3332 5426 non
3371 5389 3434 5449 rei).
3468 5375 3596 5435 quoi

2123 5432 2486 5512 ἓίῐῖᾗὸέιυιαε.
2527 5432 2616 5492 sed
2641 5432 2703 5491 eo
2726 5443 2853 5512 «ptod
2898 5432 2961 5512 sit
2984 5432 3213 5511 princeps
3250 5432 3591 5512 apostolor'mn.

1978 5536 1983 5539 -
2021 5501 2342 5572 Principatum
2367 5501 2491 5557 Petri
2520 5518 2609 5555 vox
2636 5501 2898 5568 apostolum
2921 5501 3184 5563 designare
3210 5506 3370 5563 potem
3402 5509 3489 5561 per
3509 5508 3597 5546 an-

2019 5573 2345 5625 tonomasiam.

2082 5659 2103 5692 '
2120 5650 2389 5717 Alii,in
2410 5649 2611 5712 diceret,
2627 5650 2785 5713 Neque
2805 5647 2933 5700 enim
2954 5643 3031 5696 hic
3053 5641 3259 5696 substiti.
