4126 6220
435 200 541 257 615

439 317 695 372 Dominus
718 327 861 371 tuus.
886 316 1134 372 Attamen
1156 317 1242 373 hic
1268 316 1561 371 descensus
1577 316 1813 371 omnium
1833 331 2021 371 ascen-

434 422 528 461 sus
555 407 724 462 factus
761 418 881 473 est,
924 417 977 462 et
1004 409 1226 478 gloriam
1270 411 1385 478 ejus
1431 408 1805 465 manifestavit.
1851 412 2017 462 Ante-

431 512 593 566 quam
638 497 781 551 enim
830 498 983 551 ﬁeret
1027 500 1207 564 homo,
1249 498 1544 567 ahangelis
1593 508 1795 553 tantum
1824 514 2015 568 cogno-

433 589 681 642 scebatur
725 606 739 643 :
796 597 1069 658 postquam
1115 600 1289 642 autem
1344 591 1501 643 homo
1542 588 1710 643 factus
1752 599 1805 645 et
1846 590 2018 644 cruci-

434 682 571 733 ﬁxus
596 695 697 742 est,
726 696 833 733 non
855 680 1013 734 modo
1057 681 1197 734 illam
1245 698 1347 734 non
1381 681 1571 735 minuit
1609 682 1855 752 gloriam,
1920 680 2013 735 sed

432 783 484 827 et
531 772 687 826 aliam
728 774 933 841 accepit
983 788 1011 825 a
1068 774 1372 843 cognitione
1419 775 1583 827 orbis.
1623 772 1715 829 'Ne
1763 788 1892 843 ergo
1947 775 2013 828 ti-

433 878 621 928 meas,
677 878 741 917 ac
811 864 855 916 si
911 863 1081 916 honor
1153 864 1243 917 tibi
1307 864 1617 929 auferatur,
1666 864 1710 917 si
1782 867 2007 933 tcipsum

432 955 684 1010 humilies
734 973 747 1009 :
803 955 902 1009 hoc
982 958 1122 1009 enim
1179 956 1337 1009 modo
1407 956 1573 1025 magis
1627 964 1851 1025 augetur
1919 955 2009 1008 tibi

429 1046 594 1113 gloria
644 1046 747 1100 hoc
785 1046 944 1100 modo
983 1049 1152 1115 major
1190 1048 1434 1100 el‘lieitur.
1491 1048 1613 1100 llazc
1656 1046 1800 1113 regni
1850 1046 2010 1114 jauua

430 1140 531 1183 est.
576 1129 655 1185 Ne
695 1131 1017 1184 contrariam
1064 1132 1306 1185 ineamus
1351 1131 1509 1194 viam,
1567 1147 1635 1185 ne
1683 1132 1834 1187 nobis
1881 1131 2011 1200 ipsis

433 1222 630 1277 bellum
680 1224 988 1279 inferamus.
1040 1223 1173 1277 Nam
1218 1224 1263 1277 si
1314 1224 1537 1278 velimus
1585 1225 1758 1290 magni
1806 1224 2005 1290 videri,

432 1328 536 1367 non
566 1313 742 1382 magni
780 1316 979 1368 erimus
1005 1356 1019 1377 ,
1049 1314 1156 1367 imo
1184 1314 1421 1367 omnium
1471 1314 1832 1383 abjectissimi.
1866 1313 2010 1367 Vidi-

426 1405 549 1459 stin‘
572 1404 841 1475 quomodo
871 1406 1063 1477 ubique
1090 1407 1207 1460 illos
1229 1422 1257 1459 a
1282 1407 1565 1462 contrariis
1588 1407 1847 1472 hortetur,
1874 1408 2007 1461 dans

426 1505 606 1550 tamen
650 1496 779 1565 ipsis
834 1496 884 1549 id
935 1496 1073 1564 quod
1131 1497 1466 1552 desiderant?
1516 1498 1728 1551 Etenim
1768 1499 2007 1569 pluribus

427 1586 480 1640 id
511 1601 670 1657 supra
702 1587 1069 1652 ostendimus;
1117 1596 1170 1640 et
1222 1589 1297 1641 sic
1336 1603 1547 1657 quoque
1596 1586 1739 1652 fecit,
1787 1603 1907 1642 eum
1938 1591 2004 1643 de

424 1676 601 1730 avaris
623 1686 673 1731 et
689 1677 754 1731 de
778 1692 927 1730 vana:
949 1677 1130 1744 gloria:
1155 1676 1363 1745 cupidis
1385 1687 1651 1746 ageretur.
1684 1678 1790 1731 Cur
1831 1678 1999 1742 enim,

410 1765 617 1836 .inquit,
645 1781 827 1821 coram
859 1765 1163 1821 hominibus
1199 1766 1296 1821 das
1321 1767 1761 1838 eleemosynam?
1802 1776 1857 1821 ut
1882 1769 1997 1837 glo-

424 1858 501 1911 ria
532 1858 763 1911 fruaris?
805 1857 883 1912 Ne
908 1858 977 1911 ita
1024 1857 1208 1921 facias,
1264 1868 1318 1913 et
1361 1859 1581 1927 gloriam
1633 1860 1997 1928 consequeris.

421 1947 530 2003 Cur
560 1949 835 2017 pecuniam
864 1948 1207 2002 accumulas?
1228 1958 1285 2002 ut
1321 1948 1593 2003 ditescas?
1617 1947 1697 2003 Ne
1724 1950 1998 2016 pecuniam

421 2054 701 2109 congeras,
730 2048 784 2094 et
808 2039 1056 2093 ditesces.
1086 2039 1174 2093 Sic
1198 2040 1356 2093 etiam
1390 2054 1529 2092 nunc
1562 2036 1771 2103 :Quarc
1801 2039 1999 2108 primas

421 2130 632 2184 ambis?
663 2141 719 2184 ut
757 2130 892 2183 alios
921 2130 1233 2199 praecedas?
1265 2130 1517 2185 Ulliunnn
1548 2146 1676 2199 ergo
1704 2130 1875 2184 locum
1901 2131 1997 2185 de-

422 2224 545 2292 lige,
571 2234 626 2278 et
654 2224 851 2293 primas
894 2222 1140 2277 tenebis:
1188 2222 1314 2276 illud
1358 2223 1499 2277 enim
1540 2222 1747 2276 ambire
1794 2224 1997 2276 minimi

419 2324 523 2372 est.
555 2315 737 2386 Itaque
766 2317 809 2370 si
842 2316 920 2370 vis
951 2330 1172 2383 magnus
1209 2330 1362 2379 esse,
1394 2331 1461 2369 ne
1490 2328 1699 2382 quieras
1720 2330 1839 2368 esse
1883 2331 1996 2369 ma-

420 2421 574 2476 gnus,
602 2417 656 2463 et
685 2416 812 2461 tunc
835 2421 1058 2476 magnus
1097 2406 1226 2460 eris.
1259 2404 1387 2459 Illud
1429 2406 1573 2460 enim
1598 2414 1679 2459 est
1718 2404 1993 2459 minimum

417 2513 558 2554 esse.

489 2614 542 2669 5.
571 2612 715 2666 Nihil
727 2612 1009 2666 humilitate
1029 2611 1313 2676 sublimius,
1337 2611 1465 2664 nihil
1474 2612 1707 2678 superbia
1733 2610 1991 2680 abjectius.

416 2705 739 2773 Comparatio
783 2704 984 2772 superbi
1011 2719 1123 2754 cum
1156 2702 1354 2754 humili.
1380 2731 1452 2741 —
1495 2701 1678 2755 Viden’
1702 2717 1809 2770 quo
1840 2711 1993 2769 pacto

414 2796 534 2849 illos
582 2794 649 2847 ab
678 2794 777 2846 hoc
818 2793 1003 2845 morbo
1037 2792 1299 2854 abducat,
1334 2800 1384 2843 ut
1414 2791 1681 2854 ostendat,
1732 2793 1848 2844 illos
1889 2791 1991 2845 hoc

413 2885 573 2941 modo
600 2884 867 2947 excidere,
893 2882 983 2935 illo
1022 2894 1197 2935 autem
1225 2897 1337 2935 rem
1364 2881 1651 2949 consequi;
1691 2891 1747 2933 ut
1774 2882 1875 2935 hoc
1909 2884 1991 2934 t‘u-

412 2978 577 3047 giant,
612 2974 737 3028 illud
762 2983 1068 3043 sequantur.
1101 2972 1299 3027 Gentes
1318 2980 1495 3024 autem
1518 2971 1639 3024 ideo
1660 2986 1990 3026 contmemo-

412 3069 569 3133 ναι-ιι,
600 3078 654 3121 ιιι
684 3082 793 3122 rem
818 3066 1082 3121 dedecore
1114 3064 1321 3134 plenam
1350 3074 1407 3117 ut
1430 3063 1839 3118 abominabilem
1870 3079 1992 3118 esse

409 3163 818 3218 demonstraret.
853 3158 981 3212 Nam
1010 3165 1348 3226 arrogantem
1377 3170 1597 3209 necesse
1625 3163 1707 3208 est
1730 3155 1980 3209 humilem

407 3255 544 3309 effici
566 3296 580 3319 ,
608 3263 663 3308 et
701 3252 931 3306 vicissim
960 3250 1214 3303 humilem
1256 3248 1538 3303 sublimem
1580 3248 1827 3302 evadere.
1859 3248 1987 3304 Haec

405 3347 547 3401 enim
575 3360 698 3398 vera
724 3356 805 3398 est
831 3357 1187 3412 germanaqne
1207 3340 1525 3404 sublimitas,
1551 3356 1669 3409 quae
1695 3356 1794 3396 nec
1822 3341 1873 3394 in
1890 3357 1989 3395 no-

404 3439 567 3502 mine,
594 3451 693 3490 uec
718 3435 769 3488 in
787 3434 1141 3504 appellatione
1160 3431 1422 3486 consistit.
1447 3431 1515 3485 Et
1537 3441 1752 3485 externa
1770 3432 1983 3501 quidem

402 3527 668 3583 celsitudo
695 3525 1026 3580 necessitatis
1052 3533 1210 3593 atque
1232 3522 1437 3576 timoris
1460 3530 1543 3575 est
1572 3541 1584 3575 :
1612 3522 1725 3578 hare
1741 3539 1868 3577 vero
1889 3524 1981 3579 Dei

403 3619 698 3677 celsitudiui
728 3616 916 3671 similis
962 3625 1062 3670 est.
1104 3615 1204 3681 Qui
1236 3614 1336 3668 hoc
1377 3613 1536 3667 modo
1578 3614 1819 3668 sublimis
1860 3625 1979 3683 est,

400 3712 607 3766 etiamsi
638 3707 774 3778 apud
806 3707 1074 3761 neminem
1103 3704 1441 3759 admirationi
1472 3705 1560 3767 sit,
1594 3706 1839 3759 excelsus
1861 3721 1977 3760 ma-

401 3810 490 3857 net
519 3820 532 3856 :
564 3809 620 3855 ut
644 3808 827 3855 contra
861 3799 1141 3867 superbus,
1165 3795 1369 3851 etiamsi
1392 3795 1459 3849 ab
1478 3796 1727 3850 omnibus
1747 3798 1976 3862 colatur,

398 3895 633 3950 oumium
662 3902 744 3947 est
785 3890 1129 3945 humillimus.
1162 3890 1228 3942 lit
1256 3889 1342 3943 ille
1371 3888 1585 3957 quidem
1636 3887 1805 3941 honor
1839 3889 1890 3942 vi
1923 3898 1979 3943 et

402 3985 721 4040 necessitate
766 3989 911 4043 stat,
940 3980 1165 4048 ideoque
1198 3976 1349 4031 facile
1388 3975 1609 4040 deﬂuit;
1641 3977 1727 4031 hic
1759 3994 1887 4031 vero
1911 3994 1976 4032 ex

396 4075 671 4146 preposito
693 4072 998 4135 voluntatis,
1034 4069 1172 4123 unde
1200 4069 1253 4121 ﬁt
1284 4078 1345 4121 ut
1372 4069 1557 4122 ﬁrmus
1587 4079 1815 4122 maneat.
1843 4070 1974 4125 Nam

394 4177 447 4221 et
478 4174 690 4221 sanctos
722 4162 841 4216 ideo
868 4162 1124 4215 miramur
1143 4201 1156 4221 ,
1183 4159 1322 4228 quod
1347 4175 1466 4212 cum
1494 4160 1730 4212 omnimn
1760 4163 1974 4215 maximi

393 4269 611 4319 essent,
662 4271 719 4309 se
755 4255 989 4308 omnium
1034 4252 1264 4306 maxime
1309 4251 1537 4305 humiles
1596 4251 1973 4314 exhilmcruut.

396 4351 626 4419 Ideoque
647 4349 710 4401 ad
739 4347 875 4400 hanc
898 4359 1065 4414 usque
1093 4342 1233 4398 diem
1258 4343 1514 4397 sublimes
1542 4353 1778 4409 manent,
1813 4344 1970 4398 nihil-

390 4458 494 4511 que
522 4454 665 4493 mors
687 4454 749 4492 ex
782 4437 865 4491 illa
896 4435 1209 4491 celsitudine
1232 4434 1481 4502 dempsit.
1515 4433 1571 4489 Si
1602 4434 1769 4503 placet
1795 4446 1970 4490 autem

390 4529 756 4586 ratiocinamlo
794 4528 895 4581 hoc
939 4529 1109 4598 ipsum
1155 4527 1514 4595 exploremus.
1560 4526 1711 4580 Altus
1755 4528 1967 4596 quidam

390 4625 514 4679 hinc
542 4624 755 4683 dicitur,
790 4638 909 4674 eum
939 4620 1259 4689 proceritate
1298 4619 1542 4689 corporis
1576 4620 1694 4671 talis
1733 4628 1837 4684 est,
1882 4622 1965 4675 vel

383 4732 506 4771 cum
546 4715 597 4767 in
630 4713 738 4765 alto
768 4713 885 4765 loco
926 4719 1051 4775 stat,
1082 4710 1297 4763 humilis
1339 4724 1464 4763 vero
1491 4726 1521 4763 e
1549 4711 1834 4764 coutzario.
1873 4712 1961 4762 νι-

383 4805 606 4859 deamus
634 4804 793 4875 igitur
818 4803 937 4871 quis
966 4803 1103 4855 altus
1129 4802 1217 4863 sit,
1247 4800 1527 4870 superbus,
1555 4816 1623 4854 an
1651 4802 1922 4855 modestus
1950 4821 1962 4857 2

384 4907 445 4951 ut
466 4896 641 4950 discas
662 4937 676 4963 ,
720 4894 853 4948 nihil
884 4908 1003 4947 esse
1034 4892 1333 4945 humilitate
1382 4891 1660 4946 sublimius
1680 4933 1696 4956 ,
1725 4893 1852 4947 nihil
1884 4911 1965 4946 suo

386 4986 567 5055 perbia
593 4986 869 5055 abjectius.
900 4983 1032 5039 Nam
1064 4997 1318 5052 arrogans
1342 4991 1395 5037 et
1433 4983 1696 5049 superbus
1723 4985 1958 5038 omnium

382 5077 493 5130 vult
521 5091 641 5131 esse
677 5077 968 5141 maximus,
1002 5074 1374 5142 neminemque
1400 5087 1459 5127 se
1490 5072 1706 5143 dignum
1734 5090 1855 5129 esse
1880 5076 1959 5128 ui-

379 5169 474 5233 cit,
505 5176 558 5223 et
584 5176 1071 5237 quantumcumque
1119 5163 1336 5218 honoris
1364 5173 1747 5234 consequatur,
1781 5166 1953 5235 majo-

380 5275 495 5315 rem
526 5273 740 5326 semper
765 5258 985 5328 requirit
1010 5267 1064 5311 et
1108 5256 1291 5317 ambit,
1316 5270 1377 5309 ac
1407 5254 1533 5308 nihil
1566 5271 1626 5309 se
1655 5270 1957 5324 consequu-

379 5359 487 5404 tum
528 5349 846 5411 arbitratur;
876 5348 968 5403 sed
1000 5349 1201 5417 spernit
1225 5347 1484 5409 homines,
1512 5346 1829 5415 illorumque
1858 5345 1956 5398 ho-

379 5455 562 5494 norem
587 5439 834 5508 requirit:
867 5454 971 5508 quo
998 5436 1120 5506 quid
1149 5435 1560 5491 irrationabilius
1586 5450 1706 5490 esse
1737 5440 1904 5504 poss‘t
1929 5436 1952 5487 ?

379 5532 585 5585 Etenim
618 5532 743 5585 illud
773 5529 1036 5599 :enigmati
1074 5530 1248 5583 simile
1271 5538 1372 5582 est.
1422 5532 1565 5594 Quos
1606 5528 1747 5583 enim
1778 5527 1952 5596 desjii-

376 5624 483 5691 cit,
525 5627 588 5677 ab
620 5624 722 5679 iliis
754 5624 973 5694 gloriam
1001 5623 1209 5693 quarrit.
1243 5622 1422 5677 Viden‘
1450 5637 1555 5692 qua
1588 5638 1739 5692 pacto
1773 5622 1837 5686 is,
1861 5621 1947 5688 qui

1160 205 1218 258 S.
1257 204 1534 259 JOANNIS
1570 200 2042 257 ειιιιῖεοδτυιιι
2084 203 2401 261 ARCIIIEI’.
2440 205 2973 268 CONSTANTINOP.

2128 332 2189 373 se
2235 320 2392 377 altius
2440 325 2667 411 extollit,
2710 326 2930 394 decidit,
2968 340 3127 401 atque
3173 329 3319 389 humi
3357 334 3544 405 jacet?
3573 340 3701 397 Nam

2124 411 2267 480 quod
2294 424 2516 470 czeteros
2541 416 2784 475 homines
2812 422 2912 476 sibi
2951 437 3289 495 comparatos
3308 428 3439 484 nihil
3467 446 3587 486 esse
3608 448 3701 501 pu-

2126 509 2221 563 ιρι,
2276 519 2341 555 cx
2373 503 2488 571 ipso
2517 509 2835 577 arrogantia:
2879 514 3095 567 nomine
3136 517 3393 583 arguitur.
3434 517 3544 574 Cur
3570 536 3700 593 ergo

2122 592 2292 644 curris
2320 593 2385 646 ad
2426 609 2563 675 eum.
2582 599 2670 666 qui
2708 601 2782 653 nil
2808 611 2889 655 est
2909 602 2932 654 ?
2955 619 3051 657 cur
3090 605 3157 658 ab
3179 606 3271 661 illo
3302 609 3499 677 quzeris
3523 610 3697 669 hono-

2122 685 2275 738 rem?
2323 701 2418 741 cur
2459 696 2537 742 tot
2575 691 2754 745 turbas
2798 693 3155 766 circumagis?
3211 698 3399 754 Videu'
3440 700 3693 761 humilem

2119 788 2281 844 super
2311 777 2495 832 humili
2534 783 2801 837 stantem?
2853 786 2984 853 Age,
3035 801 3159 841 eum
3206 788 3295 857 qui
3336 790 3578 845 sublimis
3618 810 3697 848 est

2118 867 2502 924 examinemus.
2532 870 2628 926 llic
2649 874 2795 926 novit
2814 885 3067 943 quantum
3101 878 3170 930 sit
3196 878 3357 935 homo
3382 898 3395 933 :
3422 884 3565 939 novit
3589 901 3694 936 ma-

2118 975 2424 1043 gnumesse
2454 960 2721 1017 hominem
2750 1006 2765 1031 ,
2793 980 2956 1035 seque
2977 969 3212 1023 otiinium
3246 982 3569 1038 postremum
3602 991 3696 1043 po-

2120 1050 2226 1107 tat;
2252 1042 2370 1097 ideo
2386 1047 2869 1118 quantulocumque
2890 1050 3093 1104 fruatur
3119 1055 3339 1116 honore.
3369 1055 3419 1110 id
3444 1042 3691 1127 magnum

2115 1147 2236 1187 esse
2280 1144 2445 1203 putat.
2478 1135 2669 1208 Itaque,
2690 1139 2775 1193 hic
2819 1141 2916 1196 sibi
2948 1152 3176 1209 constat,
3207 1155 3393 1215 estque
3427 1148 3688 1211 sublimis,

2115 1240 2177 1279 ac
2204 1228 2522 1282 sententiam
2552 1246 2656 1284 non
2692 1242 2860 1285 mutat
2891 1250 2905 1285 :
2939 1249 3071 1301 quos
3099 1235 3241 1289 enim
3261 1252 3484 1307 magnos
3513 1249 3690 1308 putat,

2114 1315 2304 1372 horum
2331 1317 2566 1374 honores
2604 1336 2825 1392 magnos
2868 1338 2986 1380 esse
3010 1325 3316 1393 existimat,
3342 1328 3550 1384 etiamsi
3583 1334 3693 1384 exi-

2112 1410 2199 1479 gui
2221 1426 2341 1465 esse
2365 1411 2660 1478 videantur,
2686 1415 2806 1479 quia
2828 1414 3034 1470 scilicet
3074 1432 3295 1487 magnos
3325 1420 3443 1476 illos
3463 1422 3692 1475 arbitra-

2113 1510 2216 1554 tnr.
2245 1502 2513 1571 Arrogans
2538 1514 2747 1568 contra,
2769 1520 2863 1559 eos
2886 1506 2974 1576 qui
3005 1521 3065 1561 se
3094 1508 3375 1574 hoaorant,
3406 1512 3538 1567 nihil
3571 1529 3693 1569 esse

2111 1599 2278 1659 putat,
2308 1591 2401 1646 sed
2430 1591 2660 1648 honores
2687 1593 2755 1648 ab
2779 1595 2882 1649 illis
2911 1597 3180 1651 exhibitus
3209 1612 3428 1669 magnos
3452 1603 3691 1658 arbitra-

2113 1691 2217 1735 tur.
2250 1683 2477 1738 Rursum
2511 1685 2725 1741 humilis
2757 1703 2788 1742 a
2833 1688 2978 1742 nullo
3025 1691 3230 1759 capitur
3254 1694 3415 1747 animi
3449 1698 3638 1750 morbo
3672 1716 3684 1749 :

2111 1788 2215 1827 non
2260 1775 2336 1829 ira
2380 1776 2551 1845 ipsum
2593 1778 2861 1848 exagitare
2896 1782 3108 1848 poterit,
3142 1799 3245 1837 non
3277 1785 3461 1855 gloria:
3508 1805 3683 1853 amor.

2110 1883 2215 1922 non
2247 1868 2442 1923 invidia
2466 1911 2481 1935 ,
2512 1886 2616 1924 non
2653 1871 2820 1937 livor;
2859 1874 3033 1927 anima
3081 1892 3208 1930 vero
3246 1878 3327 1932 his
3357 1880 3558 1934 morbis
3590 1884 3685 1937 im-

2098 1960 2252 2024 .tnuui
2295 1960 2422 2029 quid
2453 1960 2759 2016 excelsius?
2803 1963 3075 2032 Arrogans
3120 1976 3296 2020 autem
3328 1967 3411 2022 his
3440 1972 3684 2027 onmibus

2106 2059 2399 2119 occupatur
2427 2052 2647 2115 morbis,
2676 2053 2824 2121 quasi
2845 2055 3037 2109 vermis
3067 2056 3119 2110 in
3139 2072 3295 2111 CtBIItI
3315 2074 3374 2113 se
3398 2061 3640 2119 volutans
3666 2081 3679 2117 :

2104 2156 2223 2194 nam
2257 2142 2410 2205 livor,
2445 2144 2679 2209 invidia,
2713 2144 2789 2199 ira
2821 2160 3030 2215 semper
3071 2148 3185 2216 ejus
3212 2150 3447 2206 animum
3498 2157 3680 2224 exagi-

2104 2241 2234 2286 tant.
2269 2233 2400 2300 Quis
2442 2250 2571 2304 ergo
2618 2236 2862 2291 sublimis
2887 2240 3007 2291 est?
3035 2254 3102 2292 an
3135 2240 3224 2308 qui
3272 2241 3472 2297 morbis
3516 2247 3678 2299 animi

2102 2325 2346 2391 superior
2364 2335 2466 2391 est,
2497 2342 2563 2379 an
2591 2328 2677 2397 qui
2706 2343 2890 2383 eorum
2921 2332 3148 2384 servus?
3170 2348 3236 2386 an
3260 2334 3348 2402 qui
3380 2335 3463 2389 illa
3501 2341 3676 2391 tremit

2099 2425 2153 2468 ct
2184 2414 2451 2481 formidat,
2480 2433 2546 2470 an
2570 2418 2655 2487 qui
2691 2419 2915 2473 invictus
2936 2430 3041 2487 est,
3068 2435 3121 2476 et
3153 2439 3438 2494 numquam
3480 2428 3548 2480 ab
3577 2429 3680 2483 illis

2099 2507 2343 2573 capitur?
2371 2511 2536 2574 Quam
2567 2526 2717 2563 avem
2746 2511 3037 2566 dixerimus
3055 2514 3215 2568 altius
3238 2518 3435 2582 volare,
3464 2536 3529 2572 an
3558 2538 3677 2591 qua:

2099 2598 2345 2652 manibus
2377 2609 2429 2654 et
2458 2600 2804 2658 arundinibus
2836 2606 3101 2660 venatoris
3130 2606 3286 2662 altior
3326 2618 3434 2675 est,
3459 2629 3524 2665 an
3556 2629 3673 2666 eam

2098 2690 2183 2743 cui
2209 2691 2479 2758 capienda:
2513 2702 2731 2746 venator
2751 2695 3012 2749 arundine
3033 2712 3135 2751 neu
3165 2710 3306 2769 eget,
3338 2702 3476 2770 quod
3502 2704 3671 2757 humi-

2102 2781 2201 2834 lius
2224 2782 2386 2845 volet,
2418 2798 2515 2836 nec
2549 2787 2716 2852 possit
2740 2784 2845 2837 alta
2874 2787 3092 2854 petere?
3119 2788 3259 2841 Talis
3284 2801 3364 2844 est
3385 2808 3673 2862 arrogans;

2100 2888 2221 2925 nam
2251 2872 2422 2942 quivis
2454 2873 2673 2943 laqueus
2717 2875 2887 2944 ipsum
2917 2876 3070 2933 facile
3108 2881 3268 2949 Capit,
3306 2890 3487 2951 utpote
3531 2882 3672 2938 humi

2094 2978 2255 3031 repen
2264 2972 2390 3017 tem.

2163 3054 2217 3109 6.
2247 3053 2303 3110 Si
2334 3055 2412 3109 vis
2451 3066 2627 3111 autem
2655 3098 2669 3123 ,
2699 3072 2763 3111 ex
2792 3059 3021 3130 maligno
3047 3076 3257 3132 quoque
3285 3064 3531 3121 daemone
3574 3068 3674 3124 hoc

2092 3144 2264 3215 ipsum
2293 3145 2532 3217 explora.
2562 3147 2697 3215 Quid
2728 3149 2940 3203 diabolo
2967 3152 3251 3208 demissius
3276 3165 3377 3223 est,
3400 3156 3519 3225 quia
3552 3174 3675 3215 sese

2091 3237 2315 3290 extulit?
2343 3239 2468 3308 quid
2492 3239 2703 3295 homine
2728 3243 3008 3307 excelsius,
3042 3246 3084 3299 si
3112 3245 3328 3303 humilis
3357 3264 3475 3305 esse
3505 3252 3673 3306 velit?

2092 3327 2186 3383 Ille
2207 3330 2350 3382 enim
2376 3328 2518 3384 humi
2546 3332 2682 3398 repit
2704 3332 2803 3386 sub
2827 3334 3083 3390 caleaneo
3111 3346 3294 3392 nostro
3315 3340 3520 3409 positus
3553 3361 3565 3395 :
3596 3344 3670 3397 ait

2091 3421 2256 3486 enim,
2281 3419 2484 3477 Calcate
2528 3440 2679 3494 super
2713 3437 2967 3496 serpentes
2995 3438 3042 3481 et
3065 3431 3352 3498 scorpiones
3379 3433 3400 3501 (
3421 3431 3548 3487 Luc.
3584 3434 3666 3489 I0.

2093 3512 2236 3585 l9);
2270 3514 2354 3569 hic
2376 3530 2502 3570 vero
2531 3531 2650 3571 cum
2681 3520 2883 3587 angelis
2911 3535 3144 3590 superne
3191 3532 3315 3578 stat.
3351 3524 3406 3579 Si
3438 3524 3666 3596 idipsum

2090 3624 2155 3664 cx
2177 3610 2420 3679 superbis
2443 3610 2746 3665 hominibus
2766 3612 2972 3667 discere
2991 3615 3121 3668 velis
3141 3657 3156 3682 ,
3182 3619 3357 3686 cogita
3383 3617 3665 3674 barbarum

2090 3704 2273 3767 illum,
2307 3703 2393 3772 qui
2427 3712 2628 3757 tantum
2660 3704 2848 3773 agebat
2871 3706 3162 3762 exercitum
3184 3748 3200 3773 ,
3246 3711 3334 3778 qui
3367 3726 3433 3764 ne
3465 3726 3527 3764 ea
3554 3712 3665 3781 qui-

2087 3793 2208 3848 dem
2259 3794 2422 3848 seiret
2462 3810 2582 3863 qua:
2620 3796 2868 3850 uinnibus
2918 3797 3129 3866 cognita
3172 3809 3385 3864 essent;
3436 3803 3665 3871 exctnpli

2086 3901 2244 3940 causa
2270 3886 2410 3954 quod
2442 3887 2573 3954 lapis
2602 3897 2743 3942 esset
2772 3888 2924 3957 lapis,
2946 3890 3084 3957 quod
3107 3890 3245 3943 idola
3275 3902 3454 3945 essent
3481 3893 3618 3946 idola
3648 3910 3663 3946 :

2088 3977 2312 4046 ideoque
2342 3977 2423 4030 his
2451 3977 2668 4032 inferior
2696 3988 2831 4032 erat.
2864 3979 2938 4033 Pii
2973 3996 3098 4034 vero
3124 3991 3177 4035 et
3204 3982 3393 4037 lideles
3424 3983 3559 4036 ultra
3580 3999 3665 4037 so-

2086 4069 2188 4124 lem
2218 4069 2617 4135 conscendunt;
2646 4070 2711 4123 iis
2731 4070 2854 4139 quid
2879 4071 3159 4126 sublimius
3180 4088 3299 4128 esse
3328 4075 3537 4144 possit?
3562 4075 3663 4142 Qui

2084 4162 2226 4231 ipsas
2255 4162 2414 4215 etiam
2445 4163 2557 4215 θωΙί
2606 4161 2840 4218 fornices
2888 4165 3293 4231 transcendunt,
3348 4176 3401 4221 et
3441 4168 3664 4236 angelos

2084 4254 2489 4321 praetergressi,
2541 4253 2638 4321 ipsi
2689 4255 2823 4308 solio
2877 4256 3023 4323 regio
3076 4256 3309 4313 adstant.
3372 4257 3438 4312 Ut
3482 4268 3659 4312 autem

2079 4344 2292 4397 aliunde
2330 4345 2690 4411 arrogantium
2724 4345 2978 4401 vilitatem
3007 4362 3265 4416 agnoscas
3295 4387 3310 4405 .
3340 4348 3458 4417 quis
3488 4350 3661 4402 humi-

2080 4432 2296 4487 liabitur
2320 4449 2381 4487 ac
2408 4434 2707 4502 dejicietur,
2740 4435 2853 4489 isne
2879 4438 2965 4505 qui
2993 4451 3022 4489 a
3063 4437 3171 4493 Deo
3206 4437 3440 4506 juvatur,
3472 4454 3538 4492 an
3572 4440 3658 4509 qui

2076 4538 2106 4575 a
2137 4523 2245 4577 Deo
2273 4524 2650 4593 impugnatur?
2698 4524 2745 4577 Is
2774 4525 2952 4592 procnl
2985 4526 3149 4581 dubio
3175 4528 3262 4595 qui
3290 4528 3656 4599 impugnatur.

2078 4617 2213 4671 Audi
2265 4618 2421 4687 igitur
2461 4618 2585 4688 quid
2632 4616 2698 4672 de
2739 4618 2823 4672 his
2864 4619 3122 4674 ambobus
3170 4620 3312 4675 dicat
3347 4621 3655 4691 Scriptura:

2079 4707 2216 4763 Deus
2259 4710 2485 4778 superbis
2531 4709 2736 4776 resistit,
2788 4709 3059 4763 lmmilibus
3096 4719 3264 4764 autem
3307 4710 3396 4763 dat
3441 4712 3659 4781 gratiam

2077 4797 2216 4863 (Jac.
2248 4799 2302 4853 4.
2335 4799 2424 4867 6).
2457 4799 2626 4852 Aliam
2657 4798 2847 4853 iterum
2883 4800 3100 4854 alferam
3162 4799 3658 4871 interrogatiom-m.

2073 4889 2201 4957 Quis
2240 4889 2553 4955 sublimior,
2590 4890 2678 4960 qui
2720 4904 2871 4945 sacra
2905 4890 3013 4945 Deo
3043 4889 3187 4953 facit,
3242 4900 3296 4945 et
3334 4890 3656 4946 sacriﬁcium

2073 4981 2246 5046 oﬁ‘ert,
2275 4989 2367 5034 aut
2399 4981 2488 5050 qui
2516 4982 2701 5050 procul
2729 4997 2760 5035 a
2790 4982 2899 5035 Deo
2928 4982 3129 5035 nullam
3172 4982 3224 5036 in
3244 4998 3366 5037 eum
3406 4982 3654 5037 ﬁduciam

2072 5073 2272 5129 habet?
2303 5073 2367 5128 Et
2390 5073 2527 5142 quod
2553 5072 2896 5139 sacriﬁcium,
2918 5072 3144 5142 inquies,
3169 5072 3382 5129 humilis
3412 5073 3499 5128 ille
3526 5072 3655 5127 offe.

2048 5166 2190 5220 rret?
2221 5165 2359 5220 Audi
2411 5164 2664 5219 Davidetn
2691 5162 2955 5218 dicentem
3000 5181 3014 5216 :
3045 5164 3371 5233 Sacriﬁcium
3417 5162 3523 5216 Deo
3548 5165 3654 5231 spi-

2068 5257 2193 5310 ritus
2212 5255 2727 5319 contribulatus;cor
2768 5256 3036 5310 contritum
3062 5264 3109 5308 et
3148 5254 3470 5307 Itumiliatum
3517 5252 3653 5306 Deus

2068 5365 2167 5401 non
2189 5348 2426 5416 despiciet
2453 5345 2623 5411 (l’sul.
2649 5347 2737 5402 50.
2770 5346 2880 5418 19).
2908 5347 3152 5401 Vidistiu‘
3172 5348 3288 5416 ejus
3318 5347 3643 5417 puritatem?

2069 5438 2212 5492 Illius
2240 5438 2600 5507 impuritatem
2656 5438 2861 5507 respice
2907 5455 2919 5490 :
2964 5454 3085 5491 nam
3115 5438 3187 5493 ait
3238 5437 3525 5506 :lmpttt'tts
3579 5446 3651 5488 est

2062 5531 2202 5595 apud
2232 5528 2393 5584 Deum
2418 5529 2579 5583 omnis
2602 5529 2687 5596 qui
2714 5539 2785 5582 est
2814 5531 2916 5582 alto
2956 5530 3106 5583 corde
3129 5532 3143 5597 l
3159 5529 3314 5583 Prov.
3350 5529 3433 5583 ιο.
3466 5529 3540 5595 5).
3566 5527 3646 5581 Ad

2070 5621 2183 5675 haec
2211 5621 2262 5675 iu
2288 5620 2456 5675 altero
2507 5621 2646 5676 Deus
2673 5621 2957 5689 requiescit
2988 5640 2999 5674 :
3037 5623 3203 5690 Super
3232 5638 3374 5689 quem
3403 5618 3534 5673 cnim
3560 5630 3641 5668 re-
