3990 6216
302 440 409 497 6'25

302 560 537 629 spiciam,
562 554 663 609 nisi
684 569 839 623 super
860 561 1173 605 tuattsuetttm
1192 560 1240 605 et
1263 551 1508 620 quietura,
1528 560 1572 602 et
1597 558 1721 601 trem
1730 558 1893 600 entom

302 647 453 703 verba
480 644 754 713 nteaUsai.
777 643 867 698 66.
890 642 926 696 2
942 643 999 713 )?
1030 643 1177 696 Alter
1198 656 1325 695 vero
1347 656 1466 695 cum
1494 640 1710 694 diabolo
1732 638 1896 693 trabi-

303 753 395 796 tur
431 759 445 794 :
476 740 693 795 inﬂatus
722 736 867 792 enim
897 736 1095 791 diaboli
1123 734 1382 805 supplicia
1413 733 1569 789 feret.
1600 732 1725 787 Ideo
1752 733 1891 787 Pau-

306 834 393 888 lus
423 832 635 887 dicebat
669 847 683 883 :
712 828 796 883 Ne
824 832 954 900 forte
981 828 1033 882 in
1049 827 1338 895 superbiam
1366 825 1550 891 elatus,
1570 826 1622 877 in
1639 822 1895 896 judicium

305 925 505 980 incidat
531 924 724 977 diaboli
755 922 830 994 (t.
862 920 993 975 Tim.
1021 921 1076 976 ὅ.
1114 919 1192 991 6).
1224 920 1303 974 Ac
1325 929 1511 973 contra
1551 931 1765 988 semper
1794 916 1891 985 ipsi

306 1019 508 1082 evenit,
528 1031 689 1087 quam
718 1016 865 1069 velit.
903 1013 1025 1068 Vult
1052 1013 1193 1067 enim
1221 1013 1335 1082 ipse
1359 1011 1670 1081 superbire,
1706 1019 1763 1064 ut
1790 1008 1891 1063 ho-

306 1118 568 1172 noretur;
623 1109 844 1176 ipseque
889 1104 1129 1159 omnium
1174 1104 1405 1159 maxime
1456 1102 1769 1171 despicitur.
1829 1100 1889 1155 lli

307 1215 540 1270 namque
560 1210 682 1253 sunt
713 1199 943 1253 maxime
970 1197 1210 1252 omnium
1252 1193 1484 1259 ridiculi,
1510 1194 1759 1247 omnibus
1792 1193 1893 1246 ini-

306 1295 457 1360 inici,
509 1294 740 1349 inimicis
774 1301 931 1359 captu
977 1291 1176 1355 faciles,
1227 1289 1293 1343 ad
1342 1289 1473 1343 iram
1529 1287 1701 1358 proni.
1752 1285 1890 1356 apud

308 1386 479 1439 Deum
510 1384 723 1453 impuri.
773 1382 910 1451 Quid
935 1397 1062 1453 ergo
1106 1381 1208 1436 hoc
1249 1379 1489 1435 deterius
1531 1393 1651 1433 esse
1681 1376 1891 1448 possit?

307 1476 420 1532 lloc
449 1477 647 1547 quippe
672 1476 885 1530 culmen
911 1485 992 1529 est
1029 1474 1287 1529 malorum
1315 1471 1575 1526 omnium.
1605 1470 1740 1537 Quid
1764 1485 1892 1524 vero

302 1567 520 1623 dulcius
576 1566 903 1621 humilibus?
941 1566 1066 1635 quid
1097 1565 1345 1620 beatius?
1373 1564 1436 1618 Hi
1456 1563 1714 1617 amabiles
1744 1561 1891 1616 desi-

303 1659 685 1729 derabilesqtte
735 1657 849 1712 Deo
896 1666 1061 1721 sunt,
1106 1666 1161 1712 et
1208 1655 1348 1725 apud
1386 1654 1630 1709 homines
1680 1667 1891 1723 quoque

306 1750 536 1803 maxima
562 1749 731 1819 gloria
762 1750 1009 1802 fruuntur
1038 1766 1052 1802 :
1082 1762 1269 1801 omnes
1299 1747 1561 1801 honorant
1590 1746 1733 1816 ipsos
1755 1755 1890 1799 tant-

299 1856 465 1911 quam
512 1855 711 1912 patres,
755 1850 813 1895 ut
859 1839 1053 1895 fratres
1106 1839 1520 1909 amplectuntur,
1575 1847 1633 1891 ut
1676 1838 1887 1907 propria

302 1932 547 1986 membra
575 1931 882 1986 admittunt.
916 1932 1095 1986 Simus
1114 1945 1242 1999 ergo
1265 1929 1514 1992 humiles,
1542 1937 1600 1983 ut
1625 1928 1885 1983 sublimes

302 2022 623 2077 efﬁciamur.
656 2023 789 2078 Nam
817 2023 1116 2092 arrogantia
1142 2022 1427 2076 admodum
1467 2020 1740 2090 deprimit.
1768 2020 1893 2076 llaec

305 2112 642 2168 Pharaonem
688 2114 994 2184 prostravit.
1032 2111 1152 2167 Non
1192 2113 1307 2166 noui
1328 2154 1341 2176 ,
1376 2112 1584 2181 inquit,
1617 2110 1890 2165 Dominum

302 2206 501 2273 (Exod.
532 2208 585 2261 5.
612 2205 721 2275 2),
749 2222 813 2261 ac
854 2206 1087 2271 muscis,
1126 2204 1271 2259 ranis
1296 2212 1353 2258 et
1398 2204 1616 2258 locustis
1658 2202 1893 2259 deterior

303 2300 474 2351 factus
502 2306 583 2352 est
606 2313 621 2350 :
660 2309 949 2368 posteaque
968 2312 1089 2351 cum
1124 2297 1287 2350 armis
1314 2305 1369 2349 et
1404 2297 1555 2366 equis
1580 2294 1892 2350 submersus

301 2388 425 2441 fuit.
476 2388 674 2442 Contra
708 2402 837 2441 vero
883 2388 1150 2442 Abraham
1178 2387 1325 2449 dicit,
1364 2384 1477 2456 Ego
1520 2402 1628 2439 sum
1659 2386 1820 2455 pulvis
1844 2395 1891 2439 et

300 2476 430 2530 riuis
463 2476 615 2547 (Gen.
644 2478 732 2533 l8.
762 2477 836 2532 27
856 2475 876 2548 )
895 2518 911 2542 ,
939 2486 994 2532 et
1021 2477 1186 2532 multa
1216 2477 1563 2532 barbarorum
1610 2477 1775 2531 millia
1806 2477 1889 2531 vi-

1262 433 1325 489 ιιι
1364 429 1770 488 ΜΑττιιΑζυιι
1813 428 2039 483 ιιοιιιιι.
2080 428 2263 489 LXVI.
2303 434 2374 489 al.
2416 433 2622 490 LXVII.

3475 432 3582 489 6‘28

2002 546 2095 613 cit,
2124 562 2189 601 ac
2214 565 2335 604 etim
2367 551 2418 605 in
2448 554 2677 608 mediam
2726 550 3009 625 [Egyptum
3053 547 3348 614 incidisset,
3399 562 3581 604 rever-

1998 652 2092 696 sus
2134 653 2239 707 est,
2282 644 2613 712 splendidius
2660 658 2819 714 quam
2863 653 2989 698 ante
3029 653 3286 712 tropamm
3316 639 3579 709 referens,

2000 742 2163 802 atque
2192 734 2314 790 huic
2358 736 2536 790 virtuti
2577 737 2864 800 inluerens,
2903 748 3117 804 semper
3141 732 3421 787 sublimior
3447 748 3574 787 eva-

2000 826 2091 881 sit.
2119 826 2246 881 ldeo
2298 827 2492 897 ubique
2531 826 2869 892 celebratur,
2901 825 3023 880 ideo
3063 823 3260 895 ubique
3290 834 3581 879 coronatur

1996 926 2054 973 et
2079 916 2398 988 praedicatur
2425 934 2439 981 ;
2470 917 2677 972 Pharao
2701 927 2972 973 autemest
2997 927 3139 973 terra
3159 927 3212 973 et
3233 916 3391 981 cinis,
3420 917 3505 971 vel
3528 917 3572 971 si

1999 1008 2125 1080 quid
2155 1008 2327 1062 vilius.
2362 1008 2501 1063 Nihil
2525 1009 2669 1063 enim
2714 1009 2782 1063 ita
2808 1018 3084 1064 aversatur
3112 1008 3251 1064 Deus
3299 1019 3355 1063 ut
3383 1024 3578 1079 super-

2000 1102 2165 1158 biam.
2195 1100 2318 1157 Ideo
2343 1101 2410 1154 ab
2436 1102 2585 1155 initio
2612 1101 2742 1155 nihil
2768 1116 2871 1154 non
2894 1100 3039 1167 fecit,
3073 1111 3131 1155 ut
3161 1103 3301 1157 hunc
3327 1101 3581 1157 morbum

2001 1197 2274 1251 avelleret.
2309 1195 2510 1249 Idcirco
2541 1194 2795 1249 mortales
2826 1194 2949 1249 facti
2985 1210 3201 1259 sumus,
3228 1204 3281 1250 et
3312 1195 3363 1250 in
3391 1195 3582 1251 dolore

1998 1303 2061 1341 ac
2079 1291 2278 1356 gemitu
2318 1288 2578 1342 vivimus:
2616 1286 2735 1341 ideo
2761 1286 2812 1340 in
2842 1286 3042 1347 labore,
3069 1286 3284 1353 sudore,
3309 1296 3363 1341 et
3387 1288 3570 1356 operi-

2001 1380 2097 1434 bus
2129 1378 2400 1449 perpetuis
2442 1378 2795 1447 miseriisque.
2827 1376 2899 1430 lix
2941 1376 3242 1444 arrogantia
3286 1376 3429 1430 enim
3467 1378 3576 1445 pri-

2001 1483 2119 1523 mus
2141 1469 2301 1521 homo
2328 1469 2586 1537 peccavit,
2609 1467 2750 1537 quod
2803 1481 2863 1520 se
2889 1474 3130 1535 speraret
3159 1465 3420 1535 aequalem
3466 1466 3583 1521 fore

2001 1560 2130 1614 Deo.
2161 1560 2494 1629 Quapmpter
2510 1574 2576 1612 ne
2594 1557 2646 1612 id
2667 1557 2884 1628 quidem
2905 1557 3044 1627 quod
3075 1556 3304 1611 habeth
3330 1557 3569 1623 retinuit,

1998 1652 2090 1707 sed
2122 1652 2189 1706 ab
2213 1652 2461 1707 omnibus
2495 1650 2711 1706 excidit.
2737 1650 3049 1718 Huiusmodi
3082 1666 3168 1705 res
3212 1659 3295 1705 cst
3322 1668 3578 1719 arrogan-

1998 1743 2069 1796 tia
2094 1763 2106 1794 :
2140 1757 2244 1796 non
2274 1740 2433 1796 modo
2464 1741 2592 1795 nihil
2617 1741 2769 1795 nobis
2792 1740 2913 1793 boni
2937 1740 3144 1794 confert
3171 1740 3235 1793 ad
3268 1740 3451 1806 vitam,
3486 1743 3584 1795 sed

1998 1834 2160 1887 etiam
2215 1848 2333 1902 qua:
2380 1832 2636 1886 habemus
2675 1831 2898 1886 succidit
2949 1848 2963 1883 :
3005 1840 3193 1885 contra
3244 1847 3373 1886 vero
3404 1833 3579 1886 Immi-

1998 1923 2118 1977 litus
2166 1923 2296 1976 nihil
2346 1922 2517 1978 aufert
2570 1922 2864 1988 bonorum,
2896 1921 2991 1979 sed
3040 1937 3159 1992 qua:
3207 1938 3312 1977 non
3357 1922 3583 1977 aderant

1996 2014 2197 2082 adjicit.
2254 2014 2400 2069 llanc
2451 2014 2612 2084 igitur
2659 2014 3006 2079 aemulemur,
3056 2012 3195 2068 banc
3250 2027 3575 2083 sequamur,

1997 2117 2055 2162 ut
2079 2117 2132 2162 et
2156 2108 2261 2162 vita
2297 2108 2543 2178 praesenti
2580 2106 2841 2172 fruamur,
2867 2114 2923 2161 et
2952 2105 3178 2160 futuram
3200 2105 3421 2175 gloriam
3443 2121 3578 2159 con-

1996 2214 2286 2268 sequamur
2315 2240 2328 2260 ,
2375 2198 2544 2269 gratia
2602 2206 2657 2252 et
2708 2195 3071 2251 misericordia
3131 2195 3341 2250 Doluini
3413 2197 3581 2250 nostri

1994 2290 2121 2345 Jcsu
2152 2289 2375 2353 Christi,
2407 2288 2732 2359 quicumque
2756 2286 2899 2340 Patri
2921 2294 2977 2340 et
3003 2284 3222 2355 Spiritui
3252 2293 3439 2339 sancto
3467 2284 3585 2354 glo-

1994 2383 2071 2437 ria
2098 2393 2148 2437 et
2175 2382 2479 2449 imperium,
2514 2393 2656 2434 nunc
2683 2388 2738 2436 et
2764 2392 2978 2449 semper
3003 2420 3017 2446 ,
3040 2377 3168 2434 etin
3192 2376 3381 2433 sarcula
3412 2391 3584 2432 sa-cu-

1995 2474 2192 2530 iOrutn.
2224 2477 2416 2529 Amen.

306 2652 3589 2684 NW

1420 2741 1765 2805 HOMILIA
1808 2742 2033 2804 LXVI.
2078 2739 2165 2801 al.
2212 2736 2464 2799 LXVII.

297 2912 433 2967 Car.
463 2911 551 2966 20.
600 2927 651 2964 v.
697 2910 787 2964 29.
822 2907 888 2963 Et
940 2906 1303 2979 egredientibus
1330 2905 1432 2961 illis
1475 2905 1761 2972 alericlto,
1805 2922 1887 2961 se-

371 3015 532 3071 quala
575 3012 647 3055 est
688 3017 800 3053 eum
849 2998 994 3051 turba
1022 2998 1199 3051 multa.
1233 2996 1321 3051 30.
1354 2994 1419 3049 Et
1462 3012 1576 3051 ecce
1618 2996 1719 3051 duo
1769 2994 1887 3050 ια’ιὶ

372 3093 600 3146 uolentes
623 3107 767 3144 secus
796 3091 945 3148 uiam.
967 3104 1081 3141 cum
1107 3087 1361 3141 audissent
1385 3087 1521 3156 quod
1545 3086 1698 3141 Iesus
1722 3095 1889 3141 trans-

376 3186 500 3246 iret,
539 3183 884 3235 simulaverunt
934 3180 1155 3234 dicentes
1199 3193 1219 3232 :
1264 3177 1505 3234 Miserere
1554 3178 1736 3243 nostri,
1779 3175 1890 3233 Do-

376 3276 531 3341 mine,
556 3272 634 3344 [iii
662 3271 851 3326 David.

382 3435 434 3487 1.
468 3430 753 3500 Quintiane
780 3430 843 3482 de
870 3428 1046 3482 itinere
1083 3427 1268 3481 Christi
1308 3426 1359 3480 in
1405 3428 1624 3489 medium
1653 3426 1892 3495 adducta,

301 3526 527 3577 duorum
556 3538 807 3577 aerario"
831 3520 1042 3575 historia
1072 3528 1454 3573 commentatur.
1487 3518 1893 3571 commendatur-

299 3635 407 3687 que
434 3613 821 3686 perseverantia.
838 3642 907 3651 -—
924 3611 1055 3664 Vide
1084 3609 1222 3663 unde
1239 3609 1624 3679 Jerusolymatn
1643 3624 1699 3661 sc
1716 3607 1896 3663 confe-

304 3718 414 3771 rat,
453 3716 506 3760 et
550 3720 657 3774 quo
688 3706 805 3756 loco
844 3711 997 3757 antea
1030 3712 1331 3754 versaretur
1367 3717 1380 3751 :
1418 3699 1555 3771 quod
1586 3709 1730 3754 certe
1769 3698 1896 3753 mihi

304 3798 543 3854 maxime
562 3794 934 3864 inquirendum
956 3792 1181 3847 videtur.
1210 3792 1319 3847 Cur
1332 3802 1509 3846 autem
1524 3808 1627 3845 non
1664 3800 1817 3845 antea
1846 3792 1896 3846 in

302 3888 587 3943 Calda-am
607 3887 717 3949 ivit,
739 3884 830 3940 sed
852 3899 945 3956 per
961 3882 1253 3939 Samariam
1269 3883 1293 3935 ?
1308 3883 1501 3937 Verum
1516 3883 1631 3937 lucc
1647 3882 1899 3937 studiosis

306 3983 699 4053 relinquemus.
733 3980 865 4034 Nam
918 3978 962 4033 si
1015 3977 1135 4049 quis
1171 3974 1474 4030 accuratius
1524 3980 1637 4029 haec
1675 3975 1898 4030 scrutari

307 4071 564 4137 voluerit,
614 4069 874 4125 Joannem
920 4069 1151 4123 inveniet
1191 4067 1291 4121 hoc
1340 4066 1502 4137 probe
1542 4064 1898 4132 subindicare,

308 4178 641 4233 causamque
673 4178 873 4233 ponere
900 4159 1079 4230 (Joan.
1109 4160 1161 4213 4.
1188 4158 1365 4228 1-5).
1407 4156 1517 4213 Nos
1559 4166 1736 4211 autem
1779 4171 1902 4225 pro-

309 4254 494 4325 posito
522 4267 703 4307 n05tro
729 4252 1045 4314 barreamus,
1082 4259 1135 4305 et
1163 4250 1259 4303 bos
1281 4264 1451 4303 cmcos
1479 4248 1775 4310 audiamus,
1812 4246 1901 4317 qui

310 4344 503 4398 multis
536 4342 827 4397 videntium
856 4342 1103 4396 meliores
1132 4351 1303 4395 erant.
1338 4338 1471 4393 Nam
1515 4355 1687 4409 neque
1711 4338 1901 4393 ducem

311 4433 598 4498 habentes,
647 4448 821 4500 neque
866 4431 1013 4487 illum
1055 4430 1425 4485 adventantem
1476 4430 1739 4491 videntes.
1782 4443 1902 4483 cum

310 4528 665 4581 contentione
703 4524 767 4578 ad
801 4524 949 4578 illum
977 4522 1233 4577 accedere
1274 4521 1569 4585 tentabant,
1611 4536 1906 4590 magnaque

314 4634 456 4673 voce
490 4619 720 4672 clamare
745 4625 1057 4686 ruperunt;
1088 4627 1140 4670 et
1165 4614 1297 4685 jussi
1354 4624 1550 4677 tacere,
1595 4615 1763 4683 magis
1800 4615 1908 4665 cla-

316 4712 562 4766 mabant.
607 4708 751 4764 Talis
797 4708 992 4780 quippe
1029 4715 1111 4762 est
1162 4719 1508 4776 perseverans
1562 4704 1735 4757 anima
1765 4720 1780 4760 :
1814 4719 1909 4774 per

315 4818 419 4855 eos
447 4802 535 4871 qui
583 4798 837 4870 impedire
866 4807 1110 4868 sotagunt
1152 4796 1478 4866 provehitur.
1509 4794 1753 4849 Christus
1780 4810 1909 4849 vero

319 4895 583 4967 permittit
635 4904 689 4947 ut
720 4890 991 4947 silentium
1040 4891 1167 4960 ipsis
1211 4890 1524 4958 imperetur,
1578 4903 1687 4956 quo
1734 4886 1911 4941 fervor

315 5000 511 5041 eorum
553 4993 824 5055 appareat.
856 4993 908 5037 et
937 4982 1133 5045 discas,
1170 4980 1290 5035 illos
1328 4989 1475 5034 certe
1518 4978 1710 5048 dignos
1752 4978 1912 5031 fuisse

317 5080 414 5151 qui
443 5088 770 5135 curarentur.
803 5076 925 5131 Ideo
962 5090 1133 5145 neque
1172 5075 1457 5143 illlt‘l'l'ugali
1492 5090 1558 5125 an
1586 5072 1826 5135 credant,
1856 5079 1912 5124 ut

320 5171 568 5226 solebat:
603 5185 723 5223 nam
750 5177 801 5220 ct
827 5168 1028 5221 clamor
1056 5174 1107 5219 et
1129 5164 1413 5219 accedendi
1454 5173 1674 5217 conatus
1703 5162 1912 5216 illorum

324 5262 489 5318 ﬁdem
516 5262 644 5316 satis
691 5259 1126 5315 testificabantur.
1167 5256 1299 5311 llinc
1337 5257 1500 5317 disce,
1543 5256 1752 5315 dilecte.
1795 5254 1917 5310 licet

324 5352 613 5407 admodum
669 5352 798 5406 viles
828 5360 880 5405 ct
923 5350 1113 5420 ahjccti
1165 5355 1353 5411 simus,
1378 5348 1421 5400 si
1465 5363 1585 5401 cum
1636 5346 1810 5400 studio
1848 5346 1914 5400 ad

330 5450 495 5500 Deum
523 5443 861 5504 accedamus,
898 5457 990 5509 per
1018 5454 1116 5494 nrs
1154 5440 1295 5509 ipsos
1331 5453 1485 5508 posse
1524 5452 1641 5506 qua:
1678 5436 1915 5505 postula-

328 5558 448 5595 mus
478 5540 781 5607 impetrare.
819 5535 947 5590 \‘ide
967 5534 1108 5589 enim
1140 5531 1406 5604 quon‘todo
1434 5530 1517 5584 isti
1542 5530 1742 5583 nullum
1783 5543 1917 5597 apo-

326 5631 587 5686 stolorum
618 5628 877 5685 habentes
902 5636 1205 5697 pauonum,
1237 5622 1330 5677 sed
1363 5622 1557 5676 nntltos
1581 5620 1669 5691 qui
1693 5636 1751 5675 se
1768 5635 1921 5675 coer-

327 5734 533 5787 cerent,
561 5729 848 5793 potuerunt
875 5731 1062 5773 omnes
1088 5716 1268 5772 obices
1296 5712 1583 5777 transilire,
1627 5722 1681 5767 et
1715 5711 1780 5765 ad
1820 5710 1916 5767 Je-

332 5830 448 5870 snm
476 5815 649 5885 ipsum
686 5811 943 5867 accedere
976 5827 989 5864 :
1022 5808 1121 5865 etsi
1161 5823 1265 5863 non
1297 5806 1607 5862 testiﬁcetur
1650 5803 1918 5874 evangeli-

2001 2917 2083 2960 sta
2113 2906 2255 2974 ipsos
2279 2903 2506 2973 aliquam
2532 2918 2598 2957 cx
2625 2903 2743 2956 vitae
2771 2918 2967 2970 gem-rc
3003 2899 3247 2956 liduciam
3291 2900 3539 2957 habuisse
3570 2919 3585 2957 :

1995 2999 2088 3054 sed
2112 2999 2274 3053 animi
2303 2997 2479 3053 fervor
2506 2998 2623 3052 vice
2664 2996 2902 3051 Omnium
2943 2995 3072 3064 ipsis
3105 2993 3223 3049 fuit.
3257 2994 3366 3050 llos
3391 3003 3449 3049 et
3487 3008 3587 3049 nos

1994 3091 2155 3145 etiam
2207 3090 2538 3145 aemulemur.
2599 3087 2819 3142 Etiamsi
2886 3085 3026 3139 Deus
3084 3084 3282 3139 donum
3338 3083 3584 3148 ditferat,

1996 3184 2203 3237 etiamsi
2232 3182 2381 3236 multi
2426 3182 2708 3246 abducant,
2750 3194 2817 3232 ne
2860 3177 3067 3246 petendi
3106 3177 3266 3231 ﬁnem
3302 3176 3579 3232 faciamus.

1999 3274 2087 3330 Sic
2113 3274 2256 3329 cuitu
2291 3272 2521 3327 maxime
2559 3271 2723 3324 Deum
2757 3267 3104 3323 attrahi-ntus.
3139 3267 3235 3321 llic
3276 3266 3434 3336 igitur
3467 3266 3588 3322 vide

1998 3365 2267 3434 qtimnodo
2294 3364 2502 3419 illorum
2533 3361 2795 3416 fervorem
2835 3375 2933 3414 nec
2962 3369 3263 3428 paupertas,
3295 3374 3392 3413 nec
3430 3360 3587 3414 carci-

2004 3468 2101 3511 tas.
2137 3472 2234 3511 nec
2262 3455 2399 3525 quod
2428 3469 2531 3508 non
2556 3452 2859 3513 audiantur,
2885 3467 2983 3505 nec
3002 3449 3141 3520 quod
3170 3465 3199 3503 a
3229 3451 3395 3505 turbis
3416 3449 3586 3506 incre-

2005 3563 2213 3620 pentnr,
2246 3548 2504 3617 impedire
2543 3547 2767 3617 possint.
2800 3544 2945 3600 Talis
2981 3554 3062 3598 est
3088 3544 3260 3597 anima
3290 3542 3503 3598 fervens
3536 3553 3590 3598 et

2002 3643 2054 3696 in
2087 3642 2267 3695 labore
2310 3653 2547 3694 versans.
2585 3637 2723 3706 Quid
2762 3651 2891 3702 ergo
2931 3634 3220 3689 Christus?
3250 3634 3337 3687 52.
3389 3633 3595 3686 Vocavit

2000 3732 2117 3787 illos
2145 3739 2191 3785 et
2218 3730 2346 3785 dixit
2372 3746 2391 3784 :
2423 3729 2557 3795 Quid
2592 3728 2744 3782 vultis
2772 3736 2826 3780 ut
2849 3726 2983 3778 rubis
3012 3726 3198 3797 faciant
3218 3726 3244 3779 .’
3286 3724 3373 3779 55.
3405 3723 3591 3777 Dicunt

2000 3826 2047 3880 ei
2077 3841 2095 3879 :
2130 3821 2360 3888 Domine,
2392 3833 2445 3877 ut
2475 3822 2772 3891 aperiantur
2803 3817 2939 3873 oculi
2990 3818 3167 3870 nostri.
3199 3817 3307 3871 Cur
3344 3816 3465 3870 illos
3509 3818 3591 3870 in-

2003 3914 2277 3985 terrogat?
2305 3913 2380 3968 Ne
2407 3911 2528 3983 quis
2556 3918 2785 3979 putaret,
2816 3908 2987 3977 ipsum
3022 3906 3125 3960 alia
3158 3905 3462 3976 prtentibus
3486 3904 3591 3960 alia

2002 4010 2151 4065 dare.
2178 4007 2387 4063 Etenim
2413 4006 2547 4061 solet
2572 4017 2787 4073 semper
2817 4002 2987 4071 primo
3017 4000 3263 4053 virtutem
3291 4011 3476 4053 eorum
3500 3997 3590 4067 qui

2002 4108 2261 4155 curantur
2290 4096 2539 4154 omnibus
2574 4096 2895 4165 patefacere,
2931 4099 2988 4146 et
3025 4101 3151 4145 tunc
3192 4088 3486 4144 remedium
3516 4088 3591 4143 af-

2006 4191 2184 4247 ferre:
2215 4199 2325 4244 tum
2352 4197 2408 4243 ut
2436 4188 2572 4242 alios
2592 4186 2657 4240 ad
2686 4184 2934 4240 emndem
2960 4185 3131 4237 zelum
3158 4181 3350 4247 ducat;
3398 4191 3508 4236 tum
3537 4189 3596 4235 ut

2004 4281 2255 4339 ostendat
2282 4280 2402 4335 illos
2434 4279 2555 4350 jure
2592 4278 2787 4332 tnerito
2815 4275 2971 4330 donis
3003 4273 3122 4329 frui.
3156 4274 3266 4335 lloe
3291 4285 3343 4328 ct
3376 4271 3595 4328 in’Cba-

2008 4391 2191 4431 namea
2221 4373 2362 4436 fecit,
2392 4371 2494 4427 hoc
2527 4372 2578 4427 in
2610 4370 2945 4435 centurione,
2988 4368 3089 4422 hoc
3130 4368 3180 4421 in
3220 4367 3441 4422 tnuliere
3466 4382 3592 4421 sano

2005 4467 2180 4541 guinis
2202 4466 2399 4521 lituum
2430 4464 2695 4534 patiente;
2726 4462 2833 4514 imo
2856 4475 2980 4514 vero
3003 4458 3265 4513 mirabilis
3290 4459 3375 4511 illa
3404 4452 3599 4511 mulier

2011 4559 2267 4631 praevenit
2293 4555 2757 4624 interrogationem
2785 4551 2989 4606 Domini
3017 4567 3032 4603 :
3058 4559 3293 4603 attamen
3325 4563 3430 4601 non
3455 4547 3596 4602 illam

2010 4649 2380 4722 praetermisit;
2412 4646 2507 4701 sed
2541 4655 2595 4699 et
2636 4653 2753 4710 pom
2798 4642 3056 4697 redditam
3096 4638 3402 4703 sanitatem,
3448 4638 3595 4692 illam

2004 4744 2280 4800 celebrem
2304 4740 2495 4797 reddit.
2524 4739 2612 4793 Sic
2638 4752 2767 4805 ergo
2802 4735 3019 4789 curabat
3049 4732 3416 4789 accedentium
3442 4731 3508 4785 ad
3538 4746 3597 4787 se

2010 4844 2151 4900 bona
2190 4854 2352 4910 opera
2398 4836 2696 4909 praedii-are
2733 4842 2788 4887 et
2828 4831 2999 4885 multo
3043 4829 3253 4899 majora
3298 4828 3598 4898 praedicare

2009 4949 2175 5008 quam
2218 4940 2375 4987 erant
2400 4931 2413 4961 '
2443 4969 2458 4995 ,
2493 4927 2637 4998 quod
2672 4925 2759 4979 hic
2800 4924 2964 4980 etiam
2999 4920 3146 4977 facit.
3194 4919 3415 4983 Deinde,
3445 4928 3597 4989 post—

2010 5042 2177 5099 quam
2213 5038 2333 5094 quze
2373 5022 2626 5074 volebant
2667 5017 2941 5077 dixerunt.
2980 5012 3356 5068 misericordia
3390 5021 3595 5076 motus,

2015 5120 2137 5177 illos
2161 5116 2353 5187 tetigit.
2382 5112 2505 5167 llzec
2527 5112 2728 5182 quippe
2751 5108 2864 5162 sola
2890 5121 3054 5160 causa
3075 5114 3161 5159 est
3185 5103 3503 5161 curationis.
3526 5102 3598 5155 ob

2015 5226 2175 5279 quam
2204 5208 2347 5260 venit
2392 5206 2444 5258 in
2476 5201 2759 5256 mumlum.
2790 5200 3060 5262 Attamen,
3088 5196 3188 5251 etsi
3221 5195 3592 5250 misericordia

2016 5310 2071 5355 et
2096 5299 2269 5370 gratia
2292 5306 2457 5359 esset,
2479 5294 2674 5363 dignos
2701 5289 2998 5360 quarebat.
3024 5288 3184 5354 Quod
3208 5302 3336 5341 vero
3360 5286 3414 5340 bi
3447 5284 3595 5355 digni

2015 5402 2218 5457 essent,
2246 5402 2389 5462 patet
2417 5402 2529 5446 tum
2561 5405 2625 5442 ex
2662 5388 2922 5449 clamore,
2947 5394 3059 5437 tum
3091 5399 3155 5438 ex
3199 5396 3267 5436 eo
3300 5382 3441 5449 quod
3471 5395 3595 5433 cum

2017 5484 2358 5555 accepissent
2379 5499 2484 5536 non
2512 5486 2877 5542 recesserunt,
2901 5474 3044 5547 quod
3065 5475 3216 5528 multi
3250 5473 3475 5538 faciunt,
3501 5471 3595 5542 qui

2080 5674 2096 5704 ι
2123 5668 2239 5719 [ire
2258 5664 2429 5735 verba,
2461 5669 2507 5714 et
2526 5659 2686 5735 multo
2715 5660 2912 5735 majora
2929 5656 3253 5735 ‘prtedicare
3267 5662 3596 5735 qutunan,

2020 5747 2076 5783 se
2101 5718 2161 5795 ex
2171 5718 2425 5793 potuisse
2436 5718 3207 5795 manueratﬁtiiitefalcouiusnttt
3225 5718 3332 5795 pote
3342 5724 3385 5795 ςι
3408 5718 3598 5795 Christo

2020 5777 2074 5846 Ei
2098 5777 2432 5854 Chipsostomo
2457 5783 2675 5851 indigna.
2702 5782 2898 5833 Vidcsis
2932 5784 3103 5832 Adnot.
3141 5777 3281 5829 t‘ie‘td
3306 5778 3362 5827 ad
3395 5792 3445 5841 p.
3482 5777 3596 5826 δεδι.
