4126 6220
385 366 488 415 6‘27

391 494 503 547 post
537 483 787 539 benelicia
833 495 957 538 sunt
1000 485 1211 554 ingrati.
1247 486 1314 538 At
1360 484 1431 537 illi
1463 499 1567 536 non
1608 481 1739 539 tales
1780 488 1966 546 erant;

389 573 483 628 scd
531 583 587 629 et
628 582 751 629 ante
793 575 995 629 donum
1030 576 1459 645 perseverabant,
1504 584 1560 629 et
1606 584 1726 644 post
1774 574 1973 627 donum

391 664 525 733 grati
563 665 725 720 animi
764 665 977 721 fuerunt
1008 683 1022 719 :
1054 682 1173 720 nam
1224 667 1433 736 sequuti
1480 674 1605 720 sunt
1644 680 1786 720 eum.
1819 663 1972 734 (Cap.

402 756 542 826 XXI)
581 758 627 811 ι.
660 758 721 811 Et
748 776 859 813 cum
884 762 1313 830 appmpiuquaret
1342 758 1646 823 Jerusalem,
1669 767 1715 810 et
1741 762 1977 810 uenerunt

392 848 462 901 ad
491 846 783 919 Belliplutge
822 850 890 902 ad
940 860 1154 904 ntontent
1186 848 1466 912 Oliuarum,
1499 858 1617 901 tunc
1661 846 1808 901 Iesus
1848 844 1980 898 misit

398 940 524 993 duos
552 957 615 994 ea:
637 941 896 1012 discipulis
921 943 1046 1009 suis,
1074 943 1126 995 2.
1148 942 1320 995 dicens
1340 956 1359 993 .'
1381 938 1460 993 Ite
1486 940 1535 993 in
1564 939 1821 992 castellum
1847 934 1982 1004 quod

399 1043 572 1086 contra
595 1050 678 1087 vos
701 1044 791 1099 est,
823 1046 867 1089 et
891 1034 1148 1088 invenietis
1173 1036 1368 1087 asinam
1393 1032 1675 1102 alligatam,
1718 1040 1761 1082 et
1789 1029 1984 1100 pullum

397 1142 510 1179 cum
541 1142 600 1180 ea
622 1142 642 1181 :
670 1127 913 1181 solventes
947 1126 1193 1180 adducite
1232 1125 1374 1177 milii.
1416 1124 1470 1179 5.
1499 1122 1565 1176 Et
1608 1123 1651 1178 si
1692 1122 1802 1191 quis
1853 1119 1985 1173 vobis

397 1217 582 1271 dixerit
607 1217 820 1288 aliquid,
853 1219 1043 1280 dicetis,
1076 1235 1193 1289 quia
1220 1215 1468 1270 Dominus
1495 1216 1572 1269 liis
1599 1230 1726 1284 opus
1749 1211 1913 1275 habet,
1940 1218 1987 1264 et

401 1309 665 1378 confestim
682 1309 892 1362 dimittet
914 1325 1015 1362 eos.
1036 1310 1090 1363 4.
1120 1308 1232 1361 lloc
1252 1318 1421 1361 autem
1438 1316 1596 1360 totum
1622 1309 1809 1376 factum
1835 1312 1905 1356 cst
1935 1307 1988 1353 ut

401 1400 762 1467 adimpleretur
776 1400 911 1468 quod
935 1399 1123 1452 dictum
1142 1408 1212 1453 est
1242 1415 1330 1468 per
1358 1397 1664 1451 Zachariam
1693 1393 1989 1465 prophetam

404 1488 648 1542 dicentem
675 1503 695 1541 :
720 1489 774 1543 5.
806 1487 970 1542 Dicite
996 1490 1120 1558 ﬁlice
1145 1488 1273 1543 Sion
1296 1505 1315 1543 :
1339 1487 1469 1542 Ecce
1493 1503 1579 1541 rea:
1613 1496 1726 1539 tuus
1748 1483 1877 1538 venit
1902 1482 1991 1535 tibi

407 1588 711 1645 mansuetus,
742 1581 919 1635 sedens
942 1596 1095 1650 super
1123 1582 1318 1635 asinam
1360 1590 1407 1634 et
1454 1580 1649 1646 pullum
1678 1576 1840 1646 filium
1873 1574 1992 1628 sub-

400 1669 593 1739 jugulis
622 1667 803 1740 (Zaclt.
846 1671 900 1725 9.
930 1672 1009 1739 9).
1056 1672 1215 1741 Atqui
1262 1686 1404 1741 saepe
1452 1680 1669 1724 venerat
1716 1667 1991 1737 Jerosoly-

409 1776 583 1825 niam;
616 1761 710 1815 sed
738 1778 1025 1831 numquam
1048 1780 1166 1818 eum
1199 1773 1342 1820 tanto
1363 1774 1635 1833 apparatu.
1666 1761 1794 1829 Quae
1836 1760 1993 1831 igitur

404 1865 565 1906 causa
590 1849 726 1906 fuit?
753 1853 841 1907 Illa
872 1855 1046 1923 priora
1076 1865 1227 1909 erant
1250 1856 1472 1909 eitordia
1514 1852 1862 1915 oeconomiae;
1901 1864 1994 1904 ue-

406 1959 512 2014 que
552 1945 664 2014 ipse
686 1944 972 2001 admodum
1013 1958 1168 2000 notus
1195 1956 1330 2011 erat,
1361 1961 1531 2016 neque
1570 1945 1831 2013 passionis
1862 1952 1996 1997 tein-

411 2051 509 2104 pus
534 2045 647 2089 erat
672 2036 971 2105 proximum
1004 2054 1017 2089 :
1040 2046 1362 2108 quapropter
1389 2034 1845 2090 indiscriminatim
1873 2048 1993 2087 cum

412 2127 519 2180 illis
571 2136 697 2181 tunc
746 2128 1086 2194 miscebatur,
1134 2130 1241 2181 imo
1282 2143 1402 2183 sese
1447 2127 1789 2183 occultabat:
1821 2140 1996 2194 neque

412 2217 555 2270 enim
593 2216 927 2271 admirationi
978 2218 1180 2283 luisset,
1209 2218 1252 2271 si
1288 2217 1357 2273 ita
1401 2232 1522 2274 sese
1564 2215 1910 2278 exhibuisset,
1942 2223 1998 2268 et

416 2307 488 2360 illi
519 2307 569 2361 in
609 2306 864 2376 majorem
920 2308 1050 2362 iram
1089 2308 1442 2363 exarsissent.
1494 2308 1779 2375 Postquam
1820 2316 1994 2359 autem

416 2397 664 2466 potentiae
693 2413 803 2452 suae
840 2397 1028 2451 idonea
1056 2397 1276 2452 dederat
1303 2397 1687 2467 experimenta,
1716 2411 1834 2450 cum
1868 2409 1996 2449 crux

414 2489 465 2541 in
485 2490 661 2557 jamiis
695 2499 858 2554 esset,
887 2489 1081 2544 clarius
1117 2491 1348 2559 seipsmn
1392 2490 1613 2553 revelat,
1654 2497 1708 2543 et
1739 2502 1859 2543 cum
1889 2501 2000 2542 tua-

409 2580 514 2648 jori
539 2580 848 2634 celebritate
876 2579 1003 2634 facit
1026 2580 1227 2645 omnia,
1255 2595 1375 2649 qum
1406 2587 1621 2649 possent
1665 2578 1783 2632 illos
1817 2585 1999 2646 postea

417 2686 591 2723 urere.
620 2670 868 2726 Poterant
902 2671 1042 2725 enim
1073 2672 1185 2724 haec
1228 2671 1281 2724 in
1310 2671 1570 2740 principio
1602 2669 1737 2735 ﬁeri,
1761 2668 1855 2722 sed
1895 2684 1997 2721 non

417 2761 561 2813 utilia
594 2761 835 2815 fuissent.
862 2760 939 2813 'l‘n
970 2777 1099 2815 vero
1126 2761 1253 2813 mihi
1282 2760 1559 2814 considera
1588 2768 1716 2828 quot
1747 2757 1998 2812 miracula

418 2854 546 2904 liant
568 2862 617 2905 et
658 2861 785 2919 quot
825 2850 1116 2919 prophetia:
1156 2850 1491 2918 impleantur.
1539 2850 1698 2913 Dixit,
1734 2847 2001 2901 Invenietis

415 2942 643 3005 usumin;
695 2941 934 3010 prmdicit
979 2941 1245 2995 neminem
1301 2956 1422 2995 esse
1462 2941 1859 3008 impediturum,
1906 2940 1999 2993 Sed

416 3032 507 3102 qui
538 3031 777 3087 audirent
808 3033 1064 3086 tacituros
1088 3046 1227 3085 esse.
1263 3032 1568 3086 llocautem
1600 3046 1704 3084 non
1729 3046 1887 3101 parva
1910 3029 2003 3084 .Iu-

417 3124 654 3178 dmorum
681 3123 1057 3179 condemnatio
1087 3133 1187 3186 est,
1218 3125 1261 3178 si
1304 3123 1607 3177 hominibus
1638 3139 1742 3176 non
1773 3123 1870 3176 sibi
1903 3138 2001 3176 uo-

419 3216 505 3277 tis,
535 3230 774 3284 quosque
820 3230 927 3269 non
979 3215 1201 3278 viderat,
1254 3213 1494 3276 suadeat,
1550 3222 1607 3267 ut
1649 3228 1743 3267 sua
1772 3214 1997 3274 tradant,

419 3320 518 3360 nec
542 3306 931 3360 contradicunt.
975 3305 1142 3360 Judaei
1195 3319 1342 3370 vero,
1388 3303 1599 3374 quando
1642 3303 1755 3374 ipse
1797 3320 1896 3375 per
1919 3304 2001 3357 di-

417 3397 654 3465 scipulos
705 3411 830 3451 suos
874 3397 1125 3451 miracula
1167 3397 1377 3463 edebat,
1434 3406 1727 3467 praesentes
1768 3411 1874 3451 non
1904 3396 2001 3451 ob-

416 3497 801 3556 temperarunt.

489 3579 542 3633 2.
577 3579 819 3633 Abductio
861 3581 1019 3634 asinte
1056 3593 1100 3635 et
1142 3582 1307 3649 aselli,
1339 3582 1533 3636 nemine
1577 3590 1856 3647 recusante,
1884 3582 2005 3652 quid

422 3673 610 3740 probet.
636 3672 822 3727 Christi
837 3674 936 3727 vita
961 3675 1102 3729 nobis
1120 3678 1424 3746 excerptum.
1440 3705 1511 3717 --
1523 3675 1600 3731 Ne
1621 3684 1771 3746 putes
1797 3675 1846 3730 id
1863 3676 2001 3747 quod

422 3766 613 3819 factum
644 3778 727 3821 est
756 3783 972 3835 parvmu
996 3768 1121 3837 quid
1147 3785 1286 3824 esse.
1323 3769 1452 3837 Quis
1480 3770 1623 3823 enim
1654 3769 1756 3823 illis
1783 3783 2004 3839 persua-

420 3858 508 3917 sit,
542 3855 666 3910 dum
703 3872 796 3910 sua
839 3858 1200 3924 aulerreutur,
1232 3874 1492 3929 pauperes
1541 3875 1663 3914 cum
1711 3868 1910 3925 essent,
1953 3869 2009 3914 et

423 3946 662 4001 fortassis
688 3949 957 4014 agricolae,
1000 3967 1103 4004 non
1134 3954 1469 4021 repugnare?
1505 3961 1560 4006 et
1596 3952 1721 4021 quid
1750 3952 1870 4006 dico
1900 3968 2004 4007 non

423 4040 755 4106 repugnare?
784 4054 850 4093 ne
876 4041 1202 4109 respondere
1244 4043 1479 4109 quidem,
1513 4042 1592 4097 vel
1627 4054 1744 4113 post
1788 4059 2008 4113 respou-

418 4128 626 4182 sionean
659 4138 835 4184 tacere
862 4145 925 4185 ac
972 4132 1255 4186 recedere?
1293 4132 1423 4186 Nam
1468 4144 1749 4203 utrumque
1789 4135 2007 4205 perinde

427 4218 666 4272 mirabile
713 4230 847 4286 erat,
879 4222 1018 4291 quod
1061 4223 1188 4276 nihil
1239 4223 1490 4291 dixerint,
1535 4224 1661 4279 dum
1706 4228 2008 4296 subiugales

425 4312 838 4378 abducerentur,
861 4321 918 4367 et
942 4314 1081 4384 quod
1102 4316 1397 4382 audientes,
1433 4318 1709 4371 Domiumn
1729 4320 1856 4388 ipsis
1875 4334 2008 4388 opus

427 4403 644 4471 habere,
667 4408 1005 4473 recesserint,
1030 4424 1128 4462 nec
1154 4410 1591 4476 contradixerunt,
1624 4411 1853 4466 inaxime
1886 4427 2007 4466 cum

424 4511 534 4550 non
563 4496 734 4566 ipsum
765 4498 1071 4565 Dominum,
1123 4500 1219 4555 sed
1251 4501 1540 4573 discipulos
1585 4506 1700 4572 ejus
1748 4505 2005 4559 viderent.

429 4586 562 4641 llinc
605 4588 763 4643 docet
790 4606 904 4656 eos,
934 4607 994 4647 se
1031 4593 1267 4662 potuisse
1294 4593 1507 4648 inda-os
1546 4595 1628 4649 vel
1668 4597 1861 4650 Invitos
1888 4613 2007 4649 tun-

429 4680 556 4733 uiuo
580 4679 851 4745 cohibere,
890 4682 1106 4750 quando
1149 4699 1207 4737 se
1246 4684 1479 4738 invasuri
1516 4694 1719 4750 essent,
1763 4686 2010 4756 ipsosque

430 4778 606 4824 nmtos
629 4771 872 4834 reddere,
905 4773 997 4829 sed
1029 4775 1284 4830 noluisse.
1315 4776 1448 4830 llinc
1478 4779 1637 4831 etiam
1665 4778 1822 4832 docet
1854 4777 2012 4833 disci-

424 4860 623 4928 pulos,
666 4861 922 4932 quidquid
983 4864 1097 4933 ipse
1157 4876 1365 4936 peteret
1417 4867 1649 4922 dandum
1719 4880 2008 4937 oportere.

429 4951 634 5006 etiamsi
654 4952 868 5022 juberet
894 4955 1059 5025 ipsam
1087 4959 1317 5011 anituam
1350 4959 1580 5023 tradere,
1605 4974 1704 5014 nec
1737 4961 2011 5017 contradi-

429 5044 656 5099 cendum
686 5060 824 5102 esse.
855 5048 985 5103 Nam
1029 5050 1075 5105 si
1121 5050 1280 5120 ignoti
1311 5062 1621 5121 paruerunt,
1651 5055 1817 5108 multo
1845 5057 2011 5124 magis

432 5136 575 5204 ipsos
598 5139 774 5192 omnia
820 5140 1120 5209 relinquere
1147 5144 1446 5211 Oportebat.
1477 5144 1554 5197 Ad
1588 5145 1700 5199 inec
1726 5146 1881 5199 aliain
1914 5148 2011 5200 du-

433 5229 727 5302 plicemque
779 5234 1109 5305 prophetiam
1158 5236 1438 5305 implebat;
1485 5239 1642 5292 aliam
1695 5255 1788 5307 per
1824 5254 2009 5308 opera,

430 5325 587 5379 aliam
616 5341 710 5397 per
733 5329 913 5394 verba,
955 5344 1145 5401 nempe
1171 5330 1441 5387 Zachariae
1484 5332 1775 5402 propheta-,
1816 5333 1903 5401 qui
1934 5332 2014 5386 di-

431 5418 528 5478 xit,
560 5433 738 5488 regem
768 5434 1044 5476 sessurum
1067 5439 1188 5477 esse
1216 5440 1375 5494 super
1398 5427 1599 5479 asinam
1630 5423 1816 5494 (Zacli.
1843 5425 1895 5481 9.
1920 5426 2009 5495 9);

432 5522 556 5561 nam
578 5509 771 5565 sedens
798 5511 909 5582 ipse
948 5515 1277 5583 prophetiam
1307 5516 1560 5584 implevit.
1609 5517 1764 5571 Aliud
1816 5518 2011 5573 iterum

435 5600 730 5671 prophetia:
760 5592 963 5659 initium
989 5605 1168 5669 dabat,
1197 5608 1359 5676 gestis
1397 5608 1509 5661 suis
1536 5609 1703 5663 futura
1736 5609 2014 5679 prtesigni-

437 5693 620 5748 licans.
666 5696 782 5764 Quo
825 5698 1022 5767 pacto?
1047 5697 1374 5771 lmpnrarnm
1414 5702 1647 5771 gentium
1681 5703 2011 5757 vocationem

438 5789 826 5859 pra'nuntiabat
858 5806 870 5844 :
904 5789 1012 5846 fore
1052 5808 1242 5863 nempe
1283 5804 1337 5848 ut
1368 5796 1417 5849 in
1450 5796 1574 5865 ipsis
1605 5799 1920 5866 requie.~cat,
1958 5809 2011 5854 ut

1179 365 1235 422 S.
1276 365 1554 425 JOANNIS
1587 362 2065 421 ςιιιιγδοδτοιιι
2106 361 2421 421 ΑῐίϐηιΕΡ.
2451 362 2985 422 εοΝετΑλῑιγυιν.

3552 363 3657 415 διε

2084 481 2300 537 veniant
2324 480 2390 536 ad
2419 496 2565 547 eum,
2593 483 2870 551 ipsumque
2912 489 3201 550 sequantur
3226 495 3241 543 ;
3277 478 3354 532 sic
3384 480 3660 547 prophetia

2083 571 2418 641 proiihetiam
2442 574 2672 643 excepit.
2708 573 2830 626 Mihi
2855 587 2980 625 vero
3009 588 3113 625 non
3141 585 3202 622 ea
3224 570 3395 623 solum
3415 568 3484 622 de
3505 583 3663 621 causa

2085 662 2291 718 videtur
2330 678 2491 733 super
2516 666 2718 718 asinam
2749 664 2971 729 sedisse,
3005 663 3098 718 sed
3136 672 3192 716 ut
3234 660 3403 717 nobis
3431 661 3666 730 philoso-

2084 756 2222 825 phia:
2261 756 2475 810 modum
2521 756 2771 811 traderet.
2822 756 2936 810 Non
2984 754 3143 810 modo
3184 753 3325 809 enim
3366 751 3668 822 prophetias

2086 846 2361 917 imtilebat,
2391 862 2564 917 neque
2606 857 2808 902 tantum
2838 848 3081 918 dogmata
3112 843 3351 901 veritatis
3378 843 3665 900 inserebat.

2086 936 2182 993 sed
2213 953 2307 1008 per
2337 938 2452 994 bare
2489 940 2645 994 nobis
2685 948 2887 994 rectum
2920 938 3041 993 vita:
3070 938 3368 993 institutum
3408 933 3667 997 tradebat,

2091 1032 2285 1101 ubique
2316 1032 2469 1087 nobis
2488 1032 2698 1102 regulas
2724 1032 3001 1102 assignans
3025 1029 3093 1085 ad
3118 1028 3474 1086 necessarium
3492 1043 3667 1093 usum,

2090 1131 2144 1177 ct
2193 1123 2259 1177 ad
2304 1123 2463 1177 vitam
2495 1123 2660 1193 probe
2709 1138 2923 1193 semper
2949 1120 3231 1192 agendam.
3272 1118 3502 1188 ideoque
3546 1133 3670 1174 cum

2092 1214 2389 1269 nasciturus
2434 1224 2595 1281 esset,
2625 1229 2729 1270 non
2772 1212 3102 1284 Splendidam
3149 1211 3365 1267 domum
3406 1209 3666 1280 quaesivit,

2094 1322 2199 1361 non
2225 1318 2446 1362 matrem
2476 1306 2691 1362 divitem
2721 1316 2776 1361 et
2818 1305 3100 1371 illustrem,
3142 1301 3237 1358 sed
3287 1316 3574 1371 pauperem
3617 1309 3673 1356 et

2092 1412 2346 1469 sponsum
2393 1398 2598 1454 labrum
2626 1398 2929 1461 habentem,
2976 1394 3219 1466 atquein
3266 1392 3475 1464 tugurio
3504 1393 3674 1447 nasci-

2096 1498 2181 1545 tur
2201 1500 2252 1544 et
2280 1491 2330 1545 in
2360 1491 2619 1560 praesepio
2658 1489 2962 1543 reclinatur.
3010 1486 3144 1541 Cum
3174 1483 3465 1553 discipulos
3491 1483 3673 1551 elegit.

2097 1596 2200 1635 non
2230 1583 2473 1635 rhetoras
2511 1589 2566 1635 et
2602 1579 2799 1650 sephos
2824 1577 3084 1649 quaesivit,
3116 1590 3288 1645 neque
3312 1574 3597 1644 opulentos
3621 1584 3676 1628 et

2098 1670 2324 1735 nobiles,
2356 1669 2451 1724 sed
2480 1684 2758 1739 pauperes,
2797 1682 3088 1738 pauperum
3116 1666 3271 1729 ﬁlios,
3304 1674 3359 1719 et
3398 1662 3675 1734 ignobiles.

2099 1761 2308 1815 Etcum
2355 1775 2592 1815 mensam
2631 1768 2939 1829 apponeret,
2980 1757 3138 1812 modo
3163 1771 3327 1827 panes
3353 1755 3678 1810 hordeaceos

2100 1850 2319 1914 inducit,
2350 1850 2509 1906 modo
2533 1850 2822 1920 discipulos
2852 1850 2901 1903 in
2929 1847 3045 1903 loro
3064 1847 3215 1916 jubet
3240 1861 3454 1910 emere;
3485 1857 3677 1899 etcum

2099 1941 2265 1996 lectos
2284 1940 2349 1995 ad
2374 1955 2610 1996 mensam
2631 1948 2804 2011 parat,
2829 1940 2971 1995 laeuo
2999 1938 3064 1991 ad
3093 1937 3143 1992 id
3167 1938 3349 1992 utitur.
3380 1936 3678 1990 Vestimen-

2101 2033 2169 2088 tis
2196 2032 2432 2089 induitur
2468 2033 2661 2088 vilibus
2688 2041 2743 2088 et
2776 2032 2846 2087 ad
2878 2031 3021 2101 vulgi
3061 2047 3214 2085 nsum
3244 2030 3677 2100 pertinentibus:

2099 2124 2318 2179 dmuum
2350 2139 2416 2178 ne
2449 2122 2629 2178 habuit
2659 2122 2895 2193 quidem.
2925 2121 2981 2177 Si
3010 2136 3137 2177 vero
3167 2137 3230 2175 ex
3272 2121 3391 2174 loco
3417 2121 3468 2175 in
3506 2119 3679 2174 locum

2099 2216 2249 2271 abire
2277 2232 2411 2285 Opus
2440 2226 2603 2282 esset,
2632 2216 2683 2270 id
2725 2215 2948 2285 pedibus
2978 2214 3123 2279 facit,
3151 2223 3312 2283 atque
3341 2214 3409 2268 ita
3443 2222 3497 2267 ut
3526 2212 3680 2266 dela-

2103 2309 2315 2378 tigctur.
2346 2307 2551 2363 Sedens
2581 2322 2685 2362 non
2715 2306 2853 2361 solio
2890 2320 3025 2376 opus
3071 2305 3247 2370 habet,
3302 2319 3473 2372 neque
3515 2303 3681 2372 pulvi-

2104 2400 2239 2465 nari,
2268 2399 2362 2454 sed
2384 2400 2436 2454 in
2461 2399 2577 2454 solo
2602 2399 2718 2469 ipso
2739 2396 2910 2462 sedet,
2936 2395 3225 2467 aliquando
3265 2396 3316 2449 in
3356 2404 3553 2457 monte,
3587 2393 3682 2447 ali-

2102 2490 2319 2560 quando
2347 2489 2413 2544 ad
2442 2489 2639 2544 fontem
2665 2506 2681 2555 ;
2710 2504 2808 2544 nec
2835 2488 2900 2542 ad
2930 2486 3129 2543 fontem
3158 2495 3380 2549 tantum,
3410 2486 3501 2539 sed
3538 2486 3683 2539 solus

2102 2596 2223 2637 cum
2251 2580 2583 2637 Samaritana
2615 2580 2845 2648 loquitur
2873 2577 3048 2648 (Joan.
3080 2578 3161 2646 4).
3207 2575 3335 2631 Item
3379 2576 3468 2645 qui
3512 2574 3683 2629 dolori

2105 2674 2322 2729 modum
2347 2674 2553 2740 statuit,
2583 2688 2705 2728 cum
2738 2674 2918 2743 lugere
2942 2680 3173 2742 oportet,
3208 2669 3482 2739 paululum
3510 2668 3682 2740 lacry—

2106 2774 2300 2831 matur,
2332 2766 2545 2835 ubique,
2586 2774 2643 2819 ut
2665 2764 2793 2830 dixi,
2824 2764 3032 2832 regulas
3059 2761 3418 2832 terminosque
3456 2774 3681 2831 ponens,

2104 2872 2380 2925 quousque
2407 2855 2623 2926 procedi
2651 2852 2863 2918 debeat,
2917 2862 2970 2909 et
2996 2854 3081 2908 ubi
3127 2855 3315 2908 sistere
3340 2852 3563 2923 gradum
3590 2864 3685 2920 par

2105 2951 2192 3003 sit.
2242 2947 2366 3002 Ideo
2418 2963 2558 3001 nunc
2596 2948 2778 3011 etiam,
2822 2946 2946 3016 quia
2984 2945 3200 3014 contigit
3224 2943 3482 3014 quosdam
3533 2943 3684 2997 inlir-

2106 3040 2300 3093 miores
2327 3053 2461 3108 opus
2484 3037 2679 3091 habere
2704 3037 3083 3107 subjugalibus,
3117 3036 3201 3089 hic
3227 3049 3437 3107 quoque
3471 3035 3685 3089 modum

2107 3132 2301 3201 posuit,
2335 3131 2620 3186 ostendens
2641 3146 2744 3184 non
2766 3130 2935 3200 equis,
2969 3145 3073 3183 non
3103 3128 3366 3183 mulorum
3392 3127 3532 3197 jugis
3552 3142 3688 3197 opus

2107 3240 2259 3290 esse;
2291 3224 2383 3279 sed
2432 3223 2583 3278 asino
2632 3221 2906 3288 utendum,
2962 3236 3063 3275 nec
3102 3221 3242 3275 ultra
3290 3217 3685 3290 procedendum

2106 3331 2246 3380 esse,
2280 3314 2438 3384 idque
2482 3315 2547 3367 ad
2602 3328 2754 3369 usum
2807 3313 2935 3367 satis
2974 3328 3111 3367 esse.
3148 3311 3434 3367 Videamus
3478 3325 3688 3381 quoque

2108 3406 2436 3477 prepiietiam
2467 3406 2645 3461 verbis
2670 3417 2723 3460 et
2748 3405 2898 3460 factis
2924 3406 2937 3436 ί
2962 3419 3288 3473 εχιιτυςδηηι.
3309 3402 3438 3471 Qum
3459 3413 3689 3472 estergo

2108 3499 2194 3554 illa
2224 3498 2541 3570 prOphetia?
2571 3497 2699 3551 Ecce
2717 3514 2806 3551 rex
2834 3510 2948 3550 tuus
2979 3497 3107 3550 venit
3129 3496 3213 3549 tibi
3237 3505 3546 3560 mansuetus,
3569 3512 3690 3549 con-

2107 3592 2345 3646 scendens
2384 3590 2694 3660 subjngulcm
2741 3599 2787 3643 et
2826 3589 3020 3656 pullum
3054 3590 3291 3657 juvenem
3320 3606 3338 3642 :
3370 3603 3472 3641 neu
3505 3603 3690 3643 currus

2108 3698 2291 3751 agens,
2317 3693 2373 3736 ut
2399 3684 2577 3737 ca-teri
2618 3696 2803 3752 reges;
2838 3697 2939 3734 non
2984 3680 3256 3751 vectigalia
3302 3681 3541 3750 exigens,
3583 3695 3690 3735 non

2109 3783 2369 3829 terrorem
2418 3773 2698 3836 incutiens,
2748 3782 2799 3826 et
2829 3772 3088 3826 satellites
3124 3771 3491 3840 circumagens
3539 3788 3553 3824 :
3594 3770 3691 3825 sed

2114 3865 2426 3919 modestiam
2461 3864 2581 3919 hinc
2608 3880 2816 3933 quoque
2838 3879 3081 3933 magnam
3106 3862 3381 3917 exhibens.
3424 3861 3692 3931 interroga

2111 3956 2288 4027 itaque
2312 3956 2553 4011 Judaeum
2582 3973 2594 4009 ι
2624 3958 2750 4024 Quis
2782 3972 2869 4009 rex
2914 3956 3063 4009 asino
3096 3964 3277 4008 vectus
3308 3954 3578 4025 ingressus
3613 3963 3695 4009 est

2110 4047 2532 4117 Jerostdymam?
2561 4049 2662 4103 Sed
2695 4064 2798 4102 non
2820 4046 2979 4101 alium
3009 4064 3163 4117 quam
3197 4047 3336 4102 hunc
3361 4047 3540 4102 dicere
3567 4065 3692 4117 pos-

2110 4142 2234 4192 sint.
2267 4137 2355 4191 illa
2379 4154 2538 4208 porro
2564 4138 2807 4203 faciebat,
2850 4150 2900 4191 nl
2938 4138 3066 4204 dixi,
3102 4137 3269 4191 futura
3304 4140 3691 4208 prtenuntians.

2113 4230 2209 4286 ilic
2246 4230 2388 4287 enim
2434 4246 2527 4300 per
2574 4232 2771 4301 pullum
2825 4230 3059 4285 Ecclesia
3108 4228 3450 4299 significatur,
3486 4246 3694 4286 necnon

2112 4324 2339 4393 populus
2359 4338 2549 4388 novus,
2576 4323 2700 4376 olim
2730 4322 2985 4390 impurus,
3016 4330 3290 4391 postquam
3319 4332 3497 4375 autem
3540 4320 3696 4375 .lesus

2114 4414 2326 4481 insedit,
2353 4430 2514 4484 purus
2540 4412 2778 4469 elieetus.
2810 4414 2876 4467 Et
2902 4413 3016 4466 vide
3044 4414 3323 4481 imaginem
3352 4412 3547 4482 ubique
3576 4428 3693 4468 ser-

2114 4516 2307 4559 vatam.
2332 4503 2462 4558 Nam
2485 4503 2729 4574 discipuli
2754 4504 2965 4557 solvunt
3003 4502 3313 4571 subjugalia.
3351 4500 3455 4557 Per
3476 4512 3696 4571 aposto-

2116 4596 2195 4651 los
2221 4597 2360 4651 enim
2392 4604 2447 4651 et
2473 4596 2572 4665 ipsi
2605 4606 2658 4650 et
2700 4610 2798 4649 nos
2828 4594 2994 4648 vocati
3038 4609 3243 4660 sumus,
3294 4608 3387 4663 per
3424 4592 3697 4663 apostolos

2121 4691 2340 4747 adducti
2366 4709 2379 4744 :
2405 4688 2533 4759 quia
2556 4702 2683 4740 vero
2706 4684 2877 4755 gloria
2903 4681 3208 4737 vocationis
3246 4688 3445 4734 nostra!
3468 4677 3691 4733 aemula-

2115 4784 2315 4837 tionem
2332 4796 2519 4835 eorum
2536 4778 2801 4840 accendit,
2826 4776 2945 4830 ideo
2967 4776 3176 4828 videtur
3206 4773 3360 4827 asina
3377 4770 3582 4841 pullum
3601 4784 3689 4823 se—

2116 4874 2231 4944 qui.
2256 4874 2552 4941 Postquam
2578 4870 2720 4924 enim
2742 4868 2993 4923 Christus
3013 4865 3277 4920 insederit
3294 4878 3457 4933 super
3472 4870 3681 4928 gentes,

2112 4974 2242 5019 tunc
2262 4963 2479 5017 venient
2493 4973 2547 5016 et
2564 4961 2636 5014 illi
2656 4959 2799 5014 malo
2812 4958 2992 5015 studio
3008 4955 3325 5022 itit-enskid
3344 4953 3487 5024 quod
3503 4952 3691 5006 decla-

2113 5065 2196 5111 rat
2213 5053 2413 5108 Paulus
2428 5052 2511 5107 bis
2531 5050 2738 5107 verbis:
2765 5048 3127 5120 Quiacazcitas
3147 5064 3209 5101 ea:
3222 5058 3370 5118 parte
3390 5043 3582 5098 Israeli
3599 5060 3692 5095 ac-

2124 5146 2275 5210 cidit,
2294 5145 2455 5198 donec
2488 5143 2759 5210 plenitudo
2786 5143 3011 5212 gentium
3034 5142 3251 5194 intraret
3277 5156 3293 5192 :
3319 5138 3458 5192 etsic
3486 5138 3505 5166 '
3524 5136 3693 5188 omnis

2115 5239 2283 5295 Israel
2334 5237 2605 5293 saluabitar
2631 5230 2805 5306 (Rom.
2855 5228 2941 5284 Η.
2988 5226 3223 5293 25.26).
3253 5222 3403 5290 Quod
3454 5218 3595 5275 enim
3651 5220 3698 5269 id

2118 5331 2393 5406 prophetia
2423 5336 2583 5387 esset,
2618 5325 2830 5396 planum
2862 5330 2943 5376 est
2976 5334 3041 5373 ex
3060 5333 3170 5387 1am
3201 5315 3390 5375 dictis;
3426 5309 3525 5364 nisi
3556 5308 3702 5363 enim

2120 5402 2187 5480 ita
2216 5435 2375 5483 esset,
2411 5439 2513 5476 non
2543 5427 2785 5474 curasset
2811 5413 3063 5485 prepheta
3098 5420 3202 5463 tam
3229 5406 3511 5474 diligenter
3537 5402 3701 5455 asina:

2118 5531 2328 5573 letalem
2357 5514 2553 5570 dicere.
2589 5509 2703 5568 Non
2743 5511 2853 5562 haec
2884 5514 3085 5560 tantum
3118 5516 3214 5573 per
3252 5514 3410 5568 supra
3453 5494 3592 5550 dicta
3623 5492 3701 5546 si-

2184 5692 2200 5722 ί
2228 5688 2391 5739 Morel.
2416 5686 2611 5742 omittit,
2637 5689 2681 5733 et
2704 5679 2860 5741 litatis.

2183 5779 2203 5808 ¹
2230 5772 2388 5823 \torel.
2418 5779 2467 5819 et
2492 5769 2682 5833 quidam
2710 5764 2787 5813 alii
2816 5763 3013 5824 legunt,
3039 5768 3083 5811 et
3107 5767 3235 5811 tunc.
