4126 6220
286 297 389 352 629

286 414 625 483 gniticantur,
649 410 740 466 sed
771 410 929 465 etiam
961 409 1100 480 quod
1129 409 1352 479 apostoli
1379 407 1532 463 facile
1560 407 1680 461 illos
1699 403 1864 458 addu-

300 505 443 562 cturi
469 507 598 560 sint.
634 503 948 558 Sicutenim
968 501 1057 555 hic
1075 498 1254 552 nullus
1267 497 1620 556 contradixit,
1647 505 1698 547 ut
1735 500 1864 546 reti-

295 607 448 654 neret
464 596 697 659 asinam,
740 593 820 649 sic
859 594 912 647 in
949 592 1302 648 conversione
1321 590 1562 660 gentium
1580 589 1866 641 nullusco-

287 704 410 744 rum
429 689 522 758 qui
549 689 670 742 illos
693 697 820 741 ante
842 679 1264 754 occupaverant,
1302 683 1450 752 ipsos
1470 682 1737 750 impedire
1763 697 1848 732 va-
1887 691 1889 693 ‘

289 781 412 835 luit.
456 778 573 833 Non
622 779 776 833 sedet
819 785 1001 833 autem
1049 791 1214 845 supra
1273 773 1481 827 nudum
1515 775 1743 842 pullum,
1773 770 1867 825 sed

290 879 452 933 supra
482 865 796 920 vestimenta
823 863 1205 933 apostolorum.
1231 860 1363 927 Quia
1385 860 1524 913 enim
1556 857 1753 928 pullum
1784 872 1870 910 ac-

292 965 567 1023 ceperam,
616 955 790 1007 omnia
817 955 926 1021 jam
963 953 1224 1022 prmbent,
1282 957 1338 1003 ut
1376 950 1581 1004 dicebat
1633 947 1869 1002 Paulus:

298 1043 406 1113 Ego
434 1054 600 1097 autem
628 1043 944 1096 libentissime
963 1043 1250 1111 impendam
1281 1050 1323 1093 et
1347 1039 1612 1109 impendar
1640 1055 1731 1108 pro
1756 1037 1870 1090 ani-

295 1137 470 1187 mabus
499 1136 671 1188 vestris
699 1134 772 1205 (2.
803 1133 921 1188 Cor.
949 1135 1033 1187 1‘2.
1069 1131 1180 1202 15).
1211 1132 1286 1185 Tu
1312 1145 1437 1185 vero
1465 1130 1589 1199 pulli
1629 1144 1872 1182 mansue-

205 1236 210 1243 ‘
298 1226 534 1280 tudinem
582 1225 878 1290 coasidera,
920 1225 1187 1294 quomodo
1222 1223 1509 1278 indomitus
1552 1239 1672 1276 cum
1711 1231 1872 1285 esset,

296 1324 351 1370 ct
403 1315 536 1370 freni
565 1331 775 1384 eitjers,
823 1330 928 1368 non
979 1315 1185 1377 resiliit,
1239 1314 1330 1368 sed
1377 1315 1552 1384 quiete
1600 1314 1872 1380 agebatur.

298 1407 448 1474 Quod
477 1416 530 1462 et
561 1409 727 1476 ipsum
756 1407 1032 1477 prophetia
1073 1406 1148 1459 rei
1191 1405 1378 1458 futura:
1424 1415 1558 1469 erat,
1587 1403 1878 1473 morigeras

299 1507 485 1568 gentes
516 1498 840 1568 signiﬁcans,
865 1505 919 1552 et
945 1506 1238 1567 promptam
1271 1495 1472 1550 ordinis
1509 1498 1874 1550 mutationem.

298 1589 432 1645 Nam
458 1589 633 1644 omnia
673 1589 836 1644 efficit
878 1589 1095 1643 verbum
1145 1587 1270 1641 illud
1301 1603 1313 1640 :
1347 1589 1605 1643 Soluentes
1643 1585 1881 1640 adducite

299 1682 458 1744 mihi;
487 1681 557 1734 ita
598 1688 656 1734 ut
700 1680 998 1733 inordinata
1038 1679 1088 1732 in
1121 1679 1363 1732 ordinem
1406 1679 1791 1747 redigerentur,
1829 1686 1882 1732 et

301 1772 573 1826 immunda
603 1771 814 1825 demum
844 1769 1039 1823 nmnda
1072 1769 1282 1824 tierent.
1579 1834 1584 1839 _

373 1865 426 1919 5.
466 1861 763 1916 Ιιιάιεοτωη
805 1863 1026 1930 abiectus
1071 1862 1290 1913 animus.
1341 1859 1570 1914 Christus
1623 1876 1771 1925 quam
1821 1860 1881 1913 ab

301 1972 507 2011 causam
534 1955 605 2008 sic
630 1956 940 2023 triumphare
964 1954 1190 2006 voluerit.
1216 1951 1546 2022 Elecmosyna
1566 1951 1888 2005 commenda-

306 2057 408 2101 tur.
455 2046 869 2099 Antiochenam»:
912 2045 1238 2114 eleemosynw
1281 2044 1511 2112 ipsorum
1560 2041 1883 2111 facultatibus

306 2142 653 2208 conferuntur.
695 2134 894 2190 —-—Sed
937 2131 1058 2189 vide
1099 2133 1228 2188 mihi
1268 2133 1574 2188 Judmorum
1617 2131 1882 2202 abjectum

304 2230 675 2284 animum.Tot
695 2229 943 2284 miracula
971 2228 1212 2298 patravit,
1235 2237 1286 2283 et
1303 2243 1589 2297 numquam
1612 2228 1688 2282 sic
1713 2228 1882 2297 ipsum

303 2320 548 2374 admirati
589 2328 712 2375 sunt
741 2319 896 2390 :quia
925 2329 1101 2374 autent
1131 2318 1378 2373 viderunt
1414 2319 1620 2372 turbam
1658 2334 1887 2372 concur-

302 2422 529 2478 rentem,
554 2421 677 2466 tunc
705 2411 877 2466 mirati
907 2421 1049 2465 sunt.
1082 2411 1166 2466 l0.
1191 2410 1449 2465 Commota
1467 2410 1654 2480 quippe
1679 2419 1750 2464 est
1775 2413 1886 2463 uni-

301 2522 446 2559 eersa
470 2506 642 2560 civitas
683 2505 854 2559 dicens
876 2520 894 2558 :
919 2502 1044 2570 Quis
1072 2514 1142 2558 est
1173 2503 1252 2557 hic
1272 2505 1297 2557 Ρ
1323 2498 1508 2556 Turba:
1535 2513 1700 2555 autem
1745 2502 1883 2555 dice-

303 2597 422 2650 bant
444 2595 586 2651 :Hic
611 2605 683 2650 est
722 2594 871 2650 Iesus
909 2597 1153 2666 propheta
1176 2611 1207 2646 a
1239 2593 1498 2647 Nazareth
1542 2592 1785 2647 Galilww.
1821 2593 1886 2646 Et

301 2671 432 2743 cum.
469 2687 567 2742 sibi
619 2687 934 2742 videbantur
969 2687 1166 2756 aliquid
1218 2701 1466 2755 magnum
1511 2684 1689 2738 dicere
1716 2725 1730 2748 ,
1761 2694 1887 2738 tunc

303 2781 449 2836 humi
480 2795 671 2850 repens
700 2789 754 2834 et
795 2779 1011 2834 humilis
1056 2788 1110 2833 et
1147 2778 1349 2848 abjeeta
1383 2779 1590 2833 illorum
1619 2778 1884 2832 sententia

303 2883 439 2928 erat.
465 2871 589 2926 Hzec
609 2879 786 2926 autem
815 2871 903 2926 ille
935 2870 1177 2934 faciebat,
1205 2887 1311 2924 non
1343 2870 1407 2924 ad
1431 2871 1840 2924 ostentationem
1866 2910 1882 2936 ,

301 2965 396 3021 sed
425 2964 616 3030 simul,
645 2963 784 3035 quod
814 2963 927 3018 dixi
955 3005 971 3028 ,
1003 2963 1331 3032 prephetiam
1375 2963 1632 3032 impleas,
1669 2971 1720 3016 et
1765 2962 1885 3030 phi-

303 3059 597 3127 losophiam
626 3057 824 3112 docens
843 3098 858 3120 ,
883 3055 1144 3126 simulque
1177 3054 1465 3124 discipulos
1503 3054 1787 3107 consolans
1817 3053 1886 3106 ob

303 3162 530 3206 mortem
561 3167 709 3205 suam
730 3150 991 3210 dolentes,
1009 3148 1400 3217 ostendensque
1425 3162 1484 3201 se
1505 3147 1688 3200 istlitec
1709 3145 1883 3198 ouiiiia

305 3245 532 3299 libenter
562 3258 840 3311 passurum
866 3257 1008 3297 esse.
1037 3240 1114 3296 Tu
1147 3255 1273 3295 vero
1301 3240 1428 3293 mihi
1465 3240 1730 3292 admirare
1761 3253 1883 3306 pro-—

308 3342 480 3404 pheta:
509 3336 898 3390 accurationem
925 3375 940 3398 ,
963 3331 1230 3402 quomodo
1256 3332 1432 3386 omnia
1467 3331 1790 3400 pra‘dixerit.
1821 3329 1888 3384 Et

303 3431 402 3484 alia
429 3427 640 3497 quidem
670 3427 850 3492 David,
881 3425 982 3479 alia
1005 3425 1286 3478 Zacharias
1309 3423 1700 3494 prmnuntiavit.
1735 3424 1806 3476 Ita
1835 3433 1888 3477 et

306 3535 405 3572 nos
440 3520 694 3572 faciamus
717 3560 734 3583 ,
762 3528 813 3571 et
841 3517 1052 3588 hymnis
1081 3517 1412 3571 celebremus
1434 3556 1449 3580 ,
1479 3524 1532 3569 et
1573 3515 1886 3569 vestimenta

305 3609 576 3664 tradamus
606 3609 669 3663 iis
697 3608 784 3678 qui
825 3609 994 3677 ipsum
1021 3605 1268 3660 afferunt.
1297 3606 1410 3673 Qua
1448 3607 1588 3659 enim
1622 3605 1772 3658 venia
1810 3605 1890 3656 di-

303 3703 393 3771 gni
424 3703 623 3756 erimus
647 3743 662 3765 ,
698 3701 740 3754 si
770 3716 888 3753 eum
919 3701 1006 3753 alii
1049 3700 1252 3752 asinam
1301 3699 1383 3752 cui
1435 3697 1695 3751 insidebat
1726 3698 1888 3749 vesti-

303 3795 502 3849 mentis
527 3794 790 3864 operiunt,
818 3792 904 3844 alii
932 3791 1051 3858 ejus
1076 3790 1299 3859 pedibus
1323 3791 1632 3844 vestimenta
1656 3791 1890 3843 subster-

304 3895 460 3952 nunt,
484 3903 581 3941 nos
612 3885 806 3940 nudum
840 3885 983 3937 illum
1009 3883 1524 3952 videntes.necjussi
1557 3899 1650 3936 nos
1672 3899 1887 3946 emere,

303 3982 399 4036 sed
426 3978 620 4050 aliquid
651 3978 986 4048 impendere,
1020 3993 1084 4030 ne
1113 3976 1248 4030 hanc
1283 3976 1494 4046 quidem
1525 3975 1888 4030 libertlillttlt‘lll

305 4069 691 4126 exhibeamus?
721 4069 793 4123 illi
820 4079 1114 4134 sequuntur
1153 4076 1274 4121 ante
1303 4077 1349 4120 et
1387 4076 1526 4136 post,
1559 4083 1654 4120 nos
1686 4084 1810 4120 vero
1837 4077 1889 4119 i-t

305 4162 650 4216 accedentem
707 4160 1054 4231 repellimus.
1106 4170 1156 4213 et
1210 4159 1540 4212 contumeliis
1589 4158 1890 4212 al'ﬁeimus?

302 4257 518 4322 Quanto
548 4254 659 4322 hare
683 4251 942 4321 supplicio
965 4293 980 4317 ,
1003 4260 1195 4318 quanta
1218 4251 1418 4303 ultione
1444 4249 1597 4318 digna
1626 4251 1784 4302 situt?
1813 4249 1888 4302 Ad

305 4353 359 4396 te
403 4333 608 4396 accedit
648 4341 904 4394 Dominus
949 4343 1303 4408 egenusuiec
1342 4338 1780 4408 supplicationem
1812 4355 1889 4390 vis

304 4433 492 4487 audire
512 4450 527 4497 ;
550 4431 642 4486 sed
674 4433 904 4496 incusas,
941 4433 1211 4499 inerepas,
1243 4440 1295 4484 et
1323 4431 1436 4485 hate
1468 4431 1656 4485 talibus
1695 4433 1890 4486 auditis

303 4524 507 4579 verbis.
541 4523 596 4578 Si
624 4538 752 4578 vero
785 4523 866 4576 vel
901 4537 1089 4591 panem
1119 4523 1332 4576 unicum
1376 4523 1604 4592 largiens
1633 4533 1687 4576 et
1715 4524 1890 4577 tantil-

303 4617 413 4669 lum
462 4615 735 4685 pecunize,
767 4614 834 4667 ita
886 4623 1042 4668 tenax
1087 4629 1145 4666 es
1171 4655 1186 4679 ,
1217 4627 1409 4667 avarus
1436 4623 1488 4668 et
1526 4615 1702 4683 segnis
1727 4654 1742 4679 ,
1771 4617 1890 4686 quis

300 4706 514 4760 futurus
542 4720 719 4770 esses,
743 4705 785 4758 si
815 4705 990 4758 omnia
1017 4714 1197 4757 essent
1237 4705 1577 4759 evacuanda?
1596 4705 1709 4760 Non
1735 4706 1889 4762 vides

301 4797 424 4850 illos
451 4796 504 4850 in
536 4796 743 4850 theatro
770 4795 1008 4850 liberales
1035 4796 1276 4848 homines
1304 4806 1494 4864 quanta
1522 4798 1888 4854 meretricibus

300 4884 673 4955 profundunt?
704 4884 781 4938 Tu
824 4899 954 4938 vero
1000 4901 1064 4939 ne
1102 4885 1373 4938 dimidiam
1420 4886 1629 4954 quidem
1676 4888 1886 4944 illorum

303 4969 531 5042 partem,
567 4975 672 5028 into
703 4989 844 5043 swpe
875 4990 942 5028 ne
969 4991 1125 5044 quam
1155 4975 1422 5028 minimam
1451 4986 1649 5043 partem
1676 4993 1884 5047 erogas.

297 5073 370 5122 At
395 5067 636 5122 diabolus
663 5069 1079 5138 quibuscumque
1100 5067 1225 5120 dare
1246 5068 1416 5136 jubet;
1444 5067 1567 5122 dmn
1591 5071 1884 5139 gehennam

301 5161 460 5214 nobis
485 5160 731 5214 conciliat
755 5202 770 5226 ,
797 5169 852 5214 et
881 5169 1054 5214 tamen
1088 5160 1183 5213 das
1211 5180 1222 5214 :
1248 5160 1489 5214 Christus-
1537 5179 1666 5216 vero
1702 5167 1882 5234 egenis

301 5255 436 5307 dare
472 5254 644 5323 jubet,
675 5265 728 5308 et
774 5271 994 5326 regnum
1043 5257 1338 5325 promittit,
1383 5267 1436 5311 et
1469 5270 1522 5310 tu
1573 5274 1676 5312 non
1726 5259 1884 5312 modo

299 5361 409 5399 non
459 5346 595 5408 das,
640 5346 733 5400 sed
791 5350 950 5401 etiam
1005 5351 1424 5402 contumeliosus
1471 5366 1565 5416 es;
1612 5353 1884 5422 atavisque

298 5437 523 5490 obedire
549 5437 779 5502 diabolo,
813 5449 868 5492 ut
894 5440 1147 5493 crucieris
1171 5481 1186 5504 ,
1212 5455 1368 5508 quam
1391 5440 1624 5506 Christo,
1657 5452 1713 5496 ut
1741 5443 1884 5497 salu-

299 5539 411 5584 tem
439 5530 800 5600 consequaris.
825 5530 958 5598 Quid
978 5531 1075 5585 hac
1105 5533 1322 5586 stultitia
1351 5533 1621 5588 deterius?
1649 5535 1742 5589 Ille
1788 5552 1883 5606 ge—

299 5617 532 5675 hennam
563 5620 653 5674 tibi
683 5620 864 5687 all‘ert,
892 5619 976 5674 hic
1003 5637 1220 5691 regnum
1249 5641 1261 5675 :
1287 5634 1338 5678 et
1369 5633 1541 5678 tamen
1570 5624 1671 5680 hoc
1699 5626 1882 5682 relicto

300 5709 370 5766 ad
401 5710 548 5765 illum
579 5713 870 5767 aceurritis.
902 5711 969 5767 Et
1015 5713 1154 5768 hunc
1201 5709 1560 5770 accedemem'
1585 5716 1876 5788 repellitis,

623 5829 898 5889 Parnm"
945 5828 1058 5888 Gn.
1117 5825 1336 5886 LVIII.

1206 294 1269 350 IN
1309 293 1714 350 MATTIIEUII
1755 291 1982 350 IIOMIL.
2025 289 2212 348 LXVI.
2253 287 2325 344 aI.
2368 284 2570 342 LXVII.

3443 277 3550 336 ‘30

1973 403 2120 456 illum
2168 399 2350 470 procul
2393 399 2624 470 positum
2649 395 2938 452 advocatis.
2979 394 3161 465 Neque
3198 395 3352 450 aliter
3381 409 3468 450 res
3499 410 3556 448 se

1971 488 2150 550 habet.
2169 507 2324 560 quam
2353 490 2397 544 si
2429 505 2519 544 rex
2550 502 2778 558 purpura
2807 486 3028 541 vestitus
3057 495 3112 540 et
3139 483 3436 538 diademate
3462 501 3554 538 or-

1972 595 2126 637 natus
2174 599 2277 637 non
2327 582 2838 653 persuadeatzlatro
2880 588 3054 635 autem
3093 593 3279 634 ensem
3317 578 3554 640 vibrans,

1973 687 2306 744 mortemque
2332 675 2686 729 comminatus
2709 672 2859 727 facile
2881 669 3210 742 persuadeat.
3239 667 3362 724 IIzec
3384 670 3560 738 itaque

1973 769 2296 836 cogitantes,
2325 768 2500 822 dilecti
2528 809 2542 829 ,
2573 758 2785 820 tamlem
2813 763 3100 834 aliquando
3135 762 3320 817 oculos
3350 775 3554 832 aperta.

1976 876 2112 921 mus,
2132 869 2184 915 et
2199 860 2495 930 vigilemus.
2521 859 2650 914 Nam
2669 867 2812 914 certe
2833 858 2995 928 pudet
3020 873 3104 912 me
3130 855 3196 911 de
3221 855 3560 923 eleemosyua

1977 953 2156 1021 loqui,
2187 967 2306 1005 cum
2339 961 2444 1005 tam
2473 967 2615 1020 smpe
2662 951 2763 1006 hoc
2804 959 3179 1021 argumentum
3227 946 3558 1002 tractavcrim

1979 1059 2093 1098 sine
2116 1059 2305 1112 magno
2324 1043 2739 1097 admonitionum
2764 1042 2953 1098 fructu.
2980 1041 3103 1096 Plus
3129 1050 3274 1096 certe
3294 1037 3558 1110 quidpiam

1981 1137 2242 1204 pratstatis
2267 1177 2280 1193 .
2310 1134 2402 1189 sed
2433 1151 2536 1188 non
2574 1143 2826 1204 quantum
2857 1134 3071 1188 vellem.
3103 1132 3211 1188 Vos
3237 1132 3563 1188 semiuantes

1981 1228 2173 1293 video,
2205 1228 2296 1282 sed
2343 1245 2448 1282 non
2496 1229 2640 1298 larga
2679 1241 2860 1283 manu.
2889 1226 3245 1294 Quamobrem
3293 1227 3454 1279 timeo
3499 1239 3564 1278 ne

1980 1334 2138 1388 parce
2167 1319 2394 1374 metatis.
2423 1317 2574 1386 Quod
2619 1317 2758 1372 enim
2791 1332 2947 1387 parce
2988 1316 3346 1377 seminemus,
3380 1314 3423 1367 si
3458 1313 3567 1382 pla—

1982 1419 2100 1464 ceat
2120 1450 2133 1472 ,
2163 1410 2499 1479 exgiloremus
2521 1452 2536 1476 ,
2568 1419 2742 1464 utrum
2777 1408 2954 1478 plures
2982 1408 3086 1461 sint
3113 1407 3163 1460 in
3193 1407 3410 1460 civitate
3438 1419 3566 1473 pau-

1984 1517 2139 1570 peres
2168 1517 2326 1570 quam
2355 1501 2546 1555 divites
2566 1542 2580 1562 ,
2613 1510 2666 1555 et
2692 1500 2903 1570 quinam
2945 1513 3042 1553 nec
3073 1511 3334 1566 pauperes
3360 1510 3460 1550 nec
3489 1494 3568 1547 di-

1983 1593 2119 1644 vites
2144 1592 2249 1644 sint
2273 1631 2287 1652 ,
2315 1591 2408 1646 sed
2439 1591 2668 1646 medium
2699 1592 2870 1646 locum
2905 1598 3167 1645 tenentes.
3205 1589 3413 1644 Decima
3446 1601 3569 1656 pars

1985 1683 2177 1736 civium
2211 1683 2401 1736 divites
2424 1723 2438 1744 ,
2467 1681 2672 1736 decima
2706 1695 2828 1750 pars
2867 1695 3126 1750 pauperes
3165 1677 3253 1748 qui
3299 1676 3427 1732 nihil
3472 1674 3558 1730 ha-

1988 1774 2150 1826 bent:
2177 1773 2362 1842 reliqui
2395 1787 2523 1827 vero
2561 1781 2681 1826 sunt
2720 1773 2770 1826 in
2804 1771 2978 1826 medio
3005 1770 3122 1825 loco
3151 1769 3327 1838 positi.
3363 1767 3572 1822 Dividao

1991 1882 2107 1919 mus
2140 1866 2312 1934 itaque
2337 1881 2431 1936 per
2455 1879 2741 1935 egenorum
2772 1878 3048 1918 numerum
3073 1871 3233 1915 totam
3264 1859 3410 1914 urbis
3436 1859 3572 1913 mul-

1989 1960 2380 2022 titndinem,et
2421 1968 2675 2025 quantum
2725 1958 2796 2011 sit
2843 1956 3077 2012 dedecus
3125 1953 3392 2008 videbitis.
3439 1950 3572 2006 Nam

1988 2052 2271 2106 admodum
2297 2051 2486 2106 divites
2512 2051 2659 2120 pauci
2682 2058 2837 2116 sunt;
2866 2049 2956 2118 qui
2995 2047 3092 2102 hos
3117 2052 3413 2116 sequuntur
3443 2043 3567 2114 plu-

1989 2144 2145 2208 rimi;
2177 2159 2385 2197 rursum
2417 2156 2676 2213 pauperes
2708 2141 2864 2210 longe
2892 2139 2974 2194 his
3001 2138 3275 2207 ικιιιοὶοτεε
3300 2144 3443 2192 sunt.
3473 2136 3573 2189 At-

1991 2223 2168 2291 tamen
2190 2251 2310 2290 cum
2333 2243 2411 2288 tut
2429 2235 2532 2289 sint
2563 2235 2651 2304 qui
2676 2233 2974 2288 esurientes
3001 2230 3148 2286 alere
3174 2228 3400 2299 possint,
3421 2223 3572 2281 multi

1987 2339 2109 2384 sunt
2124 2327 2518 2397 quiesurientes
2531 2327 2726 2381 lectum
2746 2334 2948 2394 petant,
2963 2338 3068 2377 non
3083 2321 3222 2392 quod
3240 2337 3346 2375 non
3361 2319 3569 2376 valeant

1989 2421 2225 2490 opulenti
2257 2421 2359 2474 illis
2381 2419 2537 2474 facile
2564 2419 2860 2474 necessaria
2883 2416 3308 2481 subministrare,
3331 2413 3424 2469 sed
3454 2413 3573 2484 quia

1989 2511 2275 2565 admodum
2305 2510 2422 2564 duri
2453 2509 2832 2579 inhumanique
2870 2516 3013 2562 sunt.
3044 2503 3175 2560 Nam
3205 2505 3249 2558 si
3294 2504 3485 2558 divites
3523 2513 3578 2557 et

1993 2603 2025 2655 ii
2047 2603 2134 2672 qui
2160 2601 2493 2658 facultatibus
2513 2601 2855 2657 mediocriter
2877 2599 3076 2669 pollent
3097 2597 3234 2652 inter
3258 2612 3317 2652 sc
3338 2595 3578 2652 dividant

1991 2711 2084 2750 eos
2110 2696 2199 2766 qui
2231 2710 2366 2764 pane
2394 2705 2449 2749 ct
2475 2694 2706 2749 vestibus
2735 2703 2913 2764 egent,
2942 2691 3025 2746 vix
3055 2691 3455 2762 quinquaginta,
3485 2690 3568 2741 vel

1991 2788 2126 2840 forte
2171 2795 2382 2840 centum
2413 2786 2539 2839 viris
2578 2799 2776 2854 pauper
2804 2798 2942 2838 unus
2983 2779 3208 2837 alendus
3252 2782 3569 2849 reperietur.

1992 2880 2238 2933 Attamen
2270 2876 2323 2930 in
2353 2884 2496 2930 tanta
2526 2879 2676 2945 copia
2706 2889 2890 2929 eorum
2916 2874 3004 2943 qui
3035 2872 3334 2928 necessaria
3370 2871 3576 2925 submi-

1992 2970 2218 3023 nistrare
2248 2977 2468 3038 possunt
2489 3009 2504 3031 ,
2532 2968 2768 3038 quotidie
2806 2980 3067 3037 pauperes
3091 2973 3383 3034 egestatem
3427 2979 3575 3017 suam

1989 3061 2288 3130 deplorant.
2309 3061 2374 3114 Et
2401 3069 2458 3114 ut
2476 3060 2650 3115 discas
2671 3059 2878 3113 illorum
2902 3058 3308 3121 immanitatem,
3343 3054 3575 3109 Ecclesia

1989 3155 2147 3206 unius
2193 3152 2478 3205 admodum
2518 3151 2697 3205 divitis
2734 3159 2789 3204 et
2827 3150 2983 3202 unius
3028 3147 3312 3202 mediocris
3356 3148 3577 3202 fortuna:

1991 3245 2216 3299 reditum
2259 3244 2452 3308 habet,
2482 3252 2536 3296 ct
2585 3242 2785 3311 cogites
2823 3241 2982 3294 velim
3024 3248 3154 3309 quot
3197 3236 3418 3302 viduas,
3452 3247 3576 3307 «plot

1990 3339 2222 3405 virgines
2251 3337 2355 3390 alat
2392 3335 2626 3405 quotidie
2654 3353 2666 3388 :
2690 3349 2870 3389 earum
2915 3341 3060 3387 certe
3103 3331 3375 3400 catalogus
3404 3331 3467 3383 ad
3500 3341 3580 3383 ter

1994 3430 2136 3483 mille
2183 3429 2454 3499 pertingit.
2486 3426 2564 3482 Ad
2596 3426 2711 3481 haec
2741 3427 2898 3480 etiam
2928 3425 2978 3479 in
3010 3439 3226 3479 carcere
3255 3423 3458 3476 vinctos
3482 3466 3496 3489 ,
3529 3423 3578 3474 in

1993 3519 2324 3575 xenodoebio
2351 3533 2521 3586 a-gros
2547 3560 2560 3579 .
2585 3518 2719 3572 alios
2764 3516 2898 3571 bene
2928 3518 3164 3571 valentes
3185 3557 3198 3578 ,
3227 3515 3537 3584 peregrinos
3561 3553 3577 3574 ,

1993 3611 2247 3665 membris
2270 3610 2502 3670 mutilos,
2526 3608 2676 3661 altari
2706 3607 3021 3669 assidentes,
3047 3607 3284 3661 alimenti
3312 3606 3578 3674 vestisque

1995 3719 2176 3766 causa,
2200 3703 2437 3770 aliosque
2459 3715 2582 3753 casu
2606 3699 2920 3752 accedentes
2943 3699 3083 3750 fovet
3106 3696 3341 3765 quotidie
3368 3713 3380 3748 :
3409 3711 3579 3764 neque

1997 3804 2169 3849 tamen
2202 3794 2317 3858 ejus
2340 3793 2611 3846 facultates
2635 3789 2925 3843 imminuta:
2953 3796 3093 3840 sunt.
3123 3789 3301 3854 Itaque
3325 3787 3364 3839 si
3394 3786 3578 3839 dceent

1997 3887 2096 3940 viri
2124 3897 2325 3939 tmttmn
2363 3884 2502 3954 paria
2530 3881 2936 3936 subministrare
2965 3880 3158 3933 vellent
3182 3919 3197 3944 ,
3232 3878 3407 3931 nullus
3443 3877 3580 3929 foret

1997 3993 2216 4048 pauper.

2067 4073 2120 4126 4.
2156 4070 2352 4141 Ecquid
2379 4111 2393 4134 ,
2425 4068 2630 4138 inquies
2650 4110 2662 4131 ,
2698 4067 2878 4122 liberis
2906 4066 3102 4120 nostris
3129 4063 3423 4134 supererit?
3451 4062 3579 4115 Sors

1996 4180 2206 4232 semper
2237 4174 2408 4217 manet
2430 4207 2445 4229 ,
2477 4173 2527 4217 et
2557 4162 2756 4217 reditus
2781 4169 3006 4230 augetur
3030 4201 3043 4223 ,
3074 4160 3117 4214 si
3151 4158 3201 4212 in
3233 4157 3378 4211 ca-lis
3407 4154 3574 4209 facul-

1998 4265 2131 4309 tates
2161 4269 2345 4308 eorum
2367 4263 2709 4322 reponantur.
2728 4252 2878 4320 Quod
2898 4253 2940 4307 si
2965 4253 3032 4305 ita
3058 4265 3161 4305 non
3185 4249 3362 4313 vultis,
3391 4250 3576 4302 saTtem

1996 4347 2264 4399 dimidiam
2291 4384 2306 4409 ,
2339 4345 2419 4397 vel
2470 4343 2675 4398 tertiam
2702 4383 2717 4405 ,
2751 4343 2830 4396 vel
2876 4351 3114 4411 quartam
3142 4383 3156 4405 ,
3185 4344 3458 4409 quintam,
3489 4351 3579 4392 aut

1995 4439 2255 4492 decimam
2285 4446 2577 4490 numerate.
2604 4436 2703 4488 I’er
2733 4432 2820 4488 Dei
2850 4434 3076 4502 gratiam
3097 4433 3238 4486 enim
3268 4440 3446 4500 posset
3467 4431 3580 4485 lucc

1994 4529 2179 4584 civitas
2223 4537 2400 4581 nostra
2428 4527 2610 4581 decem
2642 4526 2911 4581 civitatum
2941 4539 3201 4594 pauperes
3239 4523 3401 4577 alere.
3433 4522 3497 4576 Et
3535 4523 3578 4576 si

1995 4623 2192 4693 placet,
2224 4621 2339 4676 haec
2364 4629 2764 4690 computemus;
2794 4619 2900 4672 imo
2939 4617 3081 4672 nulla
3111 4615 3450 4685 computandi
3484 4631 3578 4669 ne-

1994 4715 2216 4770 cessitas
2247 4731 2261 4766 :
2291 4711 2627 4767 manifestum
2659 4711 2856 4781 quippe
2885 4718 3148 4775 estquam
3179 4707 3349 4763 facilis
3380 4721 3466 4760 res
3493 4707 3574 4763 illa

1991 4809 2082 4862 sit.
2115 4805 2301 4860 Videte
2347 4805 2505 4874 igitur
2548 4813 2674 4874 quot
2717 4813 3014 4872 quantaque
3044 4816 3146 4855 una
3176 4800 3368 4854 domus
3396 4798 3460 4852 ad
3490 4814 3581 4852 ur.

1994 4897 2128 4951 bana
2159 4913 2318 4951 onera
2344 4913 2484 4964 sa-pe
2507 4894 2908 4950 subministrare
2939 4909 3044 4947 non
3072 4902 3318 4963 gravetur
3341 4934 3356 4957 ,
3389 4896 3581 4961 vixque

1992 4995 2168 5042 tamen
2200 4989 2340 5042 hunc
2367 4999 2636 5056 sumptum
2662 4988 2890 5041 sentiat:
2914 4986 2956 5039 si
2986 4986 3084 5039 hoc
3106 4987 3329 5055 quisque.
3355 4983 3577 5037 divitum

1993 5082 2340 5135 miniSIerium
2367 5081 2415 5133 in
2444 5093 2703 5150 pauperes
2723 5091 2974 5133 exercere
2997 5076 3172 5140 vellet,
3196 5089 3302 5129 uno
3325 5077 3581 5145 temporis

1993 5184 2263 5228 momento
2302 5174 2487 5226 ca‘lttm
2534 5171 2821 5240 abriperet.
2853 5171 2982 5235 Qua:
3029 5172 3178 5222 venia
3225 5168 3384 5238 igitur
3413 5208 3429 5233 ,
3461 5184 3580 5238 qum

1991 5261 2347 5318 exeusatioais
2377 5263 2558 5315 mnhra
2583 5302 2599 5327 ,
2630 5259 2845 5330 quando
2875 5275 2940 5314 ne
2966 5272 3026 5314 ea
3066 5257 3316 5328 quidem,
3347 5273 3464 5327 quze
3497 5259 3580 5310 hic

1993 5357 2279 5423 migrantes
2307 5354 2536 5408 relicturi
2569 5367 2772 5416 sumus,
2807 5361 2914 5406 tam
2943 5349 3159 5422 largiter
3183 5350 3366 5421 egenis
3387 5364 3578 5420 suppe-

1989 5447 2238 5508 ditatnus,
2257 5461 2414 5515 quam
2445 5445 2530 5498 alii
2556 5444 2782 5498 scenicis
2805 5451 3047 5514 erogauit,
3070 5455 3190 5497 cum
3223 5451 3425 5496 tantum
3454 5440 3578 5493 inde

1989 5538 2216 5591 fructum
2245 5551 2464 5604 carpere
2491 5533 2816 5590 debeamus?
2839 5534 3054 5588 Etiamsi
3085 5536 3226 5589 enim
3253 5533 3338 5588 hic
3367 5546 3578 5600 semper

1990 5631 2226 5685 mansuri
2252 5643 2512 5693 essemus,
2538 5627 2625 5682 hic
2647 5627 2882 5697 pulchris
2902 5620 3199 5695 sumptibus
3224 5639 3444 5696 parcere
3471 5638 3574 5676 non

1990 5731 2447 5794 oporteret;cum
2479 5731 2655 5774 autem
2688 5727 2807 5789 past
2849 5718 3109 5773 tantillum
3154 5718 3408 5781 temporis
3453 5717 3572 5769 hinc

3185 5825 3250 5886 11
