4126 6220
536 318 641 399 est

536 462 844 533 migraturi,
874 457 1104 528 nudique
1126 454 1365 525 rapiendi
1389 454 1575 516 simus,
1596 466 1750 520 quam
1772 446 2138 505 defensionem

538 556 880 615 habebimus,
908 552 995 622 qui
1026 567 1088 605 ex
1121 546 1465 619 proventibus
1503 543 1759 597 famelicis
1788 549 1841 596 et
1867 540 2138 611 oppressis

549 663 652 699 non
687 642 977 715 largimur?
1006 641 1120 695 Non
1162 647 1214 693 te
1243 653 1376 706 cogo
1404 646 1457 690 ut
1491 634 1856 705 possessiones
1885 632 2093 686 minuas
2120 672 2133 691 .

548 755 651 791 nun
680 736 822 808 quod
854 735 1063 799 nolim,
1091 730 1185 786 sed
1210 729 1350 799 quod
1404 737 1453 782 te
1496 724 1779 778 admodum
1817 739 2033 793 segnem
2064 722 2132 775 vi-

546 834 723 888 deam.
752 830 867 885 Non
897 829 998 883 hoc
1025 843 1151 896 ergo
1181 825 1299 879 dico
1323 842 1335 877 :
1361 821 1452 875 sed
1483 836 1545 874 ex
1577 818 1832 873 fructibus
1859 815 2097 885 expende
2121 856 2136 881 ,

550 939 723 994 neque
755 922 840 975 hic
864 918 1117 992 pecunias
1142 915 1351 984 collige.
1382 911 1521 967 Satis
1552 920 1629 963 est
1658 910 1746 961 tibi
1766 950 1780 969 .
1811 908 1852 962 si
1884 907 2141 975 pecuniaâ€˜

550 1033 666 1071 rum
698 1022 1010 1086 proventum
1043 1010 1192 1080 quasi
1233 1023 1297 1062 ex
1338 1006 1481 1059 fonte
1508 1003 1756 1056 fluentem
1790 1000 1984 1054 habeas
2013 1017 2025 1052 :
2058 999 2138 1054 fac

548 1124 731 1163 earum
757 1112 1038 1161 consortes
1079 1112 1339 1171 pauperes
1360 1137 1373 1160 ,
1408 1106 1460 1150 et
1491 1104 1607 1150 esto
1634 1093 1804 1146 bonus
1831 1105 2142 1146 (economus

547 1217 732 1257 eorum
763 1215 880 1270 qua;
910 1198 1001 1252 tibi
1030 1212 1056 1249 a
1091 1196 1200 1249 Deo
1228 1192 1347 1246 data
1376 1199 1518 1243 sunt.
1550 1184 1675 1249 Sed,
1707 1185 1912 1254 inquies
1931 1225 1943 1243 ,
1974 1183 2138 1236 vecti-

546 1293 684 1362 galia
718 1290 913 1361 pendo.
945 1287 1137 1342 ldeonc
1162 1284 1246 1337 hic
1268 1277 1585 1342 enntcm'nis,
1609 1276 1727 1346 quia
1756 1289 1913 1327 nemo
1940 1271 2141 1341 exigit?

550 1386 615 1439 Et
644 1384 720 1438 illi
748 1381 963 1453 quidem
995 1378 1106 1448 qui,
1140 1377 1251 1429 sive
1284 1382 1422 1427 terra
1454 1377 1767 1438 proventum
1802 1364 1997 1423 tulerit,
2030 1363 2142 1417 sive

550 1490 707 1530 secus
734 1516 746 1535 ,
774 1482 827 1527 te
872 1470 1014 1541 cogit
1056 1476 1109 1522 et
1137 1474 1320 1527 vexat,
1350 1474 1644 1531 repugnare
1686 1473 1789 1512 non
1833 1455 1996 1509 audes
2027 1471 2038 1506 :
2068 1453 2140 1507 illi

551 1582 698 1632 vero,
722 1564 809 1635 qui
843 1565 909 1618 ita
938 1567 1244 1614 mansuetus
1265 1563 1365 1619 est,
1394 1562 1447 1607 et
1470 1562 1593 1605 tunc
1616 1549 1787 1603 solum
1811 1545 1990 1615 exigit,
2020 1559 2140 1597 cum

554 1669 692 1711 terra
717 1634 1012 1725 protulerit,
1038 1666 1104 1704 ne
1121 1647 1339 1702 verbum
1362 1642 1572 1714 quidem
1598 1636 1921 1709 respondes?
1950 1634 2143 1701 Ecquis

556 1757 609 1801 te
645 1743 893 1801 liberabit
921 1744 988 1797 ab
1020 1735 1439 1796 intolerabilibus
1484 1732 1592 1786 illis
1620 1727 1933 1799 suppliciis?
1958 1725 2143 1780 Nullus

554 1838 726 1905 plane.
748 1835 803 1889 Si
831 1833 972 1888 enim
1001 1830 1086 1885 hic
1112 1828 1231 1883 ideo
1252 1824 1490 1881 studiose
1516 1822 1700 1887 solvis,
1722 1818 1844 1889 quia
1870 1832 1976 1871 non
1998 1815 2142 1870 danti

551 1928 883 2000 gravissumo
910 1938 1082 1994 poena:
1113 1928 1309 1992 parata:
1338 1925 1481 1981 sunt,
1510 1912 1710 1984 cogites
1730 1909 1888 1965 velim
1915 1909 2001 1963 hic
2022 1924 2143 1978 gra-

554 2025 727 2076 viores
759 2017 933 2089 parari
960 2057 974 2081 ,
1001 2031 1110 2069 non
1154 2010 1293 2082 quod
1326 2006 1553 2063 vinculis
1599 2002 1979 2073 constringaris
1999 2042 2012 2064 ,
2038 2014 2143 2059 non

555 2114 696 2184 quod
749 2113 804 2166 in
860 2121 1130 2165 carcerem
1180 2100 1525 2171 conjiciaris,
1554 2094 1647 2151 sed
1693 2092 1837 2165 quod
1887 2096 1937 2146 in
1970 2091 2144 2159 ignem

554 2209 715 2263 abeas
759 2214 1036 2258 aeternum.
1080 2196 1439 2266 Quamobrem
1487 2190 1604 2245 inec
1659 2188 1826 2258 prima
1874 2182 2146 2253 vectigalia

556 2300 845 2354 solvamus.
874 2293 1059 2362 Magna
1092 2289 1287 2360 quippe
1316 2284 1561 2345 facilitas,
1590 2279 1760 2348 major
1788 2290 2029 2336 merces,
2057 2288 2148 2327 co-

558 2390 757 2462 piosior
802 2382 1091 2454 negotiatio
1116 2423 1131 2448 ,
1164 2377 1379 2451 gravior
1422 2373 1578 2429 nobis
1625 2370 1788 2434 ultio,
1817 2368 1860 2421 si
1910 2363 2149 2436 improbe

557 2458 799 2552 agamus.
829 2476 963 2531 Nam
1004 2470 1323 2543 supplicium
1368 2480 1465 2521 nos
1491 2462 1721 2531 excipiet
1752 2458 1953 2513 nullum
1990 2458 2147 2509 finem

560 2548 884 2626 habiturum.
919 2564 1071 2633 Quod
1099 2564 1142 2618 si
1187 2560 1315 2615 mihi
1359 2556 1555 2612 milites
1597 2552 1792 2621 alleges
1814 2591 1828 2615 ,
1856 2548 1943 2618 qui
1975 2562 2069 2615 pro
2099 2554 2149 2600 te

560 2675 743 2719 contra
775 2659 1029 2715 barbaros
1060 2659 1329 2724 pugnant,
1352 2658 1431 2703 est
1473 2658 1683 2716 quoque
1728 2641 1812 2694 hic
1859 2652 2151 2707 pauperum

561 2754 849 2817 exercitus,
877 2748 965 2819 qui
997 2760 1094 2818 pro
1125 2754 1175 2799 te
1201 2742 1398 2797 bellum
1426 2746 1615 2808 gerunt
1646 2742 1699 2789 et
1729 2740 1984 2802 pugnant.
2015 2727 2147 2781 Cum

561 2846 703 2901 enim
757 2818 1064 2910 accipiunt,
1094 2833 1340 2905 precibus
1394 2830 1561 2885 Deum
1606 2825 1698 2880 tibi
1757 2818 2150 2893 placantzpla-

563 2945 746 2991 rantes
772 2943 986 2993 autem,
1018 2942 1123 2982 non
1152 2924 1406 2979 barbaros
1430 2962 1445 2987 ,
1478 2919 1572 2974 sed
1602 2917 1903 2972 daemonum
1934 2909 2152 2964 insidias

565 3028 826 3100 repellunt
855 3041 868 3076 :
905 3036 1007 3076 non
1040 3017 1354 3089 permittunt
1379 3020 1434 3067 ut
1460 3020 1512 3065 te
1541 3008 1805 3077 malignus
1834 3003 1921 3058 ille
1951 3001 2155 3055 fortiter

566 3120 798 3183 invadat,
828 3132 925 3173 nec
950 3124 1007 3169 ut
1028 3113 1336 3182 frequenter
1364 3107 1620 3175 insurgat,
1649 3099 1743 3156 scd
1770 3098 1883 3167 ejus
1907 3095 2045 3149 vires
2072 3107 2157 3146 re-

566 3215 799 3270 solvunt.

637 3352 689 3405 5.
719 3349 853 3404 Cum
900 3358 1027 3414 ergo
1076 3341 1173 3397 hos
1219 3337 1415 3393 milites
1464 3331 1647 3387 videas
1687 3323 1924 3398 quotidie
1976 3328 2157 3375 contra

566 3441 834 3501 diabolum
873 3410 1091 3507 propter
1122 3441 1173 3486 te
1205 3435 1500 3500 pugnantes
1538 3419 1783 3492 precibus
1808 3410 2162 3470 orationibus-

573 3547 694 3602 que,
721 3546 751 3584 a
779 3499 948 3598 teipso
970 3499 1073 3578 hoc
1099 3499 1515 3593 pulcherrimum
1545 3511 1800 3566 tributum
1834 3512 2032 3575 repete,
2058 3499 2158 3553 ali-

572 3633 748 3683 menta
770 3635 963 3690 nempe
989 3620 1244 3689 ipsorum.
1272 3612 1403 3667 Cum
1433 3607 1577 3663 enim
1603 3607 1906 3658 mansuetus
1936 3594 2021 3649 hic
2048 3592 2161 3647 Rex

571 3718 660 3783 sit,
695 3730 802 3770 non
833 3708 1086 3780 imposuit
1117 3705 1209 3761 tibi
1256 3710 1534 3758 exactores
1556 3736 1573 3763 ,
1605 3693 1697 3750 sed
1728 3691 1837 3745 vult
1882 3698 1932 3742 te
1971 3695 2162 3755 sponte

572 3810 846 3879 deponere
870 3821 884 3858 Îµ
912 3800 1119 3858 etiamsi
1150 3812 1336 3868 parum
1363 3793 1598 3862 deponas
1618 3828 1632 3854 ,
1656 3783 1846 3853 accipit
1877 3791 2087 3840 tamen;
2116 3776 2161 3829 si

575 3867 680 3956 non
713 3899 785 3952 ita
824 3893 1059 3964 locuples
1091 3867 1210 3960 post
1253 3885 1474 3941 multant
1523 3876 1776 3947 temporis
1820 3867 2121 3940 rcposueris
2145 3905 2161 3929 ,

577 4007 681 4046 non
709 3987 851 4058 cogit
874 3958 978 4040 non
1011 3958 1315 4036 habentem.
1334 3974 1411 4029 Ne
1433 3972 1590 4042 igitur
1612 3964 1865 4039 patientia
1893 3962 2007 4029 ejus
2036 3958 2166 4010 abu-

578 4096 750 4137 tamur
774 4120 789 4145 ,
822 4076 914 4132 sed
940 4072 1360 4129 thesaurizcmus
1388 4065 1541 4120 nobis
1567 4077 1671 4116 non
1701 4059 1831 4113 iram
1854 4096 1868 4119 ,
1895 4052 1988 4107 sed
2018 4050 2164 4103 salu-

580 4186 707 4236 tem;
737 4185 839 4223 non
868 4176 1116 4225 mortem,
1143 4160 1235 4215 sed
1264 4159 1443 4219 vitam;
1469 4168 1572 4207 non
1601 4147 1916 4219 supplicium
1936 4150 1989 4197 et
2011 4140 2167 4194 ultio-

581 4280 723 4328 nem,
757 4262 849 4316 sed
873 4260 1109 4314 honores
1138 4263 1193 4310 et
1218 4264 1465 4308 coronas.
1504 4247 1619 4311 Non
1651 4251 1735 4299 est
1764 4242 1851 4295 hic
1878 4236 2001 4308 quid
2032 4250 2163 4304 pen-

582 4324 811 4412 dendum
837 4352 904 4408 ad
935 4358 1204 4413 vecturam
1231 4345 1531 4401 oblatorum
1555 4356 1570 4403 ;
1599 4353 1703 4393 non
1728 4328 2074 4389 laborandum
2102 4324 2165 4380 ad

583 4456 860 4520 argentum
887 4440 1296 4500 corradendum.
1323 4436 1380 4493 Si
1410 4436 1646 4504 deponas
1687 4429 1773 4483 illa
1800 4468 1815 4492 ,
1847 4425 1961 4494 ipse
1987 4417 2171 4474 Domi-

586 4515 684 4597 nus
709 4543 759 4596 in
785 4538 975 4596 caelum
1000 4532 1280 4591 transfert:
1308 4529 1419 4599 ipse
1452 4527 1540 4581 tibi
1579 4518 1988 4591 negotiationem
2019 4515 2167 4580 parat

598 4666 1387 4697 ____________.____._.â€”

1290 337 1330 393 S
1381 332 1655 391 JOANNIS
1692 328 2163 387 (ZIIRYSOSTOMI
2206 328 2523 385 ARCIIâ€™IEIâ€™.
2555 328 3085 390 CONST.\N'Iâ€˜INOP.

3721 336 3825 390 67.2

2243 448 2465 502 multum
2484 446 2613 501 lucri
2636 446 2965 503 afl'erentem.
2985 447 3098 502 Non
3121 458 3202 504 est
3224 447 3307 505 hic
3327 447 3646 521 qumrendns
3670 450 3830 504 lionio

2241 546 2329 616 qui
2357 544 2597 616 deposita
2628 546 2947 603 transferat:
2975 556 3178 601 tantum
3207 545 3431 613 depone,
3460 544 3637 598 statim
3664 542 3835 611 depo-

2242 636 2403 690 situm
2431 635 2692 707 ascendit;
2720 650 2822 691 non
2852 647 2909 691 ut
2934 637 3020 691 alii
3051 638 3248 691 milites
3276 636 3505 699 alantur,
3535 633 3629 689 sed
3656 641 3714 686 ut
3736 633 3834 686 tibi

2244 736 2488 783 maneant
2512 744 2630 783 cum
2660 745 2849 799 magno
2881 730 3101 787 fcenore.
3138 729 3230 783 llic
3260 729 3401 784 enim
3427 743 3545 782 cum
3568 726 3684 791 das,
3707 726 3837 780 data

2247 827 2488 887 repetere
2519 835 2624 873 non
2651 820 2773 875 licet
2804 839 2815 872 :
2849 820 2958 875 illic
2988 836 3115 877 vero
3142 836 3336 891 magno
3365 835 3486 874 cum
3516 820 3718 874 honore
3745 818 3838 872 illa

2245 923 2453 962 rursum
2486 911 2746 980 recipies,
2770 911 3077 982 majoraque
3122 925 3186 966 ac
3224 910 3516 980 spiritualia
3554 909 3698 963 lucra
3741 924 3830 964 re-

2248 1002 2405 1056 feres.
2433 1003 2529 1058 llic
2545 1019 2662 1073 quae
2684 1004 2877 1058 dantur
2897 1014 3017 1059 sunt
3038 1004 3265 1071 exactio,
3296 1003 3402 1058 illic
3428 1017 3608 1067 usura,
3634 1001 3830 1063 fmnus,

2245 1092 2501 1147 debitum.
2529 1093 2659 1148 Nam
2692 1095 3041 1167 chirographa
3076 1095 3168 1149 tibi
3204 1096 3342 1148 Deus
3364 1093 3522 1149 fecit:
3545 1093 3618 1147 ait
3646 1094 3791 1148 enim
3818 1110 3833 1143 :

2248 1185 2346 1251 Qui
2383 1187 2643 1241 miseretur
2667 1188 2923 1259 pauperis,
2952 1186 3060 1244 Deo
3086 1187 3360 1255 [reuertitur
3389 1184 3569 1256 (Prov.
3602 1184 3688 1239 19.
3722 1185 3841 1253 I7).

2248 1279 2399 1334 Dedit
2425 1277 2516 1332 tibi
2547 1276 2760 1331 arrham
2783 1286 2836 1331 et
2860 1277 3042 1343 vades,
3072 1278 3169 1331 etsi
3202 1276 3341 1332 Deus
3366 1277 3453 1330 sit.
3486 1274 3616 1344 Quas
3646 1275 3835 1332 arrha.

2246 1371 2332 1441 qui
2356 1367 2699 1435 vades?Qu:e
2719 1377 2842 1422 sunt
2865 1369 2917 1422 in
2939 1368 3185 1438 przesenti
3209 1368 3335 1432 vita,
3357 1367 3649 1428 sensibilia,
3671 1367 3836 1435 spiri-

2249 1462 2427 1526 tualia,
2442 1460 2659 1515 exordia
2676 1458 2996 1513 futurorum.
3013 1458 3145 1525 Quid
3168 1459 3321 1529 igitur
3342 1458 3517 1511 tardas
3536 1457 3840 1521 etduhitas,

2246 1570 2365 1609 cum
2405 1560 2480 1607 tot
2510 1559 2761 1621 tantaque
2792 1551 2902 1621 jam
2933 1548 3233 1621 receperis,
3257 1558 3334 1604 tot
3367 1549 3676 1618 exspectes?
3703 1548 3841 1603 Nam

2246 1662 2365 1716 qua:
2381 1644 2626 1714 recepisti
2644 1644 2755 1698 hinc
2773 1651 2894 1698 sunt
2917 1661 2928 1697 :
2945 1657 3138 1713 corpus
3154 1642 3245 1696 tibi
3263 1640 3582 1705 ell'ormavit,
3602 1641 3841 1694 animam

2250 1737 2339 1792 tibi
2371 1736 2591 1802 indidit;
2624 1745 2672 1790 te
2703 1736 2872 1790 solum
2905 1735 2957 1788 in
2987 1744 3125 1789 terra
3149 1733 3354 1787 ratione
3380 1732 3616 1795 ornavit;
3649 1747 3841 1788 eorum

2247 1848 2365 1901 qua:
2382 1830 2480 1885 sub
2496 1837 2764 1897 aspectum
2780 1826 2970 1883 cadunt
2987 1826 3221 1881 omnium
3242 1841 3392 1880 usum
3409 1823 3575 1891 dedit;
3588 1825 3845 1894 cognitio-

2251 1939 2370 1978 nem
2398 1923 2477 1976 sui
2506 1922 2595 1976 tibi
2615 1921 2832 1991 largitus
2853 1928 2933 1974 est
2957 1935 2971 1984 ;
2998 1917 3191 1973 Filium
3219 1910 3370 1971 suum
3392 1931 3487 1986 pro
3509 1924 3559 1971 te
3587 1914 3840 1980 tradidit;

2250 2016 2509 2086 baptisma
2542 2022 2619 2068 tot
2642 2013 2894 2068 refertum
2911 2009 3067 2066 donis
3085 2008 3372 2074 concessit,
3395 2021 3601 2061 necnon
3632 2019 3841 2061 sacram

2251 2122 2525 2172 mensam;
2566 2104 2810 2178 promisit
2856 2117 3076 2174 regnum
3124 2111 3180 2157 et
3224 2099 3507 2155 ineï¬‚â€˜abilia
3552 2099 3710 2154 bona.
3739 2097 3845 2153 'Iâ€˜nt

2251 2216 2379 2271 ergo
2394 2198 2625 2268 acceptis
2643 2207 2697 2253 et
2716 2207 2790 2252 tot
2808 2204 3120 2265 accepturus
3136 2191 3211 2264 (id
3224 2192 3371 2248 enim
3391 2205 3601 2246 rursum
3619 2190 3838 2261 dicam),

2252 2297 2389 2351 circa
2420 2294 2681 2364 perituras
2719 2290 2968 2361 pecunias
2996 2303 3188 2358 parcus
3233 2286 3333 2342 es?
3359 2301 3581 2356 ecquam
3623 2284 3839 2339 habebis

2252 2385 2459 2439 veniam
2483 2384 2505 2435 ?
2533 2382 2637 2438 Sed
2668 2381 2864 2437 liberos
2893 2378 3119 2449 respicis
3145 2418 3161 2443 ,
3191 2385 3243 2433 et
3271 2376 3484 2431 illorum
3510 2389 3667 2429 causa
3711 2373 3843 2427 dare

2252 2474 2487 2545 refugis?
2510 2473 2577 2528 Et
2598 2473 2695 2527 hos
2722 2485 2933 2542 quoque
2972 2469 3189 2525 institue
3224 2466 3290 2521 ad
3319 2464 3617 2535 hujusmodi
3650 2462 3847 2517 facien-

2256 2568 2321 2620 da
2356 2567 2521 2621 lucra.
2551 2565 2680 2619 Nam
2710 2564 2753 2618 si
2782 2572 3058 2633 argentum
3105 2558 3329 2614 haberes
3369 2557 3469 2612 sub
3499 2555 3703 2611 fanore
3731 2554 3848 2607 col-

2257 2659 2507 2722 locatum,
2532 2665 2584 2711 et
2613 2655 2820 2711 debitor
2843 2652 3037 2723 probtts
3059 2658 3220 2713 esset,
3248 2648 3433 2703 malles
3458 2654 3606 2702 certe
3625 2660 3851 2716 syngra-

2258 2749 2416 2819 pham
2445 2762 2601 2818 quam
2632 2761 2819 2800 aurum
2849 2743 2960 2797 filio
2981 2742 3301 2811 relinquere,
3326 2746 3383 2793 ut
3410 2738 3532 2793 inde
3560 2746 3854 2809 proventus

2260 2840 2358 2910 ipsi
2402 2846 2547 2894 esset
2590 2851 2847 2907 magnus,
2872 2849 2973 2889 nec
3010 2842 3292 2903 cogeretur
3319 2830 3453 2885 alios
3483 2843 3726 2900 quaerere
3754 2828 3846 2881 ubi

2261 2943 2443 3004 posset
2470 2930 2754 2985 collocare.
2782 2927 2932 2983 Nunc
2954 2924 3363 2997 chirographum
3395 2920 3695 2992 hujusmodi
3728 2919 3854 2974 filiis

2260 3025 2388 3078 dato
2412 3065 2425 3086 ,
2456 3032 2509 3078 et
2554 3022 2719 3076 Deum
2748 3020 2877 3090 ipsis
2916 3019 3154 3087 relinque
3177 3015 3493 3071 debitorem.
3526 3014 3694 3084 Agros
3744 3026 3853 3065 non

2226 3128 2233 3135 â€˜
2265 3117 2453 3171 vendis
2479 3157 2494 3184 ,
2518 3114 2609 3169 sed
2642 3112 2764 3166 filiis
2790 3110 3048 3180 relinquis
3069 3149 3084 3175 ,
3111 3118 3168 3162 ut
3200 3115 3487 3176 proventus
3519 3111 3766 3166 maneat,
3796 3111 3857 3157 ut

2262 3206 2498 3263 accessio
2543 3207 2645 3260 illis
2677 3204 3020 3273 pecuniarum
3061 3202 3152 3255 tiat
3179 3218 3191 3253 :
3222 3200 3325 3255 hoc
3367 3212 3528 3268 porro
3577 3196 3855 3265 chirogra-

2268 3299 2448 3369 phum,
2473 3295 2661 3366 quovis
2681 3309 2830 3365 agro,
2856 3291 3128 3363 quibusvis
3148 3288 3489 3360 proventibus
3508 3285 3856 3349 fructuosius,

2266 3399 2320 3444 ct
2351 3396 2428 3443 tot
2454 3390 2628 3442 ferens
2658 3386 2859 3440 fructus
2883 3426 2897 3448 ,
2929 3383 3232 3451 relinquere
3263 3379 3457 3434 times?
3486 3392 3653 3448 ecqua
3677 3376 3859 3431 stulti-

2269 3484 2374 3548 tia,
2416 3496 2533 3551 quae
2577 3478 2778 3533 insania
2830 3476 2943 3530 lucc
2991 3474 3111 3529 est?
3136 3473 3203 3528 Et
3247 3472 3348 3527 hoc
3404 3486 3525 3526 cum
3578 3469 3719 3523 scias
3765 3476 3858 3532 te.

2267 3573 2475 3630 etiamsi
2506 3570 2634 3626 illud
2675 3570 2798 3624 filiis
2842 3566 3147 3636 relinquas,
3173 3564 3301 3619 illud
3345 3571 3520 3618 tamen
3569 3561 3861 3614 abeuntem

2272 3677 2442 3721 tecum
2473 3678 2591 3719 esse
2622 3670 2971 3733 portaturmn.
3004 3657 3153 3713 Talia
3173 3656 3367 3727 quippe
3391 3663 3515 3710 sunt
3540 3652 3856 3724 spiritualia,

2271 3771 2568 3829 magnaque
2603 3756 2846 3824 largitate
2875 3750 3141 3805 fruuntur.
3171 3745 3249 3802 Ne
3277 3748 3453 3815 itaque
3483 3744 3557 3798 ita
3596 3758 3860 3814 pauperes

2272 3853 2450 3908 animo
2478 3850 2674 3913 simus,
2702 3860 2874 3915 neque
2905 3858 3029 3912 erga
3058 3855 3157 3897 nos
3183 3841 3327 3911 ipsos
3355 3838 3628 3893 inhumani
3665 3834 3863 3890 evada-

2274 3958 2411 4005 mus,
2432 3940 2526 3996 sed
2554 3938 2690 3993 hanc
2717 3946 3071 4007 qumstuosam
3100 3938 3454 3986 mercaturam
3482 3927 3864 3997 suscipiamus,

2275 4044 2410 4088 utet
2441 4031 2538 4102 ipsi
2569 4030 2693 4083 hinc
2721 4028 3008 4098 migrantes
3040 4023 3184 4077 illam
3220 4020 3523 4076 auferamus
3544 4059 3561 4086 ,
3583 4027 3639 4072 et
3680 4026 3864 4070 tamen

2276 4125 2398 4179 filiis
2451 4121 2845 4188 relinquamus,
2892 4113 3176 4183 futuraque
3228 4124 3622 4180 consequamur
3682 4107 3867 4172 bona,

2275 4218 2442 4289 gratia
2494 4223 2549 4269 et
2589 4207 2953 4267 misericordia
2999 4204 3201 4260 Domini
3248 4202 3415 4258 nostri
3458 4202 3583 4257 .lesu
3625 4198 3869 4266 Christi,

2275 4311 2487 4381 quicum
2538 4303 2679 4360 Patri
2722 4310 2779 4357 et
2817 4296 3034 4369 Spiritui
3063 4305 3247 4351 sancto
3290 4294 3457 4365 gloria
3482 4334 3496 4357 ,
3539 4291 3824 4361 imperium
3853 4331 3871 4355 ,

2279 4402 2486 4463 honor,
2522 4410 2661 4450 nunc
2711 4401 2765 4446 ct
2811 4405 3060 4460 semper,
3085 4396 3137 4443 et
3178 4387 3229 4441 in
3272 4385 3466 4441 saecula
3521 4383 3871 4438 surculorum.

2280 4496 2470 4549 Amen.

1388 4616 3057 4674 ______/__â€”_

1700 4722 2045 4791 HOMILIA
2089 4708 2341 4776 LXVII.
2377 4702 2462 4765 al.
2508 4693 2791 4760 LXVIII.

589 4900 717 4951 (In.
739 4895 829 4951 2|.
858 4908 892 4947 Î³
950 4889 1034 4945 I2.
1068 4888 1130 4943 Et
1160 4888 1411 4957 ingressus
1437 4880 1588 4934 Jesus
1626 4878 1679 4929 in
1724 4870 1997 4939 templum,
2030 4858 2174 4933 ejecit

662 5002 832 5042 omnes
854 4983 1120 5038 uendentes
1147 4987 1192 5032 et
1218 4982 1450 5037 ementes,
1476 4982 1523 5024 et
1552 4981 1749 5022 mensas
1772 4957 2174 5017 numulariorum

668 5077 861 5139 evertit,
888 5083 933 5127 et
962 5070 1228 5125 cathedras
1248 5064 1567 5120 vendentium
1591 5055 1867 5118 columbas,
1897 5052 1983 5106 15.
2016 5058 2061 5102 et
2094 5045 2174 5099 di-

666 5171 732 5222 cit
761 5166 830 5220 eis
858 5181 875 5219 :
906 5162 1165 5231 Scriptum
1193 5166 1264 5211 est
1286 5157 1326 5222 á½·,
1362 5154 1553 5208 Domus
1582 5166 1689 5203 mea
1723 5146 1901 5200 domus
1937 5138 2178 5196 orationis

668 5258 923 5313 vocabitur
953 5251 1103 5324 (Isai.
1134 5248 1222 5305 56.
1249 5246 1305 5320 7)
1333 5265 1344 5301 :
1378 5262 1462 5299 vos
1489 5253 1655 5297 autem
1680 5237 1868 5310 fecistis
1899 5233 2041 5288 illam
2068 5246 2180 5301 spe-

671 5354 870 5404 luncam
899 5347 1170 5400 latronum.

674 5485 726 5538 1.
757 5481 869 5537 1100
905 5490 961 5536 et
998 5479 1231 5534 Joannes
1261 5474 1426 5546 (Cap.
1455 5471 1511 5525 â€˜2.
1543 5466 1747 5540 M-l6)
1785 5465 1945 5529 dicit;
1974 5460 2068 5517 sed
2099 5459 2187 5515 ille

603 5576 816 5648 quidem
864 5572 918 5627 in
966 5569 1223 5642 principio
1270 5564 1566 5635 Evangelii,
1609 5561 1697 5615 hic
1732 5568 1911 5614 autem
1957 5556 2010 5611 in
2058 5554 2186 5609 ï¬ne.

608 5647 762 5722 (inde
790 5662 1081 5720 verisimile
1109 5672 1189 5715 est
1222 5662 1322 5713 hoc
1348 5658 1429 5711 bis
1456 5657 1649 5710 factum
1678 5652 1865 5716 fuisse,
1886 5659 1940 5705 et
1963 5647 2189 5705 diversis

677 5808 693 5837 Î¹
728 5802 779 5851 In
804 5801 963 5853 uorel.
992 5815 1085 5849 non
1114 5800 1313 5862 legitur.
1341 5793 1571 5855 scriptum
1594 5800 1680 5841 est.

2282 4843 2609 4915 temporibus
2639 4858 2651 4893 :
2681 4835 2821 4908 quod
2854 4834 3025 4904 palam
3048 4847 3168 4887 esse
3191 4830 3399 4885 videtur
3420 4838 3530 4883 tum
3552 4843 3579 4879 a
3605 4835 3877 4896 tempore.

2284 4948 2394 4993 tum
2426 4934 2584 4989 etiam
2612 4946 2641 4984 a
2670 4926 3036 4997 responsione.
3091 4922 3203 4977 lllic
3245 4921 3387 4976 enim
3434 4920 3549 4989 ipso
3593 4917 3875 4972 Pascbatis

2296 5039 2535 5097 tempore
2555 5020 2769 5077 advenit
2792 5038 2802 5071 :
2824 5017 2910 5072 hic
2934 5030 3059 5070 vero
3080 5014 3169 5068 diu
3192 5022 3314 5067 ante
3343 5010 3562 5066 Pascha.
3586 5008 3661 5063 lbi
3688 5009 3878 5063 dicunt

2287 5119 2478 5183 Iudici,
2513 5115 2662 5183 Quod
2691 5116 2889 5185 signum
2914 5109 3132 5165 ostendis
3162 5106 3305 5162 nobis
3335 5104 3503 5178 (Ibid.
3533 5120 3581 5157 Ï….
3614 5102 3680 5157 18
3701 5099 3762 5173 )?
3791 5101 3879 5155 hic

2289 5230 2417 5271 vero
2462 5219 2680 5277 tacent,
2723 5208 2928 5262 etiamsi
2970 5205 3311 5273 increpentur
3340 5218 3353 5255 :
3380 5214 3446 5254 eo
3486 5196 3628 5268 quod
3673 5194 3881 5250 scilicet

2291 5308 2431 5381 apud
2457 5317 2644 5361 omnes
2676 5303 2731 5357 in
2755 5298 3107 5355 admiratione
3143 5303 3306 5349 esset.
3353 5292 3477 5346 Haec
3509 5297 3686 5344 autem
3717 5302 3883 5341 accu-

2296 5404 2432 5458 satio
2458 5399 2671 5470 gravior
2696 5403 2880 5450 contra
2903 5389 3116 5447 Indicos
3145 5397 3285 5452 erat,
3312 5381 3476 5456 quod,
3503 5380 3604 5437 etsi
3635 5377 3805 5435 semel
3832 5389 3885 5433 et

2297 5496 2379 5550 bis
2420 5492 2474 5547 id
2517 5490 2748 5550 fecisset,
2792 5488 2843 5541 in
2890 5481 3189 5553 hujusmodi
3221 5475 3545 5534 commercio
3572 5486 3887 5544 persevera.

2298 5596 2416 5643 rent
2438 5604 2452 5641 :
2475 5586 2756 5656 ipsumque
2778 5579 2891 5635 Deo
2914 5574 3276 5632 adversarium
3297 5571 3564 5632 dicebant,
3585 5581 3705 5619 cum
3727 5579 3889 5635 opor-

2303 5678 2490 5734 tuisset
2511 5675 2752 5732 ediscere
2774 5673 2943 5743 ipsum
2969 5670 3224 5724 honorem
3251 5664 3390 5720 Patri
3412 5662 3645 5716 debitum
3671 5673 3889 5720 curare,

2303 5784 2355 5829 et
2381 5784 2623 5842 magnam
2655 5766 2943 5839 potentiam
2976 5762 3191 5817 habere.
3238 5757 3450 5815 Etenim
3490 5756 3597 5826 jam
3632 5753 3780 5822 signa
3815 5748 3889 5807 fe-
